4470 6868
1591 1254 1595 1261 .
1692 1140 2337 1335 NOTITIA.

1380 1464 1501 1549 is:
1525 1486 1689 1538 Leone
1719 1480 1901 1537 annuo
1929 1482 1977 1535 in
2003 1448 2235 1537 omnm
2259 1485 2334 1537 De
2375 1420 2761 1554 amem.)
2831 1434 2835 1438 i

1966 1719 2037 1742 ...ρ

464 1941 540 1996 De
565 1941 838 2014 Symeone
858 1935 1281 2007 archiepiscopo
1306 1934 1793 1994 Thessalonicensi
1825 1934 1942 1995 hac
1967 1935 2297 2006 scripseram
2326 1937 2383 1992 in
2416 1953 2584 2011 opere
2613 1957 2735 1998 meo
2763 1942 2831 1998 de
2862 1944 3154 2015 utriusque
3182 1946 3447 2007 Ecclesia:
3472 1947 3624 2005 Con-

384 2032 647 2086 seusione
678 2030 819 2083 libro
852 2043 918 2093 ιι,
956 2040 1081 2096 cap.
1114 2026 1203 2090 18,
1231 2040 1287 2079 n.
1330 2024 1401 2079 15
1432 2043 1447 2079 :
1488 2042 1509 2077 s
1543 2022 1661 2079 Hoc
1703 2023 1894 2079 eodem
1945 2032 2190 2089 tempore
2232 2024 2464 2081 ﬂorebat
2513 2027 2748 2097 Symeon
2782 2030 3245 2103 archiepiscopus
3274 2034 3627 2093 Thessaloni-

382 2118 588 2173 censis.
616 2115 770 2171 Vixit
794 2114 943 2171 enim
975 2121 1102 2189 post
1131 2111 1504 2180 Barlaamum,
1531 2112 1899 2182 Acindynum,
1925 2110 2229 2177 Palamam,
2259 2110 2579 2182 Gregoram,
2632 2115 2981 2174 Philotheum
3010 2121 3403 2189 patriarcham,
3438 2122 3623 2185 Nilum

382 2205 957 2268 Thessalonicensem,
1001 2201 1285 2259 Nicolaum
1315 2202 1652 2263 Cabasilam,
1704 2198 1888 2255 Nilum
1921 2199 2295 2269 patriarcham
2327 2201 3020 2274 Constantinopolitanum,
3078 2206 3348 2265 lsidorum
3387 2210 3627 2268 Thessa-

381 2294 743 2357 lonicensem,
776 2305 1013 2362 quorum
1050 2290 1294 2344 omnium
1327 2286 1451 2358 ipse
1505 2288 1562 2343 in
1612 2286 1839 2358 Dialogo
1875 2284 2265 2343 Ecclesiastico
2315 2298 2507 2345 contra
2545 2305 2741 2349 omnes
2782 2290 3046 2363 Han-eses,
3077 2305 3135 2352 et
3178 2296 3249 2352 de
3300 2298 3427 2355 aliis
3460 2302 3625 2357 rebus

376 2380 773 2437 ecclesiasticis
816 2378 1089 2435 meminit.
1121 2377 1236 2432 lmo
1271 2376 1472 2449 ipsein
1504 2375 1697 2431 eodem
1727 2373 1953 2443 Dialogo
1982 2375 2062 2445 (ι)
2109 2391 2141 2431 a

1855 2389 1953 2443 ego
1982 2375 2062 2445 (ι)
2109 2384 2325 2433 atatem
2357 2393 2515 2433 suam
2548 2380 2753 2449 prodit.
2796 2381 3120 2452 Ἐξαιρέτως
3148 2384 3207 2438 δὲ
3238 2388 3298 2439 ιν
3326 2388 3448 2452 ταῖς
3479 2389 3620 2459 ἠμί-

383 2485 504 2535 ραις
523 2467 686 2536 ήμῶν
710 2468 943 2528 ταύταις
974 2463 1108 2535 περὶ
1145 2463 1320 2533 αὐτῆς
1346 2461 1779 2534 συνιγράψαντο,
1818 2461 2097 2532 πνεύματι
2122 2465 2198 2528 ὡς
2234 2466 2332 2518 καὶ
2364 2465 2521 2520 αὐτοὶ
2554 2467 2711 2531 δντες
2744 2470 2811 2521 hs
2837 2469 2974 2523 Θεοῦ
3004 2471 3053 2525 οί
3079 2470 3355 2545 θεηγόροι,
3381 2478 3475 2529 καὶ
3502 2475 3627 2531 Oso-

378 2554 554 2625 φόροι.
578 2553 674 2607 καὶ
693 2552 1071 2623 χριστοφόροι,
1094 2552 1189 2604 καὶ
1210 2551 1392 2605 ἔνθεοι
1422 2552 1577 2613 ὅντες
1596 2546 1836 2619 ἀληθῶς.
1860 2547 1951 2602 ὅτε
1965 2552 2024 2602 ὲν
2042 2550 2221 2618 ἁγίοις
2248 2552 2439 2622 Πατὴρ
2460 2553 2622 2622 ήμῶν
2658 2554 2986 2622 Κάλλιστος,
3023 2559 3053 2611 6
3088 2558 3193 2627 τῆς
3243 2559 3617 2631 βασιλιούσης

376 2639 617 2709 γεγονὼς
647 2640 794 2703 Νέας
832 2638 1054 2709 Ῥώμης
1082 2640 1147 2691 ὲκ
1188 2637 1327 2692 Θεοῦ
1360 2638 1730 2709 πατριάρχης,
1769 2634 1863 2687 καὶ
1891 2637 1919 2687 ο
1955 2636 2235 2708 σύμπνους
2278 2638 2428 2709 αὑτῷ
2482 2640 2580 2695 καὶ
2610 2644 2961 2713 συνασκητὴς
3007 2645 3155 2709 ὅσιος
3206 2646 3493 2714 Ἰγνάτιος,
3527 2650 3627 2703 καὶ

374 2727 547 2796 βξόλῳ
580 2726 763 2796 οίκιίᾳ
797 2724 1124 2799 συντεθείσῃ
1155 2724 1288 2795 παρ’
1314 2725 1498 2779 αὐτῶν
1528 2728 1918 2795 πνευματικῶς
1943 2745 2004 2782 τε
2036 2730 2131 2791 καὶ
2159 2729 2490 2798 Θεοφρόνως,
2518 2729 2618 2783 καὶ
2644 2730 2769 2785 λίαν
2799 2731 3019 2803 ὑψηλῶς
3051 2734 3461 2805 δφιλοσόφησαν
3485 2739 3545 2790 ιν
3576 2754 3625 2809 ρΙ

376 2813 720 2883 κεφαλαίοις,
756 2812 835 2883 τῷ
883 2811 1095 2865 ἑντελεῐ
1135 2812 1359 2883 ἀριθμῷ
1391 2813 1605 2868 τελείαν
1633 2815 1733 2885 τὴν
1766 2816 1898 2885 περὶ
1930 2816 2135 2885 ταύτης

1861 2816 1898 2868 il.
1930 2816 2135 2885 ταύτης
2168 2817 2373 2884 γνῶσιν
2404 2816 2718 2887 ικθέμινοι.
2764 2816 3116 2875 Potissimum
3156 2837 3277 2877 vero
3304 2824 3406 2879 hac
3437 2814 3626 2878 nostra

378 2914 540 2963 atate
565 2905 627 2957 de
659 2903 767 2958 uita
811 2904 1107 2957 monastiea
1136 2903 1583 2970 conscripserunt,
1617 2901 1826 2971 Spiritu
1865 2912 2120 2972 tanquam
2147 2906 2238 2973 qui
2267 2915 2317 2957 et
2350 2906 2452 2972 ipsi
2481 2919 2547 2958 ea:
2579 2903 2687 2959 Deo
2713 2921 2833 2959 cum
2863 2908 2992 2969 sint,
3022 2906 3269 2979 Deiloqui
3300 2919 3351 2965 et
3396 2910 3623 2983 Deiferi,

375 3003 425 3049 et
453 2990 783 3059 Christiferi,
814 3000 862 3044 et
890 3007 922 3042 a
954 2989 1059 3044 Deo
1093 2989 1261 3058 amati
1295 3006 1410 3045 vere
1441 2992 1718 3055 exsistant,
1753 3000 1970 3045 sanctus
2004 2989 2167 3045 Pater
2214 3002 2397 3045 noster
2424 2990 2703 3058 Callistus,
2734 3008 2824 3063 qut
2868 2992 3045 3065 Regia
3084 2995 3231 3052 urbis
3265 3014 3411 3054 nocte
3447 2998 3628 3057 Roma:

373 3096 440 3134 ea
469 3080 574 3134 Deo
600 3079 703 3147 fuit
735 3076 1071 3146 patriarcha,
1099 3087 1149 3131 et
1171 3078 1262 3147 qui
1286 3093 1396 3131 una
1426 3093 1547 3131 cum
1588 3079 1703 3147 ipso
1735 3077 1975 3145 spirabat
2002 3090 2051 3132 et
2089 3079 2485 3133 exercitabatur
2509 3078 2786 3147 confessor
2813 3079 3085 3150 Ignatius,
3114 3093 3164 3137 et
3198 3084 3336 3140 libro
3362 3088 3628 3155 peculiari

375 3173 441 3224 ab
470 3169 581 3222 illis
612 3168 928 3237 composito,
963 3167 1347 3237 spiritualiter,
1379 3166 1574 3229 divine.
1599 3177 1649 3221 et
1682 3168 1882 3223 excelse
1907 3168 2063 3221 nimis
2097 3167 2455 3237 philosophati
2484 3176 2632 3232 sunt,
2678 3177 2890 3223 centum
2920 3172 3206 3240 capitibus,
3243 3190 3466 3230 numero
3506 3192 3630 3246 per-

387 3257 547 3327 fecto,
580 3257 873 3326 perfectam
914 3255 977 3309 de
1015 3270 1077 3308 ea
1104 3255 1454 3323 cognitionem
1493 3254 1785 3311 tradentes.
1812 3254 1966 3323 Opus
1998 3254 2208 3309 Callisti
2241 3264 2295 3309 et
2333 3253 2529 3324 lgnatii
2573 3253 2808 3309 habetur
2850 3257 2905 3309 in
2962 3255 3298 3315 Bibliotheca
3327 3261 3625 3319 Barberina

376 3346 484 3399 sub
518 3346 621 3400 hoc
647 3345 806 3399 titulo
829 3343 910 3414 (2)
951 3359 966 3396 :
998 3344 1122 3396 Τῶν
1153 3345 1210 3397 ὲν
1235 3344 1589 3412 μονοτρόποις
1612 3344 1911 3413 ἐλαχίστων
1940 3341 2244 3396 Καλλίστου
2272 3342 2370 3395 καὶ
2408 3340 2448 3395 'l
2462 3340 2681 3409 γνατίου
2714 3342 2824 3396 τῶν
2854 3343 3248 3401 Ξανθοπούλων
3270 3349 3493 3419 μέθοδος
3530 3354 3629 3406 καὶ

374 3432 559 3487 κανὼν
587 3432 851 3503 ἀκριϐὴς,
890 3435 987 3486 καὶ
1020 3431 1173 3503 παρά
1200 3432 1309 3485 τῶν
1332 3432 1507 3498 ἁγίων
1537 3431 1681 3502 ἔχων
1710 3432 1811 3497 τὰς
1845 3431 2161 3500 μαρτυρίας
2193 3431 2323 3500 περὶ
2348 3428 2459 3483 τῶν
2490 3431 2839 3502 αἱρουμένων
2864 3433 3085 3504 ἡσύχως
3112 3434 3306 3505 βιῶναι
3334 3440 3428 3493 καὶ
3457 3457 3630 3509 μονα-

379 3518 605 3582 στικῶς,
651 3520 781 3590 περί
824 3536 885 3573 τε
916 3520 1165 3587 ἀγωγῆς,
1196 3520 1292 3572 καὶ
1318 3519 1602 3584 πολιτείας
1641 3521 1738 3572 καὶ
1766 3520 1980 3589 διαίτης
2022 3517 2226 3582 αὐτῶν,
2255 3519 2352 3598 καὶ
2386 3522 2521 3589 περὶ
2566 3518 2661 3572 τοῦ
2691 3521 2835 3573 ὅσων
2868 3522 3077 3590 ἡλίκων
3108 3525 3334 3591 ἀγαθῶν
3358 3526 3627 3598 πρόξενος

373 3610 409 3677 ἠ
452 3606 653 3677 ἡσυχία
699 3606 1034 3661 καθίσταται
1080 3607 1195 3669 τοῖς
1231 3606 1376 3677 λόγῳ
1417 3606 1702 3675 μετιοῦσιν
1730 3608 1921 3676 αὑτήν.
1949 3594 2319 3674 Διακέκριτὲἶι
2352 3604 2409 3658 δὲ
2452 3608 2486 3676 ὴ
2520 3606 2778 3676 παροῦσα
2807 3608 2902 3661 τοῦ
2955 3608 3119 3678 λόγου
3166 3594 3524 3684 πραγματεία
3566 3616 3627 3669 ιν

373 3696 697 3763 κεφαλαίοις
723 3702 791 3766 ρ’.
826 3692 1029 3766 Ignatii
1058 3704 1109 3748 et
1140 3691 1359 3748 Callisti
1392 3692 1863 3763 Xanthopulorum
1907 3692 2184 3746 methodus
2213 3701 2265 3745 et
2308 3693 2491 3761 regula
2540 3694 2822 3759 exquisita,
2855 3698 3168 3752 testimoniis
3205 3697 3431 3754 Patrum
3477 3718 3627 3756 cons-

372 3782 597 3852 probata
635 3783 699 3835 de
731 3783 820 3846 iis,
844 3783 935 3851 qui
973 3782 1174 3851 eligunt
1193 3783 1357 3837 vitam
1392 3782 1625 3851 quietam
1656 3790 1708 3837 et
1738 3780 2109 3846 monasticam,
2142 3791 2193 3835 et
2226 3782 2289 3834 de
2311 3782 2432 3835 vitae
2464 3781 2726 3849 instituto,
2771 3801 2836 3839 ac
2881 3787 3090 3841 ratione
3135 3791 3533 3857 prcdictorum,
3575 3803 3627 3849 et

371 3886 597 3939 quorum
632 3871 886 3922 bonorum
922 3886 1087 3923 causa
1136 3870 1283 3939 quies
1331 3870 1425 3931 sit,
1464 3870 1534 3922 iis
1572 3869 1663 3937 qui
1693 3867 1985 3923 secundum
2014 3869 2275 3922 rationem
2304 3885 2424 3922 eam
2456 3870 2875 3938 amplectuntur.
2924 3872 3069 3941 Opus
3091 3876 3317 3930 divisum
3368 3880 3422 3933 in
3446 3881 3629 3951 capita

373 3969 604 4012 rentum.
649 3956 712 4012 P.
742 3957 890 4010 Ἔδει
926 3956 1025 4025 μὲν
1057 3959 1207 4026 ἡμᾶς
1234 3956 1377 4009 κατά
1421 3957 1550 4018 τοὺς
1575 3956 1752 4018 Θείους
1776 3957 1943 4023 φάναι
1977 3972 2138 4025 χρησι

1863 3972 1943 4007 ναι
1977 3956 2262 4025 χρησμοὺς
2290 3956 2667 4021 θεοδιδάκτους
2693 3962 3087 4029 τυγχάνοντας.
3114 3961 3180 4016 ΕΙ.
3210 3978 3335 4019 cum
3371 3967 3481 4022 duo
3515 3970 3628 4023 sint

366 4047 608 4111 Callisti,
635 4048 775 4101 alter
796 4047 895 4101 sub
924 4045 1138 4100 Joanne
1167 4046 1577 4108 Cantacuzeno,
1607 4046 1742 4100 alter
1772 4047 1878 4100 sub
1905 4044 2155 4099 Manuele
2179 4044 2508 4114 Pala'ologo,
2531 4060 2706 4102 annos
2736 4061 2857 4116 post
2888 4048 3001 4105 fere
3023 4052 3383 4124 quadraginta
3413 4072 3531 4119 sex,
3568 4059 3623 4112 in

372 4136 603 4190 dubium
635 4135 773 4189 verti
797 4142 1005 4202 posset,
1042 4133 1112 4188 tle
1144 4148 1386 4203 quonam
1424 4134 1529 4188 iste
1568 4134 1796 4188 Callisto
1825 4132 1991 4187 verba
2025 4131 2187 4186 faciat
2218 4150 2232 4186 :
2293 4133 2388 4187 sed
2422 4148 2545 4186 cum
2580 4131 2789 4189 Nicolai
2824 4134 3098 4192 Cabasila:
3132 4142 3478 4207 meminerit,
3529 4148 3624 4214 qui

374 4228 479 4282 sub
510 4225 756 4279 Manuele
786 4223 1036 4289 ﬂorebat,
1071 4238 1295 4278 necesse
1322 4233 1409 4277 est
1439 4238 1565 4277 eum
1597 4225 1663 4277 de
1694 4223 1939 4277 sedundo
1968 4219 2215 4283 Callisto,
2240 4219 2335 4288 qui
2365 4220 2512 4274 circa
2544 4236 2749 4275 annum
2781 4222 2999 4278 Domini
3022 4224 3161 4279 ιιοδ
3183 4228 3622 4296 patriarchatutn

370 4312 617 4384 regebat,
647 4326 958 4366 sermonem
978 4309 1202 4363 habere.
1220 4314 1401 4374 Quare
1426 4309 1542 4377 ipse
1565 4311 1710 4363 circa
1735 4307 1964 4363 Joannis
1988 4307 2278 4375 Palmologi
2296 4316 2564 4375 tempora,
2592 4309 2680 4364 vel
2713 4310 2875 4379 paulo
2902 4322 3028 4366 ante
3056 4312 3261 4378 ﬂoruit,
3286 4331 3315 4369 a
3346 4317 3625 4387 Symeone

366 4400 587 4455 seniore
621 4398 1118 4452 Thessaloniceuse
1150 4406 1277 4466 post
1299 4393 1593 4460 lsidorum,
1624 4394 1786 4465 cujus
1808 4396 1927 4464 ipse
1958 4394 2230 4460 meminit,
2265 4394 2465 4450 tertius
2490 4410 2507 4449 :
2532 4394 2681 4450 inter
2710 4398 2857 4450 enim
2895 4398 3165 4455 lsidorum
3201 4411 3259 4456 et
3291 4403 3469 4471 ipsum
3505 4416 3625 4459 tau-

370 4500 485 4544 tum
514 4497 827 4542 recensetur
849 4486 1093 4540 Gabriel.
1126 4484 1268 4537 Hinc
1282 4483 1586 4552 colligitur,
1614 4496 1882 4553 quantum
1920 4483 2288 4538 hallucinetur
2310 4480 2646 4538 Possevinus
2680 4482 2737 4537 in
2760 4486 3064 4554 Apparatu,
3095 4491 3191 4558 qui
3220 4489 3445 4546 immant
3488 4509 3625 4549 ana-

367 4577 695 4632 chronismu
729 4573 950 4638 scribit,
991 4587 1117 4626 eum
1149 4572 1349 4626 vixisse
1372 4583 1498 4625 ante
1521 4586 1695 4626 annos
1722 4580 2039 4631 sexcentos.
2064 4569 2161 4638 qui
2187 4570 2408 4623 nonnisi
2445 4578 2573 4625 ante
2602 4586 2780 4626 anuos
2820 4582 3049 4627 centqu
3090 4575 3391 4643 octoginta,
3428 4575 3625 4632 Posse-

370 4666 485 4719 viui
518 4676 783 4731 tempore,
818 4662 1054 4715 vixerat.
1088 4661 1144 4714 In
1175 4660 1432 4714 omnibus
1457 4660 1575 4715 suis
1598 4660 1816 4729 scriptis
1845 4659 1899 4713 in
1931 4658 2157 4715 Latinos
2188 4656 2425 4728 iniurius
2452 4665 2557 4721 est,
2587 4672 2727 4728 quos
2757 4672 2901 4728 sape
2936 4660 3134 4730 carpit,
3159 4676 3464 4733 eorumque
3485 4665 3626 4721 ritus

372 4768 500 4813 eum
540 4751 746 4806 Graecis
772 4764 1126 4819 comparans,
1152 4749 1477 4803 insectatur.
1515 4766 1535 4799 ο

439 4872 507 4927 Ει
537 4874 651 4926 haec
676 4869 893 4940 quidem
918 4866 986 4921 de
1005 4880 1072 4920 eo
1100 4876 1229 4920 tunc
1257 4864 1519 4933 temporis
1544 4862 1782 4917 breviter
1812 4861 2034 4929 scripsi,
2053 4877 2199 4916 nunc
2250 4874 2376 4915 eum
2419 4870 2634 4930 tempus
2662 4861 2927 4931 locusque
2957 4864 3217 4932 postulat,
3248 4864 3354 4919 alia
3379 4865 3616 4921 addam:

365 4970 678 5033 pra'eatque
696 4958 840 5012 illius
858 4955 1115 5025 elogium,
1137 4951 1281 5023 quod
1312 4951 1583 5021 Eugenius
1606 4950 1977 5020 Nomophylax
1997 4952 2127 5021 (qua
2148 4950 2199 5003 id
2221 4948 2482 5003 facultate
2502 4948 2906 5018 egerit,dicent
2933 4950 3131 5007 similis
3149 4952 3321 5007 sortis
3352 4953 3622 5026 homines)

364 5055 424 5106 in
456 5049 729 5121 Synodico
769 5045 1049 5099 Dominica
1082 5038 1435 5095 Ortbodosia:
1462 5040 1516 5093 in
1549 5038 1792 5094 Ecclesia
1826 5037 2305 5093 'l‘bessalonicensi
2341 5035 2563 5091 recitari
2587 5036 2771 5103 solito,
2800 5038 3076 5107 appiuxit,

436 5206 660 5277 Συμεὼν
686 5222 780 5258 του
812 5219 869 5255 εν
904 5201 1152 5271 μακαρίᾳ
1197 5202 1261 5270 τῇ
1297 5200 1450 5269 λήξει
1496 5199 1792 5266 γειομὲνου
1838 5214 1940 5269 αρ-
2117 5193 2201 5264 Sy:

1855 5214 1940 5269 ιρ-
2117 5192 2411 5264 Symeonis
2453 5193 2625 5247 beatae
2684 5192 2960 5248 memoriae
2998 5194 3342 5249 sanctissimi
3377 5195 3620 5250 Thessa-

364 5299 726 5376 χιεπισκόπου
777 5294 1201 5362 Θεσσαλονίκης,
1235 5290 1334 5345 τοῦ
1382 5291 1481 5359 τῆς
1531 5289 1686 5351 ἐκτός
1734 5304 1796 5340 τε
1845 5289 1940 5341 καὶ
2047 5285 2129 5339 lon

1857 5289 1940 5341 καὶ
2047 5284 2341 5339 lonicensis
2365 5283 2792 5352 archiepiscopi,
2830 5283 2929 5353 qni
2966 5292 3209 5339 externa:
3259 5294 3315 5340 et
3356 5287 3622 5355 spiritalis

364 5373 464 5463 τῆς
498 5387 877 5458 πνευματικῆς
903 5385 1094 5453 σοφίας
1125 5384 1365 5453 πλήρους
1394 5381 1691 5452 ὑπερφυῶς
1712 5382 1938 5450 γενομέ-
2044 5388 2129 5447 sal

1860 5382 1938 5433 re-
2044 5373 2326 5447 sapientiai
2351 5388 2516 5442 super
2541 5373 2843 5442 humanum
2871 5383 3090 5443 captum
3122 5376 3359 5443 repletus
3385 5375 3439 5430 in
3469 5391 3625 5432 asce-

364 5503 482 5545 νου,
511 5484 614 5535 κάν
646 5483 715 5549 τῇ
748 5480 1021 5547 ἀσκητικῇ
1056 5475 1151 5527 εἴτ’
1178 5473 1269 5528 οὖν
1317 5474 1588 5542 ἀγγελικῇ
1642 5473 1833 5540 ἀγωγῇ
1874 5487 1937 5523 τε
2047 5467 2129 5520 ιίοι

1874 5487 1937 5523 τε
2047 5467 2179 5530 tico,
2208 5465 2325 5520 sive
2356 5466 2536 5531 potius
2575 5465 2821 5534 angelico
2870 5465 3145 5528 instituto,
3169 5475 3227 5521 et
3253 5466 3375 5522 vitae
3409 5469 3622 5523 ratione

363 5576 461 5630 καὶ
510 5571 759 5637 πολιτείᾳ.
803 5568 1225 5637 διαπρέψαντος,
1257 5565 1353 5617 καὶ
1377 5564 1581 5633 ταύτην
1625 5565 1708 5625 εἰς
1760 5562 1933 5631 ἀκρον
2042 5573 2128 5613 ext

1855 5578 1933 5613 ›ον
2042 5557 2324 5619 excelluit,
2375 5571 2608 5625 eamque
2651 5573 2777 5611 cum
2819 5572 3034 5611 summa
3085 5560 3291 5615 virtute
3346 5570 3402 5615 et
3458 5560 3620 5616 laude

364 5664 821 5732 κατωρθωκότος,
846 5664 913 5729 τῇ
945 5660 1001 5712 δὲ
1036 5658 1179 5711 κατά
1236 5656 1473 5726 Χριστὸν
1507 5654 1836 5707 ταπεινώσει
1866 5658 1932 5723 τῇ
2046 5664 2129 5719 pel

1866 5658 1932 5723 τῇ
2046 5648 2449 5719 perfectissime
2483 5650 2613 5715 egit,
2652 5656 2705 5702 et
2736 5649 3037 5703 secundum
3082 5649 3363 5705 Christum
3408 5654 3494 5705 sui
3520 5653 3618 5707 de-

361 5759 473 5811 τῶν
500 5756 719 5827 ἀρετῶν
750 5752 975 5822 κρηπῖδι
1014 5751 1155 5802 κατὰ,
1183 5751 1279 5809 τὰς
1309 5746 1561 5816 ἀψευδεῖς
1598 5746 1935 5805 Δεσποτικὰς
2048 5759 2126 5810 prt

1853 5746 1935 5805 ιὰς
2048 5742 2347 5810 pressione,
2396 5741 2656 5794 virtutum
2696 5741 3018 5796 excellentia
3064 5743 3221 5811 juxta
3274 5744 3458 5798 divina
3492 5760 3618 5812 pro-

363 5847 702 5917 ὲπσγγελίας
726 5842 1120 5914 ἀνυψωθέντος,
1164 5842 1259 5893 καὶ
1294 5839 1385 5893 διὰ.
1414 5839 1667 5909 πράξεως
1702 5837 1941 5892 ἁνασάν-
2050 5835 2128 5887 tui:

1853 5839 1941 5890 sv-
2050 5835 2215 5888 missa
2249 5832 2465 5886 mentiri
2526 5833 2714 5887 nescia
2773 5834 3076 5898 esaltatus,
3129 5850 3225 5905 per
3257 5837 3531 5892 actionem
3562 5837 3618 5901 in

460 6058 504 6119 Ι)
530 6058 582 6106 In
606 6055 735 6119 libro
758 6053 818 6103 de
838 6062 980 6119 sacrit
996 6046 1296 6119 precatione,
1318 6061 1430 6119 cap;
1584 6060 1635 6108 p.
1657 6047 1748 6119 2l_0
1778 6046 1859 6119 ed.
1899 6044 2177 6119 lasseris-is;
2200 6042 2337 6119 Epir.

460 6059 504 6119 Ι)
530 6059 582 6106 In
607 6059 735 6105 libro
758 6059 818 6103 de
838 6062 980 6101 sacra
1002 6059 1296 6111 precatione,
1318 6061 1420 6109 cap.
1449 6059 1559 6101 τεο.
1584 6060 1635 6108 p.
1657 6059 1748 6094 τιυ
1778 6059 1859 6114 eq.
1899 6059 2165 6114 assensu.

431 6059 503 6185 ἑξ)
526 6118 727 6170 Editutn
750 6121 830 6164 est
851 6118 904 6164 tn
929 6112 1195 6174 Φιλοκαλία
1213 6113 1309 6158 τῶν
1330 6112 1468 6173 ιερῶν
1498 6111 1776 6166 Νηπτικῶν.
1812 6108 2035 6157 Venetus
2060 6108 2196 6158 ηδε.

1467 6059 1559 6101 583,
1584 6060 1635 6108 p.
1657 6059 1748 6094 210
1778 6059 1859 6093 ea.
1899 6059 2165 6094 Jassensut.
2202 6059 2337 6092 ινιτ.

1467 6135 1468 6142 ι
1498 6111 1776 6166 Nuntium.
1812 6106 2035 6157 Venetus
2060 6108 2196 6158 ηδε.
2235 6107 2358 6156 Vide
2393 6113 2579 6157 tomum
2597 6114 2821 6158 nostrum
2845 6107 3071 6160 CXLVII.
3094 6108 3232 6160 Enn.

686 6231 953 6291 Panos.
984 6226 1099 6284 Οιι.
1137 6219 1311 6284 CLV.

3204 6215 3230 6289 ι
