4470 6834
794 535 859 600 ιι
1658 534 1960 597 SYMEON
1993 534 2755 597 THESSALONICENSIS
2790 536 3154 597 ARCBIEP.
3965 528 4031 593 12

793 653 1223 722 speculationem
1250 650 1522 715 ascendit.
1559 650 1793 725 indeque
1823 652 1894 707 ita
1926 659 2199 706 annuente
2220 652 2352 716 Deo,
2378 654 2435 715 Α
2454 666 2548 712 τος

2263 665 2352 716 eo,
2378 654 2435 715 Α
2454 666 2548 712 τος
2577 653 2655 712 είς
2687 650 2941 719 θεωρίαν,
2972 649 3275 704 κάντεῦθεν
3303 650 3486 706 νεύσει
3515 651 3678 715 Θεοῦ,
3702 667 3780 713 ως
3810 656 4028 717 «prooec-

792 754 853 801 ut
883 743 970 799 fax
998 743 1221 800 lucifera
1255 758 1418 811 super
1454 742 1842 797 candelabrum
1882 744 2078 811 posita.
2105 752 2156 795 et
2197 758 2362 812 super

793 838 1072 895 excelsum
1101 845 1341 891 montem
1395 844 1455 891 ut
1508 837 1852 892 clarissimus
1901 835 2148 889 veritatis
2184 849 2363 903 praeco

795 928 1121 992 ascendens.
1151 928 1406 985 dulcibus
1434 929 1817 997 splendoribus
1863 928 1998 988 suis.
2031 914 2225 993 nempe
2265 926 2364 979 in—

794 1023 1193 1077 sttut-tionibus
1245 1036 1351 1075 non
1398 1023 1677 1091 propriam
1709 1028 1917 1073 tantum
1946 1018 2087 1071 hanc
2122 1017 2365 1072 celeber-

797 1117 991 1169 rimam
1048 1112 1415 1182 metropolim.
1456 1111 1549 1165 sed
1603 1112 1919 1165 universum
1968 1109 2135 1165 etiam
2192 1119 2367 1162 terra-

798 1222 924 1262 rum
957 1206 1146 1261 orbem
1188 1204 1321 1259 solis
1363 1203 1535 1257 instar
1566 1200 1915 1267 illuminavit.
1962 1209 2017 1256 et
2044 1215 2169 1270 erga
2196 1198 2365 1254 Deum

797 1309 855 1354 et
893 1298 1200 1367 proximum
1250 1308 1518 1359 amorem.
1570 1294 1618 1349 si
1667 1295 1792 1362 quis
1822 1294 1985 1359 alius,
2022 1292 2279 1358 ostendit,
2314 1300 2369 1344 et

803 1388 975 1444 sacris
1003 1386 1259 1441 cantibus
1302 1394 1620 1438 sanctorum
1671 1384 1890 1445 choros,
1942 1397 1995 1436 et
2036 1398 2099 1435 ex
2135 1382 2371 1451 propriis

800 1480 1107 1542 exornavit.
1145 1493 1376 1548 quorum
1426 1479 1588 1532 vitam
1631 1476 1917 1530 annulatus
1955 1474 2234 1529 coniecit:
2273 1489 2372 1526 an-

798 1574 989 1642 gelicis
1028 1586 1184 1635 vero.
1208 1570 1554 1629 venerandis.
1597 1583 1659 1621 ac
1690 1569 1848 1636 plane
1893 1567 2093 1622 divinis
2126 1566 2372 1620 moribus

798 1675 854 1719 et
887 1664 1053 1717 totius
1112 1671 1255 1717 statu
1320 1660 1479 1714 hilari
1545 1674 1669 1711 vere
1699 1658 1879 1711 Deiler
1918 1673 1978 1712 re
2030 1668 2084 1712 et
2116 1660 2263 1720 visu.
2319 1667 2373 1710 et

804 1752 984 1808 selum
1016 1749 1284 1805 fervidum
1330 1746 1459 1802 Elis
1510 1747 1777 1817 quispiam
1837 1747 2059 1809 dixerit.
2114 1750 2371 1817 propriis,

802 1844 1076 1913 avitisque
1127 1842 1386 1896 Ecclesiae
1427 1842 1795 1909 dogmatibus,
1847 1840 2131 1905 enutrivit.
2177 1852 2231 1893 et
2257 1844 2373 1895 die-

798 1932 909 1987 bus
943 1929 1176 1999 singulis
1204 1929 1356 1984 suavi
1404 1930 1673 1983 doctrinae
1703 1929 1867 1984 latice
1910 1931 2129 1985 abunde
2180 1932 2373 2000 irriga-

796 2021 890 2076 bat
944 2030 998 2075 et
1037 2021 1387 2075 sermonibus
1425 2008 1757 2073 'ﬂexanimis
1813 2035 1878 2074 ac
1919 2018 2179 2087 iucundis
2206 2034 2261 2074 et
2296 2022 2371 2075 lo-

794 2111 953 2181 quela
978 2109 1237 2164 mellillua
1288 2112 1592 2172 universos.
1657 2110 1822 2163 veluti
1876 2110 2126 2165 Sirenum
2162 2111 2211 2164 vi
2243 2126 2375 2180 qua-

800 2206 951 2261 dam.
986 2217 1110 2271 qua
1143 2202 1324 2256 verbis
1356 2203 1587 2271 exprimi
1646 2203 1849 2271 nequit.
1901 2204 2148 2257 trahebat
2194 2204 2259 2257 ad
2290 2219 2367 2267 se.

796 2293 1215 2363 detinebatque;
1248 2301 1303 2346 et
1347 2294 1697 2362 antiquorum
1741 2294 1902 2347 veluti
1937 2294 2153 2364 signum
2183 2305 2236 2349 et
2266 2310 2358 2349 ex-

798 2396 1051 2452 pressum
1084 2382 1462 2449 simulacrum,
1494 2390 1546 2435 et
1573 2381 1785 2449 pietatis
1810 2380 2144 2442 columnam.
2174 2391 2227 2435 et
2260 2383 2372 2435 vir-

800 2474 935 2529 tutis
964 2472 1230 2541 regulam.
1255 2482 1311 2526 et
1336 2471 1666 2526 Christianae
1692 2474 1815 2526 vita:
1848 2480 2059 2541 typum.
2087 2473 2362 2541 propriam

794 2563 964 2618 vitam
999 2565 1285 2619 ostendere
1306 2578 1523 2619 summo
1548 2565 1729 2617 studio
1758 2574 1986 2618 conatus
2020 2572 2122 2626 est.
2173 2562 2365 2632 hisque

799 2653 1051 2709 homines
1082 2654 1388 2719 universos.
1426 2654 1519 2723 qui
1562 2654 1717 2708 aliter
1751 2668 1815 2706 ac
1845 2668 1945 2707 nos
1979 2654 2268 2713 sentimus,
2298 2651 2366 2705 de

796 2743 903 2799 lide
937 2741 1267 2806 sentiebant.
1314 2743 1368 2797 in
1404 2754 1684 2812 stuporem
1734 2751 1789 2797 et
1839 2741 2281 2807 admirationem,
2313 2751 2365 2795 et

794 2833 1015 2889 laudem
1048 2842 1105 2887 et
1151 2832 1606 2902 gloriﬁcationem
1660 2833 1842 2901 magni
1900 2846 2081 2887 rerum
2117 2833 2362 2885 omnium

793 2926 891 2984 Dei
922 2928 1220 2984 excitavit:
1259 2926 1522 2982 memoria
1554 2925 1907 2994 sempiterna.

2472 759 2564 811 ρου
2616 741 2939 812 λαμπτῆρος
2989 742 3086 795 ἀπὶ
3117 742 3215 810 τὴν
3243 743 3467 812 λυχνίαν
3514 742 3785 804 τεθέντος,
3807 741 3900 792 καὶ
3930 740 4021 792 ἐπ’

2463 834 2621 902 δρους
2675 832 2883 901 ὑψηλοῦ
2914 832 2989 895 ὡς
3020 832 3275 901 λαμπροῦ
3329 834 3430 901 τῆς
3485 832 3744 901 ἀληθείας
3793 831 4033 900 κήρυκος

2468 924 2895 993 ἀναϐεϐηκότος,
2921 926 3015 977 καὶ
3048 927 3168 986 ταῖς
3188 924 3467 991 γλυκείαις
3493 926 3901 993 μαρμαρυγαῖς,
3937 923 4029 987 δη-

2469 1014 2604 1086 λαδὴ
2636 1018 2756 1079 ταῖς
2810 1014 2973 1070 αὑτοῦ
3009 1013 3400 1077 διδασκαλίαις,
3434 1013 3496 1064 οὗ
3545 1013 3645 1084 τὴν
3692 1016 3828 1068 ίδίαν
3874 1013 4035 1082 μόνον

2466 1108 2672 1175 ταύτην
2718 1108 2819 1177 τήν
2872 1106 3219 1177 περιώνυμον
3271 1105 3627 1175 μητρόπολιν,
3652 1106 3768 1158 ἀλλ’
3794 1106 3898 1175 ήδη
3942 1106 4037 1157 καὶ

2472 1200 2571 1269 τὴν
2606 1201 2931 1268 οἰκουμένην
2967 1202 3186 1253 ἀπασαν
3207 1197 3364 1267 δίκην
3386 1197 3538 1265 ἡλίου
3562 1199 4031 1265 καταυγάσαντος,

2475 1295 2570 1345 καὶ
2598 1294 2695 1362 τὴν
2724 1293 2861 1362 πρὸς
2895 1292 3049 1357 Θεὸν,
3099 1292 3194 1345 καὶ
3243 1290 3340 1360 τὴν
3397 1282 3626 1362 πλησίον
3680 1294 3903 1361 ἀγάπην
3954 1292 4036 1353 είς

2472 1381 2760 1449 ἄκρον,ὼς
2803 1382 2976 1443 οὐδεὶς
3026 1381 3211 1449 σχεδὸν
3241 1379 3350 1432 τῷν
3397 1382 3653 1435 ἀπάντων
3691 1380 4035 1446 ἐπιδειξαμέ-

2472 1493 2589 1535 νου,
2614 1475 2705 1527 καὶ
2746 1473 2909 1542 ᾠδαῖς
2943 1476 3115 1541 ίεραῖς
3156 1473 3274 1534 τοὺς
3302 1475 3411 1525 τῶν
3454 1474 3627 1541 ἁγίων
3678 1473 3893 1542 χοροὺς,
3942 1470 4035 1521 καὶ

2474 1564 2685 1616 οἴκοθεν
2716 1564 3170 1632 καταστέψαντος,
3214 1558 3289 1617 ὧν
3332 1564 3426 1616 τὸν
3478 1564 3591 1633 βίον
3646 1563 3912 1631 ἐζήλωκε,
3944 1560 4037 1612 καὶ

2473 1651 2691 1719 διήνυσε
2719 1667 2731 1679 ·
2764 1652 2841 1721 τῷ
2875 1653 2931 1705 δὲ
2980 1653 3260 1721 ἀγγελικῷ
3290 1653 3386 1706 καί⁸
3439 1653 3639 1722 σεμνῷ,
3674 1653 3769 1705 καὶ
3812 1649 4037 1703 θεοειδεῖ

2475 1744 2584 1797 τῶν
2615 1746 2782 1815 ήθῶν,
2806 1747 2901 1799 καὶ
2936 1750 3000 1817 τῇ
3055 1746 3216 1817 ίλαρᾷ
3266 1745 3598 1799 καταστάσει
3628 1745 3748 1797 ὅλου
3797 1741 3874 1811 τῷ
3918 1741 4031 1793 δντι

2478 1836 2762 1907 θεοφόρου,
2792 1840 2886 1889 καὶ
2918 1839 3091 1900 ὄντος,
3114 1840 3207 1890 καὶ
3256 1837 3607 1905 φαινομένου,
3632 1838 3723 1889 καὶ
3759 1836 3921 1903 ζῆλον
3946 1835 4032 1886 ἱνα

2479 1928 2679 1997 θερμον
2722 1930 2904 1983 Ἦλιού
2958 1947 3041 1988 τις
3086 1931 3173 2000 ἀρ’
3219 1930 3363 1982 εῑποι
3407 1930 3697 1996 τρέφοντος
3748 1928 3888 1997 ὑπὲρ
3926 1926 4034 1979 τῷν

2477 2018 2739 2083 εὐσεὸῷν,
2764 2020 2858 2072 καὶ
2888 2020 3172 2088 πατρικῶν
3218 2020 3317 2088 τῆς
3365 2019 3692 2088 Ἐκκλησίας
3724 2018 4033 2085 δογμέ.των,

2476 2112 2573 2161 καὶ
2626 2109 2970 2178 καθεκάστην
3030 2110 3278 2176 ἀφθόνως
3330 2110 3408 2179 τῷ
3461 2111 3651 2176 γλυκεῖ
3692 2109 4037 2170 διδασκαλίας

2477 2198 2793 2269 ἀρδεύοντος
2822 2200 3045 2269 νάματι,
3080 2203 3174 2253 καὶ⁵
3200 2201 3276 2271 τῷ
3301 2203 3408 2254 τῶν
3441 2200 3613 2269 λόγων
3639 2200 3912 2268 ἐπαγωγῷ
3935 2199 4034 2251 καὶ

2474 2291 2711 2361 τερπνῷ,
2745 2294 2838 2346 καὶ
2869 2296 2934 2362 τῇ
2988 2293 3296 2363 μελιρρύτῳ
3349 2296 3555 2362 φθογγῇ
3590 2296 3798 2355 πάντας
3847 2291 4035 2359 ὥσπερ

2475 2384 2713 2453 ἀρρήπῳ
2744 2383 2851 2436 τινὶ
2882 2385 3153 2453 Σειρήνων
3182 2384 3409 2452 δυνάμει
3464 2386 3596 2455 πρὸς
3627 2384 3817 2437 ἑαυτὸν
3852 2383 4036 2435 ἕλκον-

2470 2489 2586 2535 τος,
2614 2474 2710 2525 καὶ
2739 2474 3235 2543 παρακατέχοντος,
3271 2478 3365 2527 καὶ
3411 2476 3517 2526 τῶν
3558 2476 3804 2528 παλαιῶν
3846 2474 4036 2543 ὥσπερ

2479 2564 2771 2631 ἐκμαγεῖόν
2792 2582 2867 2631 τι,
2886 2565 2920 2635 ἢ
2955 2567 3391 2637 ἰπισφράγισμα,
3416 2569 3508 2621 καὶ
3536 2568 3735 2637 στήλην
3754 2566 4035 2628 εὖσεϐείας

2470 2656 2565 2707 καὶ
2590 2655 2787 2725 ἀρετῆς
2816 2657 3035 2720 κανόνα,
3071 2660 3164 2709 καὶ
3195 2658 3587 2726 Χριστιανικῆς
3641 2658 3913 2717 πολιτείας
3940 2656 4035 2708 τύ-

2472 2764 2573 2799 πον
2606 2740 2693 2799 τὸν
2734 2747 2927 2800 ἑαυτοῦ
2964 2747 3076 2816 βίον
3118 2750 3387 2815 ἀναδεῖξαι
3430 2752 3929 2820 φιλονεικήσαντος,
3964 2749 4029 2800 ἐκ

2473 2838 2675 2891 τούτων
2703 2857 2760 2891 τε
2790 2843 2917 2903 τοὺς
2969 2842 3291 2912 ἀνθρώπους
3329 2844 3594 2905 ἅπαντας,
3630 2844 3722 2895 καὶ
3767 2844 3891 2902 τοὺς
3926 2841 4021 2893 ἄλ-

2478 2930 2604 2990 λως,
2629 2928 2661 2994 ἦ
2692 2929 2765 2991 ὡς
2790 2931 2949 2997 ἡμεῖς
2972 2932 3280 3001 φρονοῦμεν
3307 2933 3431 2998 περὶ
3457 2932 3553 2997 τὴν
3585 2936 3766 2984 πίστιν
3788 2932 4037 2996 δοξάζοι-

796 3040 895 3086 τας
926 3024 1005 3087 είς
1035 3020 1317 3092 εκπληξιν,
1345 3020 1440 3074 καὶ
1472 3019 1682 3091 θαῦμα,
1711 3021 1802 3071 καὶ
1843 3017 2036 3088 ὕμνον,
2065 3019 2159 3071 κα)⁴
2180 3015 2495 3087 δοξολογίαν
2515 3020 2612 3075 τοῦ
2640 3021 2879 3093 μεγάλου
2912 3023 3045 3077 Θεοῦ
3107 3024 3214 3079 τῷν
3271 3025 3408 3081 ὅλων
3442 3026 3783 3098 κινήσαντος,
3847 3023 4039 3077 diem;

792 3124 830 3196 ἡ
858 3124 1074 3195 μνήμη·

867 3281 1063 3327 Annon
1110 3268 1249 3324 bene
1281 3266 1413 3321 lavit
1444 3281 1604 3321 suum
1637 3264 1952 3336 Ethiopem
2022 3264 2374 3333 Eugenicus?
2423 3263 2500 3317 Ex
2550 3266 2770 3334 scriptis
2816 3267 3123 3334 Symeonis.
3192 3267 3413 3321 mentita
3466 3276 3518 3321 et
3569 3268 3701 3322 farsa
3733 3282 3873 3330 esse,
3911 3284 4034 3338 qua

797 3364 892 3420 ille
923 3364 990 3419 de
1019 3361 1271 3417 doctrina
1302 3370 1359 3415 et
1388 3359 1697 3429 eloquentia
1736 3360 1918 3424 tradit.
1957 3358 2248 3411 manifesto
2274 3356 2565 3412 evincitur.
2607 3358 2739 3423 Quis
2785 3359 2943 3413 nobis
2969 3360 3020 3411 in
3058 3360 3177 3413 aliis
3203 3373 3327 3411 eum
3368 3374 3495 3413 rera
3525 3359 3709 3413 dicere
3744 3374 4031 3414 assevera-

801 3458 921 3516 bit?
954 3454 1115 3511 Fides
1156 3462 1413 3525 suspecta
1446 3463 1555 3527 est.

873 3589 938 3644 Et
973 3598 1032 3642 ut
1074 3585 1650 3641 Thessalonicensium
1700 3585 2079 3654 episcoporum
2130 3584 2303 3639 series
2332 3585 2619 3651 habeatur,
2663 3585 2983 3654 exponenda
3026 3593 3177 3647 sunt.
3210 3600 3332 3655 qua:
3363 3601 3425 3639 ex
3458 3586 3650 3638 eodem
3683 3583 4036 3640 Thessaloni-

793 3684 945 3740 censi
982 3680 1256 3751 Synodico
1285 3679 1853 3751 exscripsimus.qua:
1876 3687 2005 3732 sunt
2032 3694 2045 3730 :

865 3815 1084 3881 lsidori.
1143 3815 1312 3869 beata:
1348 3812 1748 3883 recordationis
1800 3816 2131 3871 sanctissimi
2186 3816 2368 3870 arcbi-
2399 3823 2447 3887 ο

796 3908 1038 3980 episcopi
1088 3905 1618 3970 Thessalonicensis,
1663 3910 1756 3976 qui
1798 3906 1973 3962 instar
1999 3907 2264 3977 splendidi
2294 3908 2369 3962 si-

803 4000 952 4054 deris
984 4011 1201 4070 gregem
1242 4012 1399 4052 suum
1438 3998 1584 4052 hunc
1628 3998 1924 4053 illustravit
1954 4000 2071 4053 suis
2095 3999 2367 4066 quotidia-

799 4090 887 4144 ttis
923 4087 1188 4142 doctrinis
1230 4096 1284 4141 et
1338 4088 1827 4154 admonitionibus,
1884 4098 1940 4142 et
1997 4103 2149 4158 eque
2207 4099 2371 4158 atque

800 4180 976 4233 bonus
1025 4187 1079 4233 et
1109 4177 1318 4247 primus
1364 4189 1548 4247 pastor
1584 4178 1861 4245 Christus,
1909 4180 2085 4235 modis
2116 4180 2371 4235 omnibus

799 4271 959 4326 orilis
986 4286 1173 4325 curam
1202 4270 1371 4339 gessit
1416 4279 1471 4325 et
1517 4270 1707 4341 longas
1742 4273 2208 4341 peregrinationes
2247 4289 2372 4328 sus-

801 4362 985 4424 tinuit.
1028 4371 1083 4416 et
1110 4361 1377 4431 quidquid
1432 4364 1677 4416 divinum
1737 4370 1793 4415 ct
1835 4350 1997 4417 saluti
2030 4364 2371 4418 conducibile

800 4455 1110 4517 ridebatur,
1144 4463 1203 4507 et
1238 4454 1587 4508 sermonibus
1631 4455 1871 4518 edocuit,
1904 4464 1958 4509 et
1995 4455 2250 4523 operibus
2280 4455 2373 4510 de-

811 4544 1161 4607 monstravit,
1196 4554 1250 4595 et
1282 4558 1407 4597 vere
1446 4544 1511 4596 iis
1544 4544 1636 4612 qui
1678 4552 1801 4597 ante
1823 4560 1947 4598 eum
1982 4555 2037 4598 et
2064 4545 2280 4607 virtute.
2318 4555 2372 4600 et

800 4636 1045 4687 doctrina
1076 4632 1359 4702 conspicui
1413 4631 1582 4695 fuere,
1636 4634 2080 4697 rebusomnibus
2116 4650 2370 4704 esaequa-

802 4734 889 4778 tus
919 4733 1037 4787 est;
1097 4733 1357 4792 perpetua
1395 4723 1677 4777 memoria.
1721 4710 1990 4780 Gabrielis
2046 4728 2216 4781 beata:
2258 4743 2370 4781 me-

803 4817 994 4871 moria:
1022 4814 1357 4870 sanctissimi
1408 4815 1799 4884 archiepiscopi
1845 4817 2366 4881 'l‘hessalouicensis.

800 4910 894 4978 qui
934 4908 1003 4961 ab
1037 4907 1266 4961 infantia
1324 4908 1440 4975 ipsa
1480 4909 1590 4962 Deo
1624 4910 1877 4964 addictus
1927 4911 2052 4977 fuit,
2083 4920 2137 4965 ct
2164 4913 2215 4965 in
2255 4928 2369 4965 Ino-

800 4999 1015 5051 uaStico
1047 4998 1169 5050 vita:
1230 4997 1481 5052 instituto
1536 5000 1769 5067 primum
1830 4999 2010 5055 locum
2059 5012 2364 5071 occuparit.

801 5090 1037 5159 indeque
1067 5090 1233 5144 veluti
1270 5090 1489 5143 virtutis
1522 5092 1800 5159 praemium
1834 5093 2169 5147 iurationem
2202 5096 2366 5162 hujus

800 5178 954 5231 urbis
999 5190 1353 5243 consecutura,
1412 5179 1596 5235 multis
1649 5182 1923 5249 operibus.
1977 5190 2032 5235 et
2076 5183 2143 5235 ad
2199 5183 2365 5238 Deum

800 5268 1064 5335 precibus
1133 5282 1252 5321 eam
1323 5270 1683 5332 conservavit,
1723 5280 1776 5322 et
1816 5284 1924 5337 pra:
1973 5271 2113 5334 aliis.
2166 5270 2365 5337 quibus

809 5357 1187 5425 spiritualibus
1218 5360 1377 5413 donis
1423 5359 1640 5423 enituit,
1701 5361 2119 5415 mansuetudine
2149 5370 2203 5413 et
2235 5362 2363 5415 cha-

792 5449 973 5503 —iitate
1040 5450 1437 5503 condecoratus
1492 5459 1596 5513 est,
1659 5460 1713 5502 et
1769 5462 2052 5517 paternum
2109 5450 2360 5504 aﬂ'ectum

802 5554 1018 5609 srmper
1055 5555 1183 5609 erga
1221 5540 1493 5606 spiritales
1536 5542 1675 5595 iilios
1718 5544 2196 5597 commonstratit:
2240 5560 2361 5611 pcr-

801 5640 960 5699 p::tua
1056 5633 1337 5685 memoria.
1415 5633 1700 5700 Symconis
1781 5636 1950 5689 beata:
2023 5638 2358 5690 recordatio-

799 5724 903 5780 nis.
966 5734 1099 5783 etc..
1153 5721 1399 5789 Gregorii
1430 5723 1600 5776 beata:
1644 5723 2037 5779 recordationis
2096 5728 2359 5794 archiepi-

793 5815 941 5881 δωρὶ
1001 5812 1531 5880 Thessalonicensis,
1574 5816 1667 5884 qui
1722 5824 1775 5869 et
1822 5825 1949 5871 ante
1982 5821 2355 5885 pontiﬁcatum

790 5905 931 5957 inter
988 5906 1190 5973 primos
1241 5905 1483 5975 ejusdem
1535 5919 1697 5974 atque
1736 5907 1823 5961 ille
1862 5908 2071 5964 ordinis
2102 5925 2356 5964 numera-

2559 3814 2832 3884 ἰσιδὼρου
2882 3815 2976 3866 τοῦ
3034 3816 3091 3868 ἑν
3150 3817 3399 3886 μακαρίᾳ
3433 3820 3497 3886 τῇ
3550 3816 3700 3885 λήξει
3748 3823 4037 3889 γενομῖνου

2472 3906 2775 3973 ἀγιωτάτου
2826 3905 3261 3975 ἀρχιεπισκόπου
3308 3908 3733 3978 Θεσσαλονίκης,
3758 3910 3854 3965 τοῦ
3882 3912 4041 3983 δίκην

2472 3999 2700 4065 ἀστέρος
2740 3998 2995 4068 λαμπτροῦ
3028 4001 3127 4067 τὴν
3167 4000 3402 4067 ποίμνην
3429 4001 3595 4053 αὑτοῦ
3632 4002 3839 4073 ταύτην
3866 4022 4038 4059 κατα-

2473 4090 2811 4156 ιξωτίσαντος
2844 4094 2957 4151 ταῖς
2996 4092 3118 4143 xab'
3138 4092 3346 4160 ἡμέραν
3378 4093 3549 4161 ίεραῖς
3582 4093 3747 4148 αὐτοῦ
3784 4096 4041 4149 διδασκα-

2475 4179 2642 4247 λίαις,
2675 4182 2773 4233 καὶ
2809 4182 3150 4249 είσηγήσεσι·
3185 4183 3277 4233 καὶ
3305 4185 3445 4234 κατά
3473 4185 3564 4235 τὸν
3586 4182 3747 4236 καλὸν
3776 4188 3869 4237 καὶ
3894 4186 4039 4255 πρῷ-

2473 4287 2565 4322 τον
2631 4272 2863 4341 ποιμένα
2897 4273 3133 4342 Χριστὸν
3181 4274 3274 4324 τοῦ
3331 4277 3582 4341 ποιμνίου
3634 4276 3812 4329 πάντα
3841 4278 4041 4345 τρόπον

2471 4365 2917 4431 πεφροντικότας,
2949 4368 3043 4418 καὶ
3096 4368 3313 4433 μακρὰς
3345 4366 3655 4436 ὁδοιπορίας
3712 4370 4039 4439 ὑπενεγκόν-

2474 4471 2588 4516 τος,
2613 4456 2704 4507 καὶ
2736 4456 2843 4507 πᾶν
2873 4457 2924 4507 εί
2956 4473 3006 4507 τι
3049 4455 3214 4517 οεῖον,
3244 4457 3341 4508 καὶ
3371 4456 3507 4524 πρὸς
3541 4459 3815 4529 σωτηρίαν
3841 4463 4039 4528 ὲνάγον

2478 4546 2572 4594 καὶ
2611 4546 2791 4609 λόγοις
2823 4544 3157 4610 διδάξαντος,
3183 4545 3279 4598 καὶ
3303 4545 3484 4615 ἔργοις
3510 4550 3908 4617 ἑνδειξαμένου,
3938 4554 4035 4604 καὶ

2472 4634 2548 4704 τῷ
2578 4634 2695 4687 δντι
2727 4639 2834 4698 τοῖς
2867 4638 2951 4689 ἐπ’
2980 4640 3146 4707 ἀρετῇ
3181 4643 3273 4693 καὶ
3296 4643 3462 4712 σοφίᾳ
3485 4643 3590 4712 προ
3619 4643 3781 4695 αὐτοῦ
3805 4644 4038 4713 διαλαμ-

2470 4728 2636 4796 ψασιν
2668 4728 3014 4795 ἐξισωθέντος
3047 4735 3160 4797 τοῖς
3190 4733 3354 4799 ὅλοις,
3390 4737 3582 4789 αίωνξα
3620 4738 3653 4807 ή
3687 4741 3898 4809 μνήμη.
3940 4741 4040 4793 Γα-

2472 4820 2639 4890 ϐριὴλ
2670 4822 2765 4875 τοῦ
2802 4825 2859 4876 δν
2897 4828 3145 4897 μακαρίᾳ
3173 4830 3240 4898 τῇ
3273 4828 3421 4897 λήξει
3457 4833 3752 4900 γενομένου
3802 4834 4039 4899 ἀγιυταο

2475 4927 2569 4963 τιυ
2623 4915 3056 4981 ἀρχιεπισκὸπου
3122 4919 3549 4988 Θεασαλονίκης,
3585 4922 3679 4973 τοῦ
3743 4925 3923 4991 τχεδλν
3978 4928 4041 4975 ἐκ

2478 5002 2708 5071 βρέφους
2741 5005 2820 5073 τῷ
2857 5006 2977 5076 Θεῷ
3031 5010 3469 5078 ἀνατεοειμόνου,
3506 5016 3607 5064 κάν
3652 5017 3718 5083 τῇ
3774 5018 4036 5085 μοναδικῇ

2476 5094 2721 5163 πολιτείᾳ
2760 5098 2829 5148 τὰ
2878 5097 3069 5164 πρῶτα
3105 5102 3342 5168 σχόντος,
3391 5103 3680 5155 κάντεῦθεν
3723 5105 3797 5165 ὡς
3837 5106 4034 5175 ἀρετῆς

2473 5188 2708 5241 ἔπαθλον
2732 5190 2828 5258 τὴν
2857 5193 3193 5269 προστασίαν
3228 5194 3329 5260 τῆς
3364 5196 3573 5257 πόλεως
3596 5198 3797 5267 ταύτης
3850 5198 4038 5250 ἀναδε-

2473 5280 2729 5345 ξαμένου,
2764 5283 2976 5345 πολλοῖς
3024 5300 3082 5335 τε
3132 5284 3335 5353 ἔργοις,
3370 5289 3463 5338 καὶ
3496 5290 3615 5349 ταῖς
3652 5290 3785 5356 πρὸς
3813 5290 3873 5339 τὸ
3898 5291 4042 5343 θεῖον

2482 5370 2701 5438 δεήσεσι
2751 5373 2956 5441 ταύτην
3004 5376 3367 5442 τηρήσαντος,
3397 5376 3489 5428 καὶ
3526 5379 3661 5447 πρὸς
3687 5382 3799 5441 τοῖς
3835 5381 4035 5442 ἄλλοις,

2464 5457 2543 5522 οἷς
2597 5462 2722 5530 ἔσχε
2777 5468 3169 5532 πνευματικοῖς
3237 5468 3557 5537 χαρίσματι,
3610 5473 3878 5541 πραότητι
3938 5478 4030 5524 καὶ

2471 5556 2656 5624 ἀγάπη
2713 5558 3149 5626 κεκοσμημένου,
3206 5561 3298 5611 καὶ
3346 5560 3443 5631 τὴν
3492 5565 3765 5632 πατρικὴν
3823 5563 4039 5617 εὔνοιαν

2470 5646 2557 5696 ἀεὶ
2590 5645 2726 5713 πρὸς
2752 5646 2819 5699 τὰ
2844 5651 3190 5716 πνευματικά
3238 5654 3400 5703 τέκνα
3449 5654 3877 5723 ἐνδεικνυμένου,
3904 5658 4036 5708 alw-

2470 5735 2557 5785 νεα
2589 5736 2620 5802 ὴ
2660 5737 2869 5805 μνήμη.
2906 5738 3124 5806 Συμεὼν
3161 5740 3253 5793 τοῦ
3300 5745 3356 5795 ιν
3389 5746 3634 5814 μακαρίᾳ
3659 5748 3723 5815 τῇ
3752 5745 4035 5815 λήξει,καὶ

2467 5826 2534 5877 τὰ
2568 5825 2715 5894 ἑξῆς.
2759 5828 2937 5884 Habes
2969 5846 3156 5899 supra.
3197 5832 3334 5887 Tum
3380 5837 3625 5904 sequitur
3655 5854 3671 5890 :
3706 5837 4031 5908 Γρηγυρίου,

2466 5920 2561 5973 τοῦ
2604 5923 2660 5972 ἐν
2702 5925 2950 5993 μακαρῖᾳ
2982 5930 3042 5992 τῇ
3083 5925 3232 5990 λήξει
3269 5931 3560 5991 γενομένου
3591 5928 4027 5996 ἀρχιεπισκόπου
