4470 6816
775 522 844 589 15
1623 533 1926 596 SYMEON
1967 537 2728 604 THESSALONICENSIS
2769 544 3129 607 ARCHIEP.
3947 543 4013 605 16

777 638 960 706 batur,
1020 639 1280 695 similium
1336 641 1604 695 malorum
1664 661 1788 697 eum
1827 647 2145 717 participem
2199 649 2338 704 ﬁeri.
2371 651 2542 711 Αῐσω

2247 650 2338 704 eri.
2371 657 2418 711 Δ
2448 651 2582 708 ῐσων
2610 655 2745 723 ἡμῖν
2768 669 2783 685 ⁸
2808 654 3068 722 ἀνόμοιος
3091 656 3202 724 γὰρ
3233 649 3301 723 ἦν
3328 657 3439 716 τοῖς
3463 652 3642 714 ἄλλοις
3673 652 3701 704 ό
3728 650 3839 717 βίος
3866 651 4012 705 ἑκεί-

775 729 899 787 Vlta
927 733 1192 801 siquidem
1235 732 1381 788 illius
1422 748 1530 787 non
1586 746 1703 790 erat
1746 740 1872 793 aliis
1917 741 2136 804 similis,
2166 750 2219 794 et
2251 757 2342 795 se-

776 826 922 879 mita:
948 826 1196 891 diversa,
1231 834 1289 880 nt
1314 842 1439 880 cum
1488 826 1780 883 Salomone
1833 832 2047 899 loquar.
2077 830 2186 886 Nos
2212 848 2340 886 vero

775 918 1123 986 improbitate
1155 920 1316 987 plane
1351 920 1561 990 repleti,
1601 920 1653 975 in'
1701 923 2130 991 cugitatiombus
2157 924 2339 978 cordis

772 1008 944 1060 nostri
976 1008 1197 1076 pessimi
1242 1010 1611 1068 ambulantes.
1656 1019 1713 1064 ut
1764 1010 2030 1067 Jeremias
2062 1012 2256 1083 inquit,
2284 1024 2338 1068 et

773 1101 995 1167 perinde
1042 1110 1206 1170 atque
1253 1103 1513 1172 antiquus
1564 1103 1749 1170 Israel,
1812 1117 2238 1173 murmurantes,
2276 1124 2307 1161 υ

772 1188 933 1244 nobis
988 1190 1293 1255 allubescit,
1356 1193 1521 1248 rebus
1574 1209 1682 1247 non
1743 1196 2164 1252 succedentibus
2215 1200 2339 1269 jure

773 1282 974 1336 merito
1006 1282 1166 1345 mala,
1223 1292 1280 1337 et
1332 1281 1506 1338 solida
1538 1285 1853 1343 calamitate
1912 1299 2238 1352 mactamur,
2281 1301 2337 1345 et

771 1372 867 1426 tali
918 1372 1033 1427 viro
1084 1372 1364 1441 orbamur,
1416 1374 1513 1444 qui
1562 1377 1713 1431 solus
1765 1376 2133 1433 aﬂlictissimis
2185 1381 2337 1435 hisce

773 1463 1117 1533 temporibus
1158 1474 1216 1519 et
1263 1464 1321 1518 in
1373 1468 1539 1521 tantis
1574 1481 1759 1522 rerum
1806 1467 2223 1525 discriminibus
2246 1487 2328 1524 so-

771 1556 961 1610 latium
992 1565 1353 1611 remanserat.
1392 1556 1594 1612 Omnes
1634 1556 1903 1626 siquidem
1948 1574 2099 1624 eum,
2145 1562 2221 1614 uti
2253 1562 2333 1612 vi-

771 1647 936 1701 talem
1007 1646 1063 1701 in
1115 1647 1273 1701 nobis
1338 1646 1653 1701 facultatem
1716 1650 2127 1718 reputabamus,
2189 1652 2335 1706 illius

770 1751 1005 1795 mortem
1058 1742 1440 1797 tantummodo
1511 1742 1846 1798 ducebamus
1901 1744 2167 1799 adversus
2233 1760 2335 1801 nos

766 1833 1088 1901 justissimae
1125 1831 1378 1887 Numinis
1411 1834 1712 1900 punitionis
1759 1836 2065 1891 exordium.
2099 1836 2214 1891 lloc
2240 1853 2335 1893 eos

772 1926 1049 1993 redarguit
1088 1925 1452 1989 apertissime,
1520 1926 1613 1994 qui
1669 1924 1892 1996 indigna
1948 1928 2093 1981 dicta
2126 1928 2180 1982 in
2209 1944 2331 1984 eum

772 2017 1029 2086 ingerunt
1072 2024 1128 2071 et
1173 2013 1419 2069 infamia'
1455 2027 1707 2083 onerant,
1775 2017 1919 2086 quod
1970 2019 2334 2088 proditionem

772 2124 885 2163 non
916 2108 1167 2172 suaserit,
1199 2119 1253 2162 et
1279 2106 1425 2176 quod
1470 2121 1565 2161 eos
1600 2108 1838 2178 propriis
1885 2111 2128 2164 consiliis
2171 2112 2335 2167 altius

772 2200 1052 2271 quidpiam
1105 2198 1429 2253 meditantes
1490 2201 1543 2254 in
1603 2216 1681 2263 se,
1746 2204 2083 2271 represserit.
2132 2204 2339 2273 Opinor

771 2294 1024 2363 equidem
1062 2306 1185 2362 ego,
1216 2306 1339 2346 cum
1374 2291 1533 2345 vellet
1567 2290 1729 2357 Deus,
1782 2304 1839 2345 ut
1883 2296 2135 2348 omnibus
2176 2297 2333 2349 inuo-

772 2398 1027 2445 tcsceret,
1060 2384 1185 2453 quis
1219 2382 1302 2437 vir
1346 2382 1435 2438 ille
1479 2398 1635 2437 sacer
1686 2392 1829 2437 esset
1863 2394 1917 2437 et
1964 2402 2197 2453 quorum
2247 2388 2335 2441 di-

771 2493 931 2549 gnus.
966 2477 1059 2547 qui
1094 2491 1223 2531 vero
1268 2490 1368 2529 nos
1414 2486 1466 2530 et
1500 2475 1697 2544 quibus
1739 2476 1913 2545 panis
1943 2479 2185 2545 obnoxii,
2214 2479 2336 2549 qui-

773 2569 879 2621 bus
929 2566 1167 2621 miseriis
1226 2567 1373 2635 juste
1442 2568 1817 2632 escrueiandi,
1892 2568 1942 2620 id
1978 2581 2196 2637 prapter
2247 2586 2335 2627 res

772 2659 1075 2728 utriusque,
1123 2659 1174 2711 iu
1224 2672 1337 2711 rem
1366 2658 1586 2725 utrique
1622 2658 1975 2727 disposuisse.
2010 2660 2196 2729 itaque
2227 2670 2333 2716 tam

770 2750 892 2803 diro
926 2748 1088 2813 malo,
1122 2746 1271 2801 obitu
1302 2762 1493 2814 nempe
1523 2747 1669 2802 illius
1709 2750 1921 2805 adnexo
1974 2761 2030 2805 et
2076 2752 2335 2807 omnibus

773 2839 826 2895 in
871 2837 1091 2891 civitate
1149 2834 1303 2900 viris,
1357 2836 1701 2903 mulieribus,
1749 2840 1956 2907 pueris,
1984 2839 2208 2903 Latinis,
2238 2841 2335 2895 Ju-

770 2929 905 2985 daeis
940 2942 1157 2999 quoque
1204 2928 1339 2999 ipsis
1368 2930 1738 2985 miserandum
1768 2930 1824 2986 in
1856 2934 2077 2987 modum
2127 2949 2335 2988 sermo-

770 3036 871 3076 nes
907 3022 1335 3086 conti-rentibus,
1365 3031 1422 3075 et
1470 3022 1677 3093 reliqua
1710 3023 1913 3086 omnia,
1950 3041 2072 3095 qua:
2094 3042 2188 3082 eos
2218 3036 2331 3081 tum

775 3112 1113 3183 aﬂligebant,
1144 3128 1175 3167 e
1201 3112 1462 3167 memoria
1495 3115 1910 3184 deponentibus,
1941 3120 2179 3187 pastoi-is
2215 3129 2335 3174 tan-

771 3212 885 3258 tum
925 3203 1283 3273 privationem
1318 3204 1372 3258 in
1407 3215 1640 3261 mentem
1674 3210 2055 3266 revocantibus
2092 3221 2147 3266 et
2188 3226 2333 3281 sepe

770 3295 975 3367 sacpius
1010 3295 1431 3366 proferentibus,
1477 3300 1983 3372 asserentibusque,
2011 3313 2069 3357 ut
2095 3304 2208 3372 jam
2252 3310 2331 3359 in-

780 3390 901 3454 nui,
943 3398 997 3443 et
1031 3404 1138 3443 non
1193 3396 1397 3443 tenieie
1441 3389 1816 3459 credentibus,
1880 3394 2143 3450 indicium
2198 3396 2330 3451 illud

770 3497 891 3538 esse
914 3493 981 3535 et~
1000 3479 1198 3535 divina:
1220 3481 1521 3551 punitionis
1548 3491 1602 3537 ct
1628 3483 1898 3539 subsecuti
1927 3484 2145 3551 excidii,
2176 3498 2330 3543 etc...

772 3575 881 3630 Sed
906 3588 1033 3628 cum
1088 3573 1193 3627 buc
1248 3573 1615 3644 pervenerim,
1642 3576 1830 3644 paucis
1856 3576 2193 3646 compellabo
2233 3578 2340 3632 ιλιι--

766 3667 881 3737 jus,
923 3664 1220 3720 alteriusve
1253 3664 1687 3721 insimulatores.
1729 3664 1964 3722 Ubinam
2011 3670 2181 3724 eratis
2215 3686 2331 3737 vos,

769 3773 895 3813 cum
928 3758 1045 3812 haec
1076 3755 1316 3811 lurates
1346 3754 1608 3813 oﬂerret?
1644 3756 1835 3813 Nonne
1877 3758 1933 3812 in
1973 3758 2129 3824 urbe,
2155 3770 2211 3815 et
2242 3775 2333 3816 ve-

771 3851 903 3907 stris
930 3864 992 3904 ea
1019 3849 1244 3903 auribus
1275 3849 1619 3918 usurpastis?
1645 3849 1761 3915 Qua
1788 3850 1949 3921 igitur
1974 3854 2188 3906 ratione
2234 3862 2330 3907 ‘co-

770 3942 955 4012 gitatis
982 3941 1065 3997 usi
1114 3956 1221 3996 non
1263 3941 1436 3995 estis?
1464 3940 1643 4007 Quare
1673 3941 1741 3995 de
1774 3943 1973 4011 quibus
2006 3943 2142 3998 alios
2172 3944 2329 3999 incuo

772 4036 931 4099 satis,
979 4034 1122 4103 quod
1179 4049 1288 4088 non
1340 4032 1599 4098 fecerint,‘
1619 4048 1716 4088 vos
1750 4033 1853 4104 ipsi
1880 4036 2170 4091 occasione
2210 4052 2332 4106 pre-

773 4132 955 4178 mente
997 4131 1056 4176 ct
1093 4122 1247 4176 nullo
1294 4120 1626 4190 impediente
1680 4136 1788 4175 nou
1822 4124 2163 4191 perfecistis?
2192 4123 2331 4180 Tum

769 4217 915 4268 enim
968 4212 1152 4266 nullus
1180 4221 1365 4280 pastor
1392 4223 1531 4267 erat.
1569 4211 1813 4282 Namque
1834 4224 1961 4270 ante
1987 4230 2083 4270 sex
2115 4232 2332 4273 menses

771 4306 913 4359 inter
942 4304 1091 4358 vivos
1132 4318 1257 4359 esse
1304 4302 1543 4357 desierat
1574 4320 1590 4358 :
1621 4320 1803 4375 neque
1846 4307 1978 4386 dire;
2021 4317 2200 4374 erant,
2234 4325 2332 4364 nec

769 4399 900 4462 alia,
929 4411 1052 4465 qua:
1077 4410 1178 4450 vos
1229 4398 1527 4452 recensetis
1572 4404 1627 4452 et
1659 4410 1755 4465 per
1785 4397 1981 4468 digitos
2012 4410 2204 4455 exacte
2230 4417 2331 4456 nu-

772 4488 1017 4543 meratis.
1047 4486 1187 4553 Quid
1220 4487 1387 4557 igitur
1437 4488 1593 4542 vobis
1647 4488 2032 4558 impedimento
2062 4492 2207 4548 fuit?
2236 4506 2331 4549 aut

770 4579 931 4650 cujus
964 4592 1104 4648 Opus
1140 4578 1405 4633 eventus?
1430 4577 1667 4640 Nullius,
1693 4580 1920 4649 quilibet
1948 4587 2327 4654 respondebit,

2445 760 2561 807 νου,
2588 746 2685 796 καὶ
2725 744 3122 815 ἐξηλλαγμέναι
3164 747 3219 797 αί
3254 745 3450 815 τρεσοι.
3472 746 3532 795 τὸ
3570 742 3911 809 Σολομῶντος
3934 744 4011 794 ei-

2443 839 2563 888 πεῖν
2585 853 2598 866 ·
2634 838 2790 905 ἡμεῖς
2815 837 2872 889 δὲ
2904 838 3104 900 κακίας
3128 837 3391 904 γέμοντες
3424 837 3558 898 ὅλως
3586 836 3680 886 καὶ
3704 835 3882 887 ὀπίσω
3900 834 4012 886 τῶν

2442 925 2845 996 ἐνθυμημάτων
2907 930 3005 996 τῆς
3070 927 3296 995 καρδίας
3351 927 3513 996 ἡμῶν
3576 925 3677 995 τῆς
3744 926 4006 993 πονηρᾶς.

2442 1018 2614 1071 Τοῦτο
2646 1019 2709 1089 δὴ
2740 1020 2800 1071 τὸ
2840 1019 2936 1073 τοῦ
2982 1021 3276 1088 Ἰερεμίου,
3310 1021 3667 1087 πορευόμενοι
3691 1035 3703 1049 ·
3736 1020 3831 1069 καὶ
3868 1017 4013 1069 κατὰ

2440 1111 2532 1164 τὸν
2556 1110 2725 1164 πάλαι
2750 1113 3058 1179 γογγυσταὶ
3079 1113 3438 1179 τυγχάνοντες
3481 1110 3721 1178 Ἰσραὴλ,
3745 1109 3890 1161 κατά
3910 1109 4011 1176 τὴν

2438 1203 2715 1272 ἡμετέραν
2769 1205 3071 1274 ἐπιθυμίαν
3122 1203 3425 1257 ἀπολαύειν
3458 1204 3609 1265 ὅπως
3640 1203 3743 1254 οὐκ
3813 1202 4012 1270 ἔχομεν

2437 1296 2550 1347 τῶν
2583 1298 2952 1365 πραγμάτων,
2978 1296 3202 1357 δικαίως
3240 1295 3384 1349 οὕτω
3420 1294 3786 1364 πεπράγαμεν
3820 1295 4013 1346 δυστυ⁹

2440 1389 2696 1456 χέστατα,
2725 1388 2819 1439 καὶ
2852 1388 3045 1440 τούτου
3076 1387 3301 1457 τάνδρὸς
3340 1386 3704 1459 ἐστερήμεθα,
3734 1387 3897 1450 μόνου
3915 1401 4011 1439 πει

2442 1477 2811 1546 ριλειφθέντος
2836 1480 2893 1530 ὲν
2917 1478 3175 1542 τοιούτοις
3200 1482 3411 1548 καιροῖς
3450 1478 3544 1531 καὶ
3571 1478 3844 1539 τοσούτοις
3861 1479 4011 1530 ἀνια-

2441 1571 2551 1633 ροῖς
2581 1570 2947 1638 παραμύθιον.
2981 1570 3189 1632 Πάντες
3235 1570 3345 1639 γάρ
3377 1567 3569 1637 ῶσπερ
3615 1567 3737 1621 τινά
3782 1568 4010 1635 δύναμιν

2440 1660 2681 1730 ζωτικὴν
2710 1664 2768 1713 ιν
2792 1664 2925 1731 ἡμῖν
2958 1662 3280 1731 ἐνομίζομεν
3328 1660 3541 1723 τοῦτον,
3572 1664 3664 1714 καὶ
3691 1659 3793 1729 τὴν
3819 1660 4011 1711 τελευο

2436 1750 2537 1821 τὴν
2571 1753 2781 1805 ἐκείνου
2817 1753 2986 1821 μηδὲν
3015 1752 3145 1806 ἄλλο
3179 1753 3423 1821 νομίζειν
3457 1754 3697 1819 εἴχομεν,
3729 1751 3761 1821 ἢ
3794 1754 3891 1819 τῆς
3923 1749 4008 1816 ἐφ’

2437 1841 2585 1908 ἡμᾶς
2642 1841 2734 1891 τοῦ
2796 1839 2929 1893 Θεοῦ
2964 1842 3309 1911 δικαιοτάτης
3357 1842 3605 1903 παιδείας
3657 1835 3769 1894 οἷον
3824 1841 4010 1910 προοίο

2443 1925 2583 2000 μιονζ
2616 1931 2788 1985 Τοῦτο
2836 1934 2945 1985 τῶν
2997 1936 3281 1987 κατειπεῖν
3316 1935 3609 2005 ᾑρημένων
3655 1935 3865 1986 ἐκείνου
3914 1950 4009 1985 σα⁸

2444 2023 2711 2090 φέστατος
2762 2022 3005 2090 ἔλεγχος,
3056 2026 3150 2076 καὶ
3201 2026 3327 2087 τοὺς
3376 2026 3591 2077 ἀδικίαν
3641 2024 3763 2075 κατ’
3798 2025 4009 2075 ἐκείνου

2437 2112 2755 2177 λαλοῦντας,
2788 2116 2871 2167 ὅτι
2910 2116 2987 2185 μὴ
3035 2116 3325 2184 πρτιδισίαν
3373 2117 3694 2185 ἐσκέψαντο,
3731 2116 3866 2185 μηδὲ
3898 2114 4008 2166 τῶν

2439 2206 2592 2273 σφίσι
2625 2205 2926 2259 δοκούντων
2974 2208 3250 2268 συνιέντας
3287 2208 3584 2275 βαθύτερον
3617 2210 3840 2268 ἐνδίκως
3885 2208 4007 2259 ἑπι-

2438 2296 2685 2364 στομίζει
2708 2312 2720 2325 ·
2761 2292 2915 2366 οἶμαι
2947 2303 3055 2369 γάρ
3084 2300 3212 2366 ἐγὼ,
3264 2301 3435 2365 δεῖξαι
3480 2300 3758 2368 βουληθεὶς
3788 2302 3816 2351 ό
3850 2298 4006 2361 Θεὸς,

2435 2382 2547 2450 οἷος
2592 2389 2691 2457 μὲν
2714 2390 2741 2441 ό
2772 2390 2915 2459 ἱερὸς
2950 2393 3154 2453 ἐκεῖνος
3190 2392 3349 2462 ἀνὴρ,
3388 2395 3480 2446 καὶ
3514 2394 3677 2445 τίνων
3728 2394 3877 2457 ἄξιος
3917 2389 4006 2462 ἦν,

2435 2475 2539 2532 οἷοι
2566 2481 2612 2535 δ’
2635 2482 2817 2551 ἡμεῖς,
2841 2484 2939 2535 καὶ
2991 2483 3145 2545 τίνας
3179 2485 3586 2555 εἰσπραχθῆναι
3620 2486 3773 2546 δίκας
3804 2486 4007 2537 δίκαιοι

2435 2568 2598 2643 ἦμεν,
2624 2573 2712 2625 διά
2743 2574 2899 2626 τοῦτο
2928 2575 2995 2628 τά
3022 2574 3149 2628 καθ’
3172 2576 3433 2646 ἑκάτερον
3471 2581 3636 2647 μέρος
3667 2578 3838 2639 οὕτως
3872 2577 4009 2647 ᾠκι-

2436 2663 2639 2732 νόμησε
2666 2666 3297 2736 συμφερόντως.Τούτου
3327 2663 3420 2720 οῦν
3444 2668 3537 2720 τοῦ
3572 2668 3774 2735 δεινοῦ,
3793 2669 3891 2736 τῆς
3918 2686 4009 2723 τε·

2436 2755 2627 2825 λευτῆς
2681 2758 2891 2809 ἐκείνου
2944 2763 3111 2829 φημὶ,
3142 2760 3599 2829 προστεθειμένον
3643 2765 3753 2823 τοῖς
3800 2762 4000 2822 ἄλλοις,

2436 2847 2529 2899 καὶ
2550 2846 2769 2901 πάντων
2790 2848 2898 2902 τῶν
2928 2850 2986 2903 ἐν
3013 2852 3079 2921 τῇ
3115 2850 3269 2905 πόλει
3298 2852 3530 2921 ἀνδρῶν,
3554 2853 3847 2919 γυναικῶν,
3880 2854 4008 2905 παί-

2432 2936 2561 3001 δων,
2590 2937 2833 2992 Λατίνων
2862 2955 2921 2991 τε
2952 2940 3045 2991 καὶ
3073 2940 3254 2993 αὐτῶν
3291 2941 3559 2996 Ἰουδαίων
3587 2943 3831 3005 ἐλεεινῶς
3866 2945 4004 3013 πρὶς

2434 3027 2694 3097 ἀλλήλους
2722 3029 3129 3098 διομιλούντων,
3157 3032 3249 3086 καὶ
3286 3033 3354 3085 τά
3384 3036 3484 3102 μὲν
3513 3034 3625 3088 ἀλλ’
3647 3036 3747 3087 ὅσα
3780 3036 4002 3101 τούτους

2432 3118 2620 3182 ἐπίεζε
2656 3120 2899 3190 δηλονότι
2945 3125 3011 3191 τῇ
3049 3123 3189 3196 λήθῃ
3238 3126 3751 3194 παραπεμπόντων,
3778 3128 3876 3198 τὴν
3909 3129 4003 3181 τοῦ

2433 3213 2696 3281 ποιμένος
2725 3211 2784 3263 δὲ
2832 3215 3093 3283 στέρησιν
3143 3216 3235 3267 επὶ
3277 3216 3404 3270 νοῦν
3451 3218 3859 3284 λαμϐανόντων,
3910 3222 4006 3273 καὶ

2437 3302 2676 3371 συνεχῶς
2726 3306 3137 3374 προφερόντων,
3162 3308 3260 3377 τῆς
3308 3308 3404 3361 τοῦ
3439 3309 3573 3363 Θεοῦ
3618 3328 3675 3363 τε
3729 3313 4002 3376 παιδείας,

2433 3395 2509 3457 ῶς
2566 3395 2838 3467 προῦφην,
2887 3398 2981 3454 καὶ
3026 3398 3125 3467 τῆς
3170 3402 3547 3471 γεγενημένης
3587 3401 3861 3468 ἁλώσεως,
3908 3405 4004 3457 καὶ

2433 3488 2698 3557 λεγόντων
2726 3491 2950 3558 σημεῖον
2966 3489 3141 3556 τοῦτο,
3167 3493 3261 3544 καὶ
3280 3492 3719 3550 πιστευόντων...
3743 3494 3809 3547 Et
3837 3496 3999 3551 infra:

2446 3581 2587 3637 Ἀλλ’
2614 3582 2847 3636 ἐνταῦθα
2880 3585 3076 3655 μικρὸν
3104 3588 3375 3658 ἐρήσομαι
3403 3593 3531 3651 τοὺς
3559 3590 4002 3661 κατηγοροῦντας

2434 3676 2527 3730 τοῦ
2558 3676 2749 3744 δεῖνος,
2778 3682 2872 3734 καὶ
2912 3682 3011 3750 τῆς
3054 3683 3248 3746 δεῖνος.
3298 3684 3407 3737 Ποῦ
3438 3684 3559 3737 ποθ’
3587 3687 3743 3757 ὑμεῖς
3777 3683 3893 3759 ἦτε,
3922 3691 4003 3743 δθ*

2433 3769 2463 3821 ό
2498 3770 2793 3841 Μουράτης
2821 3773 2889 3825 τά
2922 3772 3147 3828 τοιαῦτα
3188 3776 3458 3847 ὑπέσχετο
3482 3794 3497 3843 ;
3525 3778 3641 3833 Οὐκ
3667 3782 3724 3833 ὲν
3752 3784 3817 3852 τῇ
3850 3782 4003 3837 πόλει

2433 3863 2529 3915 καὶ
2560 3862 2821 3932 αὐτήκοοι
2847 3865 2957 3917 τῶν
2979 3869 3443 3937 κηρυττομίνωνς
3470 3872 3589 3933 Πῶς
3609 3868 3704 3927 οὗν
3720 3875 3819 3927 οὐκ
3839 3877 4003 3945 ἐχρή-

2436 3954 2604 4006 σασθε
2636 3954 2714 4024 τῷ
2740 3954 3022 4026 λογισμῷ;
3050 3958 3169 4020 Πῶς
3199 3958 3235 4012 ἃ
3265 3960 3562 4016 διανοεῖσθε
3594 3964 3694 4017 οὐκ
3726 3965 3805 4028 είς
3828 3969 4001 4037 πέρας

2430 4045 2703 4114 ὴγάγετες
2731 4048 2856 4110 Πῶς
2880 4048 2916 4101 ἃ
2945 4049 3052 4103 τῶν
3083 4050 3262 4104 ἄλλων
3288 4057 3648 4123 κατηγορεῖτε
3681 4057 3759 4126 μὴ
3786 4075 4001 4129 πεπρα-

2431 4136 2625 4204 χότων,
2651 4138 2806 4205 ὑμεῖς
2839 4140 2939 4191 οὐκ
2990 4142 3287 4209 ἐπράξατε,
3326 4145 3521 4215 καιροῦ
3561 4148 3870 4214 καλοῦντος,
3907 4153 4001 4205 καὶ

2429 4228 2541 4281 τῶν
2564 4230 2946 4297 ἀπειργόντων
2990 4231 3091 4283 οὐκ
3124 4232 3336 4301 δντωνς
3368 4236 3491 4287 τότε
3521 4238 3627 4306 γὰρ
3661 4242 3865 4311 ποιμὴν
3899 4245 3998 4296 οὐκ

2430 4313 2498 4389 ἦν
2519 4334 2533 4349 ο
2574 4320 2753 4388 μῆνας
2784 4321 2894 4391 γὰρ
2946 4318 3094 4391 εῖχεν
3142 4323 3201 4389 ἒξ
3239 4327 3532 4394 γενόμενος
3562 4328 3621 4392 ἐξ
3655 4330 3960 4401 ἀνθρώπων
3983 4352 3997 4366 ⁸

2431 4411 2555 4462 οὐδὲ
2618 4412 2771 4482 ἀραὶ,
2795 4412 2905 4464 οὐδ’
2937 4412 3018 4465 δσ’
3040 4413 3184 4479 ἕτερ’
3214 4415 3606 4485 άπαριθμεῖτε.
3631 4419 3696 4470 Τί
3729 4421 3913 4477 λοιπόν
3938 4426 4001 4479 τὸ

2432 4502 2685 4557 κωλῦσαν
2725 4506 2870 4573 ἡμᾶς
2896 4500 3036 4574 ἧν,ἢ
3068 4505 3216 4569 τίνος
3253 4508 3431 4576 ἔργον,
3460 4510 3562 4563 ὅσα
3607 4512 3997 4585 συμϐέϐηκενς

2432 4595 2656 4656 Οὐδενὸς
2702 4598 2809 4658 πᾶς
2852 4613 2937 4659 τις
2984 4598 3050 4649 ἂν
3089 4596 3233 4650 εἴποι
3278 4597 3635 4671 λογιζόμενος
3668 4606 3929 4669 εύσεεῶς,
3966 4610 3997 4676 ἢ

772 4676 860 4742 pie
889 4686 1004 4725 rem
1061 4678 1408 4737 computans,
1468 4684 1633 4738 quam
1696 4680 1899 4727 nostra
1938 4674 2325 4743 improbitatis,
2356 4686 2407 4744 D
2431 4687 2535 4756 τῆς

2237 4682 2325 4741 tis,
2356 4686 2407 4744 D
2431 4687 2535 4756 τῆς
2562 4688 2719 4755 ἡμῶν
2753 4688 3028 4757 ἁμαρτίας
3056 4690 3288 4743 ἑκάστου
3310 4691 3405 4744 τὸν
3431 4695 3699 4765 ἀόργητον
3727 4699 3807 4759 είς
3830 4674 3998 4769 ὀργὴν

770 4776 895 4833 qua
933 4761 1003 4815 ab
1038 4760 1318 4815 iracundia
1368 4760 1595 4814 liberum
1649 4762 1817 4817 Deum
1884 4764 1939 4818 in
1986 4766 2325 4822 iracundiam

771 4853 941 4908 movit
963 4862 1016 4906 et
1067 4853 1131 4905 ad
1181 4850 1353 4905 nostri
1385 4852 1740 4920 punitionem,
1791 4855 1886 4924 qui
1920 4858 2222 4914 incorrecte
2254 4861 2330 4914 la-

775 4950 978 5011 bimur,
1008 4946 1286 5007 excitavit,
1338 4952 1398 4997 ut
1437 4947 1505 4999 ad
1552 4947 1916 5017 nosmetipsos
1946 4950 2239 5006 redeuntes
2273 4955 2328 5006 in

771 5048 1047 5109 posterum
1079 5037 1377 5105 sapiamus.
1419 5037 1577 5101 Quod
1612 5037 1659 5092 si
1704 5040 1829 5108 quis
1857 5050 1983 5094 ante
2023 5051 2143 5096 acta
2194 5056 2327 5097 tem-

769 5143 902 5200 pora
945 5142 1380 5182 commemorans
1410 5128 1603 5181 iterum
1647 5129 1804 5183 nobis
1841 5140 2098 5199 opponat,
2137 5142 2192 5187 et
2230 5132 2330 5187 Pa-

772 5221 906 5276 διοιί
946 5233 1164 5273 causam
1196 5219 1473 5287 appingat,
1514 5220 1607 5286 qui
1658 5220 1854 5275 dedere
1899 5237 1959 5276 se
1992 5224 2322 5289 volentibus,

770 5313 934 5365 etiam
975 5311 1241 5365 sententia
1268 5311 1413 5365 dicta
1441 5310 1794 5374 contradixit,
1825 5314 2148 5370 insanientis
2181 5319 2329 5387 cogi-

773 5406 1009 5457 tationes
1038 5403 1288 5469 suscipit.
1320 5401 1563 5456 Primum
1594 5403 1741 5458 enim
1793 5420 1899 5458 non
1944 5407 2170 5463 addecet
2200 5426 2332 5479 pon-

769 5494 965 5549 titicem
1022 5507 1205 5547 rerum
1265 5493 1578 5548 militarium
1632 5495 1777 5563 jura,
1809 5506 1862 5550 et
1912 5496 2057 5551 bune
2106 5502 2327 5569 quidem

770 5598 1122 5655 tyrannorum
1166 5600 1317 5638 more
1350 5586 1651 5653 principatu
1684 5587 1903 5655 pellere,
1950 5591 2100 5643 illum
2136 5603 2327 5647 contra

770 5682 825 5733 in
864 5680 1265 5749 possessionem
1290 5678 1608 5745 immittere,
1638 5689 1691 5734 et
1718 5684 2079 5738 mutationum
2131 5696 2183 5740 et
2218 5702 2326 5740 ca:-

765 5773 939 5833 dium,
969 5784 1181 5824 necnon
1204 5770 1550 5833 damnorum,
1602 5787 1723 5839 qua:
1754 5774 1885 5827 dum
1912 5789 2100 5829 rerum
2154 5788 2329 5832 status

768 5862 1108 5922 immolatur,
1136 5858 1411 5923 eveniunt,
1444 5869 1724 5914 auctorem
1777 5866 1919 5917 esse.
1961 5862 2146 5934 Neque
2176 5870 2321 5921 enim

764 5963 878 6017 ipse
926 5948 979 6001 in
1031 5946 1395 6017 tyrannicum,
1450 5949 1542 6001 sed
1603 5950 1654 6001 in
1711 5950 2048 6005 sacerdotale
2090 5962 2143 6007 et
2182 5954 2327 6009 mitis

2432 4779 2556 4832 καθ’
2598 4782 2755 4848 ἡμῶν
2800 4781 3123 4850 κινησάσης,
3167 4783 3419 4837 παιδείαν
3468 4788 3602 4857 ημῖν
3655 4791 3999 4859 ἐπενεγκεῖν,

2433 4872 2716 4924 πταίουσιν
2764 4872 3088 4941 ἀδιόρθωτα,
3144 4876 3231 4929 ἵνα
3284 4878 3417 4944 γοῦν
3457 4882 3668 4934 ἑαυτῶν
3715 4885 3999 4952 γενόμενοι

2434 4963 2525 5013 καὶ
2568 4963 2663 5015 τοῦ
2702 4963 2893 5017 λοιποῦ
2943 4968 3390 5037 σωφρονίσωμεν.
3444 4971 3589 5025 Εἰδέ
3618 4990 3701 5035 τις
3727 4975 3835 5027 τῶν
3869 4979 3998 5043 πρὶν

2432 5053 2900 5123 ἀπομνημονεύων
2933 5056 3163 5126 χρόνων,
3194 5061 3288 5111 καὶ
3338 5062 3502 5116 πάλιν
3556 5065 3687 5132 ἡμῖν
3719 5067 3995 5140 ἀντιλέγῃ,

2432 5143 2526 5192 καὶ
2554 5142 2630 5211 τῷ
2662 5147 2883 5211 ποιμένι
2910 5147 3006 5215 τὴν
3038 5150 3216 5199 αἰτίαν
3251 5152 3451 5221 ἐπάγῃ,
3487 5156 3600 5212 τοῖς
3640 5156 3997 5223 προδεδόσθαι

2433 5230 2677 5285 ἐθέλουσι
2712 5234 2787 5302 μὴ
2823 5236 2889 5287 τά
2926 5238 3014 5288 [σα
3043 5239 3397 5308 φρονήσαντι,
3431 5243 3522 5293 καὶ
3553 5243 3997 5315 βουλευσαμένῳ,

2436 5326 2740 5393 μεμηνότος
2764 5323 2937 5394 οἶμαι,
2982 5330 3244 5397 κέκτηται
3292 5332 3608 5401 λογισμούς.
3639 5336 3861 5399 Πρῶτον
3904 5340 4003 5408 μὲν

2432 5416 2541 5483 γάρ
2572 5418 2632 5467 οἱ»
2665 5418 2762 5469 τοῦ
2814 5420 3092 5488 σχήματος
3128 5422 3222 5475 τοῦ
3273 5424 3575 5494 ἀρχιερέως
3616 5433 4003 5497 στρατηγικῶν

2432 5511 2776 5577 πραγμάτων
2814 5514 3336 5583 ἀντιλαμϐάνεσθαι,
3365 5519 3460 5570 καὶ
3493 5523 3583 5570 τὸν
3625 5522 3723 5588 μὲν
3749 5538 4000 5589 τυραννι-

2432 5601 2542 5661 κῶς
2601 5600 2825 5664 ἐξωθεῖν
2882 5605 2981 5673 τῆς
3032 5607 3231 5678 ἀρχῆς,
3279 5612 3372 5662 τὸν
3402 5610 3458 5662 δὲ
3490 5611 3857 5680 ἀντεισάγειν,
3907 5618 4001 5670 καὶ

2432 5690 2797 5758 πραγμάτων,
2835 5693 2928 5744 καὶ
2960 5696 3141 5761 φόνου,
3167 5713 3260 5749 και
3300 5698 3538 5768 ζημιῶν,
3564 5702 3769 5756 τούτων
3797 5704 3861 5772 δὴ
3890 5705 4001 5758 τῶν

2431 5780 2491 5829 ὲν
2520 5783 2637 5839 ταῖς
2666 5782 2983 5849 ἐναλλαγαῖς
3018 5788 3126 5837 τῶν
3153 5789 3337 5856 ἀρχῶν
3368 5792 3799 5859 συμϐαινόντων,
3830 5796 4003 5850 αῖτιον

2396 5924 2401 5928 ,
2430 5870 2765 5925 δείκνυσθαι.
2795 5876 2868 5925 Οὐ
2905 5879 3011 5942 γάρ
3045 5879 3138 5929 ἐπὶ
3175 5879 3365 5948 θρόνον
3390 5885 3555 5936 αὐτὸν
3581 5886 3877 5950 καθίζουσι
3910 5905 3997 5943 τυ-

2437 5962 2707 6031 ραννικὸν,
2734 5963 2845 6015 ἀλλ’
2881 5968 2970 6018 ἐπὶ
3018 5968 3206 6036 θρόνον
3256 5973 3548 6041 {spat-.73”,
3599 5982 3691 6030 καί
3726 5981 3996 6033 Δεσπότου
