4646 6868
508 767 571 830 Π
1789 769 2101 830 ΝΟΤΙΤΙΑ
2136 770 2343 829 ALTE]

1905 769 2101 830 I'lTlA
2136 769 2450 829 ALTERA.
3312 804 3315 807 -
3670 757 3740 819 18

501 882 720 952 πραέος,
765 882 857 935 καὶ
886 882 1113 952 εἰρήνην
1146 883 1476 949 διδάξαντος.
1514 886 1609 938 καὶ
1652 884 1732 937 δεῖ
1767 884 1957 938 τοῦτον
1992 888 2055 937 ὲκ
2084 894 2126 948 Α
2161 884 2335 941 Domit

1899 902 1957 937 ον
1992 888 2055 937 ὲκ
2084 894 2126 948 Α
2161 884 2399 950 Domini,
2458 892 2513 938 et
2568 884 2661 953 qui
2718 897 2902 952 pacem
2940 870 3349 949 depranliearit,
3385 878 3543 946 cujus
3569 860 3734 931 vesti-

499 975 699 1034 παντὸς
751 975 953 1043 τρόπου
1004 975 1307 1042 μιμεῖσθαι,
1357 978 1450 1029 καὶ
1498 977 1677 1043 λόγοις
1736 977 1831 1029 καὶ
1876 977 2059 1045 πράγ-

501 1080 687 1130 μασιν.
746 1064 975 1116 Ἐπειτα
1026 1064 1079 1117 τι
1124 1065 1275 1119 ἐστιν
1309 1066 1448 1135 ὅπερ
1483 1066 1777 1134 εἷργαστος
1818 1065 1899 1117 ὅτι
1949 1064 2061 1125 τοῖς

502 1150 597 1203 τοῦ
642 1151 779 1204 Θεοῦ
814 1152 1002 1221 νόμοις
1036 1152 1296 1222 ἐμμένειν
1342 1154 1598 1225 παρῄνει,
1626 1155 1721 1208 καὶ
1763 1154 1863 1222 τὴν
1908 1153 2061 1206 εὐοι-

497 1241 650 1294 6ειαν
682 1241 1033 1295 συνεδούλευι
1079 1244 1156 1314 μὴ
1198 1245 1463 1314 προέσθαι
1489 1262 1503 1309 ;
1532 1246 1615 1298 ὅτι
1651 1244 1727 1316 μὴ
1775 1244 2063 1310 κατεξανι-

499 1334 729 1388 στασθαι
758 1335 868 1387 τῶν
905 1336 1208 1405 ἀρχόντων,
1252 1336 1389 1390 ἀλλὰ
1444 1336 1688 1400 τούτους,
1726 1336 1801 1399 ὡς
1830 1338 1895 1391 ἑκ
1921 1335 2058 1388 Θεοῦ

499 1424 929 1495 προσληθέντας,
960 1426 1211 1479 ἐδίδασκε
1252 1428 1541 1497 στέργεινς
1577 1429 1689 1483 Καὶ
1719 1429 1770 1481 τι
1822 1445 1884 1495 γε
1935 1427 2063 1481 ἄλλο

497 1516 782 1582 προσῆκεν
812 1516 1009 1585 ἱκείνῳ
1055 1515 1235 1585 ψυχὰς
1290 1517 1593 1585 ἀνθρώπων
1638 1519 1774 1587 πρὸς
1800 1518 1939 1571 Θεοῦ
1974 1535 2064 1571 πι-

497 1602 810 1668 assuetum;
843 1603 1034 1673 Ὀμοκ
1066 1607 1273 1667 ἐκεῖνος
1323 1606 1417 1659 καὶ
1447 1606 1620 1668 οὕτως
1648 1606 1789 1675 ἔχων
1819 1606 1904 1674 ἐφ’
1931 1608 2061 1662 ἑκά-

499 1709 627 1746 στου
678 1696 870 1765 σχεδὸν
913 1698 1067 1760 ἔτους
1102 1697 1259 1766 ἠξίου
1293 1697 1392 1769 τὴν
1444 1699 1601 1751 πόλιν
1638 1700 1928 1752 ἀπολιπεῖν
1964 1700 2061 1753 καὶ

494 1787 632 1855 πρὸς
679 1788 780 1857 τὴν
830 1788 1208 1858 ἑνεγκαμένην
1256 1789 1549 1856 γενέσθαν
1605 1790 1735 1852 ἴσως
1786 1791 1851 1843 ἵν’
1900 1792 2061 1860 ἡμεῖς

459 1874 463 1877 ’
496 1877 636 1946 ὑπὲρ
659 1877 869 1930 ἑαυτῶν
892 1881 1254 1946 φρονήσωμιν
1272 1894 1285 1909 ’
1314 1876 1430 1929 ἀλλ’
1455 1876 1566 1929 οὐδ’
1586 1877 1759 1940 οὕτως
1782 1879 2059 1947 ἠνέχεσθε.

2166 978 2268 1045 giis
2308 977 2563 1030 insistere
2622 974 2798 1028 modis
2853 974 3111 1027 omnibus
3166 975 3220 1026 et
3270 971 3414 1025 dicta
3477 968 3732 1036 factaque

2163 1069 2321 1133 sequi
2378 1066 2574 1129 debet,
2630 1065 2828 1119 solium
2882 1073 3251 1132 promovetur.
3312 1060 3574 1124 Deinceps
3601 1057 3732 1125 quid

2164 1156 2255 1211 ille
2273 1158 2497 1211 molitus
2523 1155 2652 1211 est?
2693 1156 2775 1208 An
2814 1154 2961 1223 quod
3023 1154 3076 1206 in
3125 1152 3335 1221 legibus
3381 1149 3581 1203 divinis
3612 1164 3734 1222 per-

2162 1249 2364 1303 durare
2422 1236 2852 1302 adhortabatur?
2885 1246 3003 1299 Non
3058 1260 3088 1299 a
3146 1243 3482 1313 principibus
3529 1242 3733 1296 ilesciso

2164 1338 2421 1404 centium,
2459 1352 2595 1406 quos
2645 1337 2806 1393 veluti
2839 1352 2867 1388 a
2913 1336 3022 1391 Deo
3082 1344 3362 1405 prometos
3405 1333 3735 1387 exosculan~

2163 1428 2292 1482 dum
2325 1443 2446 1483 esse
2474 1429 2834 1484 docebat?Et
2884 1434 3065 1482 tamen
3122 1428 3172 1481 in
3224 1425 3372 1479 aliud
3414 1426 3736 1479 inenmhen-

2164 1521 2292 1574 dum
2323 1529 2463 1584 erat,
2493 1519 2581 1573 cui
2631 1520 2938 1573 mortalium
2998 1518 3195 1572 anima:
3242 1532 3337 1587 per
3368 1516 3534 1571 Deum
3575 1520 3736 1567 erant

2163 1607 2510 1663 concreditae.
2542 1606 2916 1661 Nihilominus
2951 1608 3043 1662 ille
3092 1607 3198 1661 hoc
3242 1605 3407 1659 modo
3436 1603 3735 1672 dispositus

2164 1697 2276 1753 fere
2304 1692 2538 1767 singulis
2566 1698 2726 1752 annis
2765 1699 2836 1752 ab
2877 1699 3012 1753 urbe
3055 1697 3309 1753 recedere
3348 1695 3562 1750 volebat
3586 1702 3640 1747 et
3676 1692 3731 1746 in

2162 1792 2390 1860 patriam
2420 1792 2640 1857 reverti,
2701 1792 2841 1846 forte
2883 1802 2942 1847 ut
2972 1807 3074 1847 nos
3110 1801 3294 1846 nostra
3322 1801 3730 1845 aceuraremus.

2164 1880 2270 1936 Sed
2302 1896 2477 1950 neque
2510 1883 2611 1937 hac
2643 1882 2853 1937 ratione
2898 1882 3049 1951 passi
3084 1882 3235 1939 estis.
3274 1879 3348 1936 Ita
3385 1887 3567 1934 mente
3594 1892 3730 1931 non-

493 1968 651 2023 Οὕτω
677 1968 908 2037 γνώμης
953 1968 1101 2030 τινὲς
1151 1969 1526 2038 τετυχήκεσαν
1573 1967 1713 2036 πρὸς
1745 1968 1855 2020 πᾶν
1882 1967 2062 2020 ὁτιοῦν

491 2060 555 2111 τὸ
610 2059 842 2129 πρεπτὸν
888 2061 1254 2128 κεκτημένης,
1306 2060 1402 2113 καὶ
1459 2059 2062 2130 ωμμεταὸαλλομένης

492 2153 606 2213 τοῖς
635 2153 851 2220 καιροῖς
880 2150 977 2203 καὶ
1007 2152 1120 2213 τοῖς
1152 2152 1494 2220 πράγμασιν.

2165 1972 2296 2026 nulli
2328 1974 2536 2042 przeiliti
2574 1983 2721 2037 sunt.
2762 1974 3038 2044 quaecum
3071 1973 3316 2043 quolibet
3373 1968 3733 2026 mutationem

2163 2065 2417 2121 subiente
2438 2082 2560 2122 sese
2588 2066 2841 2122 immutat
2870 2074 2926 2121 et
2959 2066 3157 2120 variat.

564 2282 657 2341 llis
689 2285 976 2357 Symeonis
1001 2289 1307 2346 certissima
1341 2297 1584 2359 tempora
1615 2300 1790 2345 teneo.
1817 2288 1987 2360 Capta
2013 2297 2100 2344 est
2133 2285 2522 2343 Thessalonica
2553 2302 2698 2343 anno
2731 2285 2943 2343 Domini
2980 2284 3140 2350 i550,
3172 2282 3347 2338 Martii
3380 2283 3467 2337 die
3499 2296 3657 2335 nona.
3680 2286 3737 2335 et

496 2372 770 2437 vicesima,
797 2372 1033 2445 Syineon
1072 2390 1103 2431 e
1134 2377 1275 2431 vivis
1306 2387 1624 2431 excesserat
1650 2386 1778 2431 ante
1803 2393 1899 2431 sex
1936 2381 2175 2440 menses,
2209 2390 2340 2444 ergo
2389 2375 2662 2444 praeterito
2694 2372 3025 2442 Septembri,
3056 2373 3150 2441 qui
3184 2373 3392 2441 primus
3417 2370 3544 2423 anni
3573 2368 3729 2423 Grat-

494 2474 684 2513 curum
707 2462 1098 2529 supputatione
1132 2469 1471 2519 numeratur.
1498 2461 1640 2534 Ergo
1694 2463 1799 2517 suh
1829 2460 2039 2518 Joanne
2062 2460 2325 2519 Manuelis
2347 2462 2460 2518 tilio
2504 2460 2752 2517 Hanuele
2804 2462 2942 2531 ipso,
2973 2474 3181 2515 necnon
3216 2458 3426 2514 Joanne
3454 2456 3733 2513 Cantaen-

499 2562 635 2600 anno
662 2545 829 2610 vitam
856 2547 986 2619 egit.

503 2823 3683 2861 Μ

1552 3066 2060 3164 ΝΟΤΙΤΙᾹ
2184 3063 2689 3156 ALTERA.

1378 3315 1593 3381 (Fabric.
1635 3313 1867 3368 Biblioth.
1904 3316 1991 3367 Gr.
2018 3316 2098 3367 ed.
2124 3314 2347 3377 Haries.,
2377 3319 2497 3366 tom.
2521 3312 2604 3374 XI,
2627 3326 2677 3377 p.
2702 3312 2837 3365 528A

562 3739 811 3804 Simeon,
840 3732 1349 3791 Thessalonicensis
1376 3730 1824 3802 archiepiscopus
1852 3732 1954 3802 (α),
1986 3738 2145 3786 sexto
2166 3744 2356 3787 mense
2376 3739 2505 3786 ante
2525 3737 2743 3800 captam
2778 3744 2808 3783 a
2840 3728 3049 3783 Murate
3077 3742 3129 3783 a.
3154 3729 3219 3783 ϐ.
3250 3729 3406 3794 1450.
3426 3728 3498 3784 Ξ9
3526 3727 3732 3796 Martii,

493 3827 941 3884 Thessalonicam
976 3822 1053 3894 (ὁ)
1090 3820 1404 3882 defunctus.
1436 3820 1588 3874 varia
1641 3820 1885 3889 scripsit,
1938 3818 2140 3889 quibus
2188 3827 2245 3873 et
2296 3819 2439 3875 ritus
2485 3826 2541 3873 et
2574 3819 2827 3888 dogmata
2872 3815 3135 3872 Ecclesia:
3192 3817 3397 3873 Graeca
3440 3814 3737 3873 illustravit

498 3914 814 3985 insigniter,
847 3920 903 3966 et
921 3908 1256 3981 oppugnavit
1282 3905 1533 3962 Latinos.
1556 3906 1746 3976 Itaque
1776 3905 1899 3961 Nic.
1935 3904 2276 3969 Comnenus,
2309 3904 2534 3960 Graecus
2562 3904 2708 3967 licet,
2755 3904 3076 3958 Latinorum
3120 3914 3487 3975 propugnator
3526 3908 3736 3960 acerri-

492 4017 640 4066 mus,
674 4015 730 4067 p.
752 3999 861 4053 215
892 3997 1130 4052 Pmnot.
1162 4003 1420 4065 mystag.,
1448 3992 1761 4047 Simeonem
1784 3993 1923 4047 inter
1948 3992 2240 4047 Photianos
2267 4009 2373 4047 non
2401 3992 2676 4046 Photiana»
2698 3993 2857 4061 plane
2882 3992 3201 4061 ignorantiae
3229 3994 3539 4062 participem
3561 3994 3733 4048 uirum

494 4088 752 4156 appellat,
786 4094 836 4139 et
866 4085 919 4137 ni
947 4082 1259 4146 detinuisset
1284 4082 1340 4135 in
1366 4079 1726 4150 dogmatibus,
1759 4081 1958 4134 nemini
1994 4081 2342 4135 recentiorum
2373 4078 2730 4149 theologorum
2763 4082 3042 4147 imparem.
3077 4078 3295 4149 (Fabr.)
3348 4079 3513 4137 Conf.
3557 4078 3732 4135 Henr.

494 4172 766 4228 Wharton
799 4180 856 4225 et
883 4168 1026 4225 Rob.
1054 4167 1253 4224 Gerius
1276 4167 1341 4221 ad
1378 4165 1540 4221 Cavei
1578 4164 1722 4220 Hist.
1751 4164 1919 4223 litter.
1954 4166 2015 4223 S.
2052 4167 2115 4222 S.
2149 4165 2299 4221 Eccl.
2346 4176 2481 4221 tom.
2523 4166 2590 4232 ll,
2625 4182 2678 4235 p.
2712 4166 2813 4221 113
2840 4181 2984 4234 seq.;
3017 4178 3252 4236 uterque
3300 4167 3434 4222 citat
3466 4168 3733 4236 quosdam

494 4261 679 4325 (αἰἀά
740 4260 892 4331 prior
925 4264 1107 4312 autem
1154 4253 1393 4324 scripsit,
1424 4252 1565 4308 Sim.
1595 4250 1843 4306 Tbessal.
1874 4250 2136 4307 claruisse
2161 4266 2215 4306 a.
2247 4251 2388 4305 1410
2417 4261 2472 4307 et
2503 4252 2705 4307 obiisse
2737 4267 2791 4307 a.
2823 4252 2986 4319 μεθ,
3029 4268 3219 4309 mense
3249 4254 3423 4324 Sept.,
3453 4269 3547 4310 ses
3578 4270 3737 4311 men-

495 4348 649 4402 sibus
697 4356 823 4400 ante
863 4340 1309 4398 Thessalonicam
1354 4339 1423 4393 ah
1465 4338 1726 4392 Amurate
1781 4336 1978 4391 iterum
2039 4346 2451 4409 expugnatam:
2501 4338 2772 4408 posterior
2819 4350 3007 4394 autem
3042 4341 3247 4411 prodit,
3299 4357 3425 4397 eum
3467 4342 3736 4409 claruisse

499 4451 553 4490 a.
584 4433 745 4496 ηιε,
772 4439 829 4486 et
853 4431 963 4484 vita
986 4427 1295 4483 decessisse
1318 4424 1485 4494 paulo
1507 4434 1638 4477 ante
1655 4434 1868 4501 captam
1891 4438 2051 4479 suam
2080 4424 2433 4495 metropolin,
2456 4440 2510 4479 a.
2540 4424 2702 4480 N50.
2724 4455 2791 4469 -
2812 4426 3016 4481 Oudin.
3043 4426 3340 4506 Comment.
3365 4428 3430 4483 de
3450 4426 3555 4484 SS.
3583 4428 3733 4483 Eccl.

504 4534 637 4575 tom.
656 4520 746 4582 111,
768 4533 825 4589 p.
848 4514 994 4571 ηιξ
1023 4528 1145 4584 seq.
1166 4512 1235 4567 ad
1272 4526 1326 4566 a.
1363 4509 1528 4574 1410.
1559 4509 1651 4577 qui
1688 4509 1896 4565 multus
1924 4519 2006 4564 est
2038 4510 2106 4565 de
2132 4518 2313 4576 atate,
2354 4512 2703 4580 potissimum
2742 4511 2812 4566 de
2874 4512 3102 4582 scriptis
3142 4515 3450 4585 horumque
3480 4514 3642 4569 codd.
3681 4524 3737 4567 et
3851 4532 3860 4539 ·

498 4623 567 4663 es
597 4607 723 4662 aliis
755 4605 1025 4675 praeipue
1054 4598 1347 4656 Lambecio
1373 4604 1428 4652 et
1452 4595 1635 4652 Goaro
1654 4595 1822 4650 multa
1856 4596 2166 4667 exscripsit.
2188 4627 2260 4640 —-
2288 4599 2620 4670 Haiuberger
2640 4598 2957 4656 Ζιιυιτιιεα.
2994 4600 3201 4659 Nachr.
3256 4613 3393 4660 tom.
3420 4602 3512 4668 iV,
3535 4618 3589 4673 p.
3624 4601 3738 4658 682

503 4709 648 4763 seq.,
680 4692 748 4747 ad
773 4706 825 4744 a.
858 4688 1056 4744 mortis
1085 4683 1247 4752 “29,
1273 4692 1330 4740 et
1357 4683 1559 4739 Sasius
1586 4681 1643 4737 in
1682 4680 1874 4737 Onam.
1902 4682 2009 4739 titt.
2040 4692 2182 4753 part.
2213 4699 2279 4751 ιι,
2312 4700 2368 4756 ρ.
2401 4685 2507 4742 590
2540 4702 2659 4755 seq.
2680 4688 2802 4757 qui,
2835 4702 2962 4744 eum
3001 4699 3284 4745 mortuum
3312 4705 3439 4747 esse
3474 4704 3528 4745 a.
3567 4690 3734 4753 “30.

502 4780 722 4852 adjecit.
748 4776 953 4851 (Πανί.)

572 4892 628 4945 Ι.
670 4889 1010 4958 Praecipuum
1038 4886 1159 4957 eius
1196 4899 1339 4957 opus
1364 4891 1452 4940 est
1493 4880 1575 4939 De
1596 4882 1722 4952 ﬁde,
1758 4882 1952 4937 ritibus
1993 4890 2045 4937 et
2097 4883 2368 4951 mysteriis
2399 4883 2794 4949 ecclesiasticis,
2826 4886 2969 4955 quod
3016 4896 3292 4959 integrum
3331 4886 3521 4944 Graec
3555 4889 3737 4944 lucem

501 4977 637 5033 vidit
656 4974 819 5032 Jassii
850 4976 907 5029 in
940 4973 1206 5029 lioldavia
1224 4986 1280 5027 a.
1318 4970 1459 5026 1683
1497 4968 1620 5037 τοι,
1646 4979 1873 5024 curante
1896 4967 2183 5030 Dositheo,
2218 4965 2533 5034 patriarcha
2571 4966 3091 5038 Hierosolymitano,
3133 4978 3189 5023 et
3220 4970 3422 5025 merito
3480 4970 3740 5026 laudatur

504 5065 573 5119 ah
602 5062 669 5118 ﬂ.
704 5062 1014 5118 Whartono
1043 5060 1100 5115 in
1138 5056 1401 5114 Auetario
1440 5054 1686 5126 historia}
1718 5056 2039 5126 dogmaticze
2076 5052 2290 5110 Usserii
2321 5054 2390 5106 de
2422 5052 2723 5121 Seripturis
2769 5064 2826 5107 et
2875 5056 3050 5109 sacris
3080 5055 3393 5110 vernaculis
3425 5070 3480 5125 p.
3514 5056 3656 5120 ut);
3685 5067 3741 5111 ct

508 5151 669 5207 Rieh.
700 5149 925 5205 Simone
946 5149 1003 5205 in
1028 5145 1169 5203 Bibl.
1199 5145 1429 5211 Selecta,
1460 5153 1590 5200 tom.
1614 5120 1818 5214 l;‘cap.'
1838 5143 1932 5208 29,
1959 5158 2082 5214 pag.
2107 5140 2211 5196 237
2270 5154 2389 5208 seq.
2424 5137 2644 5221 θναὸν.)
2678 5139 3165 5196 Fabriciusnoster
3194 5140 3338 5196 infra
3372 5120 3565 5197 in-vol.
3594 5142 3737 5209 XIV,

508 5254 563 5305 ιν.
591 5237 661 5292 49
690 5251 807 5305 seq.
839 5243 951 5289 vet.
982 5235 1074 5289 ed.
1106 5231 1386 5289 Simeonis
1424 5229 1803 5286 Thessalonic.
1836 5227 1987 5299 Opus
2016 5229 2475 5296 ecclesiasticum,
2508 5230 2653 5298 quod
2686 5229 2952 5284 beneﬁcio
3001 5228 3431 5294 liauroeordatl,
3479 5230 3741 5302 ﬂungaro

505 5321 803 5377 Walachiz
835 5318 1120 5389 principis,
1153 5323 1467 5386 acceperat,
1515 5314 1759 5371 curatius
1788 5324 1844 5370 et
1892 5317 2116 5371 uberius
2161 5314 2474 5384 descripsit,
2519 5325 2575 5368 et
2618 5315 2854 5385 capitum
2888 5316 3007 5384 ejus
3057 5316 3349 5371 elenchum
3399 5324 3455 5372 et
3485 5319 3735 5387 quadam

505 5408 809 5480 specimina
840 5407 1013 5462 dedit.
1050 5402 1349 5475 Auspiciis,
1370 5403 1527 5468 ait,et
1555 5412 1773 5472 sumptu
1800 5401 2027 5458 Joannis
2056 5403 2235 5476 ducis,
2265 5402 2452 5457 labore
2473 5401 2701 5457 Joannis
2730 5401 2973 5467 Holilidi,
3010 5402 3413 5471 Heracleensis,
3437 5419 3729 5467 eseusum.

502 5498 692 5554 Graec
714 5496 895 5552 lucem
925 5493 1065 5549 vidit
1094 5491 1259 5558 Jassii
1281 5489 1339 5546 in
1362 5489 1643 5546 Holdavia'
1661 5507 1713 5547 a.
1739 5490 1878 5548 i683
1903 5490 1999 5545 fol.
2032 5506 2171 5551 opus
2197 5491 2337 5547 Simc

1903 5490 1999 5545 fol.
2032 5506 2171 5551 opus
2197 5491 2471 5547 Simeonis
2492 5492 2596 5547 hoc
2616 5491 2777 5564 titulo
2802 5508 2815 5545 :
2853 5491 3081 5561 Συμεὼν
3106 5492 3202 5546 τοῦ
3230 5492 3510 5563 μακαρίου
3540 5496 3733 5565 ἀρχιε-

506 5586 776 5641 amt;
801 5582 1205 5651 Θεσσαλονίκης
1225 5580 1367 5634 κατὰ
1394 5579 1680 5649 αιρισῑων,
1713 5588 1764 5635 et
1792 5588 1983 5635 cetera
2012 5594 2130 5648 qua
2165 5579 2223 5633 in
2261 5581 2341 5647 [ro

1278 5580 1367 5633 ιτα
1394 5579 1680 5649 αιρισῑων,
1713 5588 1764 5635 et
1792 5588 1983 5635 cetera
2012 5594 2130 5648 qua
2165 5579 2223 5633 in
2261 5581 2433 5647 fronte
2468 5578 2641 5645 operis
2668 5578 2814 5645 infra
2848 5578 3113 5648 leguntur.

577 5811 655 5881 (a)
671 5811 947 5883 Eugenius
970 5809 1349 5883 Nomophylaj
1372 5810 1430 5866 in
1457 5809 1752 5880 Synodico.
1780 5812 2060 5883 Dominiea
2167 5811 2419 5883 allatius,
2475 5812 2846 5883 Derconsensu
2897 5814 3169 5880 utriusque
3209 5811 3479 5883 Eccieaig
3511 5829 3566 5883 p.
3600 5812 3733 5871 863.

506 5878 842 5952 orthodosiz
877 5882 950 5952 _in
1003 5878 1243 5952 ecclesia
1296 5878 1775 5952 Thessa'lonieensi
1838 5880 2060 5952 recitari
2166 5879 2217 5934 ls
2252 5885 2354 5945 est,
2383 5883 2475 5949 qui
2509 5882 2779 5937 lsidornm
2815 5884 2867 5935 in
2908 5878 3380 5952 archiepiscopatu
3435 5878 3733 5939 Thessalo-

508 5950 696 6016 solito,
750 5950 895 6019 apud
953 5951 1251 6013 Allatium,
1310 5950 1386 6002 De
1436 5948 1772 6004 Simeonibas
1826 5948 2058 6019 (supra),
2172 5952 2381 6019 nicensi
2404 5948 2729 6005 antecessit.

510 6019 605 6073 ubi
657 6016 1000 6075 celebrantur
1051 6020 1453 6088 Thessalonica
1507 6016 1920 6088 archiepiscopi
1956 6017 2060 6073 lsi-
2167 6084 2209 6088 _
2236 6018 2311 6087 (b)
2343 6016 2580 6073 Joannes
2612 6022 2947 6088 Anagnosta.
2998 6021 3051 6075 in
3094 6019 3420 6076 Narratione
3453 6022 3521 6075 de
3568 6030 3729 6088 capta

508 6091 698 6161 dorus.
752 6088 1007 6161 Gabriel,
1024 6160 1027 6161 ν
1056 6087 1336 6161 Simeon_,_
1368 6087 1664 6161 Gregorius
1696 6084 1770 6142 'et
1818 6085 2057 6161 Niplron.
2166 6084 2578 6154 Thessalonica,
2609 6091 2663 6144 in
2698 6084 2879 6145 Allatii
2912 6089 3242 6161 Symmictis,
3276 6105 3329 6161 p.
3384 6089 3491 6146 5J6
3514 6100 3565 6145 et
3599 6084 3731 6145 334.

514 6156 686 6211 Etiam
710 6160 945 6214 senioris
975 6158 1246 6214 Simeonis
1274 6156 1782 6215 Thessalonicensis
1807 6157 2058 6212 meminit
