4646 6872
487 780 553 845 21
1090 758 1126 819 ἰ
1397 737 1400 740 ’
1774 772 2087 835 norma
2118 775 2322 834 ALTE.

1888 772 2087 833 rma
2118 774 2443 834 ALTERA.
2778 844 2780 847 τ
2852 746 2856 751 “
3518 855 3521 857 ς
3651 740 3723 859 22

489 891 613 953 110,
651 893 758 941 etc.
793 885 984 940 Exstat
1024 899 1157 940 mss.
1200 884 1253 939 in
1302 882 1446 939 Bibl.
1497 884 1764 950 Caesarea,
1794 883 2055 938 Vaticana
2106 882 2359 953 aliisque.
2391 880 2609 953 (Fabr.)
2654 874 2792 938 Add.
2829 883 2993 938 modo
3030 882 3355 939 memoratis
3387 881 3549 939 codd.
3580 881 3723 938 inter

488 991 627 1032 mss.
655 974 818 1027 codd.
848 971 1024 1025 Paris.
1063 970 1200 1026 bibl.
1257 971 1407 1042 publ.
1430 986 1460 1025 a
1493 970 1695 1026 Seviuo
1724 986 1789 1024 ex
1813 969 2034 1025 Oriente
2062 970 2276 1033 allatos,
2306 970 2431 1050 cod.
2464 971 2554 1035 i7,
2576 979 2716 1026 teste
2732 970 3028 1026 Montiauc.
3071 972 3124 1025 in
3150 968 3290 1025 Bibl.
3312 969 3563 1025 biblioth.
3589 986 3718 1025 mss.

485 1078 542 1133 p.
573 1061 705 1116 1051
735 1059 800 1114 C.
839 1070 895 1113 et
924 1056 1082 1113 Mart.
1114 1058 1367 1113 Crusium
1404 1058 1461 1114 in
1494 1057 1923 1125 Tune-Gracia,
1946 1072 2132 1126 supra,
2166 1058 2218 1111 in
2249 1058 2358 1111 vol.
2388 1057 2522 1124 VIII,
2551 1072 2674 1127 pag.
2712 1057 2803 1121 96,
2827 1058 2932 1113 sub
2962 1058 3062 1119 lin,
3087 1056 3300 1127 (θυι.)

557 1170 635 1225 De
660 1177 855 1238 septem
890 1167 1142 1223 Ecclesia
1169 1166 1549 1234 Sacramentis,
1577 1183 1737 1238 quem
1770 1168 1969 1223 librum
1998 1163 2313 1222 Fridericus
2346 1165 2544 1220 Métius
2594 1166 2891 1221 Latinitate
2930 1166 3179 1232 donavit,
3225 1175 3364 1222 teste
3394 1165 3716 1230 Possevino,

489 1257 581 1313 sed
606 1272 715 1310 non
751 1254 897 1309 edita
925 1263 1005 1309 est
1040 1256 1160 1325 ejus
1186 1255 1563 1326 interpretatio
1597 1271 1613 1310 :
1644 1254 1919 1324 dialogum
1967 1252 2042 1306 De
2070 1253 2375 1321 paenitentia
2413 1250 2599 1307 Grece
2626 1263 2682 1309 et
2709 1252 2901 1311 Latine
2927 1253 3167 1324 vulgavit
3192 1251 3436 1310 Joannes
3472 1253 3726 1311 ﬂorinns

491 1346 547 1399 in
572 1357 740 1413 opere
762 1341 837 1396 De
865 1351 1199 1397 sacramento
1228 1344 1569 1412 panitentia,
1596 1341 1778 1396 Paris.
1803 1341 1936 1396 1651
1966 1339 2062 1394 iol.
2085 1348 2140 1394 et
2158 1354 2326 1394 recust

1886 1341 1936 1395 51
1966 1339 2062 1394 iol.
2085 1348 2140 1394 et
2158 1354 2356 1394 recuso
2380 1337 2620 1394 Bruxell.
2647 1339 2785 1396 1685
2804 1349 2858 1396 et
2873 1339 3066 1395 Venet.
3095 1340 3237 1395 1702
3263 1340 3357 1394 l’ol.
3381 1355 3434 1411 p.
3454 1338 3721 1401 171476,

491 1446 588 1486 nec
616 1444 725 1484 non
758 1430 887 1498 περὶ
916 1430 1026 1483 τῶν
1052 1432 1399 1500 χειροτονιῶν
1426 1430 1668 1485 libellum
1701 1430 1780 1484 De
1819 1428 2151 1483 ordinatione
2174 1428 2226 1481 in
2255 1442 2326 1495 op

1887 1428 2151 1482 dinatione
2174 1428 2226 1481 in
2255 1442 2423 1495 opere
2439 1426 2507 1481 de
2540 1427 2718 1482 sacris
2742 1426 3108 1482 ordinationis
3135 1428 3334 1483 ritibus
3361 1426 3539 1482 Paris.
3577 1426 3722 1481 1655

490 1515 585 1571 101.
614 1516 855 1570 Brusell.
888 1515 1025 1571 1686
1070 1516 1164 1571 fol.
1198 1517 1441 1587 Utraque
1478 1533 1547 1571 ex
1582 1516 1776 1572 Morini
1810 1518 2058 1572 versione
2101 1515 2356 1584 leguntur
2404 1514 2569 1569 etiam
2626 1514 2680 1569 in
2712 1514 3045 1571 Bibliotheca
3102 1514 3329 1570 Patrum
3362 1514 3499 1571 edit.
3547 1513 3722 1582 Lugd.

491 1596 623 1659 tom.
657 1603 829 1669 XXII,
866 1620 988 1673 pag.
1021 1604 1128 1661 792
1152 1614 1205 1658 et
1236 1604 1362 1659 795.
1392 1603 1693 1674 [Quosdam
1739 1606 1903 1660 codd.
1928 1604 2039 1672 iam
2074 1602 2237 1671 paulo
2270 1610 2399 1657 ante
2426 1602 2666 1658 laudavi.
2710 1603 2852 1661 Add.
2885 1604 2939 1659 in
2991 1603 3117 1658 cod.
3154 1603 3289 1657 bibl.
3326 1602 3594 1658 Escorial.
3649 1601 3725 1655 De

494 1689 749 1746 Ecclesia
788 1692 1138 1746 sacramentis
1170 1692 1349 1761 capita
1386 1692 1454 1745 H
1490 1701 1630 1748 teste
1662 1692 1858 1746 Plnero
1889 1693 1944 1747 in
1995 1691 2247 1757 Itinerar.
2298 1710 2391 1762 per
2424 1693 2679 1761 'Ilispan.
2717 1710 2839 1763 pag.
2893 1694 3017 1751 190.
3052 1723 3124 1737 -
3154 1691 3476 1753 ξνὶηάοὸοοιο
3507 1692 3562 1747 in
3599 1692 3724 1746 00d-

494 1778 699 1832 Ctesar.
731 1778 821 1839 15,
870 1793 927 1831 ιι.
958 1776 1013 1839 4,
1067 1786 1199 1831 sunt
1231 1792 1454 1847 quoque
1494 1778 1671 1848 capita
1702 1778 1770 1832 N
1798 1777 1959 1832 Conl'.
1989 1776 2194 1834 Kollar.
2238 1781 2292 1835 in
2348 1780 2627 1851 Snpplem.
2662 1781 2727 1835 ad
2779 1780 3036 1837 Lambec.
3083 1780 3177 1850 qui
3215 1779 3487 1849 pluribus,
3523 1778 3604 1833 vel
3660 1793 3726 1831 ex

493 1864 717 1919 disertis
745 1865 920 1919 nostri
956 1865 1081 1920 cod.
1132 1865 1319 1921 verbis
1349 1866 1405 1919 in
1438 1859 1771 1920 ﬁne'contra
1822 1861 2039 1920 Fabric.
2073 1874 2320 1920 nostrum
2371 1867 2551 1931 docet,
2584 1866 2714 1922 illud
2751 1877 3033 1940 syntagma
3066 1866 3203 1921 nihil
3262 1863 3407 1921 aliud
3443 1878 3590 1930 esse,
3623 1864 3729 1919 nisi

494 1958 702 2020 partem
730 1956 985 2019 magnam
1020 1949 1205 2018 Operis
1240 1949 1377 2005 Sim.
1412 1948 1664 2005 Thessal.
1727 1959 1851 2004 ante
1908 1953 2215 2015 memorati,
2270 1969 2317 2006 s.
2362 1951 2575 2024 Dialogi
2604 1957 2784 2008 eccles.
2824 1965 3012 2009 contra
3041 1954 3309 2007 harem:
3358 1951 3506 2020 quod
3562 1948 3728 2005 etiam

493 2038 675 2109 colligi
703 2049 887 2108 potest
915 2054 984 2094 ex
1020 2038 1214 2094 ordine
1272 2040 1509 2107 capitum
1572 2038 1632 2093 in
1690 2038 1778 2093 ed.
1831 2037 2094 2093 Dosithei.
2126 2037 2202 2093 Ex
2234 2054 2300 2093 eo
2338 2040 2501 2093 etiam
2536 2042 2943 2110 cognoscimus,
2977 2056 3124 2110 quae,
3159 2041 3227 2094 ab
3265 2038 3469 2093 Allatio
3517 2052 3725 2092 inemo-

497 2134 633 2191 rata,
660 2135 715 2181 et
750 2141 779 2178 a
820 2124 1077 2181 Fabricio
1106 2141 1205 2196 pro
1232 2126 1457 2181 ineditis
1489 2125 1695 2187 habita,
1729 2124 1784 2178 in
1815 2125 1906 2179 illa
1939 2125 2175 2180 editione
2212 2128 2385 2180 lucem
2417 2127 2671 2181 viderint.
2706 2127 2960 2201 (Harl.)]
2987 2159 3056 2172 —
3087 2126 3338 2182 Laudant
3364 2123 3639 2179 Sitneonis
3665 2124 3735 2178 de

496 2212 864 2267 sacramentis
894 2211 1160 2267 Ieremias
1216 2212 1525 2281 patriarcha
1577 2211 1741 2267 CPol.
1774 2212 1826 2265 in
1860 2210 2329 2281 Rcsponsionibus
2360 2214 2427 2268 ad
2469 2214 2755 2287 theologos
2820 2214 3329 2284 Wirtenbergenses
3354 2253 3369 2275 ,
3398 2210 3733 2266 Franciscus

495 2296 805 2353 Turrianus
852 2298 920 2353 ad
952 2298 1267 2353 Constituit.
1313 2298 1542 2367 apostol.
1592 2296 1787 2354 Petrus
1836 2298 2107 2353 Arcadius
2140 2301 2193 2354 in
2223 2299 2543 2369 Concordia,
2604 2318 2726 2373 pag.
2755 2303 2813 2366 6,
2846 2302 2898 2367 7,
2937 2300 3021 2368 19,
3055 2301 3374 2370 etpassim;
3416 2298 3731 2355 Gabrielem

495 2400 712 2455 quoque
741 2386 1001 2442 Severum
1029 2384 1568 2454 Philadelphiensem
1592 2386 1749 2454 plura
1775 2385 1843 2439 ab
1873 2399 1940 2439 eo
1970 2393 2273 2441 mutuatum
2308 2399 2525 2453 notans,
2550 2404 2671 2458 pag.
2705 2390 2795 2445 10.
2826 2388 3092 2443 Similiter
3119 2389 3355 2443 Allatius
3391 2388 3446 2441 in
3472 2385 3731 2459 pluribus

496 2474 824 2541 scriptorum
864 2487 1087 2528 suorum
1124 2472 1279 2538 locis,
1339 2484 1399 2528 ut
1453 2472 1530 2527 De
1568 2488 1849 2537 consensu,
1886 2488 2008 2543 pag.
2049 2474 2185 2529 1159
2227 2489 2331 2544 seq

1898 2488 2008 2543 pag.
2049 2474 2185 2529 1159
2227 2489 2370 2544 seq.,
2406 2476 2569 2543 1256,
2605 2476 2768 2539 1259,
2804 2474 2963 2543 1276,
2994 2485 3128 2537 etc..
3155 2475 3223 2530 de
3253 2482 3414 2531 atate
3452 2473 3733 2538 ordinum,

496 2577 625 2630 pag.
655 2560 727 2613 12
749 2576 891 2631 seq.,
926 2561 1029 2615 156
1056 2576 1175 2630 seq.
2529 2586 2537 2596 -

566 2666 773 2721 Caetera
800 2667 965 2735 hujus
991 2666 1270 2722 Simeonis
1309 2666 1489 2722 adhuc
1522 2666 1667 2737 quod
1703 2666 1875 2721 sciam
1911 2668 2110 2722 inedita
2138 2668 2236 2739 (l),
2269 2669 2338 2724 ab
2362 2670 2552 2727 eodem
2576 2672 2780 2727 Allatio
2809 2678 3199 2727 memorantur
3224 2684 3279 2722 η.
3309 2669 3414 2726 195
3439 2683 3558 2725 aea.
3592 2668 3736 2723 libro

501 2753 576 2809 De
599 2753 955 2810 Simeonibus.

563 2865 619 2918 2.
662 2864 982 2933 Ἀπόκρισις
1012 2863 1148 2933 πρὸς
1177 2863 1275 2927 τὰς
1302 2865 1604 2932 ιρωτήσσις
1621 2864 1717 2918 τοῦ
1747 2868 2046 2936 ἱερωτάτου
2076 2868 2478 2937 μητροπολίτου
2512 2868 2903 2929 Πενταπὸλεως
2926 2868 3031 2938 κῦρ
3058 2866 3322 2937 Γαϐριὴλ.
3351 2865 3736 2935 Responsiones

496 2953 565 3004 ad
598 2952 929 3020 interrogata
955 2952 1284 3004 sanctissimi
1318 2954 1670 3018 metropolita
1700 2952 2096 3021 Pentapolitani
2124 2955 2331 3010 Gabriel

1906 2955 2096 3006 olitani
2124 2955 2407 3010 Gabrielia.
2448 2958 2505 3010 P.
2542 2958 2693 3010 Ἔδει
2722 2958 2823 3027 μὲν
2847 2960 2946 3018 τὶς
2974 2956 3231 3019 τοιαύτας
3262 2954 3374 3007 τῶν
3405 2956 3735 3023 ἐρωτήσεων

497 3038 861 3107 ὑψηλοτέρας,
894 3037 990 3089 καὶ
1026 3036 1167 3105 ὑπὲρ
1193 3039 1361 3106 ἡμᾶς.
1395 3039 1805 3107 Responsiones
1840 3051 1967 3093 sunt
1995 3056 2222 3097 numero
2254 3042 2324 3096 85

1909 3051 1967 3093 nt
1995 3056 2222 3097 numero
2254 3042 2324 3096 85
2347 3045 2454 3113 (a).
2489 3043 2833 3115 Legebantur
2860 3044 2914 3098 in
2946 3042 3214 3107 Palatina,
3237 3054 3293 3097 et
3314 3057 3461 3097 nunc
3495 3043 3551 3096 in
3582 3040 3739 3095 Vati-

496 3140 657 3187 cana,
684 3123 767 3195 [et
804 3122 1130 3194 llosquenai,
1162 3123 1284 3177 cod.
1311 3124 1439 3180 589.
1474 3122 1535 3178 ν.
1561 3124 1800 3179 Matthxi
1824 3126 1984 3179 notit.
2019 3135 2151 3192 etc.,
2186 3145 2236 3197 ρ.
2267 3131 2394 3187 218.
2425 3131 2627 3203 (Harl.)
2657 3132 2950 3196 Continent
2983 3129 3523 3202 multa'theologica,
3558 3144 3740 3183 mora-

504 3212 575 3265 lia
607 3221 663 3265 et
696 3210 1070 3266 ecclesiastica
1090 3249 1108 3277 ,
1142 3218 1196 3266 et
1230 3218 1419 3267 essent
1455 3212 1695 3268 maxime
1724 3212 1908 3276 utiles.
1942 3213 1991 3267 si
2021 3214 2330 3271 ederentur.

566 3321 621 3375 3.
657 3319 914 3389 Ejusdem
945 3336 959 3373 :
993 3320 1133 3390 Περὶ
1168 3320 1469 3389 ιερωσύνης
1508 3320 1647 3389 πρός
1676 3337 1797 3372 τινα
1826 3321 1935 3373 τῶν
1968 3320 2217 3377 εὐλαὸῶν
2253 3327 2507 3398 μοναχῶν
2543 3328 2695 3399 ιερᾶς
2726 3328 3002 3393 διακονίας
3042 3327 3389 3398 ἠξιωμένων,
3420 3326 3502 3381 ἔτι
3531 3329 3624 3382 καὶ
3647 3326 3741 3381 τοῦ

496 3414 803 3482 ἀρχιερέως
834 3413 917 3476 τις
942 3411 1037 3464 τὸν
1058 3412 1154 3465 τοῦ
1183 3410 1557 3480 πρεσϐυτέρου
1588 3411 1874 3474 τελοῦντος
1897 3413 2021 3464 τότε
2055 3411 2285 3481 βαθμόν.
2320 3416 2331 3467 λ

1906 3413 2021 3464 τότε
2055 3411 2285 3481 suam.
2320 3414 2396 3467 De
2444 3418 2741 3470 sacerdotio
2791 3416 2861 3469 ad
2916 3416 3196 3485 quemdam
3229 3416 3375 3482 piunt
3418 3414 3741 3469 monachum

497 3517 651 3554 sacro
685 3501 983 3553 ministerio
1020 3500 1353 3568 insignitum,
1390 3499 1564 3553 adhuc
1594 3499 1825 3569 praesule
1855 3500 1911 3552 in
1940 3499 2234 3569 presbyteri
2266 3518 2332 3555 ori

1904 3499 2234 3569 ipresbyteri
2266 3503 2451 3556 ordine
2497 3505 2803 3558 exsistante.
2840 3502 2899 3557 P.
2942 3502 3033 3557 ‘Ev
3088 3503 3311 3573 Χριστῷ
3347 3520 3438 3572 μοι
3484 3503 3739 3570 ἁγαπητὶ

497 3590 593 3641 καὶ
620 3586 964 3657 τνησιώταττ
998 3585 1197 3653 ἀδελφὲ
1221 3586 1320 3654 τὴν
1348 3585 1570 3653 ὀφειλὴν
1602 3585 1698 3652 τῆς
1727 3585 1964 3652 ἀγάπης.
1995 3585 2211 3655 (Fabr.)
2245 3604 2326 3641 ms

1905 3605 1964 3652 ις.
1995 3585 2211 3655 (Fabr.)
2245 3604 2346 3642 ms.
2391 3590 2443 3641 in
2475 3591 2600 3644 cod.
2644 3592 2833 3644 Baroc.
2870 3591 2998 3654 291,
3035 3605 3089 3641 n.
3137 3593 3217 3645 15.
3252 3589 3309 3643 In
3343 3590 3476 3644 bihl.
3525 3589 3740 3644 Bodlci.

500 3677 649 3728 inter
670 3676 983 3729 adversaria
1002 3672 1133 3729 Ger.
1161 3672 1498 3743 Langbaeni,
1532 3687 1598 3725 ex
1632 3675 1784 3742 Sym.
1815 3673 2059 3726 'l‘hcssal.
2114 3664 2394 3744 responsis
2424 3681 2489 3729 de
2551 3678 2656 3730 lini:
2705 3681 2911 3741 saculi,
2941 3691 2991 3733 ct
3022 3696 3085 3733 cx
3121 3678 3300 3747 ejusd.
3337 3678 3745 3747 questionibus

497 3764 565 3816 de
596 3762 794 3831 ty‘picis
833 3760 991 3815 Saba:
1014 3770 1069 3816 et
1108 3758 1459 3815 Damasceni.
1491 3756 1556 3812 γ.
1590 3760 1713 3813 Cat.
1748 3774 1879 3814 mss.
1908 3761 2067 3832 Angl.
2105 3769 2212 3815 etc.
2261 3761 2302 3826 1,

954 3775 991 3814 ιι
1014 3770 1069 3816 et
1108 3758 1459 3815 Damasceni.
1491 3756 1556 3812 γ.
1590 3760 1713 3813 Cat.
1748 3774 1879 3814 mss.
1908 3761 2067 3832 Angl.
2105 3769 2212 3815 etc.
2261 3761 2302 3826 1,
2344 3779 2399 3832 p.
2422 3762 2552 3818 268.
2582 3762 2789 3833 (Ηανι.)

569 3881 627 3935 ι.
667 3878 777 3943 To?)
817 3879 981 3933 αὐτοῦ
1022 3877 1323 3949 Ἐρμηνεία
1350 3880 1643 3951 συνοπτιχὴ
1677 3881 1819 3933 κατὰ
1858 3878 2090 3948 δύναμιν
2122 3880 2203 3943 al;
2248 3880 2310 3933 τὸ
2346 3879 2446 3947 τῆς
2476 3880 2764 3945 ὀρθοδόξου
2814 3883 2908 3933 καὶ
2958 3882 3265 3951 ἀμωμήτου
3310 3882 3472 3950 ἡμῶν
3505 3880 3746 3942 πίστεως

501 3969 611 4024 τῶν
641 3968 983 4037 Χριστιανῶν
1023 3966 1169 4018 Θεῐον
1221 3968 1318 4019 καὶ
1356 3968 1498 4036 ἱερὸν
1528 3967 1826 4036 Σύμὸοιλον.
1858 3965 2134 4033 Expositio
2161 3982 2336 4033 συπρα

1905 3967 2134 4033 xpositio
2161 3967 2552 4033 compendiosa,
2586 3970 2663 4020 uti
2694 3971 2888 4035 potuit,
2924 3971 2978 4021 in
3011 3971 3319 4023 orthodoxa
3365 3980 3416 4022 et
3447 3967 3740 4034 inculpata

511 4066 707 4111 nostra
752 4055 877 4124 ﬁdei
914 4052 1343 4108 Christianorum
1374 4067 1772 4108 sacrosanctum
1824 4052 2152 4122 Symbolum.
2187 4054 2251 4109 P.
2276 4056 2346 4108 [is

1902 4052 2152 4109 mbolum.
2187 4054 2251 4109 P.
2276 4056 2412 4122 Περὶ
2445 4054 2539 4108 τοῦ
2572 4056 2865 4125 ἱερωτάτου
2898 4056 3177 4127 Συμϐόλου
3208 4058 3307 4126 τῆς
3358 4056 3594 4125 ἀληθοῦς
3640 4056 3735 4107 καὶ

506 4147 676 4215 μόνης
701 4145 812 4198 τῶν
844 4144 1183 4212 Χριστιανῶν
1206 4144 1362 4214 ἡμῶν
1391 4144 1650 4206 πίστεως.
1707 4142 1945 4211 Mosqua:
1973 4142 2027 4197 in
2064 4142 2187 4196 cod.
2223 4158 2341 4212 synt

1910 4159 1945 4197 se
1973 4142 2027 4197 in
2064 4142 2187 4196 cod.
2223 4142 2530 4212 synod.8|,
2556 4142 2610 4197 8.
2646 4141 2710 4197 V.
2751 4142 2988 4197 Matthtei
3017 4143 3184 4197 Notit.
3214 4144 3377 4197 codd.
3418 4143 3517 4201 Gr.
3571 4141 3745 4210 losq.

505 4251 560 4304 p.
600 4233 662 4287 61
686 4272 701 4295 ,
730 4244 789 4286 et
829 4247 882 4301 p.
912 4230 1039 4295 521,
1081 4231 1138 4284 in
1185 4231 1310 4285 cod.
1356 4230 1446 4294 59,
1489 4232 1545 4283 in
1574 4245 1683 4301 quo
1718 4231 1879 4283 etiam
1913 4239 2043 4284 sunt
2073 4243 2311 4297 sequens
2345 4243 2508 4298 opus,
2548 4241 2602 4283 et
2628 4228 2714 4308 \De
2740 4230 2984 4283 articulis
3014 4230 3161 4298 ﬁdei.
3201 4228 3438 4301 (Harl.)]

575 4349 630 4403 5.
669 4347 779 4402 Τοῦ
803 4346 969 4401 αὐτοῦ
1006 4348 1268 4412 Ἐκθισις
1301 4346 1704 4414 ἀναγκαιοτάτη
1734 4345 1863 4415 περὶ
1891 4344 1997 4396 τῶν
2027 4343 2122 4396 τοῦ
2156 4342 2304 4412 ἱεροῦ
2338 4342 2615 4413 Συμϐόλου
2650 4345 2880 4415 ῥήσεων,
2901 4345 3023 4398 ὅθεν
3059 4345 3447 4415 συνελέγησαν,
3479 4344 3755 4397 καὶῚιατὲ

503 4435 665 4488 τινων
694 4434 857 4488 αὗται
888 4435 1239 4503 συγκείμεναι
1265 4436 1394 4487 εισι.
1424 4433 1701 4500 Expositio
1735 4446 1987 4498 perquam
2048 4431 2338 4484 necessaria

1913 4446 1987 4482 tm
2048 4431 2347 4484 necessaria
2393 4432 2774 4485 sententiarum
2826 4433 2969 4487 sacri
3022 4431 3278 4501 Symboli,
3318 4434 3457 4486 unde
3512 4432 3748 4485 collecta

505 4521 648 4582 suit,
670 4531 720 4575 et
758 4521 1006 4575 adversus
1033 4536 1161 4589 quos
1188 4520 1426 4574 dictata.
1453 4520 1513 4573 P.
1540 4520 1721 4573 Καλὸν
1750 4518 2026 4580 ἐκθέσθαι,
2058 4518 2152 4569 καὶ
2179 4517 2300 4569 ὅθεν
2327 4535 2340 4565 ιι

1916 4518 2026 4580 ϐαι,
2058 4518 2152 4569 καὶ
2179 4517 2300 4569 ὅθεν
2327 4517 2387 4569 τδ
2415 4519 2708 4589 ἱερώτατον
2735 4521 2887 4589 παρὰ
2917 4520 3026 4572 τῶν
3051 4519 3213 4574 Oelth
3248 4519 3510 4590 Πατέρων
3533 4522 3751 4572 cavati-

506 4608 574 4677 οη
599 4607 898 4676 Σύμϐολον.
930 4606 1153 4678 (Fabr.)
1179 4606 1419 4676 ﬂosque
1446 4606 1501 4661 in
1526 4606 1647 4661 cod.
1680 4605 1873 4674 synod.
1907 4602 2035 4666 279,
2068 4604 2122 4658 8.
2160 4603 2218 4657 V.
2247 4603 2341 4658 Mal

1278 4621 1419 4676 tqua:
1446 4606 1501 4661 in
1526 4606 1647 4661 cod.
1680 4605 1873 4674 synod.
1907 4602 2035 4666 279,
2068 4604 2122 4658 8.
2160 4603 2218 4657 ν.
2247 4603 2485 4661 Matthxi
2514 4606 2552 4659 l.
2581 4623 2630 4661 c.
2661 4622 2715 4676 p.
2748 4606 2871 4661 180.
2904 4606 3113 4676 (ΗσνΙ.)

575 4718 631 4771 6.
664 4715 1020 4785 “spumata,
1054 4716 1130 4779 ὡς
1158 4716 1403 4781 δυνατὸν,
1455 4714 1558 4784 τῆς
1601 4713 1771 4783 μόνης
1811 4713 1922 4767 τῶν
1970 4714 2317 4781 Χριστιανῶν
2356 4715 2513 4785 ἡμῶν
2550 4717 2785 4778 πίστεως
2820 4716 3095 4786 κεφάλαια
3140 4715 3371 4779 δώδεκα,
3426 4718 3570 4786 ᾇπερ
3606 4719 3752 4780 τινὲς

506 4804 688 4876 ἄρθρα
714 4802 941 4857 καλοῦσι
972 4805 1071 4869 τῆς
1097 4804 1356 4866 πίστεως,
1389 4801 1727 4871 σαφέστερον
1757 4800 2083 4854 συντεθέντα
2112 4801 2261 4869 παρὰ
2290 4800 2386 4854 τοῦ
2437 4803 2874 4872 ἁρχιεπισκόπου
2923 4803 3328 4874 Θεσσαλονίκης
3375 4804 3625 4872 Συμεὼν,
3663 4806 3754 4857 καὶ

506 4892 589 4946 δτι
614 4891 790 4945 ταῦτα
818 4890 1065 4961 περιέχει
1088 4890 1150 4943 τδ
1177 4890 1322 4942 Θεῐον
1348 4888 1645 4958 Σύμϐολον,
1677 4889 1772 4940 καὶ
1803 4890 1934 4957 περὶ
1958 4888 2065 4939 τῶν
2098 4904 2341 4955 «spicus:

1916 4890 1934 4939 l
1958 4888 2065 4939 τῶν
2098 4888 2719 4960 περισκτικῶνάρετῶν.
2748 4889 3107 4951 Continentin,
3132 4901 3188 4941 ut
3210 4890 3329 4956 ﬁeri
3357 4891 3554 4957 potuit,
3582 4890 3751 4944 solam

508 4980 925 5033 Christianorum
941 4978 1098 5048 ﬁdem
1117 4978 1295 5044 capita
1306 4975 1601 5037 duodecim,
1619 4990 1739 5043 qua
1757 4974 1995 5028 nonnulli
2017 4978 2265 5030 articulos
2282 4978 2407 5047 ﬁdei
2424 4988 2751 5047 nuncupant,
2770 4979 2966 5032 clarius
2980 4979 3248 5032 elucidata
3272 4978 3337 5031 ab
3360 4979 3754 5047 archiepiscopo

509 5049 955 5121 Thessalonicensi
977 5065 1263 5135 Symeone;
1290 5079 1452 5133 eaque
1477 5061 1909 5131 comprehendere
1925 5079 2134 5117 sacrum
2165 5064 2493 5134 Symbolum,
2518 5075 2566 5118 et
2587 5067 2653 5119 de
2677 5065 3113 5133 comprehensiuis
3139 5064 3440 5119 uirtutibus.
3461 5066 3519 5119 Ρ.
3536 5062 3602 5117 Ἦ
3623 5064 3756 5134 ἀλη-

512 5153 611 5224 θὴς
640 5156 735 5207 καὶ
766 5154 902 5223 μόνη
934 5154 1043 5206 τῶν
1074 5151 1425 5222 Χριστιανῶν
1458 5150 1618 5220 ἡμῶν
1644 5152 1829 5213 πίστις
1862 5150 2002 5221 ὑπὲρ
2032 5151 2157 5204 νοῦν
2186 5152 2321 5205 οὖσα

1916 5150 2002 5221 τδρ
2032 5151 2157 5204 νοῦν
2186 5152 2321 5205 οὖσα
2348 5153 2443 5205 καὶ
2466 5152 2643 5220 λόγον.
2693 5150 2910 5222 (Fabr.)
2963 5149 3206 5218 Musqna
3263 5150 3320 5204 itt
3364 5149 3488 5205 cod.
3540 5150 3751 5221 Synod.

508 5240 617 5296 219
659 5242 715 5297 s.
754 5239 819 5296 v.
845 5239 1078 5295 unum
1107 5240 1144 5293 I.
1173 5254 1224 5295 ο.
1254 5254 1308 5309 ρ.
1338 5237 1461 5293 ιεο.
1484 5237 1691 5308 tam.)

584 5491 663 5561 (a)
701 5490 970 5546 Nonnulla
1002 5507 1067 5547 ex
1098 5492 1186 5547 his
1215 5491 1423 5561 profert
1458 5490 1710 5561 Allatius,
1736 5490 1833 5561 lih.
1866 5491 1942 5544 De
1957 5506 2086 5557 pur-
2189 5473 2284 5545 85.
2318 5519 2384 5531 --
2414 5487 2719 5561 Vin-dobon.
2765 5488 2817 5542 in
2851 5487 2993 5561 ευρ.
3046 5488 3149 5561 i3._
3182 5505 3239 5542 n.
3268 5486 3325 5561 5,
3376 5493 3507 5541 sunt
3542 5492 3752 5561 tantum

514 5551 743 5632 gaiorio.
782 5577 921 5682 Epag.
955 5562 1046 5625 51,
1096 5551 1231 5626 11οζ
1251 5561 1379 5624 211,
1432 5571 1487 5642 et
1522 5551 1722 5641 Contra
1777 5551 2083 5641 "ottinger.
2191 5573 2455 5628 responsa
2496 5557 2709 5613 decem.
2752 5573 2814 5639 Ov.
2851 5558 3061 5611 Kollar.
3117 5556 3399 5680 Silpglem.
3450 5567 3574 5624 pag.
3646 5551 3752 5607 128

516 5646 643 5682 nae.
673 5630 729 5682 8.
830 5639 1015 5682 astant
1065 5633 1229 5682 etiam
1284 5646 1418 5682 mss.
1476 5646 1528 5682 tn
1572 5630 1703 5682 bibl.
1768 5629 2081 5682 Bodleiana.
2191 5642 2308 5682 seu.
2352 5628 2564 5682 Integra
2585 5635 2713 5681 sunt
2752 5642 2805 5679 In
2846 5624 3199 5682 cod.i70.n.
3268 5667 3283 5681 .
3322 5622 3752 5682 V.Lambec.5.

516 5624 643 5702 pag.
673 5630 729 5684 8.
782 5624 1015 5685 Exstant
1065 5624 1229 5685 etiam
1284 5646 1418 5711 mss.
1476 5632 1528 5682 in
1572 5630 1703 5683 bibl.
1768 5624 2081 5709 Bodleiana,
2191 5624 2308 5693 seq'.
2352 5628 2564 5710 Integra
2585 5635 2713 5681 sunt
2752 5626 2805 5707 in
2846 5624 3283 5690 cod.i70,n.‘2.
3322 5624 3754 5708 V.Lambec.6,

518 5700 710 5754 codice
754 5698 982 5754 Barocc.
1028 5701 1122 5762 91,
1166 5716 1196 5754 e
1245 5701 1633 5767 quibus-locus
1684 5698 1973 5767 adtinentur
2017 5699 2086 5752 ab
2192 5711 2379 5766 supra,
2432 5700 2520 5750 ubi
2554 5695 2948 5767 jam__altorum
2992 5696 3153 5751 codd.
3208 5706 3417 5751 mentio
3453 5694 3592 5750 facta
3646 5702 3754 5759 eat.

518 5701 710 5754 codice
754 5701 982 5754 Barocc.
1028 5701 1122 5762 91,
1166 5716 1196 5754 e
1245 5702 1444 5769 quibus
1470 5701 1633 5753 locus
1684 5701 1973 5751 adducitur
2017 5701 2086 5752 ab
2192 5711 2379 5766 supra,
2432 5701 2520 5750 ubi
2554 5701 2664 5767 jam
2719 5701 2948 5749 aliorum
2992 5701 3153 5751 codd.
3208 5701 3417 5751 mentio
3453 5701 3592 5750 facta
3646 5702 3757 5759 eat.

518 5767 822 5822 Bumiredo
842 5767 1007 5847 rHody
1041 5769 1271 5847 inﬂlibro
1299 5769 1507 5847 anglice
1535 5769 1680 5847 edito
1704 5784 1719 5822 :
1748 5766 2005 5847 Thehcase
2030 5768 2093 5835 of
2193 5777 2576 5820 memoratum.
2618 5762 2828 5834 Uiuri.)

522 5852 635 5891 seu
660 5846 871 5899 uacant,
909 5836 1031 5908 pag.
1065 5837 1155 5893 86.
1193 5836 1411 5909 (Faba)
1440 5838 1576 5891 Item
1616 5841 1668 5889 in
1698 5838 1821 5892 cod.
1854 5836 2082 5890 Barocc.

589 6085 663 6145 (1)
695 6083 967 6145 Sequentla
992 6079 1252 6145 opuscula,
1271 6078 1363 6128 sub
1386 6078 1590 6145 uutn._2,
1620 6077 1743 6145 3,},
1774 6078 1821 6133 5,
1842 6078 1889 6135 6,
1912 6080 1938 6126 7
1964 6083 2253 6145 memorata,
2280 6078 2375 6135 jam
2402 6078 2460 6145 ab
2483 6075 2621 6124 annis
2644 6078 2754 6139 plus
2776 6079 2975 6124 centum
3018 6074 3150 6123 edita
3196 6078 3479 6136 prostahant
3502 6091 3611 6128 cum
3638 6078 3769 6132 Har-

527 6136 687 6197 ιάιὼ
707 6136 919 6197 Fabricii
941 6136 1286 6193 Bibiiolhecam
1309 6140 1624 6197 retractabat,
1662 6140 1725 6188 de
1755 6151 1854 6201 quo
1878 6150 2081 6187 mouere
2109 6136 2380 6186 debuisset.
2417 6138 2549 6187 Εοιτ.
