4470 6814
749 546 824 613 35

1596 534 1974 595 SYMEONIS
2011 530 2764 592 THESSALONICENSlS
2799 527 3144 593 ARClllEP.

3922 536 3992 599 36

761 658 976 712 facilior
1008 655 1110 707 erit
1137 662 1188 706 et
1219 651 1425 715 utilior,
1458 660 1512 702 et
1542 650 1607 702 ab
1636 663 1703 701 eo
1734 646 1861 715 quid
1890 644 2186 707 commodi,
2214 644 2322 715 Deo
2352 660 2397 714 Α
2429 661 2487 698 τε
2515 646 2526 696 i‘

2231 644 2322 715 )co
2352 660 2397 714 Α
2429 661 2487 698 τε
2515 644 2644 713 ὑμῖν
2676 643 2767 694 καὶ
2793 645 2905 701 τοῖς
2944 602 3129 705 ἀλλοις
3160 641 3405 709 ἀδελφοῖς
3435 642 3465 693 ὁ
3493 643 3648 711 λόγος
3678 643 3744 697 ἂν
3776 647 3862 714 είη
3898 648 3996 699 καὶ

753 751 991 812 volente,
1032 745 1258 799 forsitan
1297 742 1623 813 percipiens.

1349 920 1705 978 CLERICUS.

828 1021 984 1077 Sicut
1009 1020 1117 1090 jam
1154 1018 1323 1087 prius,
1350 1015 1572 1068 Domine
1607 1026 1821 1083 sancte,
1854 1019 1921 1071 de
1950 1012 2323 1086 spiritualibus

755 1113 1060 1180 divinisque
1093 1112 1255 1163 rebus
1291 1116 1362 1174 tc,
1399 1117 1456 1161 ut
1485 1116 1732 1162 nostrum
1758 1109 1810 1162 in
1843 1107 2046 1177 Spiritu
2107 1106 2321 1159 Patrem

757 1204 1230 1271 interrogavimus,
1264 1200 1335 1253 ita
1364 1210 1417 1253 et
1443 1215 1586 1253 nunc
1618 1201 1687 1253 ad
1739 1200 1885 1254 hunc
1940 1201 2118 1259 linem,
2156 1196 2326 1250 confi-

757 1298 943 1353 denter
969 1292 1300 1347 accedimus.
1325 1290 1462 1355 Quia
1495 1306 1623 1359 ergo
1674 1291 1726 1343 ir.
1792 1291 2055 1343 charitate
2117 1286 2322 1341 Christi

759 1401 1036 1442 sermones
1070 1394 1283 1437 nostros
1314 1383 1497 1435 animo
1524 1393 1748 1450 paterno
1776 1383 1999 1449 accipis,
2029 1393 2154 1433 ecce
2181 1392 2325 1430 nunc

757 1494 972 1547 quoque
1019 1476 1344 1529 fitiurialiter
1397 1475 1449 1525 in
1491 1472 1708 1526 Christo
1754 1474 2175 1541 interrOgamus.
2214 1468 2325 1523 Nos

755 1570 972 1638 quidem
1023 1565 1315 1619 Christiani
1368 1573 1515 1617 recte
1559 1564 1837 1617 credimus
1894 1564 1949 1615 in
2003 1561 2171 1614 Deum
2222 1558 2326 1611 Pa-

757 1671 891 1714 trem
922 1668 976 1713 et
1001 1657 1191 1710 Filium
1228 1668 1281 1710 et
1301 1656 1557 1724 Spiritum
1574 1658 1823 1707 sanctum
1846 1669 1862 1720 ;
1886 1665 2129 1705 sanctam
2149 1649 2325 1704 Trini-

759 1758 922 1802 tatem
960 1748 1316 1816 pnedicamus
1366 1746 1667 1797 secundum
1738 1742 2048 1810 Scriptus-as
2106 1742 2158 1795 in
2220 1757 2324 1794 una

2425 734 2890 802 λυσιτελέστερος,
2909 735 2973 785 ὲκ
3005 733 3195 784 τούτου
3226 749 3285 784 τε
3310 732 3441 795 ἴσως
3472 732 3801 801 βουλομένου
3830 733 3991 802 Θεοῦ,

2425 830 2518 883 καί
2551 846 2603 881 τι
2636 827 2921 895 ὲπωφελὶς
2956 829 3419 897 προσγενήσεται.

3022 921 3404 975 ΚΛΗΡΙΚΟΣ.

2510 1014 2704 1083 Ἦμεῖς
2727 1013 3099 1083 θαρρούντως,
3134 1012 3259 1080 ἀγιε
3290 1012 3555 1077 Δέσποτα,
3595 1013 3724 1083 περὶ⁵
3754 1010 3831 1066 ῶν
3868 1012 3996 1084 ἑξη-

2425 1109 2675 1176 τήσαμεν
2706 1104 3097 1171 πνευματικῶν
3124 1121 3181 1157 τε
3214 1104 3310 1157 καὶ
3335 1098 3519 1167 θείων,
3562 1105 3661 1165 τάς
3690 1105 3991 1173 ἐρωτήσεις
4022 1092 4025 1095 ’

2426 1194 2804 1265 ἐποιησάμεθα
2867 1194 2943 1257 ῶς
2997 1195 3134 1262 πρὸς
3178 1194 3389 1264 πατέρα
3414 1192 3574 1262 ἡμῶν
3604 1195 3661 1245 ὲν
3691 1193 3992 1261 Πνεύρατι,

2426 1288 2522 1339 καὶ
2556 1286 2691 1355 πρὸς
2738 1285 2898 1336 τοῦτο
2949 1285 3044 1336 νῦν
3077 1284 3152 1345 ῶς
3184 1286 3277 1337 καὶ
3321 1286 3512 1339 ἄλλοτε
3569 1286 3802 1355 ἥκομεν.
3844 1286 3997 1338 Ἐπεὶ

2425 1378 2518 1430 οῦν
2552 1379 2609 1429 ὲν
2644 1377 2833 1446 ἀγάπῃ
2883 1375 3123 1444 Χριστοῦ
3154 1378 3280 1439 τοὺς
3309 1378 3499 1444 λόγους
3528 1378 3688 1447 ἡμῶν
3718 1378 3847 1447 δέχῃ
3895 1395 3995 1428 πα-

2426 1460 2651 1540 τρικῶς,
2686 1472 2743 1524 ὲν
2782 1470 3003 1543 Χριστῷ
3067 1471 3364 1539 προθύμως
3410 1474 3504 1523 καὶ
3537 1471 3691 1525 αὐτοὶ
3716 1473 3818 1533 τὰς
3859 1474 3994 1540 ἐρω-

2426 1563 2613 1629 τήσεις
2637 1562 2745 1614 ἰδοὺ
2768 1563 3093 1631 ποιούμεθα.
3129 1564 3315 1633 ’Πμῶν
3344 1564 3445 1633 μὲν
3463 1565 3544 1624 είς
3559 1563 3694 1616 Θεὸν
3714 1566 3997 1615 πιστευόν-

2426 1671 2533 1707 των
2568 1654 2745 1724 ὀρθῶς
2780 1656 2889 1707 τῶν
2940 1656 3299 1723 χριστιανῶν,
3330 1656 3423 1708 καὶ
3460 1654 3703 1724 Πατέρα,
3743 1655 3871 1707 Υίδν
3902 1656 3997 1706 καὶ

2429 1746 2590 1815 ἀγιον
2623 1748 2866 1817 Πνεῦμα,
2896 1747 2996 1817 τὴν
3030 1749 3194 1815 ἀγίαν
3221 1746 3427 1818 Τριάδα
3456 1749 3598 1800 κατά
3640 1749 3738 1809 τὰς
3776 1747 3999 1816 Γραφάς

756 1843 993 1895 essemia
1020 1848 1073 1891 et
1102 1839 1320 1899 deitate.
1365 1851 1575 1889 necnon
1614 1835 1838 1899 Christi,
1867 1836 2026 1888 unius
2042 1833 2327 1889 Trinitatis
2430 1856 2521 1907 κηε

2233 1836 2327 1889 itis
2430 1840 2819 1907 κηρυσσόντων
2843 1841 2900 1891 ἐν
2932 1841 3030 1909 μιᾷ
3077 1840 3235 1909 οὐσία
3256 1856 3313 1890 τε
3352 1840 3447 1890 καὶ
3478 1838 3719 1907 θεότητι,
3756 1838 3850 1891 τοῦ
3880 1840 3998 1900 ἑνός

760 1917 1022 1999 personae,
1054 1926 1145 1981 Dei
1172 1926 1349 1985 Verbi,
1387 1941 1452 1978 es
1517 1924 1732 1992 Virgine
1760 1939 1841 1996 ,ιιι
1886 1923 2085 1991 Spiritu
2138 1931 2328 1975 sancto
2362 1997 2389 2001 _
2429 1948 2490 1982 τε

2232 1931 2328 1975 icto
2362 1997 2389 2001 _
2429 1948 2490 1982 τε
2544 1932 2645 2000 τῆς
2700 1932 2928 2000 Τριάδος
2961 1932 3199 2001 Χριστοῦ
3254 1931 3346 1984 τοῦ
3378 1930 3513 1984 Θεοῦ
3552 1932 3751 1998 Λόγου,
3785 1930 3886 2001 τὴν
3934 1932 3997 1983 ὲκ

758 2024 1212 2083 incarnationem,
1242 2026 1297 2073 et
1328 2020 1607 2071 veritatem
1643 2032 1707 2067 cx
1741 2018 1919 2066 anima
1966 2014 2323 2077 confitemur;
2360 1997 2400 2050 θ
2433 2019 2523 2086 ῐιιιΙ

2233 2028 2323 2077 Llr;
2360 1997 2400 2050 θ
2433 1997 2710 2087 Παρθένου
2748 1997 2816 2070 ⁷έν
2868 1997 3029 2089 ἁγίῳ-
3062 2020 3342 2089 Πνεύματι
3398 1997 3701 2088 σάρκωσιν,
3751 1997 3853 2074 καὶ.
3897 2021 3998 2091 τὴν

760 2116 851 2168 sed
885 2129 1007 2168 cum
1034 2114 1213 2164 multa:
1240 2110 1349 2163 sint
1393 2110 1679 2177 Opiniones
1733 2117 1840 2159 tam
1899 2116 2109 2159 veteres
2156 2119 2323 2173 quam

763 2216 1031 2269 recentes,
1057 2220 1177 2273 qua:
1204 2219 1341 2256 vera:
1377 2204 1500 2255 huic
1540 2200 1661 2253 lidei
1711 2210 1910 2252 nostra:
1948 2200 2325 2258 adierseutur.

756 2302 1029 2373 quomodo
1054 2300 1135 2353 vel
1164 2298 1403 2351 infideles
1430 2294 1870 2365 persuadebimus
1897 2294 1975 2343 vel
2000 2290 2327 2342 intirmiures

760 2393 1206 2448 confirmabimus
1265 2388 1348 2441 vel
1408 2392 1618 2457 singula
1656 2386 2103 2453 intermgantinin
2162 2380 2325 2433 dubia

758 2487 1074 2557 solvemus,
1103 2496 1226 2536 cum
1266 2480 1377 2548 jam
1404 2489 1460 2532 ut
1499 2478 1786 2530 reddamus
1836 2476 2098 2527 rationem
2149 2470 2217 2525 de
2263 2485 2325 2524 ca

759 2592 880 2647 qua:
907 2582 993 2629 est
1017 2573 1072 2627 in
1103 2558 1260 2626 nobis
1290 2585 1386 2640 spe
1413 2570 1589 2624 edocti
1622 2566 1928 2621 fuerimus?

838 2751 1103 2819 Pontifex.
1140 2748 1396 2804 Veritatis
1424 2746 1753 2817 pmdicatin.
1775 2746 1963 2806 frater,
2014 2753 2065 2795 et
2114 2739 2327 2812 pietatis

763 2843 1057 2904 confessio,
1095 2850 1220 2896 ante
1252 2842 1436 2905 omnia
1468 2837 1625 2893 nobis
1654 2847 1733 2891 est
1748 2836 2071 2896 necessaria,
2096 2848 2329 2902 eamque

763 2950 947 2990 coram
977 2935 1232 2987 omnibus
1262 2931 1507 2984 confiteri
1538 2944 1761 2983 ueCesse
1790 2936 1895 2989 est,
1927 2927 2029 2979 hoc
2048 2934 2134 2980 est
2180 2925 2328 2980 enim

764 3030 943 3080 onmis
1006 3024 1279 3079 credentis
1334 3022 1770 3075 fundamentum.
1833 3020 2058 3087 l'ropter
2113 3017 2328 3071 confes~

769 3121 980 3173 sionem
1016 3118 1207 3171 beatus
1229 3115 1427 3170 dicitur
1477 3112 1692 3177 Petrus,
1744 3112 1944 3180 Deique
1996 3111 2141 3179 regni
2188 3110 2331 3181 jani-

768 3222 851 3263 tor
879 3210 1227 3265 constituitur
1256 3223 1273 3270 ;
1308 3207 1507 3261 Paulus
1532 3221 1660 3261 vero
1692 3215 1875 3275 sperat
1901 3219 2159 3257 coronam
2207 3206 2331 3257 vita;

766 3304 1033 3371 accipere,
1065 3302 1320 3369 quoniam
1355 3299 1594 3353 servavit
1625 3309 1681 3351 et
1704 3298 2016 3366 praedicavit
2054 3297 2214 3349 fidem
2240 3312 2255 3361 ;
2279 3303 2330 3349 ct

770 3405 916 3448 totus
946 3403 1257 3446 sanctorum
1278 3394 1502 3456 chorus,
1525 3391 1651 3459 quia
1675 3392 1745 3443 ita
1766 3392 1892 3445 fecit
1914 3400 1967 3443 ct
1986 3403 2208 3442 cursum
2240 3387 2334 3441 be-

770 3503 843 3541 ne
862 3486 1259 3540 consummarit
1282 3484 1631 3551 gloriﬁcatur.
1653 3480 1882 3535 Necesse
1908 3492 1993 3535 est
2015 3480 2179 3533 etiam
2217 3494 2339 3548 pro-

765 3580 976 3634 ximum
1010 3594 1107 3648 pro
1152 3591 1309 3645 posse
1338 3576 1625 3637 adificare,
1656 3575 1749 3628 sed
1778 3588 2117 3643 nequaquam
2152 3588 2340 3626 neces-

770 3656 975 3727 sarium
1013 3682 1095 3725 est
1116 3686 1328 3724 omnem
1384 3670 1651 3721 hominem
1681 3670 2026 3735 persuadere,
2064 3680 2184 3719 cum
2226 3679 2341 3716 om-

772 3783 871 3819 nes
919 3765 1247 3832 persuadere
1279 3761 1504 3814 minime
1545 3762 1618 3813 sit
1651 3760 1939 3829 possibile;
1970 3768 2234 3820 attamen,
2293 3756 2340 3810 si

774 3857 1037 3928 quircris,
1066 3855 1292 3910 dicenda
1316 3857 1411 3907 tibi
1448 3864 1607 3906 erunt
1631 3867 1813 3905 omnia
1857 3867 1979 3919 quae
2029 3852 2249 3917 poteris,
2295 3850 2340 3903 si

772 3951 989 4020 quidem
1032 3964 1211 4002 sermo
1258 3947 1324 3999 ad
1372 3946 1785 3999 aedificationem
1826 3951 2056 4013 spectat.
2096 3943 2248 4007 Quod
2294 3942 2341 3996 si

771 4040 1145 4102 :edilicaveris,
1169 4040 1370 4090 multus
1402 4035 1505 4088 erit
1534 4044 1774 4103 quzestus
1807 4033 1901 4085 tibi
1928 4032 2043 4085 etei
2074 4047 2233 4099 quem
2265 4030 2344 4081 lu-

776 4141 960 4190 cratus
980 4129 1149 4183 fueris
1173 4144 1190 4193 ;
1216 4129 1260 4180 si
1291 4142 1420 4186 vero
1450 4141 1555 4177 non
1580 4128 1955 4186 aadilicaverus,
2004 4125 2135 4177 nihil
2184 4122 2345 4191 hujus

776 4225 949 4295 gratia
979 4222 1087 4274 Deo
1110 4220 1333 4272 debebis
1366 4220 1549 4286 :quod
1583 4229 1735 4270 tuum
1772 4227 1855 4268 est
1879 4216 2071 4269 fecisti.
2108 4216 2345 4267 Ituismu

778 4316 878 4369 tibi
903 4314 1203 4368 cavendum
1238 4322 1320 4365 est
1351 4326 1418 4365 ne
1455 4312 1584 4379 quid
1641 4325 1805 4379 supra
1866 4311 2011 4381 vires
2052 4310 2226 4380 dcas,
2278 4323 2346 4360 ne

781 4412 941 4472 forte,
975 4407 1103 4460 dum
1136 4404 1631 4472 conarisjaceutem
1662 4417 1891 4470 erigere,
1926 4416 2049 4453 cum
2085 4416 2149 4453 co
2168 4403 2349 4453 conci-

782 4498 880 4570 das
905 4512 923 4563 ;
947 4512 1067 4550 nam
1087 4499 1388 4549 secmidum
1413 4496 1814 4548 divinis‘simum
1845 4494 2346 4557 Paulmn,ouinium

778 4591 1125 4644 confessione
1172 4602 1426 4657 magnum
1481 4596 1565 4640 est
1617 4586 1833 4655 pietatis
1890 4586 2234 4653 mysterium,
2294 4594 2349 4637 ct

2430 2109 2687 2177 ἀληθειαν
2734 2112 2795 2162 ὲκ
2838 2110 2890 2179 2
2926 2110 3109 2180 ψυχῆς
3160 2112 3675 2180 ἀνομολογούντων·
3716 2114 3886 2178 δοξῶν
3939 2116 3995 2171 δὲ

2429 2200 2608 2252 οὐσῶν
2647 2199 2860 2253 πολλῶν
2892 2201 3143 2255 παλαιῶν
3172 2220 3230 2253 τε
3286 2203 3381 2253 καὶ
3416 2202 3573 2265 νέων,
3608 2202 3871 2256 ἐναντίων
3904 2222 3999 2255 κα-

2431 2292 2609 2357 θάπαξ
2639 2294 2703 2360 τῇ
2740 2292 2967 2362 ἀληθινῇ
2996 2294 3170 2364 ταύτῃ
3202 2294 3365 2363 ἡμῶν
3397 2294 3603 2359 πίστει,
3650 2294 3769 2357 πῶς
3808 2295 3841 2365 ἢ
3878 2298 3996 2347 πεί-

2432 2398 2614 2449 σωμεν
2648 2384 2775 2443 τοὺς
2809 2384 3094 2447 ἀπίστους,
3122 2384 3154 2452 ἢ
3187 2383 3630 2452 ἀσφαλισὼμεθα
3678 2386 3805 2445 τοὺς
3835 2384 3999 2438 ἀσθε-

2429 2472 2740 2537 νεστέρους,
2767 2472 2799 2542 ἢ
2830 2471 3261 2543 θεραπεύσαιμεν
3296 2475 3424 2535 τοὺς
3454 2473 3853 2543 διερωτῶντας,
3877 2478 4000 2528 ἐπεὶ

2431 2565 2522 2615 καὶ
2559 2563 2761 2616 διδόναι
2818 2562 2975 2630 λόγον
3038 2564 3397 2633 ἐδιδάχθημεν
3448 2564 3712 2635 περὶτῆς
3748 2566 3807 2616 ὲν
3860 2566 3995 2634 ἡμῖν

2429 2653 2641 2716 ἐλπίδος
2663 2672 2679 2719 ;

2513 2748 2871 2816 Ἀρχιερεύς.
2907 2747 2971 2800 ’Π
2989 2752 3088 2817 τῆς
3111 2748 3371 2818 ἀληθείας
3388 2751 3566 2818 dwarf)
3579 2752 3754 2819 ρυξις,
3777 2750 3995 2818 ἀδελφέ,

2430 2839 2525 2890 καὶ
2555 2842 2653 2909 τῆς
2700 2839 2985 2902 εὐσεϐείας
3014 2840 3302 2908 ὁμολογία,
3354 2843 3633 2909 ἀναγκαία
3661 2845 3769 2912 πρὸ
3800 2844 4000 2906 παντὸς

2431 2934 2585 3003 ἡμῖν,
2613 2933 2708 2985 καὶ
2730 2933 2934 3001 ταύτην
2956 2933 3240 3001 ὁμολογεῖν
3264 2936 3494 2987 ἐνώπιον
3524 2936 3779 2988 ἁπάντων
3798 2937 3996 3005 χρεών.

2431 3026 2601 3077 ἰὀῦτο
2649 3026 2744 3079 καὶ
2786 3025 2896 3095 γὰρ
2930 3026 3122 3079 πιστοῦ
3168 3029 3367 3089 παντὸς
3421 3031 3448 3080 ὁ
3483 3029 3735 3096 θεμέλιος
3764 3044 3781 3061 ’
3812 3030 3883 3082 δι’
3930 3029 4000 3099 ἡν

2430 3116 2731 3184 ὁμολογίαν
2765 3116 3145 3185 μακαρίζεται
3189 3118 3288 3185 μὲν
3318 3119 3541 3186 Πέτρος,
3572 3119 3709 3171 Θεοῦ
3751 3137 3807 3171 τε
3844 3120 4000 3190 βασι-

2432 3210 2581 3271 λείας
2630 3209 2941 3276 κλειδοῦχος
2974 3209 3323 3271 καθίσταται,
3363 3212 3575 3274 Παῦλος
3630 3212 3687 3264 δὲ
3734 3212 3827 3265 τὸν
3874 3215 4002 3265 στέ-

2443 3317 2616 3367 φανον
2639 3300 2847 3364 ἐλπίζει
2875 3301 3060 3353 λαϐεῖν
3084 3304 3182 3370 τῆς
3215 3303 3381 3366 ζωῆς,
3406 3308 3649 3373 τηρήσας
3676 3309 3770 3356 καὶ
3821 3309 3998 3375 κηρύ-

2440 3393 2534 3457 ξας
2557 3393 2655 3461 τὴν
2684 3396 2887 3446 πίστιν.
2918 3394 3026 3445 Καὶ
3043 3396 3149 3456 πᾶς
3170 3395 3225 3446 δὲ
3254 3398 3281 3447 ὁ
3305 3396 3413 3447 τῶν
3446 3396 3620 3462 ἀγίων
3644 3398 3824 3466 χορὸς,
3861 3397 4007 3451 οῦτω

2439 3488 2695 3553 ποιήσας,
2724 3486 2819 3537 καὶ
2848 3485 3031 3547 καλῶς
3054 3485 3279 3548 τελέσας
3300 3486 3395 3537 τὸν
3417 3486 3641 3556 δρόμον,
3663 3488 4004 3551 δεδόξασται.

2438 3577 2630 3647 Χρεὼν
2683 3576 2741 3628 δὲ
2776 3578 2867 3628 καὶ
2891 3577 2982 3627 τὸν
3014 3576 3245 3646 πλησίον
3285 3577 3589 3646 οἰκοδομεῖν
3632 3579 3707 3641 ὼς
3729 3579 3961 3648 δύναμις
3992 3620 4005 3640 ,

2438 3670 2539 3720 οὐκ
2600 3668 2818 3736 ἀνάγκη
2858 3668 2914 3719 δὲ
2944 3669 3122 3720 πάντα
3146 3668 3431 3737 ἄνθρωπον
3459 3670 3683 3733 πείθειν,
3721 3672 3840 3722 ἐπεὶ
3873 3672 4010 3740 μηδὲ

2440 3760 2651 3821 πάντας
2682 3761 2871 3812 πείσαι
2911 3759 3164 3814 δυνατόν.
3198 3760 3392 3829 Ὅμως
3425 3760 3645 3813 λεκτέον
3700 3763 3747 3814 εί
3781 3762 4012 3831 δύναμίς

2444 3868 2525 3903 σοι
2577 3853 2645 3903 τά
2696 3850 2839 3902 κατά
2878 3850 3134 3919 δύναμιν,
3196 3853 3245 3902 εί
3277 3853 3412 3921 πρὸς
3457 3852 3745 3922 οἰκοδομὴν
3784 3856 3813 3907 ὁ
3858 3855 4013 3921 λόγος

2444 3945 2571 4013 ὁρᾷ·
2608 3944 2703 3996 καὶ
2755 3944 2804 3994 εί
2839 3944 2939 4004 μὲν
2967 3942 3361 4011 οἰκοδομήσεις,
3395 3943 3530 3995 πολὺ
3566 3946 3647 3995 σοί
3678 3962 3737 3996 τε
3788 3948 3882 3998 καὶ
3910 3939 4013 4014 ’τῷ

2444 4034 2783 4103 ὠφελημένῳ
2840 4034 2992 4101 παρὰ
3046 4033 3140 4085 σοῦ
3195 4034 3254 4085 τὸ
3284 4034 3508 4100 δφε)ος’
3547 4037 3594 4086 εί
3635 4036 3679 4086 δ’
3734 4032 3861 4098 οῦν,
3911 4038 4013 4090 οὐκ

2443 4126 2677 4193 ὀφείλεις
2706 4143 2761 4177 τι
2791 4126 2869 4193 τῷ
2914 4127 3036 4191 θεῷ
3082 4127 3275 4178 τούτου
3327 4128 3485 4195 χάριν
3508 4142 3526 4159 ο
3560 4130 3619 4179 τὸ
3654 4130 3854 4182 σαυτοῦ
3909 4132 4018 4199 γὰρ

2444 4217 2757 4279 τετέλεκας.
2812 4215 2985 4268 Πάλιν
3014 4216 3069 4266 δὲ
3108 4219 3203 4266 καὶ
3232 4217 3391 4267 τοῦτό
3440 4233 3521 4269 σοι
3574 4217 3901 4285 φυλακτέον·
3940 4222 4018 4288 μὴ

2448 4311 2600 4377 παρὰ
2629 4310 2730 4377 τὴν
2760 4308 2992 4375 δύναμιν
3024 4309 3169 4374 λέγε,
3207 4308 3413 4375 μήποτ’
3447 4310 3746 4377 ἐπιχειρῶν
3778 4307 3872 4363 τὸν
3902 4314 4019 4364 κεί-

2452 4417 2613 4469 μενον
2649 4401 2897 4468 ἀνιστᾷν,
2941 4403 3369 4471 συγκαταπέσῃς
3399 4401 3569 4469 αύτῷ.
3607 4403 3763 4454 Κατά
3788 4404 3899 4472 γὰρ
3927 4407 4021 4457 τὸν

2452 4496 2727 4547 θειότατον
2755 4494 2985 4557 Παῦλον,
3024 4495 3171 4562 μέγα
3196 4495 3644 4565 ὁμολογουμένως
3679 4499 3799 4550 εστὶ
3832 4500 3893 4551 τὸ
3919 4499 4021 4567 τῆς

2453 4587 2737 4648 εὐσεϐείας
2789 4588 3096 4655 μυστήρισν
3123 4601 3137 4615 ⁶
3172 4588 3267 4639 καὶ
3312 4589 3419 4656 χρὴ
3457 4586 3575 4655 μετ’
3606 4588 3892 4651 εὐλαϐείας
3926 4580 3960 4643 κ
4001 4594 4023 4641 ‘t

781 4693 995 4753 oportet
1023 4697 1143 4736 cum
1178 4683 1462 4750 prudentia
1491 4690 1546 4735 et
1604 4696 1769 4751 quam
1827 4683 2063 4733 maxima
2109 4664 2346 4733 circum-
2383 4698 2424 4751 ο
2454 4694 2546 4745 arpi

2266 4695 2346 4731 ιη·
2383 4698 2424 4751 υ
2454 4678 2731 4745 προσοχῆς
2757 4678 2840 4728 ὃτι
2871 4675 3132 4745 πλείστης
3161 4676 3255 4727 τὸν
3275 4676 3662 4747 διαλεγόμενον
3696 4681 3825 4747 περὶ
3852 4679 4024 4748 αὐτῆς

781 4790 889 4841 ενοι
914 4776 1059 4826 tioue
1090 4774 1541 4827 sermoduantetn
1568 4771 1634 4825 de
1657 4786 1720 4824 ea
1755 4770 2017 4839 Colloqui,
2047 4771 2224 4838 ipsum
2256 4787 2351 4822 au-

784 4879 890 4921 tem
925 4868 1207 4935 probatum
1240 4880 1361 4919 esse
1386 4874 1441 4917 et
1465 4864 1707 4918 doctoris
1748 4864 1976 4932 gratiam
2031 4864 2350 4929 accepisse;

786 4972 855 5011 ne
878 4959 1001 5025 quis
1032 4958 1098 5010 de
1132 4957 1216 5009 his
1265 4969 1387 5023 qua:
1426 4956 1602 5008 nescit
1648 4956 2006 5015 contendens,
2036 4952 2091 5005 in
2132 4956 2355 5021 laqueos

784 5049 1155 5117 blasphemiae,
1186 5056 1279 5099 aut
1306 5048 1358 5099 in
1403 5046 1539 5099 retia
1570 5045 1951 5108 dubitationis,
1983 5056 2077 5098 aut
2114 5046 2167 5098 in
2224 5046 2354 5113 dog-

790 5148 933 5192 mata
1006 5139 1300 5206 impietatis
1347 5152 1414 5190 ex
1459 5135 1806 5189 sermonibus
1857 5136 2174 5202 irrcligiosis
2214 5136 2361 5188 deci-

788 5237 899 5288 dat.
933 5230 1071 5285 Nam
1103 5231 1309 5285 scimus
1357 5229 1560 5283 multos
1606 5228 1855 5283 infirmos
1898 5238 2184 5296 propterea
2240 5243 2361 5282 cor-

788 5327 984 5380 ruisse.

860 5418 1115 5474 Clericus.
1161 5414 1353 5470 Utrum
1378 5416 1549 5469 tutius
1579 5423 1663 5468 est
1689 5414 1955 5469 disserere
2004 5429 2067 5467 ex
2106 5413 2359 5468 naturali-

792 5513 894 5567 bus
928 5512 1342 5579 cogitstiouibus
1371 5525 1438 5564 an
1470 5523 1503 5563 ε
1534 5508 1753 5577 scriptis
1780 5507 2104 5562 testimoniis
2134 5507 2157 5559 ?

862 5603 1135 5675 Pontifex.
1194 5603 1234 5655 Ε
1286 5603 1503 5673 scriptis
1550 5601 1882 5657 testimoniis
1922 5602 2030 5667 ;ita
2090 5602 2234 5654 enim
2293 5600 2369 5652 ait

794 5699 1099 5754 Dominus:
1136 5716 1155 5748 ι
1185 5695 1517 5750 Serutamiui
1547 5697 1883 5763 Scripturas,
1942 5693 2069 5762 quia
2124 5707 2220 5746 vos
2274 5707 2369 5760 pu-

2453 4767 2800 4833 διαλέγεσθαι
2827 4782 2841 4796 ·
2886 4764 3080 4819 τοῦτον
3121 4766 3179 4818 δὲ
3210 4767 3675 4837 δεδοκιμασμένον
3732 4766 3899 4835 εἶναι,
3934 4776 4028 4824 καὶ

2454 4858 2836 4913 διδασκαλικοῦ
2888 4860 3229 4930 τετυχηκότα
3261 4861 3604 4930 χαρίσματος
3630 4879 3646 4893 ο
3688 4864 3777 4916 ἵνα
3826 4866 3902 4935 μή
3943 4883 4027 4927 τις

2458 4952 2589 5019 περὶ
2622 4943 2697 5003 ῶν
2729 4950 2830 5001 οὐκ
2860 4947 2998 5003 οἶδεν
3026 4952 3245 5021 έρίζων,
3299 4953 3333 5021 ἦ
3382 4955 3499 5015 τοῖς
3550 4954 3647 5023 τῆς
3677 4953 4027 5025 βλασφημίας

2457 5041 2720 5104 δικτύοις,
2751 5042 2783 5110 ἢ
2819 5042 3030 5109 πάγαις
3053 5044 3345 5113 διχονοίας,
3374 5044 3407 5113 ἢ
3436 5045 3673 5114 δόγμασι
3711 5046 4031 5111 δυσσεϐείας

2460 5137 2525 5187 ἐκ
2578 5135 2691 5186 τῶν
2734 5137 2831 5203 τῆς
2864 5134 3119 5199 ἀσεϐείας
3153 5138 3431 5207 περιπέσῃ
3478 5138 3763 5207 ῥημάτων.
3797 5140 4034 5209 Οἴδαμεν

2461 5226 2569 5293 γάρ
2593 5228 2657 5277 ὲκ
2682 5226 2871 5277 τούτου
2896 5226 3359 5295 παραϐλαϐέντας
3388 5228 3497 5280 τῶν
3521 5231 3876 5298 ἀστηρξκεων
3907 5232 4026 5283 πολι

2466 5334 2611 5378 κους.
2825 5362 2828 5365 .

2538 5418 2854 5484 Κληρικός.
2892 5419 3003 5471 Καὶ
3032 5419 3196 5471 πόθεν
3227 5421 3638 5491 ἀσςα).ἐστερον
3668 5422 4035 5489 διαλέγεσθαι,

2468 5511 2532 5561 ἐκ
2560 5511 2804 5576 φυσικῶν
2835 5511 3075 5575 ἐννοιῶν,
3107 5511 3139 5581 ἢ
3176 5512 3461 5582 γραφικῶν
3502 5513 3863 5583 μαρτυριῶν;

2552 5604 2910 5669 Ἀρχιερεύς.
2954 5604 3085 5655 Ἀπὸ
3111 5606 3222 5655 τῶν
3248 5605 3419 5670 ἀγίων
3471 5606 3728 5675 Γραφῶν.
3748 5606 3907 5658 οὕτω
3933 5604 4043 5675 γάρ

2474 5708 2607 5761 φησι
2645 5697 2739 5744 καὶ
2780 5695 2807 5744 ὁ
2842 5694 3068 5763 Κύριος·
3116 5714 3133 5746 ι
3187 5697 3477 5765 Ἐρευνᾶτε
3526 5699 3623 5762 τάς
3680 5700 3926 5769 Γραφάς,
3962 5701 4046 5751 ὃτι

792 5792 921 5844 tatis
944 5791 1001 5845 in
1033 5790 1164 5859 ipsis
1191 5790 1354 5843 vitam
1408 5799 1665 5842 sternam
1712 5787 1899 5841 haberi
1937 5802 1952 5849 ;
1984 5794 2039 5838 et
2092 5786 2193 5838 illa:
2244 5794 2373 5837 sunt
2474 5786 2533 5836 ὲν

2279 5794 2373 5837 unt
2474 5786 2533 5836 ὲν
2590 5788 2775 5844 αὑταῖς
2808 5785 3017 5837 δοκεῖτε
3050 5787 3195 5857 ζωὴν
3252 5788 3472 5841 αἰώνιον
3505 5788 3691 5858 εχεινο
3745 5794 3842 5840 καὶ
3882 5785 4044 5841 αὗταί

792 5898 915 5953 qua:
956 5881 1324 5937 testimonium
1355 5880 1643 5950 perhibuit
1671 5878 1738 5932 de
1762 5892 1869 5931 mc.
1909 5896 1927 5928 ι
1964 5874 2177 5931 Poteris
2206 5877 2369 5929 etiam
2477 5877 2557 5927 είο

2283 5892 2369 5929 am
2477 5877 2615 5927 είσιν
2653 5880 2709 5937 αἱ
2744 5879 3125 5947 μαρτυροῦσαι
3158 5882 3288 5949 περὶ
3318 5880 3475 5949 ἐμοῦ.
3507 5900 3525 5931 ι
3569 5881 3724 5933 Ἐστι
3749 5881 3794 5932 δ’
3826 5884 3915 5932 ετε
3954 5883 4045 5932 καὶ

792 5984 1055 6049 praeterea
1078 5989 1145 6030 ex
1186 5973 1569 6030 communibus
1608 5971 2031 6041 cegitationibus
2084 5978 2137 6023 et
2188 5983 2373 6024 excau-

2478 5970 2584 6021 ἀπὸ
2614 5970 2807 6020 κοινῶν
2829 5970 3049 6021 ἐννοιῶν
3072 5975 3165 6023 καὶ
3192 5974 3676 6042 παραδειγμάτων.
3698 5973 3842 6043 Πλὴν
3860 5975 4044 6026 ἐκεῖνα
