4470 6882
480 756 567 847 ts
1317 783 1322 801 '
1541 785 1925 849 DIALOGUS
1956 786 2245 848 comm

2005 786 2258 848 omna
2298 786 2682 854 H/ERESES.
2775 874 2782 885 .
3143 795 3146 798 ’
3649 786 3737 853 ,ιε
3766 776 3770 779 ’

480 899 676 957 αἰώνια
704 895 843 954 εἶναι
884 902 911 953 ὁ
946 900 1136 973 Σωτὴρ
1170 889 1555 971 ἀποφαίνεται.
1600 906 1711 958 Καὶ
1742 906 2028 977 ἀνατροπὴ
2058 906 2104 963 Δ
2135 913 2193 957 ιιι
2219 901 2245 957 ll

1972 908 2028 975 τὴ
2058 906 2104 963 Δ
2135 913 2193 957 ιιι
2219 901 2460 959 breviter
2501 905 2706 967 dicam,
2742 898 2908 969 p'rava
2950 899 3056 955 erit
3112 896 3409 968 impietatis
3463 904 3520 953 et
3559 896 3737 955 irreli-

478 993 588 1046 τῶν
617 992 872 1054 καθόλου,
901 992 995 1043 καὶ
1033 992 1222 1053 ἀθεΐας
1267 993 1427 1047 τοῦτο
1464 997 1560 1071 καὶ
1595 996 1847 1061 ἀσεϐείας
1887 1016 2056 1071 πονη-

481 1083 555 1153 ρά
582 1085 700 1136 ἑστι
725 1082 876 1145 δόξα.
912 1082 975 1135 El
1008 1083 1067 1135 δὲ
1114 1083 1207 1135 καί
1243 1088 1388 1147 τινες
1419 1084 1571 1144 ἄθεοι
1626 1087 1839 1155 ἀλόγως
1884 1090 2057 1145 ταῦτα

477 1174 730 1244 λέγουσιν
755 1172 974 1243 ἐμψυχά
1000 1191 1057 1227 τε
1093 1177 1189 1228 καὶ
1229 1177 1445 1244 λογικὰ,
1485 1180 1513 1248 ἀ
1550 1179 1703 1248 λόγος
1730 1181 1908 1250 πάντη
1936 1182 2056 1235 ἀλο-

477 1281 575 1332 γος
620 1264 719 1343 καὶ
761 1264 989 1334 ψευδής.
1032 1266 1255 1337 Πρῶτον
1286 1251 1390 1337 μὲν
1427 1268 1538 1322 ἀπὸ
1572 1271 1673 1336 τῆς
1714 1271 1880 1339 ἀγίας
1919 1273 2059 1343 Γρα-

479 1354 610 1422 φῆς,
642 1352 838 1421 λογικά
870 1357 1035 1424 μόνον
1073 1356 1343 1423 ἀγγέλους
1376 1374 1434 1409 τε
1477 1350 1587 1415 ,καὶ
1616 1360 1943 1429 ἀνθρώπους
1972 1363 2057 1415 λε.

476 1445 705 1515 γοὺση;⁶
737 1447 931 1500 ἔπειτα
981 1448 1037 1501 δὲ
1084 1451 1178 1500 καὶ
1211 1449 1319 1501 ἀπὸ
1362 1450 1471 1502 τῶν
1518 1452 1816 1522 ἐνεργειῶν
1849 1453 2055 1520 αὐτῶν,

477 1537 573 1587 καὶ
604 1535 706 1604 τῆς
743 1537 836 1589 τοῦ
865 1539 1096 1607 οὐρανοῦ
1144 1542 1434 1609 κινήσεως.
1478 1541 1538 1593 El
1572 1546 1701 1610 γάρ,
1748 1544 1891 1596 κατά
1921 1546 2052 1607 τοὺς

477 1627 769 1700 Ἕλληνας,
801 1631 997 1699 λογικά
1030 1634 1077 1684 oi
1107 1634 1360 1702 ἀστέρες,
1393 1637 1503 1688 πᾶν
1529 1636 1584 1688 δὲ
1616 1637 1833 1704 λογικὸν
1855 1638 2051 1703 αὐτεξ-

475 1721 680 1787 ούσιον,
716 1722 890 1777 ταῦτα
925 1724 981 1777 δὲ
1018 1725 1116 1795 τὴν
1175 1728 1346 1798 αὐτὴν
1396 1729 1483 1781 ἀεὶ
1522 1732 1617 1782 καὶ
1648 1730 1841 1798 ὁμοίαν
1873 1732 2046 1783 κινεί-

444 1874 445 1877 ,
473 1827 568 1864 ται
597 1812 836 1883 κίνησιν,
870 1814 987 1877 πῶς
1011 1814 1209 1883 λογικά
1246 1835 1307 1869 τε
1341 1821 1435 1871 καὶ
1471 1822 1870 1889 προαιρετικά;
1907 1821 1969 1873 El
1994 1822 2052 1877 δὲ

473 1907 537 1955 τὸ
577 1904 720 1957 οὕτω
770 1906 1038 1961 κινεῖσθαι
1082 1910 1184 1976 τὴν
1234 1896 1411 1979 καλὴν
1457 1911 1551 1964 καὶ
1593 1911 1773 1981 ἁπλῆν
1802 1912 2055 1981 λέγουσιν

474 1991 616 2049 εἶναι
643 1996 895 2064 κίνησιν,
942 2000 1059 2062 πῶς
1114 2001 1148 2070 ή
1197 2001 1451 2071 ἐνέργεια
1508 2004 1609 2072 τῆς
1659 2006 1933 2075 κινήσεως
1985 2008 2055 2060 τά

474 2088 691 2157 πονηρά
716 2090 933 2159 ἐνεργεῖ
957 2091 1101 2144 κατά
1128 2093 1228 2162 τὴν
1256 2094 1438 2147 αὐτῶν
1460 2095 1643 2162 δόξαν,
1676 2097 1775 2150 καὶ
1799 2097 1901 2169 τὴν
1931 2098 2054 2151 κατ⁹

472 2178 655 2230 αὐτῶν
684 2179 793 2231 τῶν
823 2180 1073 2250 ἀστέρων
1103 2185 1319 2238 ἔννοιαν
1343 2185 1559 2238 πολλῶν
1589 2204 1649 2240 τε
1684 2189 1778 2242 καὶ
1805 2190 2048 2258 γνῶσιν;

474 2270 539 2323 Εἰ
568 2270 677 2339 γὰρ
714 2270 871 2335 θεοὺς
923 2273 1064 2327 αὐτά
1116 2274 1390 2342 λέγουσιν.
1444 2279 1493 2330 οἱ
1536 2279 1782 2333 πλεῖστοι
1832 2280 1890 2334 δὲ
1941 2281 2052 2335 τῶν

473 2360 782 2429 ἀνθρώπων
823 2364 886 2416 οὐ
918 2365 1075 2429 θεοὺς
1107 2368 1249 2420 αὑτά
1276 2369 1619 2437 νενομίκασι.
1640 2370 1739 2439 τὴν
1756 2371 1815 2425 δὲ
1843 2372 2052 2441 πίστιν,

472 2448 547 2510 ὣς
579 2466 747 2517 φασιν
785 2452 1074 2523 Ἕλληνες,
1130 2457 1241 2509 τῶν
1286 2457 1595 2527 ἀνθρώπων
1629 2461 1722 2513 καὶ
1771 2462 1872 2533 τὴν
1921 2462 2053 2533 θρηο

476 2541 671 2594 σκείαν
710 2544 774 2595 ἐκ
806 2545 907 2614 τῆς
938 2546 1047 2597 τῶν
1084 2548 1337 2617 ἀστέρων
1367 2545 1511 2602 εἶναι
1540 2550 1834 2618 κινήσεως,
1866 2552 2055 2605 λοιπὸν

471 2634 595 2686 καθ’
625 2636 838 2691 ἑαυτῶν
888 2639 1193 2705 κινοῦνται,
1224 2642 1321 2695 καὶ
1353 2644 1455 2712 τὴν
1487 2642 1609 2696 κατ’
1637 2644 1818 2697 αὐτῶν
1849 2645 2053 2713 γνῶσιν

470 2727 588 2788 τοῖς
639 2727 949 2797 ἀνθρώποις
1001 2733 1331 2802 παρέχουσι.
1388 2734 1501 2786 Καὶ
1554 2733 1715 2803 δῆλον
1768 2734 2051 2801 ἐντεῦθεν,

472 2818 549 2880 ώς
597 2819 659 2871 οὐ
700 2824 1067 2891 προαιρετικά
1127 2823 1250 2877 οὐδὲ
1312 2824 1527 2890 λογικά.
1576 2825 1692 2879 Πᾶν
1722 2826 1830 2896 γάρ
1863 2843 2057 2897 προαιο

474 2910 693 2977 ρετικδν
721 2912 817 2963 καὶ
845 2912 1150 2983 δυνάμενον
1178 2917 1246 2985 τῇ
1279 2915 1477 2969 ἑαυτοῦ
1511 2915 1765 2987 βουλήσει
1798 2919 2052 2972 κινεῖται.

484 2996 642 3051 Ἐπεὶ
679 2999 738 3052 δὲ
774 3004 889 3065 καὶ,
919 3000 993 3064 ῶς
1024 3020 1215 3070 φασιν,
1252 3005 1470 3075 ἀγαθὴν
1498 3005 1781 3060 κινοῦνται
1812 3006 2051 3075 κίνησιν,

472 3088 568 3141 καί⁵
618 3092 1018 3161 προαιρετικὴν
1062 3094 1291 3165 ταύτην,
1338 3098 1369 3163 ἡ
1421 3098 1639 3167 κίνησις
1674 3097 1731 3150 δὲ
1771 3098 1956 3151 αὐτῶν
1996 3100 2057 3153 ὲν

470 3180 687 3243 πολλοῖς
732 3185 933 3236 κακίαν
985 3187 1220 3256 ινεργεϊ,
1275 3189 1373 3241 καὶ
1418 3190 1519 3257 τὴν
1566 3189 1769 3260 ἀρετὴν
1814 3192 2053 3260 ἀναιρεῖ,

470 3277 567 3328 καὶ
600 3276 878 3329 ἀπώλειαν
909 3280 1151 3348 ἐμποιεῖ.
1198 3282 1287 3344 ’ος
1339 3283 1448 3351 γάρ
1497 3282 1822 3351 δοξάζουσιν
1852 3286 2054 3358 Ἐλλη-

469 3386 583 3430 νες.
616 3369 703 3422 διά
753 3371 863 3425 τῶν
896 3374 1144 3442 ἀστέρων
1168 3377 1286 3428 ἐστὶ
1334 3370 1529 3431 καὶτὸ
1575 3380 1836 3449 ἐνάρετον
1873 3376 2043 3449 εἶναι,

470 3462 567 3513 καὶ
610 3462 672 3513 τὸ
719 3464 959 3533 πονηρὸν
992 3462 1155 3531 εἶναι,
1203 3469 1519 3539 ἀκάθαρτόν
1550 3488 1610 3524 τε
1648 3472 1744 3525 καὶ
1773 3474 2051 3542 σώφρονα,

472 3552 695 3618 φονικόν
746 3571 807 3607 τε
862 3559 959 3609 καὶ
1009 3557 1243 3622 δίκαιον,
1280 3560 1376 3613 καί
1423 3560 1507 3614 ἔτι
1567 3564 1837 3627 θανάτους
1882 3564 2055 3619 ὲθνῶν

2159 994 2337 1062 gionis
2376 994 2581 1064 opinio.
2626 993 2681 1047 Si
2734 1006 2859 1047 vero
2903 991 3125 1071 quidam
3175 990 3326 1060 impii
3395 990 3562 1046 stulte
3618 991 3737 1045 haec

2158 1082 2339 1137 dicunt
2374 1098 2497 1138 esse
2524 1083 2765 1137 animata
2797 1091 2851 1137 et
2884 1080 3249 1145 rationabilis,
3277 1095 3456 1135 sermo
3479 1080 3584 1155 erit
3618 1094 3737 1134 oni-

2159 1174 2292 1228 nino
2323 1158 2655 1229 irrationalis
2697 1181 2757 1228 ct-
2785 1172 3042 1227 mendax.
3070 1170 3256 1225 Primo
3282 1170 3502 1240 quidem
3534 1171 3735 1241 proba-

2158 1273 2249 1319 tur
2298 1280 2362 1319 cx
2399 1263 2702 1333 Scriptura,
2748 1280 2869 1339 qua:
2904 1263 3127 1333 angelos
3160 1271 3372 1317 tantum
3403 1271 3459 1317 et
3487 1261 3737 1316 homines

2156 1358 2290 1412 dicit
2313 1372 2437 1413 esse
2474 1348 2697 1412 ratione
2744 1356 2998 1441 dionat'os.
3036 1354 3238 1411 Deinde
3278 1370 3347 1409 ex
3387 1368 3575 1441 eorum
3601 1354 3738 1441 ivir-

2160 1458 2271 1503 tute
2311 1454 2364 1502 et
2386 1458 2547 1502 :motu
2589 1450 2735 1504 coeli.
2761 1438 2894 1501 Nam
2919 1448 2988 1513 si,
3024 1457 3184 1516 prout
3211 1438 3555 1514 obganniunt
3583 1440 3735 1497 Grac-

2159 1540 2229 1602 ci,
2266 1543 2413 1595 astra
2445 1539 2659 1594 ratione
2694 1538 2955 1611 gaudent,
2989 1524 3153 1593 Omne
3182 1540 3364 1609 autem
3399 1532 3735 1589 rationabile

2158 1629 2416 1690 libertate.
2440 1630 2708 1699 potiatur,
2733 1644 2857 1684 cum
2880 1614 3116 1697 verojlla
3148 1620 3313 1681 simili
3342 1634 3492 1680 tuotu
3520 1638 3739 1694 semper

2160 1729 2505 1785 moveantur,
2544 1718 2821 1790 quomodo
2858 1716 3386 1776 sunt.rationabilia
3414 1724 3472 1771 et
3522 1713 3741 1769 libera?

2158 1812 2311 1879 Quod
2335 1813 2379 1867 si
2408 1812 2531 1869 talis
2556 1822 2735 1868 motus
2758 1812 3051 1882 pulchrum
3085 1820 3139 1867 et
3156 1810 3435 1865 sincerum
3467 1823 3590 1863 esse
3625 1822 3737 1861 mo-

2157 1911 2272 1955 tum
2291 1902 2550 1966 dixerint,
2579 1905 2855 1972 quomodo
2880 1918 3071 1958 eorum
3130 1911 3311 1957 motus
3330 1900 3567 1961 all'ectio.
3586 1899 3739 1970 ipso-

2156 2009 2277 2048 rum
2317 1993 2604 2065 gentilium
2631 1993 2863 2064 judicio,
2909 1993 3111 2048 malum
3150 1991 3445 2061 operatur?
3476 1992 3558 2045 ita
3592 1988 3738 2045 enim

2157 2083 2309 2138 multi
2332 2083 2601 2140 adversus
2627 2084 2808 2141 sidera
2840 2083 3185 2141 somniantes
3208 2081 3488 2137 dixerunt.
3513 2079 3573 2134 Si
3593 2081 3740 2134 enim

2156 2174 2274 2232 haec
2299 2176 2434 2232 deos
2462 2176 2668 2244 dicant,
2701 2178 2945 2249 plerique
2979 2184 3163 2231 autem
3194 2174 3449 2229 homines
3482 2172 3575 2227 illa
3605 2172 3737 2226 deos

2157 2280 2282 2321 esse
2310 2282 2418 2321 non
2447 2277 2726 2333 censeant,
2745 2268 2815 2333 si,
2849 2280 2909 2321 ut
2932 2266 3089 2322 aiunt
3127 2263 3327 2329 Graeci,
3361 2262 3499 2318 fides
3528 2271 3583 2317 ct
3605 2259 3737 2315 reli-

2157 2357 2247 2425 gio
2286 2355 2569 2412 hominum
2622 2372 2654 2414 e
2710 2357 2985 2412 sideribus
3034 2353 3261 2421 deﬂuat,
3319 2367 3452 2424 ergo
3494 2352 3740 2407 sibimet-

2158 2444 2295 2512 ipsis
2351 2445 2629 2500 contraria
2663 2446 2977 2512 volvuntur,
3036 2454 3091 2501 et
3121 2445 3370 2501 notitiam
3397 2442 3503 2500 sibi
3547 2442 3740 2499 adver-

2158 2549 2272 2589 sam
2316 2537 2629 2593 hominibus
2695 2538 3021 2608 largiuntur.
3082 2536 3238 2594 Unde
3295 2547 3443 2609 patet
3494 2552 3560 2594 ea
3615 2552 3741 2594 esse

2158 2641 2333 2696 neque
2362 2627 2703 2684 rationabilia
2728 2643 2903 2699 neque
2922 2626 3095 2684 libera
3114 2645 3129 2695 ;
3150 2642 3276 2691 nam
3299 2642 3467 2684 omne
3483 2628 3744 2691 liberum,

2156 2719 2201 2774 si
2233 2718 2429 2789 possit,
2463 2734 2561 2789 pro
2621 2735 2718 2777 sua
2750 2720 3032 2777 voluntate
3076 2730 3349 2777 movetur.
3401 2720 3473 2775 At
3504 2721 3658 2791 quia.
3687 2732 3747 2775 ut

2154 2810 2369 2876 dicunt,
2420 2811 2568 2867 bono
2602 2822 2752 2868 motu
2786 2811 3082 2869 volvuntur
3115 2820 3172 2868 et
3217 2822 3370 2867 motu
3421 2811 3619 2879 libero,
3651 2811 3743 2866 hic

2156 2916 2285 2956 vero
2304 2910 2485 2959 motus
2501 2905 2554 2959 in
2585 2905 2771 2961 multis
2790 2905 3090 2976 nequitiam
3109 2915 3389 2974 operatur,
3403 2913 3460 2960 et
3480 2904 3741 2960 virtutem

2158 2992 2318 3058 tollit,
2350 3003 2406 3050 et
2452 2996 2750 3065 perniciem
2810 3005 3127 3067 perpetrat;
3179 3006 3239 3052 ut
3276 2997 3422 3053 enim
3461 2998 3744 3069 desipiunt

2156 3082 2353 3149 Grazei,
2385 3100 2451 3140 ex
2479 3086 2645 3143 astris
2675 3088 2931 3157 sequitur
2956 3103 3080 3145 esse
3120 3089 3351 3159 probum
3378 3100 3434 3146 et
3474 3106 3735 3162 nequam,

2158 3174 2495 3233 immundum
2511 3188 2562 3234 et
2575 3189 2811 3247 castum,
2825 3178 3086 3237 latronem
3104 3190 3159 3237 et
3172 3180 3403 3249 justum,
3422 3192 3610 3252 gentes
3622 3183 3741 3238 dis-

2156 3269 2334 3337 perire
2348 3272 2622 3338 etaugeri,
2644 3272 2815 3341 premi
2835 3282 2892 3326 et
2910 3272 3163 3341 exaltari,
3180 3288 3394 3329 necnon
3409 3275 3593 3329 omnia
3617 3291 3743 3345 qua:

2158 3360 2473 3416 hominibus
2521 3363 2799 3432 accidunt,
2837 3380 2957 3435 quae
2994 3366 3319 3436 plerumque
3346 3368 3624 3423 contrarie
3686 3378 3743 3422 ct

2157 3452 2298 3507 male
2327 3456 2685 3524 contingunt;
2721 3454 2885 3526 igitur
2908 3465 3056 3511 astra
3086 3467 3213 3513 sunt
3252 3460 3512 3529 nequitia:
3549 3475 3745 3530 opera-

2162 3553 2305 3601 tores
2334 3557 2388 3601 et
2424 3548 2666 3613 malitiae,
2693 3549 2858 3606 cazdis
2882 3559 2937 3605 et
2965 3551 3271 3623 opprobrii,
3302 3562 3357 3609 et
3381 3553 3534 3610 nullo
3567 3555 3732 3609 modo

484 3607 497 3618 .
866 3607 955 3609 τηκ
1019 3607 1243 3622 --ν--””ν
1282 3607 1375 3613 "vv
1425 3607 1506 3614 vv-
1572 3607 1835 3627 ν-ν--τπνυ
1882 3607 2051 3619 *νη-ν’

472 3645 569 3694 καὶ
612 3645 899 3716 αὐξήσεις.
938 3648 1219 3717 διωγμοὺς
1276 3654 1368 3703 καὶ
1421 3652 1682 3722 ὕψώσεις,
1736 3658 1832 3708 καὶ
1881 3658 2051 3727 μυρία
2081 3607 2125 3665 C
2163 3640 2237 3692 1’“

1973 3607 2051 3710 ,ξᾶ
2081 3607 2125 3665 C
2163 3640 2319 3693 bona.
2353 3639 2457 3696 Sed
2486 3643 2603 3698 haec
2628 3607 2847 3715 quidem
2892 3607 3271 3716 blasphemant
3291 3607 3442 3717 impii
3462 3607 3738 3715 {is}.

471 3734 543 3787 τά
594 3737 735 3789 κατά
788 3740 916 3801 τοὺς
956 3740 1284 3810 ἀνθρώπους
1332 3744 1743 3812 συμϐαίνοντα,
1789 3750 2053 3813 ἐναντίως

470 3826 664 3896 ἔχοντα
707 3831 806 3882 καὶ
854 3832 1090 3884 πλεῖστα,
1140 3835 1506 3895 κακωτικῶςθ
1542 3836 1653 3907 ἀρα
1708 3842 1802 3890 καὶ
1856 3841 2053 3905 κακίας

469 3919 698 3988 ἐργάται
732 3923 824 3974 καὶ
874 3926 1163 3993 πονηρίας,
1214 3928 1308 3977 καὶ
1363 3926 1527 3995 φόνου
1583 3945 1669 3979 και
1709 3928 1916 3998 βλάϐης
1953 3932 2051 3983 καὶ

470 4011 675 4078 ἀρετῆς
704 4013 1008 4081 ἀναιρέται,
1042 4016 1136 4067 καὶ
1164 4017 1303 4079 ὅλως
1327 4019 1429 4069 οὐκ
1457 4018 1678 4085 ἀγαθοί.
1725 4018 1889 4073 Ἀλλά
1920 4021 2053 4073 ταῦ-

470 4120 537 4155 τα
569 4103 668 4172 μὲν
695 4103 802 4157 τῶν
834 4104 1177 4177 βλασφήμων
1210 4124 1269 4161 τε
1294 4110 1390 4161 καὶ
1425 4110 1626 4164 ἀθέων.
1658 4109 1740 4163 Τά
1772 4113 2054 4182 κτίσματα

469 4194 527 4246 δέ
563 4212 625 4262 γε
654 4194 749 4247 τοῦ
783 4196 921 4250 Θεοῦ
970 4198 1172 4264 ἀγαθά,
1222 4202 1347 4254 ἐπεὶ
1381 4203 1472 4253 καὶ
1506 4202 1715 4269 ἀγαθοῦ
1748 4207 2050 4273 κτίσματα,

468 4287 546 4348 ῶς
570 4290 666 4340 καὶ
701 4289 882 4342 πάντα
918 4285 1060 4343 εἶδεν
1107 4293 1293 4356 αὐτὸς,
1325 4294 1424 4346 καὶ
1461 4294 1571 4347 ἰδοὺ
1608 4294 1749 4349 καλὰ.
1778 4296 1919 4349 λίαν’
1954 4298 2052 4351 καὶ

470 4376 692 4443 ἀγαθῶς
744 4381 1012 4442 κινεῖται,
1068 4382 1146 4443 είς
1202 4381 1231 4433 ὃ
1290 4382 1453 4435 ῑλαὸε
1500 4383 1736 4453 δύναμιν
1789 4384 2047 4441 ⁸ἑκαστον.

471 4466 583 4518 Καὶ
604 4467 664 4518 οῦ
703 4468 897 4533 λογικά
922 4469 1123 4533 ταῦτα,
1158 4471 1296 4523 ἀλλά
1348 4472 1584 4542 σώματα
1631 4476 1798 4543 μόνον
1838 4475 2049 4546 ἀψυχα,

474 4558 573 4624 τὴν
606 4557 873 4627 αἰσθητὴν
910 4559 1217 4627 κινούμενα
1258 4562 1497 4632 κίνησιν,
1540 4566 1621 4626 εἰς
1670 4565 2054 4633 ἑξοικονομίαν

470 4645 565 4699 τοῦ
594 4648 900 4715 ὁρωμένου.
940 4651 1047 4702 Καὶ.
1073 4651 1234 4720 δῆλον
1259 4653 1355 4721 ἀφ’
1384 4646 1460 4705 ὧν
1502 4654 1829 4723 ἐνεργοῦσιν
1859 4656 2052 4725 αισθη-

470 4739 599 4793 τῶν.
630 4740 711 4793 Τά
744 4741 801 4793 δὲ
844 4744 901 4794 ὲν
935 4743 1067 4811 ἡμῖν
1116 4744 1288 4796 κακία
1335 4747 1432 4796 καὶ
1462 4746 1633 4815 ἁρετὴ
1683 4746 1759 4815 τῷ
1795 4747 2053 4811 αὐτεξου-

472 4828 573 4898 σίῳ
624 4831 784 4897 ἡμῶν
836 4831 1116 4894 τελεῖται.
1175 4834 1278 4903 τῆς
1330 4835 1531 4906 ἀρετῆς
1565 4837 1664 4906 μὲν
1696 4840 2053 4910 ἐσπαρμένης

472 4917 622 4985 παρά
651 4918 811 4981 Θεοῦ,
855 4923 953 4987 τῆς
1012 4922 1213 4985 κακίας
1258 4923 1314 4976 δὲ
1364 4926 1675 4996 μὴοοῦσης,
1724 4928 1841 4981 ἀλλ’
1890 4932 2052 4996 ἐφευ·
2087 4956 2129 5012 ο

473 5008 726 5077 ρεθείσης
756 5011 833 5079 τῷ
862 5011 1088 5083 πονηρῷ
1134 5016 1200 5083 τῇ
1249 5016 1421 5087 ἀργίᾳ
1454 5019 1552 5087 τῆς
1589 5019 1812 5088 ἀρετῆς.
1845 5021 1956 5074 Καὶ
1986 5021 2053 5075 τά

471 5101 531 5152 ἐν
560 5100 638 5167 τῷ
668 5101 862 5170 κόσμῳ
886 5103 944 5155 δὲ
973 5104 1066 5156 καὶ
1114 5106 1174 5157 ἐν
1205 5108 1338 5176 ἡμῖν
1378 5111 1641 5177 γινόμενα
1688 5109 1942 5179 βουλήσει
1970 5112 2056 5180 γί-

474 5209 620 5244 νεται
650 5192 719 5245 δι’
748 5196 917 5262 ἡμᾶς,
949 5195 1021 5247 τὰ
1054 5198 1154 5265 μὲν
1191 5199 1560 5265 εὐδοκοῦντος,
1595 5202 1662 5254 τὰ
1698 5203 1753 5255 δὲ
1784 5221 2052 5273 παραχω⁹

475 5282 693 5353 ροῦντος
750 5286 812 5336 ἐκ
858 5287 957 5353 τῆς
1002 5287 1159 5355 ἡμῶν
1206 5290 1408 5351 αἰτίας.
1444 5292 1536 5345 Διδ
1588 5293 1928 5362 ἁποϐλητέον
1956 5301 2056 5358 τὰς

472 5374 730 5438 τοιαύτας
761 5379 1278 5449 μωραςίζητήσεις.
1340 5384 1450 5435 Καὶ
1500 5384 1626 5447 τοὺς
1683 5386 1783 5453 μὲν
1816 5387 2056 5455 ἀστέρας

474 5467 615 5519 κατά
642 5467 740 5536 τὴν
781 5468 942 5534 ἁγίαν
985 5468 1214 5539 Γραφὴν
1251 5473 1537 5537 γεγονέναι
1591 5475 1741 5542 παρὰ
1772 5475 1909 5527 Θεοῦ
1956 5477 2048 5529 δο-

477 5559 753 5628 ξάζωμω,
786 5563 880 5611 καὶ
908 5560 1001 5612 τὸν
1040 5563 1195 5629 ἥλιον
1227 5564 1325 5615 καὶ
1357 5564 1592 5633 σελήνην
1620 5569 1700 5629 είς
1745 5566 1806 5619 τὸ
1842 5567 2057 5636 φαίνειν

477 5652 570 5702 ἐπὶ
598 5652 735 5717 γῆς.
771 5653 867 5704 καὶ
908 5652 999 5703 τὸν
1036 5652 1135 5720 μὲν
1182 5653 1375 5723 ἄρχειν
1424 5656 1525 5725 τῆς
1584 5656 1824 5728 ἡμέρας,
1865 5659 1966 5729 τὴν
1997 5658 2055 5712 δὲ

476 5740 575 5810 τῆς
623 5742 844 5807 νυκτὸς,
897 5743 994 5795 καὶ
1050 5743 1319 5798 κινεῖσθαι
1374 5745 1454 5808 εἰς
1493 5746 1913 5817 ὲξοικονὸμησιν
1949 5748 2059 5801 τῶν

478 5834 661 5901 φυττῗιν
704 5851 760 5886 τε
820 5835 915 5887 καὶ
959 5834 1070 5887 τῶν
1124 5835 1438 5903 σωμάτων,
1490 5840 1585 5891 καὶ
1641 5842 1719 5902 είς
1779 5840 2011 5910 καιροὺς
2041 5882 2057 5906 ,

478 5926 658 5995 ἔαρος.
697 5927 911 5996 θέρους,
959 5928 1303 5998 φθινοπώρου
1357 5946 1414 5982 τε
1443 5931 1537 5983 καὶ
1592 5931 1862 6001 χειμῶνος
1897 5972 1913 5997 ,
1963 5935 2062 5987 καὶ

480 6021 558 6079 εἰς
619 6021 823 6086 σημεῖα
870 6019 1096 6089 ὄμϐρων
1158 6037 1216 6072 τε
1276 6024 1372 6075 καὶ
1428 6024 1646 6092 ἀνέμων
1704 6024 1799 6077 καὶ
1851 6024 2059 6079 λοιπῶν

480 6107 654 6162 ἄλλων
684 6108 955 6179 αἰσθητῶν
981 6149 996 6174 ,
1046 6112 1170 6165 ἐπεὶ
1223 6114 1321 6165 καὶ
1371 6113 1508 6166 αῦτά
1568 6112 1797 6185 σώματά
1844 6131 1905 6168 τε
1964 6118 2063 6172 καὶ

480 6199 736 6273 αίσθητά·
780 6202 872 6255 καὶ
911 6205 989 6267 ei;
1049 6203 1354 6272 ἐνιαυτοὺς,
1393 6206 1475 6260 ὅτι
1525 6206 1906 6278 πληρουμένου
1960 6208 2056 6264 τοῦ

2160 3735 2269 3783 tem
2297 3740 2560 3786 creaturas
2580 3743 2705 3789 sunt
2732 3734 2908 3801 bonae,
2934 3751 3060 3791 cum
3084 3736 3261 3792 bonus
3286 3738 3562 3795 sitearum
3584 3756 3743 3797 crea-

2162 3829 2266 3883 tor,
2291 3825 2384 3892 qni
2407 3824 2520 3893 ipse
2550 3826 2731 3879 omnia
2751 3824 2917 3891 videt,
2935 3836 2988 3882 et
3009 3842 3138 3885 ecce
3163 3828 3319 3885 valde
3341 3830 3502 3899 bona,
3525 3842 3579 3887 et
3604 3833 3706 3889 ben
3729 3853 3741 3886 ι

2162 3922 2454 3967 moventur
2504 3914 2569 3969 ad
2617 3914 2779 3971 linem
2848 3916 2916 3970 ad
2955 3934 3119 3988 quem
3158 3920 3373 3988 singula
3412 3932 3734 3991 potestatem

2162 4014 2512 4072 acceperunt.
2574 4004 2687 4062 Nec
2745 4009 2931 4063 omnia
3002 4019 3134 4065 sunt
3198 4021 3469 4068 creaturae
3531 4013 3745 4070 ratione

2161 4098 2423 4166 praedite,
2454 4099 2547 4153 sed
2604 4114 2836 4169 corpora
2864 4101 3043 4157 solum
3075 4113 3205 4158 sunt
3264 4104 3593 4173 inauimata,
3627 4124 3750 4179 quae

2162 4189 2414 4244 sensibili
2447 4203 2599 4245 motu
2641 4192 2707 4245 ad
2738 4195 3106 4248 oeconomiam
3140 4194 3377 4251 universi
3414 4208 3747 4264 moventur;

2159 4291 2216 4335 et
2269 4281 2493 4336 evidens
2521 4292 2604 4337 est
2629 4283 2699 4337 ab
2730 4284 2811 4339 eis
2842 4285 3119 4341 sensibilis
3152 4290 3403 4358 operari;
3442 4304 3506 4345 ea
3558 4300 3744 4346 autem

2160 4388 2283 4441 quae
2311 4372 2363 4425 in
2402 4373 2559 4428 nobis
2594 4385 2724 4430 sunt
2752 4377 2958 4430 malitia
2986 4386 3042 4433 et
3073 4382 3247 4437 virtus
3279 4381 3527 4439 libertate
3558 4394 3746 4439 nostra

2158 4461 2507 4527 ciliciuntur;
2546 4465 2718 4519 virtus
2742 4466 2961 4534 quidem
2994 4481 3023 4522 a
3060 4467 3168 4523 Deo
3220 4470 3579 4539 diﬂ‘unditur;
3639 4489 3748 4528 non

2161 4562 2344 4607 autem
2394 4554 2626 4622 malitia,
2660 4572 2781 4627 qum
2812 4573 2842 4612 a
2873 4559 3134 4629 maligno,
3170 4560 3454 4619 desidente
3519 4566 3747 4630 virtute,

2160 4644 2445 4715 procedit;
2478 4662 2541 4702 ea
2576 4664 2707 4704 vero
2735 4666 2859 4718 quze
2892 4651 2945 4704 in
2981 4652 3187 4707 mundo
3217 4663 3273 4710 et
3320 4656 3371 4710 in
3402 4657 3561 4714 nobis
3589 4661 3747 4721 llunt.

2161 4742 2383 4801 propter
2414 4749 2513 4789 nos
2541 4750 2572 4790 e
2599 4742 2883 4807 proposito
2918 4743 3265 4811 contingunt,
3297 4745 3420 4801 aliis
3466 4748 3687 4817 quidem
3717 4768 3747 4805 a

2162 4825 2321 4879 nobis
2353 4827 2777 4895 procedentibus
2801 4840 2859 4886 ut
2889 4847 2918 4886 a
2954 4835 3247 4903 principio,
3271 4837 3396 4893 aliis
3422 4848 3605 4895 autem
3641 4858 3747 4896 non

2161 4917 2600 4984 procedentibus.
2630 4917 2838 4975 Idcirco
2872 4924 3180 4993 rejieienda:
3235 4938 3365 4984 sunt
3418 4939 3527 4986 tam
3568 4933 3749 4988 stultae

2161 5006 2575 5077 inquisitiones.
2614 5021 2671 5065 et
2705 5013 2997 5071 credamus
3026 5005 3204 5073 sidera
3232 5034 3263 5073 a
3290 5018 3421 5088 Deo,
3450 5027 3747 5080 secundum

2160 5113 2372 5154 sacrum
2407 5102 2766 5172 Scripturam.
2793 5120 2915 5161 esse
2945 5120 3152 5173 creata,
3182 5110 3355 5166 solem
3399 5128 3530 5171 vero
3579 5128 3636 5173 et
3668 5118 3749 5172 ln-

2161 5206 2311 5253 nam,
2344 5201 2403 5245 ut
2438 5208 2600 5261 super
2633 5206 2833 5251 terram
2866 5198 3105 5267 luceant,
3136 5211 3190 5257 et
3209 5204 3349 5261 alius
3367 5208 3586 5277 quidem
3615 5210 3747 5273 diei.

2161 5284 2266 5337 alia
2292 5298 2419 5339 vero
2440 5291 2586 5340 nocti
2611 5290 2814 5357 praesit,
2845 5300 2901 5345 et
2938 5304 3263 5351 moveantur
3293 5298 3346 5352 in
3379 5304 3746 5358 oeconomiam

2160 5376 2469 5447 plantarum
2495 5392 2550 5435 et
2571 5382 2887 5438 animaliqu
2912 5401 2927 5451 ;
2963 5402 3179 5444 necnon
3203 5390 3257 5445 in
3289 5402 3639 5462 tempestates
3659 5413 3745 5450 νος

2162 5468 2261 5533 ris,
2283 5472 2511 5538 astatis,
2536 5473 2785 5527 autumni
2808 5482 2862 5529 et
2879 5476 3097 5544 hiemis,
3116 5487 3170 5534 et
3194 5479 3251 5535 in
3267 5483 3422 5554 signa
3440 5485 3744 5555 plumarum

2160 5569 2215 5615 et
2250 5572 2535 5617 ventorum
2574 5564 2922 5637 aliorumque
2979 5580 3304 5629 ceterorum
3367 5578 3738 5639 sensibilium.

2161 5668 2289 5708 cum
2345 5665 2400 5710 et
2452 5657 2570 5726 ipsa
2602 5658 2714 5713 sint
2748 5671 3009 5731 corporea
3042 5673 3103 5718 et
3137 5666 3442 5736 sensibilia,
3470 5682 3525 5726 et
3562 5672 3616 5726 in
3646 5688 3743 5727 an-

2163 5760 2358 5801 norum
2409 5749 2635 5813 reditus,
2672 5764 2796 5804 nam
2846 5754 3119 5824 completo
3144 5770 3312 5825 anno,
3340 5774 3559 5817 rursum
3592 5776 3741 5819 motu

2163 5854 2355 5895 eorum
2414 5842 2631 5897 initium
2687 5846 2907 5916 accipit,
2972 5856 3028 5903 et
3078 5848 3154 5904 ita
3210 5862 3473 5921 reguntur
3509 5856 3745 5915 visibilta

2164 5941 2329 6001 prout
2383 5932 2615 5989 voluerit
2681 5934 2824 5991 Deus
2882 5948 2939 5991 et
3015 5940 3378 6011 mandaverit,
3431 5948 3526 6001 sed
3591 5962 3745 6009 certo

2166 6036 2346 6094 neque
2377 6024 2662 6095 imperium
2696 6027 2900 6084 habent
2944 6043 3230 6103 creaturas,
3260 6054 3435 6110 neque
3493 6040 3746 6097 domina-

2168 6116 2317 6173 tione
2342 6119 2646 6190 potiuntur,
2679 6137 2779 6179 nec
2804 6125 3094 6195 opiniones
3144 6128 3379 6200 iaciunt,
3412 6148 3513 6191 nec
3539 6145 3747 6206 cogunt

2169 6210 2236 6267 ad
2298 6220 2584 6280 peccatum
2641 6230 2819 6287 neque
2874 6217 3132 6280 virtutem
3198 6234 3518 6296 operantur,
3572 6241 3748 6300 neque
