4470 6836
759 604 832 670 87
1611 601 1992 663 SYMEONIS
2027 595 2777 660 THESSALONICENSIS
2832 591 3190 654 ARCHIEP.
3939 585 4010 647 18

760 737 920 795 reges
953 721 1033 776 vel
1060 717 1333 789 principes
1355 715 1715 781 constituunt,
1741 714 2000 783 inopesve
2028 722 2082 766 et
2110 710 2328 773 divites,
2357 716 2405 771 Α
2434 709 2524 762 {to

2236 720 2328 773 tes,
2357 716 2405 771 Α
2434 709 2611 771 ἔτους,
2642 708 2707 776 τῇ
2762 706 2977 775 κινήσε.
3025 703 3232 756 τούτων
3266 696 3419 764 αὖθις
3476 699 3649 769 ἀρχὴν
3697 698 3963 767 λαμϐάνει
3991 743 4001 757 ,

761 826 935 882 aegros
972 818 1027 865 et
1054 822 1240 871 sanos,
1276 806 1574 862 morientes
1606 814 1657 858 et
1688 805 1952 863 viventes.
1996 800 2123 853 viles
2147 807 2200 851 et
2234 798 2335 850 ho-

764 900 1059 961 norabiles,
1083 899 1278 954 stultos
1301 907 1351 951 et
1378 898 1672 967 sapientes,
1691 894 1863 949 bonos
1894 903 1947 946 et
1980 891 2185 951 malos;
2212 903 2336 942 nam

769 992 1063 1063 impietatis
1095 1000 1179 1046 est
1211 991 1431 1045 credere
1466 987 1591 1042 talia
1668 999 1827 1055 posse
1860 991 2004 1037 astra
2060 988 2113 1036 et
2144 981 2340 1033 nativi-

769 1093 956 1140 tatem.
1020 1085 1222 1137 Sancta
1285 1081 1429 1136 enim
1469 1077 1603 1132 dixit
1660 1076 1981 1143 Scriptura:
2025 1089 2045 1123 ι
2080 1070 2341 1124 Dominus

767 1173 985 1240 inopem
1052 1172 1182 1226 facit
1240 1180 1293 1225 et
1331 1170 1486 1233 ditat,
1539 1165 1785 1220 humiliat
1815 1172 1871 1217 et
1918 1162 2191 1225 sublevat,
2233 1177 2253 1212 ι
2288 1166 2343 1214 et

769 1264 852 1320 sic
871 1262 1087 1318 deinde.
1114 1261 1176 1317 Et
1207 1276 1220 1313 :
1252 1277 1270 1311 ι
1297 1258 1561 1313 Dominus
1584 1253 1941 1309 mortiﬁcatet
1959 1250 2217 1313 vivillcat,
2237 1248 2340 1302 du-

767 1352 843 1407 cit
869 1353 935 1407 ad
965 1352 1174 1405 inferos
1202 1359 1257 1405 et
1280 1346 1514 1411 reducit,
1549 1364 1568 1398 ι
1597 1343 1846 1415 equidem
1873 1343 2017 1413 juste
2044 1339 2343 1395 secundum

776 1443 1207 1512 uniuscujusque
1272 1440 1598 1495 electionem
1651 1443 1815 1505 atque
1874 1433 2230 1495 voluntatem,
2291 1435 2343 1483 vi

772 1545 950 1589 autem
987 1532 1234 1597 minime,
1289 1528 1541 1600 quoniam
1591 1527 1775 1596 justus
1827 1534 1912 1580 est
1974 1524 2238 1577 Dominus
2291 1530 2345 1573 et

765 1625 1036 1695 justitiam
1085 1622 1316 1687 dilexit;
1353 1628 1429 1684 et,
1462 1635 1481 1670 ι
1525 1615 1605 1672 Tu
1634 1616 1847 1680 reddes,
1878 1614 2074 1684 inquit,
2134 1611 2347 1666 unicui-

772 1729 881 1784 que
908 1713 1204 1769 seeundum
1236 1725 1394 1780 Opera
1436 1708 1581 1779 ejus.
1622 1725 1643 1760 ι
1700 1705 1983 1773 Quomodo
2012 1713 2191 1759 autem
2225 1703 2346 1757 red-

772 1806 885 1869 det,
920 1805 966 1859 si
996 1804 1118 1873 quis
1140 1801 1192 1856 vi
1234 1812 1513 1872 peceatum
1546 1799 1870 1854 virtutemve
1901 1794 2191 1865 operatur?
2219 1807 2343 1847 nam

776 1894 821 1948 si
851 1893 900 1946 vi
929 1902 1075 1963 agat,
1125 1905 1303 1960 neque
1339 1898 1528 1960 peccat
1569 1887 1811 1957 iniquus,
1848 1898 2024 1955 neque
2055 1884 2191 1938 bene
2218 1881 2351 1935 facit

775 1984 980 2054 justus,
1006 1997 1181 2051 neque
1204 1980 1437 2035 trucidat
1459 1978 1792 2043 interfector,
1811 1992 1913 2031 nec
1930 1976 2197 2030 adulterat
2218 1985 2350 2027 mm-

2442 799 2537 854 καὶ
2574 798 2859 851 διοικεῖται
2891 796 2958 849 τὰ
2992 796 3248 864 ὁρώμενα
3295 794 3460 856 οῦτω,
3494 793 3711 862 θελήσει
3745 790 3882 843 Θεοῦ
3918 792 4011 842 καὶ

2442 885 2832 955 προστάγματι
2885 882 3298 951 συμφερόντως.
3332 883 3407 933 Οὑ
3444 881 3551 952 μὴν
3582 882 3638 935 δὲ
3689 880 3865 949 ἀρχὴν
3897 880 4009 947 ἔχει

2440 977 2511 1031 τά
2538 976 2838 1045 κτίσματα,
2865 975 2899 1046 ἢ
2926 973 3247 1027 δυναστείαν
3277 974 3471 1034 ἐπάγει
3496 1012 3511 1035 ,
3547 975 3580 1043 ἢ
3620 972 3815 1043 γνώμῃ
3846 974 4015 1036 ποιεῖ,

2444 1070 2477 1140 ἢ
2507 1070 2607 1139 τῆς
2634 1069 2811 1137 ψυχῆς
2850 1067 3140 1136 κατάρχει,
3168 1065 3200 1133 ἢ
3251 1066 3593 1133 ἁμαρτάνειν
3624 1064 3947 1132 ἀναγκάζει,
3979 1064 4011 1130 ἦ

2444 1159 2649 1231 ἀρετὴν
2681 1158 3001 1228 ὲνεργεῖν,ἢ
3036 1155 3278 1227 βασ.λεῖς
3304 1154 3568 1223 καθιστᾷν
3596 1171 3655 1206 τε
3680 1157 3774 1207 καὶ
3807 1142 4008 1222 591w-

2444 1268 2565 1313 τας,
2600 1249 2930 1318 πενομένους
2960 1265 3017 1299 τε
3065 1250 3163 1299 καὶ
3199 1246 3509 1309 πλουσίους,
3550 1245 3891 1309 ὑγιαίνοντας
3921 1240 4013 1292 καὶ

2445 1342 2785 1414 ἀρρώστους,
2818 1341 3156 1409 θνήσκοντας
3190 1339 3282 1389 καὶ
3310 1337 3539 1399 ζῶντας,
3575 1328 3804 1402 ἀτίμους
3830 1348 3885 1381 τε
3921 1331 4014 1380 καὶ

2446 1436 2684 1503 τιμίους,
2732 1430 3009 1501 ἐμφρονάς
3046 1447 3104 1481 τε
3133 1432 3225 1481 καὶ
3258 1430 3521 1495 ἅςρονας,
3556 1423 3794 1492 ἀγαθούς
3822 1438 3881 1474 τε
3918 1422 4015 1473 καὶ

2448 1524 2741 1593 πονηρούς.
2790 1522 3007 1583 ’Λθεῖας
3056 1522 3163 1589 γὰρ
3218 1520 3279 1572 τὸ
3338 1518 3562 1570 τοιαῦτα
3607 1513 3870 1567 δύνασθαι
3918 1512 4019 1579 τὴν

2447 1616 2665 1684 γένεσιν
2710 1614 2803 1667 καὶ
2851 1615 2977 1674 τοὺς
3026 1611 3261 1680 ἀστέρας
3297 1610 3562 1674 δοξάζειν.
3608 1606 3674 1658 Ἠ
3733 1610 3841 1673 γὰρ
3893 1602 4021 1669 ἁγία

2450 1707 2666 1775 Γραφὴ,
2717 1706 2954 1773 Κύριος,
2989 1704 3147 1773 φησὶ,
3180 1702 3444 1771 πτωχίζει
3476 1701 3571 1752 καὶ
3596 1697 3870 1760 πλουτίξει
3892 1737 3907 1757 ,
3938 1711 4026 1746 τλ-

2454 1801 2630 1853 πεινοῖ
2676 1798 2770 1852 καὶ
2799 1798 3013 1867 ἀνυψοῖ,
3053 1798 3149 1848 καὶ
3207 1796 3273 1848 τά
3306 1794 3560 1863 καθεξῆς.
3594 1792 3643 1861 7
3678 1791 3787 1843 Καὶ
3824 1787 4025 1855 Κύριος

2452 1890 2673 1944 θανατοῖ
2704 1890 2798 1941 καί⁵
2838 1890 3111 1953 ζωογονεῖ,
3152 1889 3381 1953 κατάγει
3440 1888 3517 1941 είς
3568 1882 3695 1954 ᾅδου
3747 1880 3841 1932 καὶ
3888 1879 4020 1928 ἀνά-

2454 1999 2560 2049 γει.
2591 1983 2689 2033 καὶ
2738 1981 2897 2031 τοῦτο
2947 1979 3173 2040 δικαίως
3208 1978 3304 2030 καὶ
3340 1978 3479 2028 κατὰ
3531 1972 3853 2043 προαίρεσιν
3888 1969 4021 2021 ἑκά-

782 2062 918 2124 chus
945 2086 962 2133 ;
992 2069 1241 2139 impurus
1263 2083 1370 2124 non
1398 2062 1482 2123 est
1509 2069 1777 2137 impurus,
1807 2079 1981 2134 nepte
2008 2063 2093 2141 fur
2120 2062 2351 2126 furatur,
2385 2058 2425 2113 Β
2460 2092 2547 2128 στα

2270 2077 2351 2126 υΓν
2385 2058 2425 2113 Β
2460 2092 2587 2128 στου
2638 2074 2728 2126 καὶ
2772 2074 3010 2139 κίνησιν,
3060 2072 3155 2121 καὶ
3182 2071 3242 2122 οὑ
3286 2072 3424 2122 κατὰ
3481 2068 3623 2136 βίαν.
3656 2065 3781 2116 Ὀτι
3818 2062 4026 2120 δίκαιος

781 2174 960 2227 neque
987 2159 1158 2213 salvat
1185 2158 1441 2221 salvator,
1484 2170 1584 2211 nec
1633 2155 1785 2225 virgo
1815 2152 2124 2219 virginitate
2160 2152 2347 2216 claret,

788 2265 963 2319 neque
996 2265 1132 2320 sapt:
1154 2246 1693 2319 sapiens.Quomodo
1708 2245 1937 2313 denique
1968 2243 2154 2312 puniet
2174 2240 2357 2295 Domi-

787 2342 914 2396 nus?
934 2344 1205 2412 quomodo
1217 2340 1347 2409 justi
1373 2349 1427 2393 et
1449 2338 1615 2392 multa
1635 2338 1748 2392 sive
1769 2337 1964 2390 veteris
1977 2351 2091 2390 sive
2109 2351 2261 2390 nova:
2283 2335 2355 2389 le-

784 2434 867 2503 gis
884 2432 1158 2498 exempla?
1175 2431 1339 2487 Nobis
1366 2444 1489 2485 vero
1508 2427 1855 2484 credentibus
1875 2442 1979 2481 non
2009 2427 2355 2482 solummodo

788 2526 1089 2585 secundum
1176 2532 1421 2576 naturain
1484 2519 1686 2574 moveri
1753 2520 2046 2573 creduntur
2100 2518 2352 2582 visibilis,

787 2620 882 2672 sed
937 2616 1098 2669 etiam
1136 2616 1259 2682 jure
1293 2628 1457 2683 super
1509 2626 1780 2667 naturam.
1823 2609 1957 2664 Nam
1997 2611 2090 2680 qui
2143 2620 2357 2665 creatu-

789 2722 879 2763 ras
922 2704 1048 2762 fecit
1084 2714 1259 2774 potest
1302 2718 1416 2770 eas,
1471 2712 1531 2757 ut
1588 2702 1839 2765 voluerit,
1898 2702 2204 2755 immutare.
2233 2700 2360 2754 ldeo

792 2798 1037 2871 prodigia
1077 2796 1205 2851 fecit
1235 2810 1399 2865 supra
1432 2803 1681 2849 naturam
1728 2793 1903 2863 posita
1957 2801 2063 2846 tam
2128 2801 2253 2846 ante
2286 2792 2356 2846 le-

791 2905 934 2961 gem,
960 2904 1123 2961 quam
1164 2890 1218 2942 in
1253 2889 1391 2958 lege,
1431 2899 1486 2943 et
1520 2896 1643 2957 post
1701 2886 1870 2955 legem
1906 2884 2250 2940 orationibus
2274 2884 2361 2954 ju-

787 2994 1023 3045 storum,
1055 2992 1111 3034 et
1137 2980 1460 3035 miraculum
1504 2976 1637 3033 fecit
1669 2992 1921 3048 magnum
1952 2991 2114 3047 super
2142 2991 2359 3030 omnem

791 3083 1030 3129 mentem
1082 3082 1247 3141 atque
1310 3085 1645 3127 sermonem.
1694 3067 1932 3124 Verbum
1990 3077 2211 3138 prepter
2261 3082 2362 3122 nos

794 3166 1135 3219 incarnattuu
1169 3172 1226 3217 et
1269 3176 1363 3231 per
1410 3159 1576 3214 vitam
1614 3159 1757 3214 inter
1813 3172 1913 3213 nos
1956 3164 2361 3219 conversatum,

793 3265 849 3307 et
880 3267 1045 3306 carne
1075 3265 1318 3321 passum,
1347 3258 1401 3305 et
1436 3247 1737 3303 redivivum
1766 3253 1822 3301 et
1852 3254 1975 3316 post
2005 3243 2366 3300 resurrectio.

796 3362 916 3401 llClll
999 3356 1380 3415 conspecmm,
1459 3350 1661 3397 tactum
1754 3349 1918 3409 atque
1993 3352 2363 3408 progressum,

798 3455 1004 3495 necnon
1064 3443 1119 3492 in
1175 3436 1372 3491 cmlum
1421 3449 1546 3489 curn
1610 3447 1776 3486 carne
1827 3431 2149 3498 ascendens,
2182 3441 2237 3486 et
2273 3410 2442 3501 perc

801 3531 1079 3601 apostolos
1106 3538 1361 3582 naturam
1381 3526 1675 3580 humanam
1695 3523 1905 3592 replens
1925 3521 2131 3593 Spiritu
2153 3530 2371 3586 sancto;

800 3623 1031 3691 etsigna
1084 3619 1211 3674 fecit
1240 3618 1381 3675 Deus
1445 3626 1609 3687 atque
1657 3616 1924 3687 prodigia,
1964 3622 2276 3682 terramque
2307 3613 2373 3665 ad

802 3715 959 3767 lldcut
1003 3711 1171 3766 traxit
1217 3709 1332 3766 sola
1364 3707 1751 3779 pradicatione
1783 3716 1838 3761 et
1887 3706 2193 3766 miraculis,
2246 3717 2376 3757 nec-

801 3820 910 3857 non
947 3817 1120 3870 usjue
1152 3801 1219 3856 ad
1269 3802 1410 3854 hanc
1467 3800 1658 3853 horam
1716 3797 1962 3867 prodigia
2018 3795 2273 3865 patravit,
2320 3800 2374 3847 et

808 3894 1041 3948 mortuis
1069 3901 1383 3948 sanctorum
1405 3889 1651 3959 reliquiis
1672 3888 2035 3958 precibusque
2055 3894 2371 3941 sanctorum

809 3984 1077 4039 mirabilia
1109 3991 1387 4053 operatur,
1419 3992 1473 4036 et
1521 3979 1726 4051 ligandi
1762 3987 1927 4049 atque
1982 3976 2225 4032 solvendi
2280 3991 2377 4043 po-

809 4086 979 4129 testas
1010 4074 1396 4129 manifestatur
1427 4090 1443 4137 ;
1480 4085 1601 4140 quae
1630 4070 1813 4125 omnia
1867 4078 1991 4123 sunt
2023 4082 2186 4138 supra
2219 4076 2375 4120 natu-

806 4184 947 4230 ram,
978 4168 1180 4237 Deique
1206 4179 1371 4234 opera
1401 4162 1818 4234 omnipotentis.
1850 4160 2144 4231 Propterea
2170 4159 2374 4214 inﬁrmi

807 4271 1094 4327 precantur
1126 4265 1185 4310 ut
1241 4255 1530 4308 sanitatem
1587 4253 1939 4322 accipiamus,
1986 4262 2041 4306 et
2094 4252 2283 4306 tentati
2317 4260 2377 4305 ut

808 4351 1102 4424 liberentur
1135 4362 1200 4401 ex
1242 4344 1506 4409 adversis,
1536 4354 1590 4399 et
1622 4345 1749 4398 dum
1779 4344 2047 4410 elementa
2072 4343 2379 4396 inordinate

811 4450 1117 4507 moventur,
1150 4438 1495 4509 postulamus
1536 4445 1596 4491 ut
1618 4435 1917 4490 secundum
1963 4433 2206 4488 ordinem
2259 4449 2374 4485 uno.

794 4546 1078 4603 ’veantnr,
1148 4544 1204 4591 et
1262 4534 1521 4604 pleraque
1569 4531 1704 4585 fiunt
1752 4531 1994 4582 virorum
2058 4532 2376 4579 sanctorum

811 4630 1084 4699 precibus,
1135 4629 1280 4683 velut
1338 4623 1520 4695 pluvia
1582 4630 1703 4693 pest
1756 4629 1970 4684 aestum,
2030 4627 2090 4671 ut
2136 4617 2377 4670 hostium

807 4724 1009 4789 clades,
1042 4730 1102 4775 ut
1133 4718 1295 4774 famis
1324 4724 1378 4771 et
1425 4714 1594 4783 pestis
1629 4712 1852 4777 solutio,
1889 4719 1943 4765 et
1983 4710 2243 4779 pleraque
2271 4707 2374 4760 alia

807 4824 860 4871 et
894 4816 1235 4869 iutlrrnoruru
1300 4806 1635 4866 saltationes.
1688 4811 1740 4857 et
1774 4800 2142 4855 calamitatuni
2174 4798 2377 4851 exstin-

807 4906 1042 4968 c.iones,
1081 4909 1301 4973 prepter
1329 4911 1452 4968 qua:
1508 4895 1836 4964 deprecatur
1893 4890 2157 4944 Ecclesia.
2211 4888 2379 4956 Igitur

809 5012 961 5067 spem
1004 4995 1059 5050 in
1092 4994 1262 5048 Deum
1288 4990 1484 5046 evertit
1511 4987 1646 5041 falsa
1674 4985 1741 5040 .lc
1781 4985 1997 5037 fortuna
2029 4992 2084 5035 et
2116 4980 2228 5035 fato
2262 4979 2379 5049 epi-

809 5092 922 5155 nio,
954 5088 1245 5158 ipsumque
1309 5083 1479 5138 Deum
1542 5077 1795 5142 destruit,
1851 5074 2207 5141 divinamque
2261 5072 2380 5139 ejus

811 5181 1135 5251 potentiam,
1161 5188 1217 5234 et
1246 5188 1464 5231 omnem
1503 5169 1837 5238 Scripturam
1874 5175 2139 5229 sanctam,
2184 5173 2238 5217 et
2277 5162 2383 5216 ini-

810 5288 1043 5344 quorum
1104 5284 1315 5340 pcenas,
1350 5276 1402 5321 et
1438 5266 1708 5336 justorum
1755 5260 2082 5323 mercedem,
2112 5269 2167 5313 et
2200 5254 2380 5309 omnia

812 5363 901 5418 Dei
939 5361 1214 5434 mysteria.
1247 5359 1367 5412 Ideo
1392 5356 1557 5410 nolite
1608 5352 1977 5408 Christianum
2008 5349 2208 5401 ducere
2257 5361 2382 5400 eum

810 5456 904 5526 qui
955 5456 1018 5510 de
1082 5452 1193 5507 fato
1221 5458 1276 5506 et
1308 5446 1602 5516 astrologia
1649 5454 1811 5512 atque
1857 5441 2127 5497 similibus
2178 5439 2381 5492 studet.

814 5546 880 5603 Et
912 5548 959 5603 si
991 5546 1117 5616 quis
1164 5541 1365 5597 dixerit
1407 5555 1466 5595 se
1521 5539 1723 5593 talibus
1798 5535 2003 5598 doceri,
2054 5550 2083 5588 a
2138 5536 2385 5588 daemone

812 5640 1090 5697 deluditur
1135 5645 1189 5691 et
1227 5633 1497 5706 rejicitur,
1534 5642 1589 5686 et
1622 5630 1690 5685 ab
1730 5628 1969 5684 Ecclesia
2004 5628 2060 5680 tit
2097 5628 2307 5680 alienus
2333 5633 2387 5678 et

814 5731 1069 5788 mendax.
1128 5727 1322 5785 Omnis
1390 5735 1568 5779 autem
1630 5722 1712 5775 vir
1772 5719 2079 5788 religiosus,
2138 5732 2261 5771 cum
2315 5718 2388 5770 sit

814 5825 1037 5889 Christi,
1065 5823 1158 5894 qui
1198 5830 1283 5876 est
1309 5818 1477 5873 virtus
1514 5815 1710 5881 Patris,
1730 5814 1955 5878 veritas,
1992 5813 2223 5865 Verbum
2270 5824 2385 5863 ont-

817 5918 1095 5989 nipotens,
1120 5923 1301 5985 speret
1332 5912 1385 5965 in
1444 5907 1751 5973 Dominum,
1788 5905 1879 5975 qui
1913 5915 1995 5961 est
2035 5919 2177 5959 nunc
2205 5912 2259 5958 et
2294 5917 2387 5971 per

814 6024 978 6067 emno
1028 6005 1315 6073 saeculum,
1362 6001 1622 6074 quoniam
1685 5999 1940 6071 prrterit‘
1992 5994 2162 6066 ﬁgura
2222 5993 2384 6067 hujus

2461 2166 2657 2235 Κύριος
2693 2164 2787 2215 καὶ
2824 2163 3163 2220 δικαιοσύνας
3192 2161 3474 2228 ἠγάπησε.
3511 2158 3617 2209 Καὶ
3647 2148 3728 2207 ὅτι
3766 2152 3867 2203 «Σὺ
3895 2152 4029 2202 ἀπο-

2460 2256 2647 2312 δώσεις
2680 2256 2914 2323 ἑκάστῳ,
2941 2258 3095 2321 φησὶ,
3116 2254 3255 2306 κατὰ
3281 2255 3346 2303 τὰ
3375 2252 3511 2319 ἔργα
3538 2246 3757 2302 αὑτοῦ.»
3784 2246 3890 2298 Καὶ
3913 2242 4032 2301 πῶς

2470 2346 2765 2408 ἀποδώσει,
2800 2346 2849 2397 εί
2887 2347 3028 2399 κατά
3082 2345 3201 2413 βίαν
3236 2342 3563 2413 ἁμαρτάνει,
3610 2339 3644 2408 ἢ
3680 2334 3974 2403 κατορθοῖς
4004 2333 4033 2384 ό

2464 2438 2574 2508 γὰρ
2607 2440 2751 2490 κατὰ
2784 2438 2908 2507 βίαν
2943 2436 3114 2489 ποιῶν
3141 2434 3263 2487 οὕτε
3300 2434 3484 2495 ἁδικος
3518 2429 3875 2499 ἁμαρτάνων,
3904 2423 4029 2477 οὔτε

2462 2533 2667 2592 δίκαιος
2698 2530 2980 2601 κατορθῶν
3010 2547 3023 2560 ο
3057 2530 3153 2581 καὶ
3197 2526 3323 2580 οῦτε
3358 2527 3387 2577 ὁ
3422 2524 3692 2592 φονεύσας
3723 2517 3939 2587 φονεὺς,
3994 2513 4029 2582 ἢ

2464 2624 2492 2673 δ
2551 2622 2844 2691 μοιχεύσας
2906 2620 3128 2691 μοιχδς,
3175 2620 3208 2688 ἢ
3255 2624 3283 2673 ό
3314 2616 3626 2686 ἀκάθαρτος
3680 2613 3777 2665 καὶ
3823 2606 4034 2678 ἅρπαξ.

2464 2715 2772 2785 ἀκάθαρτος
2822 2731 2882 2765 τε
2925 2714 3016 2766 καὶ
3063 2711 3271 2783 ἅρπαξ,
3325 2708 3449 2763 οὕτε
3500 2712 3529 2761 ό
3582 2705 3773 2770 σώζων
3826 2700 4031 2771 σωτὴρ,

2467 2810 2561 2861 καὶ
2614 2811 2643 2862 ό
2701 2807 2970 2879 παρθένος
3025 2806 3315 2876 παρθένος,
3384 2805 3480 2857 καὶ
3552 2800 3786 2869 σώφρων
3842 2796 3870 2847 δ
3924 2794 4033 2845 σώ-

2468 2918 2644 2969 φρων,
2676 2899 2771 2953 καὶ
2816 2902 2845 2952 ό
2880 2900 3089 2961 δίκαιος
3131 2898 3357 2959 δίκαιος.
3412 2894 3521 2948 Kal
3572 2894 3687 2953 πῶς
3717 2889 3905 2943 λοιπὸν
3942 2902 4037 2938 κο·

2467 2993 2620 3055 λάζει
2663 2991 2829 3056 Θεός;
2870 2990 2965 3042 καὶ
2999 2990 3117 3052 πῶς
3143 2989 3343 3041 δικαιοί
3383 2987 3477 3039 καὶ
3526 2985 3755 3036 πλεῖστα
3797 2981 3852 3033 ἐν
3881 2996 3939 3031 τε
3970 2979 4037 3045 τῇ

2471 3084 2685 3153 natus
2712 3086 2810 3137 καὶ
2838 3085 3014 3152 Καινῇ
3042 3082 3112 3133 τὰ
3159 3081 3538 3147 ὑποδείγματα
3568 3095 3584 3143 ;
3622 3075 3784 3130 ams
3812 3074 3923 3134 τοῖς
3954 3086 4042 3120 πι-

2472 3178 2617 3239 στοῖς
2640 3177 2773 3244 ἡμῖν
2795 3174 2915 3227 οὐδὲ
2943 3175 3002 3225 τὸ
3025 3173 3167 3226 κατά
3198 3173 3360 3241 φύσιν
3392 3170 3659 3223 κινεῖσθαι
3683 3167 3751 3219 τά
3784 3164 4039 3234 ἐρὼμενα

2475 3267 2636 3336 μόνον
2667 3266 2815 3332 δόξα,
2867 3267 3004 3319 ἀλλὰ
3052 3267 3149 3319 καὶ
3194 3265 3334 3334 ὑπὲρ
3366 3264 3529 3332 φύσιν
3557 3262 3803 3321 δικαίως.
3846 3257 3905 3309 Ὀ
3933 3254 4042 3323 γὰρ

2473 3358 2708 3428 ποιήσας
2752 3357 2851 3420 τὴν
2882 3356 3062 3409 κτίσιν
3111 3354 3286 3423 ἰσχύει
3338 3351 3699 3423 μεταϐάλλειν
3729 3348 3803 3410 ὡς
3852 3346 4042 3416 βούλε-

2472 3465 2584 3502 ται.
2621 3446 2710 3499 Διδ
2738 3448 2833 3499 καὶ
2879 3447 3083 3516 τέρατα
3130 3446 3429 3513 πεποίηκεν
3457 3445 3598 3511 ὑπὲρ
3630 3442 3812 3510 φύσιν,
3840 3441 3909 3492 τά
3941 3437 4046 3502 πρὸ

2471 3537 2567 3592 τοῦ
2600 3538 2789 3608 νόμου,
2821 3537 2891 3589 τά
2913 3539 2971 3589 ἐν
3014 3536 3093 3605 τῷ
3120 3537 3296 3604 νόμῳ,
3337 3538 3430 3588 καὶ
3469 3536 3608 3603 μετά
3659 3532 3824 3599 νόμον
3866 3545 4044 3599 προσ-

2472 3632 2657 3700 ευχαῖς
2692 3630 2803 3681 τῶν
2838 3629 3063 3683 δικαίων
3090 3668 3106 3691 ,
3137 3634 3232 3680 καὶ
3262 3629 3323 3682 τὸ
3376 3627 3519 3695 μέγα
3568 3626 3661 3677 καὶ
3694 3624 3836 3691 ὑπὲρ
3868 3624 4046 3674 πάντα

2486 3722 2612 3775 νοῦν
2639 3739 2698 3774 τε
2729 3723 2822 3774 καὶ
2847 3720 3006 3788 λόγον
3050 3724 3109 3774 τὸ
3171 3720 3523 3791 σσρκωθῆναι
3565 3719 3657 3769 τὸν
3707 3716 3879 3783 Λόγον
3909 3715 4049 3779 ὑπὲρ

2475 3811 2654 3882 ἡμῶν,
2688 3812 2783 3863 καὶ
2816 3808 3273 3879 ὲμπολιτευθῆναι
3323 3807 3402 3876 τῷ
3445 3807 3566 3877 βίῳ,
3598 3805 3694 3859 καὶ
3727 3804 3896 3874 σαρκὶ
3944 3821 4046 3855 πα-

2475 3904 2614 3967 θεῖν,
2644 3906 2736 3955 καὶ
2766 3903 3097 3969 ἀναστῆναι,
3145 3902 3239 3954 καὶ
3268 3900 3537 3969 ὁραθῆναι
3574 3898 3714 3968 μετά
3757 3900 3858 3968 τὴν
3891 3898 4045 3965 ἐγερ-

2476 4010 2583 4055 σιν,
2619 3992 2711 4043 καὶ
2730 3990 3151 4060 ψηλαφηθῆναι,
3184 3991 3277 4041 καὶ
3310 3986 3611 4056 τραφῆναι,
3639 3996 3732 4038 καὶ
3763 3988 3843 4047 εἰς
3878 3984 4043 4050 ούρα-

2477 4084 2600 4146 νοὺς
2637 4085 2776 4153 μετὰ
2810 4082 2909 4150 τῆς
2950 4082 3153 4151 σαρκὸς
3185 4080 3430 4133 ἀνελθεῖν
3485 4079 3579 4131 καὶ
3637 4077 3839 4144 πλῆσαι
3881 4073 4047 4126 Πνεύ-

2480 4191 2646 4243 ματος
2685 4172 2845 4241 ἁγίου
2875 4173 2977 4242 τὴν
3009 4171 3362 4243 ἀνθρωπίνην
3403 4169 3568 4238 φύσιν
3622 4168 3709 4221 διὰ
3759 4167 3869 4218 τῶν
3918 4168 4052 4218 am-

2479 4266 2703 4324 στόλων.
2731 4264 2826 4318 καὶ
2856 4265 3063 4333 σημεῖα
3091 4265 3186 4317 καὶ
3211 4264 3417 4333 τέρατα
3448 4262 3772 4332 ἐνεργῆσαι.
3800 4260 3896 4312 καὶ
3946 4258 4047 4325 τὴν

2477 4355 2804 4425 οίκουμένην
2842 4358 2923 4418 είς
2976 4354 3075 4425 τὴν
3125 4355 3311 4408 πίστιν
3365 4352 3593 4406 ιλκῦσαι
3646 4351 3796 4421 μόνῳ
3835 4350 3914 4418 τῷ
3950 4365 4053 4416 κη-

2481 4449 2723 4517 ρύγματι
2777 4448 3026 4510 καὶτοῖς
3099 4428 3365 4515 θαύμασι,
3449 4445 3545 4497 καὶ
3603 4446 3733 4511 ἄχρι
3797 4441 3890 4493 τοῦ
3955 4438 4050 4491 νῦν

2480 4541 2539 4592 ὲν
2593 4538 2870 4607 θαύμασιν
2938 4539 3189 4607 δνεργεῖν
3222 4578 3237 4603 ,
3308 4539 3408 4590 καὶ
3490 4536 3705 4605 νεκροῖς
3771 4532 4053 4599 λειψάνοις

2482 4632 2679 4699 ἁγίων,
2723 4630 2816 4682 καὶ
2847 4629 3033 4698 εὑχαῖς
3072 4629 3265 4698 ίερὲων
3310 4629 3703 4696 τερατουργεῖν
3745 4624 3835 4676 τὸν
3893 4622 4049 4682 Θεὸν.

2481 4721 2577 4774 καὶ
2621 4722 2719 4789 τὴν
2764 4721 2856 4773 τοῦ
2888 4720 3039 4773 λύειν
3085 4720 3181 4771 καὶ
3226 4704 3446 4788 δεσμεῖν
3488 4716 3859 4787 φανεροῦσθαι
3889 4714 4051 4767 δύνα-

2484 4829 2599 4881 μιν,
2631 4812 2775 4881 ἅπερ
2806 4812 2985 4865 πάντα
3022 4810 3305 4880 ὑπερφυῆ,
3340 4810 3439 4862 καὶ
3491 4808 3586 4862 τοῦ
3633 4805 4049 4874 παντοδυνὰμου

2482 4903 2619 4973 ἔργα
2651 4901 2809 4957 Θεοῦ.
2848 4901 2941 4954 Διδ
2974 4901 3068 4954 καὶ⁵
3110 4899 3530 4970 ἀρρωστοῦντες
3558 4898 3831 4969 εὐχόμεθα
3862 4897 4051 4951 ὑγείαν

2483 4996 2685 5063 εὑρεῖν,
2712 4997 2809 5047 καὶ
2848 4993 3359 5061 περιστατούμενοι,
3392 4992 3737 5061 λυτρωθῆναι
3783 4990 3893 5043 τῶν
3917 4990 4052 5041 δυσ-

2484 5086 2685 5157 χερῶν,
2743 5086 2839 5138 καὶ
2883 5085 2994 5139 τῶν
3022 5086 3313 5154 στοιχείων
3341 5085 3669 5155 παραλόγως
3698 5083 4055 5151 κινουμένων.

2485 5182 2564 5241 είς
2598 5179 2659 5230 τὸ
2697 5177 2944 5246 εὐφόρως
2970 5178 3266 5230 κινεῖσθαι.
3300 5177 3410 5229 Kal.
3452 5175 3680 5227 πλεῖστα
3728 5175 3937 5241 γίνεται
3970 5176 4055 5225 εὑ-

2484 5273 2607 5341 χαῖς
2634 5270 2859 5323 δικαίων
2889 5269 3121 5339 ἀνδρῶν
3154 5268 3230 5327 ὡς
3278 5267 3429 5328 ὑετὸς
3470 5266 3530 5329 ἐξ
3576 5265 3813 5334 αὐχμοῦ,
3849 5265 3924 5327 ὡς
3959 5281 4056 5314 κα-

2486 5361 2763 5430 ταστροφὴ
2802 5360 3119 5427 πολεμίων,
3167 5357 3241 5419 ὡς
3287 5356 3447 5423 λιμοῦ
3492 5356 3646 5415 λύσις
3697 5356 3792 5406 καὶ
3834 5353 4047 5423 λοιμοῦ,

2488 5453 2583 5505 sul.
2613 5453 2841 5504 πλεῖστα
2898 5452 3052 5503 ἄλλα·
3087 5451 3184 5502 καὶ
3248 5447 3492 5500 ἀσθενῶν
3550 5447 3888 5517 ἀναρῤώσεις
3912 5486 3928 5511 ,
3966 5449 4057 5499 καὶ

2486 5541 2781 5611 ἀπαλλαγὴ
2838 5540 3125 5610 λυπηρῶν,
3156 5538 3222 5591 δι’
3254 5538 3289 5592 ἀ
3341 5539 3440 5591 καὶ
3479 5541 3512 5608 ὴ
3552 5539 3853 5607 Ἐκκλησία
3891 5552 4059 5604 προσ-

2489 5634 2730 5702 εύχεται.
2776 5632 3101 5700 Ἀνατρέπει
3134 5632 3319 5683 τοίνυν
3352 5632 3451 5700 τὴν
3481 5633 3560 5692 είς
3596 5631 3730 5682 Θεὸν
3758 5631 3950 5681 ἐλπίδα
3989 5627 4057 5681 τὰ

2486 5724 2585 5792 τῆς
2619 5722 2788 5793 τύχης
2840 5739 2898 5775 τε
2944 5722 3037 5774 καὶ
3087 5723 3356 5790 γενέσεως
3401 5723 3494 5775 καὶ
3550 5722 3713 5774 αὑτὸν
3758 5723 3940 5775 ἀθετεῖ
3966 5722 4056 5773 τὸν

2491 5814 2656 5878 Θεὸν,
2687 5816 2781 5867 καὶ
2830 5814 2929 5883 τὴν
2981 5812 3147 5866 αὑτοῦ
3188 5814 3341 5866 θείαν
3390 5814 3622 5884 δύναμιν
3651 5854 3666 5878 ,
3730 5816 3827 5868 καὶ
3876 5815 4058 5868 πᾶσαν

2492 5905 2651 5970 ἁγίαν
2685 5904 2933 5975 Γραφὴν,
2969 5903 3066 5957 καὶ
3102 5902 3325 5956 κόλασιν
3356 5904 3579 5971 ἀδίκων,
3616 5908 3711 5958 καὶ
3757 5903 4057 5958 ἀπόλαυσιν

2494 5996 2739 6065 δικαίων,
2780 5998 2873 6049 καὶ
2908 5993 3084 6053 πάντα
3117 5993 3251 6048 Θεοῦ
3282 5996 3587 6067 μυστήρια.
3622 5997 3715 6053 Διὸ
3742 5996 3837 6051 καὶ
3868 5994 4055 6068 μηδεὶς
