4470 6878
471 683 540 770 t9
654 715 659 721 -
1526 689 1908 773 DIALOGUS
1948 693 2236 755 CONTRA

1961 693 2253 755 CONTRA
2292 694 2681 757 ILERESES.
3652 694 3726 764 50

470 794 712 861 ἡγείσθω
758 795 1105 863 Χριστιανὸν,
1162 794 1253 847 τὸν
1286 797 1417 863 περὶ
1447 796 1664 863 γένεσιν
1710 801 1802 851 καὶ
1848 801 2047 869 ἀστροο
2080 808 2125 866 Α
2158 817 2235 855 mu

1957 818 2047 869 ροο
2080 808 2125 866 Α
2158 804 2365 862 mundi.
2399 812 2452 857 et
2489 816 2740 859 creatura
2792 806 3164 877 corrumpitur
3220 813 3385 875 atque
3427 812 3720 877 mutatur;

468 884 656 951 λογίαν
679 887 773 937 καὶ
802 886 869 937 τὰ
906 882 1130 937 τοιαῦτα
1163 885 1520 964 σχολάζοντα.
1558 888 1667 940 Καὶ
1697 891 1750 941 et
1780 906 1863 952 τις
1889 891 2036 944 εἴποι
2143 907 2233 948 ηοξ

1959 907 2036 944 τοι
2143 907 2244 948 nos
2277 903 2458 951 autem
2491 895 2545 949 in
2598 895 2837 952 Christo
2876 912 2984 953 non
3034 913 3225 953 sumus
3275 899 3378 955 sub
3434 898 3724 956 elementis

466 976 532 1029 ὲκ
562 976 671 1028 τῶν
705 977 968 1029 τοιούτων
1004 976 1326 1045 μανθάνειν,
1363 979 1720 1047 ἠπατημένος
1752 980 1876 1041 ,ὑπὸ
1919 980 2037 1034 δαιο
2141 1000 2229 1037 mu

1956 999 2037 1034 αις
2141 986 2325 1039 mundi
2361 987 2679 1051 servientes,
2707 998 2868 1057 prout
2924 988 3064 1044 dixit
3120 989 3343 1052 Paulus.
3375 990 3472 1046 sed
3538 993 3721 1046 anima

470 1070 667 1135 μόνων,
701 1069 798 1120 καὶ
852 1068 1183 1132 ἀπόϐλητος,
1238 1071 1332 1131 καὶ
1381 1071 1479 1138 τῆς
1519 1069 1847 1140 Ἐκκλησίας
1878 1073 2036 1125 ἀλλόσ
2139 1082 2193 1128 et
2229 1098 2235 1127 ι

1953 1073 2036 1125 λό-
2139 1082 2193 1128 et
2229 1091 2394 1131 carne
2432 1080 2771 1147 corruptioni
2810 1080 3122 1150 superiores
3161 1079 3289 1136 facti
3318 1096 3509 1138 sumus
3543 1083 3718 1150 gratia

466 1172 637 1226 τριος,
668 1160 763 1211 καὶ¹
793 1160 1073 1213 ἀπατεὼν.
1102 1154 1215 1225 Πᾶς
1247 1160 1304 1213 δὲ
1340 1161 1591 1231 εύσεόὴς,
1619 1160 1715 1225 ’ὡς
1759 1161 1853 1215 τοῦ
1902 1164 2038 1232 Χρι-
2141 1163 2231 1236 Spi

1954 1181 2038 1232 ρι-
2141 1163 2379 1236 Spiritus
2409 1168 2863 1241 ineorruptibilis.
2885 1172 3056 1243 Igitur
3094 1173 3278 1228 omnia
3309 1184 3437 1230 sttnt
3464 1172 3558 1229 Dei
3588 1158 3718 1243 ορε-

470 1248 598 1299 στοῦ
631 1246 727 1312 ὢν,
757 1249 856 1318 τῆς
900 1250 1186 1329 δυνάμεως
1211 1249 1307 1303 τοῦ
1338 1250 1575 1320 Πατρὸς,
1612 1254 1713 1321 τῆς
1750 1252 2033 1321 ἀληθείας,
2138 1271 2218 1321 ra,

1461 1250 1575 1320 ρὸς,
1612 1254 1713 1321 τῆς
1750 1252 2033 1321 ἀληθείας,
2138 1271 2218 1321 ra,
2258 1273 2356 1313 nec
2397 1258 2693 1328 quidquam
2732 1276 2923 1318 eorum
2962 1263 3125 1319 Deus.
3224 1269 3226 1272 ’

472 1338 563 1424 τοῦ
621 1333 1032 1409 παντοδυνάμου
1082 1340 1283 1408 Λόγου,
1336 1342 1615 1401 ἔλπισάτω
1668 1336 1767 1395 επὶ
1802 1342 2031 1410 ’Κύριον
2064 1345 2172 1399 ἀπὸ
2214 1347 2306 1400 τοῦ
2340 1348 2437 1401 νῦν
2484 1350 2717 1416 καὶ-ἓως
2771 1351 2867 1405 τοῦ
2917 1353 3146 1418 αίῶνοςο
3206 1355 3289 1408 ὅτι
3338 1353 3576 1424 παράγει
3653 1352 3716 1406 τδ

470 1418 659 1498 σχῆμα
715 1429 809 1484 τοῦ
850 1432 1058 1500 κόσμου
1105 1432 1320 1499 τούτου,
1355 1436 1451 1486 καί⁵
1509 1435 1542 1504 ἡ
1612 1434 1793 1496 κτίσις
1836 1433 2075 1507 φθαρτὴ,
2116 1440 2213 1492 καὶ
2273 1441 2717 1515 ἀλλοιωθήσεται.
2747 1445 2856 1498 Καὶ
2887 1446 3048 1515 ἡμεῖς
3082 1446 3138 1499 εν
3169 1445 3391 1517 Χριστῷ
3421 1418 3523 1500 οὐκ
3551 1445 3722 1516 ἐσμὲν

467 1520 576 1575 ὑπὸ
639 1524 707 1575 τὰ
764 1525 1008 1592 στοιχεῖα
1074 1525 1170 1579 τοῦ
1220 1526 1428 1596 κόσμου
1473 1526 1900 1595 δεδουλωμένοι,
1961 1527 2037 1592 ὥς
2077 1546 2211 1600 φησι
2246 1533 2481 1601 Παῦλοςο
2520 1538 2634 1591 ἀλλ’
2667 1539 2959 1609 ὑπέρτεροι
2985 1541 3052 1609 τῇ
3083 1542 3229 1609 ψυχῇ
3256 1540 3351 1594 καὶ
3412 1542 3482 1610 τῇ
3551 1526 3723 1612 σαρκὶ

467 1614 1168 1707 γεγόναμεντῆςφθορᾶς,
1236 1620 1303 1688 τῇ
1344 1617 1439 1672 τοῦ
1486 1618 1770 1689 ἀφθάρτου
1821 1619 2142 1691 ηνεύματος
2207 1618 2433 1697 χάριτιεῖ
2465 1631 2953 1707 ’Δημιουργήματα
3005 1626 3101 1685 οῦν
3173 1632 3354 1685 πάντα
3407 1630 3583 1697 Θεοῦ,
3625 1631 3721 1697 καὶ

467 1706 644 1769 οὐδεὶς
676 1705 858 1760 αὐτῶν
901 1706 1057 1771 Θεός.
1696 1726 1700 1732 ‘
2465 1705 2468 1707 ’
2865 1717 2874 1728 “
2988 1732 2991 1735 λ

801 1796 804 1799 ⁷
1067 1803 1319 1858 ΚΕΦΛΛ.
1366 1806 1439 1860 Ζ⁹.
1733 1800 1737 1808 ¹

1366 1806 1439 1860 Ζ⁹.
1733 1800 1737 1808 ’
2742 1813 2971 1869 CAPUT
3007 1812 3120 1869 VII.

734 1896 869 1950 'Ott
922 1895 1113 1965 μόνος
1143 1896 1287 1962 Θεὸς
1316 1897 1355 1964 ἡ
1396 1896 1537 1964 ἁγία
1575 1897 1769 1966 Τριάς.
2292 1902 2448 1969 Quod
2478 1920 2499 1957 s

2292 1902 2448 1969 Quod
2478 1915 2823 1959 sacrosancta
2854 1904 3093 1960 Trinitas
3137 1904 3286 1959 solus
3314 1906 3386 1959 sit
3420 1902 3582 1959 Deus.

539 1982 633 2051 Εἷς
686 1988 742 2041 δὲ
796 1988 956 2056 μόνος
1008 1988 1124 2040 εστὶ
1180 1989 1276 2040 καὶ
1328 1989 1605 2058 ἀληθινὸς,
1660 1992 1689 2043 ό
1748 1989 1807 2043 ιν
1836 1989 2035 2061 Τριάδι
2215 1989 2299 2048 Uu

1962 1989 2035 2044 ιδι
2215 1989 2370 2049 Unus
2388 2008 2517 2051 vero
2538 1996 2687 2050 solus
2714 2007 2767 2051 et
2784 2013 2947 2073 verpa
2973 1996 3066 2067 qui
3085 2006 3169 2052 est
3190 1998 3244 2051 in
3264 1998 3536 2053 Trinitste
3559 1993 3727 2060 Deus.

470 2078 625 2145 Θεὸς,
670 2079 765 2131 καὶ
792 2077 985 2132 τοῦτον
1026 2079 1179 2132 πᾶσα
1223 2079 1490 2148 κηρύττει
1528 2079 1726 2144 κτίσις.
1757 2076 1909 2135 Οῦσα
1929 2081 2041 2152 γάρ
2069 2105 2113 2161 Β
2139 2093 2194 2139 et
2231 2084 2235 2138 1

1963 2081 2041 2152 ἀρ
2069 2105 2113 2161 Β
2139 2093 2194 2139 et
2231 2084 2335 2139 hoc
2364 2100 2554 2141 omnes
2600 2088 2893 2156 praedicant
2944 2099 3252 2156 creaturae;
3288 2096 3418 2143 sunt
3474 2088 3620 2143 enim
3660 2102 3728 2143 es

469 2170 621 2222 ἔστιν
672 2171 735 2222 ἐκ
778 2169 871 2223 τοῦ
917 2168 1069 2231 ὄντος
1111 2170 1198 2223 ἀεὶ
1249 2170 1485 2240 Πατρὸς,
1512 2170 1609 2224 καὶ⁵
1634 2172 1781 2241 λόγῳ
1807 2172 2041 2226 διοικου-
2143 2189 2209 2231 eo

1962 2190 2041 2226 ου·
2143 2189 2209 2231 eo
2240 2177 2331 2246 qui
2362 2190 2577 2245 semper
2606 2188 2688 2233 est
2720 2177 2901 2246 Pater,
2942 2189 2996 2235 et
3029 2180 3210 2235 Verbo
3247 2179 3727 2245 administrantur,

474 2260 632 2327 μένη,
687 2260 750 2311 ὲκ
799 2257 896 2311 τοῦ
931 2259 1131 2322 ζῶντος
1178 2259 1352 2326 Λόγου
1407 2258 1506 2312 τοῦ
1546 2259 1633 2315 ἀεὶ
1677 2261 1915 2332 Πατρόςο
1950 2262 2044 2315 καὶ
2144 2281 2239 2321 cun

1965 2262 2044 2315 Ital.
2144 2280 2268 2321 cum
2304 2276 2590 2335 generetur
2610 2268 2843 2322 Verbum
2868 2270 3021 2325 abeo
3046 2271 3141 2340 qui
3172 2285 3387 2341 semper
3424 2279 3511 2327 est
3541 2269 3730 2335 Pater.

472 2348 757 2419 ιΙνεύματι
804 2350 1140 2419 συνεχομένη
1190 2353 1286 2405 καὶ
1348 2351 1587 2416 μένουσα
1641 2351 1895 2423 ζωοποιῷ
1945 2352 2040 2406 τοῦ
2149 2364 2205 2413 et

1967 2352 2040 2406 ποῦ
2149 2364 2205 2413 et
2237 2357 2442 2427 Spiritu
2474 2358 2769 2414 vivificanti
2820 2361 2994 2417 solius
3019 2362 3126 2418 vivi
3154 2361 3245 2418 Dei
3309 2363 3562 2425 adunati:
3606 2378 3732 2435 per-

473 2441 610 2495 Θεοῦ
648 2440 744 2495 τοῦ
778 2442 941 2511 μόνου
978 2442 1074 2495 καὶ
1113 2441 1338 2506 ζῶντος.
1390 2442 1501 2496 Καὶ
1544 2441 1864 2505 ’Δθανάσιος
1916 2442 2046 2513 περὶ
2148 2463 2233 2503 ma

1960 2442 2046 2513 ερὶ
2148 2459 2388 2504 manent.
2448 2448 2605 2516 Quod
2663 2461 2715 2507 te
2761 2452 3037 2509 docebunt
3084 2454 3416 2511 Athanasius
3471 2469 3725 2527 magnus.

472 2533 664 2586 τούτου
715 2535 743 2586 ό
774 2533 974 2604 μέγας,
1012 2534 1109 2586 καὶ
1152 2533 1460 2604 Γρηγόριός
1516 2550 1577 2587 σε
1632 2535 1662 2588 ό
1722 2533 2047 2607 θεορῤήμων
2146 2538 2237 2595 Grt

1961 2551 2047 2588 ιων
2146 2538 2442 2611 Gregorius
2474 2542 2783 2613 Tlreologus
2820 2546 3110 2616 ceterique
3143 2561 3269 2602 cum
3329 2545 3466 2617 ipsis
3510 2545 3726 2604 Patres.

473 2624 787 2690 διδάξουσι,
844 2624 939 2680 καὶ
999 2625 1047 2677 ol
1100 2623 1282 2679 λοιποὶ
1336 2626 1436 2679 σὺν
1492 2625 1678 2691 αὐτοῖς
1718 2624 1830 2679 τῶν
1874 2625 2047 2681 Πατι-

558 2734 610 2770 ν.
1812 2757 1815 2759 ›

558 2734 610 2770 ν.
1812 2757 1815 2759 .

476 2734 612 2877 ρωε
637 2808 685 2862 Κ
687 2807 961 2873 ληρικός.
977 2807 1223 2871 ’1κανῶς,
1249 2807 1509 2875 δέσποτα,
1541 2808 1636 2862 καὶ
1659 2808 1749 2862 τὸν
1776 2809 1934 2877 λόγον
1956 2809 2051 2863 τὸν

473 2902 617 2953 κατᾶ
638 2902 746 2953 τῶν
762 2899 1031 2971 Ἑλλήνων
1047 2899 1154 2952 τῶν
1178 2900 1458 2954 πολυθέων
1492 2900 1835 2970 ιπέγνωμεν.
1853 2900 2051 2968 ’Λνάγ-

472 3012 545 3063 κη
600 2994 656 3046 δὲ
709 2993 913 3061 γνῶναι
946 2993 1040 3045 καὶ
1096 2992 1185 3045 τὸν
1241 2994 1371 3065 περὶ
1400 2994 1630 3063 Τριάδος
1678 2992 2056 3062 ἀριδηλότερον

475 3087 653 3154 λόγον,
684 3086 759 3149 ὼς
786 3085 851 3139 ἂν
877 3084 1003 3147 τοὺς
1030 3085 1121 3137 τὸν
1154 3084 1284 3137 Υίὸν
1315 3085 1407 3138 καὶ
1442 3085 1503 3139 τὸ
1533 3084 1758 3154 Πνεῦμα
1783 3083 1879 3138 τοῦ
1916 3082 2053 3137 Θεοῦ
2159 3093 2221 3141 ιιι

2159 3093 2221 3141 ιιι
2252 3098 2348 3141 eos
2398 3085 2490 3156 qui
2529 3084 2728 3141 Filium
2787 3096 2841 3142 et
2893 3086 3159 3157 Spiritum
3228 3087 3323 3142 Dei
3376 3088 3636 3158 rejiciunt
3668 3089 3737 3143 ad
3846 3118 3853 3127 ι

480 3176 814 3235 ἀθετοῦντας
846 3176 982 3241 πρὸς
1014 3176 1111 3245 τὴν
1140 3177 1240 3243 τῆς
1271 3176 1534 3243 ἀληθείας
1568 3178 1770 3243 γνῶσιν
1815 3174 2059 3228 ἑλκύσω-

483 3287 606 3338 μεν.
643 3270 757 3323 Καὶ
802 3268 913 3336 γὰρ
948 3267 1083 3336 πρὸς
1113 3268 1273 3319 τοῦτο
1314 3267 1549 3336 μάλιστα
1576 3269 1605 3320 ό
1637 3268 1810 3334 ἀγὼν,
1844 3265 2059 3319 πολλῶν

478 3364 647 3414 δντων
678 3360 787 3412 τῶν
816 3359 1034 3421 ἀσεϐῶς
1082 3357 1427 3412 ἀθετούντων
1451 3356 1541 3410 τὸν
1571 3357 1663 3412 τοῦ
1698 3357 1836 3412 Θεοῦ
1887 3357 2061 3426 Λόγον

479 3450 575 3505 καὶ
595 3450 655 3502 τὸ
686 3448 909 3518 Πνεῦμα
934 3449 993 3500 τὸ
1020 3449 1201 3515 ἅγιον.

1076 3560 1327 3613 ΚΕΦΛΛ.
1381 3559 1465 3612 ll’.

2084 3438 2132 3502 C

2221 2810 2473 2867 Clericus.
2511 2811 2680 2877 Satis.
2706 2814 2947 2881 domine,
2991 2814 3297 2871 orationem
3354 2823 3548 2871 contra
3575 2813 3736 2871 Grat-

2155 2917 2251 2958 cos
2282 2903 2439 2971 plura
2497 2905 2722 2958 numina
2774 2906 3070 2960 adorantes
3117 2909 3502 2976 percepimus;
3542 2916 3599 2961 at
3634 2920 3735 2963 ne-

2163 3008 2318 3048 cesse
2344 3004 2428 3048 est
2463 2994 2607 3049 scire
2664 2994 2909 3050 lucidum
2970 2999 3035 3051 de
3069 2995 3345 3052 Trinitate
3395 3012 3736 3061 sermonem,

2160 3178 2411 3232 notitiam
2447 3178 2699 3234 veritatis
2746 3179 3108 3235 adducamus.
3145 3179 3279 3233 Nam
3334 3180 3387 3235 in
3421 3181 3525 3236 hoc
3551 3181 3745 3250 praeci-

2162 3284 2265 3337 pue
2293 3278 2517 3323 constat
2547 3285 2755 3339 pugna,
2788 3286 2915 3326 cum
2958 3270 3116 3326 multi
3148 3271 3263 3327 sint
3289 3270 3384 3328 Dei
3413 3271 3654 3329 Verbum
3685 3280 3741 3329 et

2167 3357 2433 3429 Spiritum
2468 3370 2720 3416 sanetum
2760 3361 2923 3433 impie
2960 3362 3317 3435 abuegantes.

2750 3556 2983 3613 CAPUT
3023 3557 3165 3615 VIII.

482 3654 646 3711 Κατὰ
682 3652 993 3708 Ἰουδαίων
1019 3652 1117 3704 καί
1146 3652 1502 3717 Σαϐελλιου,
1540 3652 1641 3705 καὶ
1672 3650 1796 3706 τῶν
1826 3653 2057 3708 λοιπῶν
2157 3648 2247 3706 Cor

1975 3653 2057 3707 ὧν
2157 3648 2352 3706 Contra
2382 3648 2601 3705 Judwos
2627 3659 2675 3703 et
2708 3647 3026 3717 Sabellium,
3058 3659 3110 3705 et
3132 3650 3268 3707 alios
3291 3651 3457 3721 impia
3476 3651 3740 3707 docentes.

1172 3722 1385 3775 ἀθέων.

567 3817 917 3886 Ἁρχιερεύς.
949 3814 1083 3867 Οὐδὲ
1114 3813 1250 3880 πρὸς
1276 3811 1437 3865 τοῦτο
1467 3812 1706 3881 σπουδῆς
1749 3813 1861 3884 ἄρα
1899 3812 2059 3884 χρεία

486 3910 711 3978 πολλῆς,
747 3908 823 3971 ὡς
868 3906 970 3974 τῆς
1005 3906 1172 3971 ἀγίας
1222 3902 1443 3971 ἀπάσης
1468 3902 1722 3972 Τραφῆς
1766 3903 1900 3972 περὶ
1961 3902 2057 3957 τοῦ

490 4005 664 4069 Λόγου
693 4001 786 4055 τοῦ
817 3997 955 4052 Θεοῦ
994 3998 1089 4051 καὶ
1143 3995 1236 4048 τοῦ
1292 3996 1452 4062 ἀγίου
1501 3994 1821 4063 Πνεύματος
1854 4011 2063 4065 μαρτυ-

490 4096 709 4163 ρούσης.
747 4093 851 4145 Ἦν
883 4090 1061 4159 δήπερ
1089 4088 1255 4154 ἀγίαν
1296 4086 1525 4156 Γραφὴν
1553 4084 1804 4156 δέχεσθαι
1840 4086 2063 4153 λέγουσι

484 4188 645 4255 δῆθεν
690 4187 737 4237 oi
769 4183 902 4235 Θεὸν
952 4182 1077 4249 δίχα.
1118 4180 1291 4246 Λόγου
1326 4176 1654 4247 φρονοῦντες
1684 4177 1779 4255 καὶ
1811 4176 2065 4246 Ιῐνεύμα⁸

489 4294 605 4339 τος.
640 4274 831 4328 Ἀθεοι
860 4274 913 4325 δὲ
950 4272 1043 4324 καὶ
1074 4264 1243 4335 οὗτοι,
1278 4270 1325 4320 εί
1365 4268 1461 4320 καὶ
1504 4266 1640 4320 Θεὸν
1679 4266 1881 4319 εἰδέναι
1911 4266 2064 4334 νομί·

490 4372 697 4430 ζουσιν.
749 4364 806 4416 ’0
852 4356 1064 4414 ἀθετῶν
1094 4359 1228 4427 γὰρ,
1273 4357 1442 4427 φησί,
1482 4356 1576 4408 τὸν
1617 4355 1741 4407 Υίδν
1766 4354 1951 4407 ἀθετεῖ
1976 4354 2067 4406 τὸν

492 4461 712 4529 Πατέρα
744 4460 836 4511 τὸν
885 4455 1184 4523 πέμψαντα
1232 4452 1417 4505 αὐτόν.
1453 4450 1565 4503 Καὶ
1596 4451 1793 4517 ἀλογον
1821 4449 1915 4504 καὶ
1946 4449 2071 4503 ἀσο-

490 4572 591 4621 ςον
634 4550 767 4604 Θεὸν
815 4548 993 4616 ἐαυτῷ
1024 4546 1315 4615 κηρύσσει,
1373 4542 1471 4595 καὶ
1529 4540 1849 4609 Πνεύματος
1900 4538 2072 4609 χωρὶς

486 4645 580 4696 τοῦ
631 4643 832 4707 ζῶντος
878 4640 973 4692 καὶ
1006 4637 1152 4706 ζωὴν
1186 4638 1321 4689 πᾶσι
1362 4634 1641 4702 νέμοντος.
1680 4630 1847 4683 Ὀθεν
1899 4630 2072 4692 ἀθεοι,

487 4736 561 4796 ὡς
596 4733 829 4801 ἔφημεν,
886 4729 982 4782 καὶ
1015 4722 1161 4780 οὗτοι
1196 4728 1303 4779 εἱσι
1326 4766 1341 4790 ,
1386 4726 1480 4778 καὶ
1529 4722 1785 4786 καθάπαξ
1810 4720 2074 4774 ἀσεϐοῦν-

489 4843 581 4887 τες

494 4913 633 4981 μετὰ
668 4912 760 4965 τοῦ
802 4911 1167 4964 ὶνυποστάτου
1219 4905 1384 4961 αὑτοῦ
1437 4905 1609 4971 Λόγου
1633 4942 1649 4968 ,
1682 4903 1778 4957 καὶ
1808 4902 1903 4955 τοῦ
1937 4903 2075 4964 ζωο-

492 5004 647 5056 ποιοῦ
691 5001 1009 5071 Πνεύματος
1036 5038 1051 5061 ,
1097 4997 1279 5059 καθὼς
1321 4995 1731 5065 παρελάϐομεν,
1764 4992 1862 5046 καὶ
1893 4990 2076 5053 καθὼς

492 5096 641 5159 ἡμᾶς
698 5092 859 5153 αὐτὸς
916 5093 945 5143 ὁ
1000 5090 1095 5143 τοῦ
1137 5087 1275 5141 Θεοῦ
1340 5086 1514 5155 Λόγος
1562 5084 1798 5147 ἐδίδαξεν
1872 5080 2078 5150 Ἰησοῦς

496 5184 734 5253 Χριστὸς
761 5222 776 5245 ,
816 5182 880 5233 τὸ
926 5180 1269 5247 ἀπαύγασμα
1322 5177 1416 5242 τῆς
1478 5174 1634 5241 δόξης
1660 5213 1675 5238 ,
1714 5173 1744 5224 6
1792 5170 2078 5243 χαρακτὴρ

492 5274 594 5338 τῆς
647 5271 999 5331 ὑποστάσεως
1041 5267 1137 5320 τοῦ
1198 5265 1413 5334 [ἰατρὸς
1480 5266 1539 5315 εν
1599 5261 1679 5331 τῷ
1730 5257 2080 5313 ἀποστέλλειν

487 5364 616 5424 τοὺς
681 5360 933 5431 μαθητάς
1000 5356 1329 5427 μαθητεύειν
1382 5357 1451 5408 τά
1511 5354 1659 5420 ἔθνη,
1696 5351 2078 5422 παραγγείλας

494 5452 778 5523 βαπτίζειν
852 5449 978 5513 τοὺς
1053 5448 1412 5507 πιστεύοντας
1473 5446 1554 5507 εἰς
1614 5444 1821 5508 αὐτὸν,
1883 5445 1965 5505 είς
2018 5443 2080 5493 τὸ

492 5547 663 5613 ὄνομα
708 5542 803 5595 τοῦ
857 5539 1102 5609 Πιτρὸς,
1161 5540 1253 5591 καὶ
1316 5536 1411 5589 τοῦ
1459 5535 1615 5601 Υίοῦ,
1644 5534 1739 5587 καὶ
1784 5531 1881 5585 τοῦ
1920 5532 2079 5599 ἁγίου

501 5633 839 5701 Πνεύματος,
879 5630 997 5698 ἀμα
1045 5628 1157 5696 γὰρ
1212 5626 1309 5679 καὶ
1358 5625 1421 5678 τὸ
1462 5624 1660 5677 ἑνιαῖον
1717 5622 1812 5676 καὶ
1840 5620 1901 5674 τδ
1929 5635 2082 5690 τρισ-

498 5727 589 5776 σὸν
637 5721 737 5790 τῆς
795 5720 1029 5788 Τριάδος
1081 5716 1243 5779 αὐτὸς
1291 5717 1318 5768 6
1383 5710 1465 5776 εἷς
1518 5715 1621 5783 τῆς
1686 5712 1918 5780 Τριάδος
1977 5712 2081 5765 ιδι-

501 5813 654 5879 δαξε.
706 5813 817 5866 Καὶ
874 5812 931 5863 ὲν
973 5810 1049 5878 τῷ
1084 5810 1260 5861 εἰπεῖν
1316 5808 1414 5875 μὲν
1449 5825 1468 5857 t
1510 5808 1588 5868 εἱς
1618 5805 1681 5857 τὸ
1716 5804 1885 5874 ὄνομα
1912 5845 1926 5866 ,
1969 5822 1987 5856 ι
2024 5803 2084 5856 τὸ

500 5906 600 5973 τῆς
627 5902 858 5972 Τριάδος
904 5900 1171 5970 ἐκήρυξεν
1202 5898 1435 5950 ινιαῖον·
1473 5897 1533 5949 ἓν
1572 5896 1682 5964 γρρ
1714 5898 1809 5947 καὶ
1845 5895 2084 5963 ἀδιαίρε-

503 6011 597 6046 τον
624 5996 718 6047 καὶ
748 5994 810 6045 τὸ
838 5992 1031 6062 ὄνομα,
1066 5993 1140 6052 ὠς
1170 5990 1265 6043 καὶ
1301 5991 1334 6058 ἡ
1371 5989 1532 6041 ούσία
1567 5989 1666 6058 μία
1707 5988 1802 6039 καὶ
1847 5985 2083 6054 δύναμις

508 6088 605 6141 καὶ
636 6086 923 6158 ὶνέργεια’
960 6085 1060 6148 τὰς
1112 6084 1263 6152 τρεῖς
1308 6082 1365 6134 δὲ
1406 6079 1759 6143 ὑποστάσεις,
1787 6078 1846 6129 ιν
1888 6076 1967 6147 τῷ
1998 6077 2077 6128 εξ-

2238 3799 2509 3870 Pontifex.
2542 3800 2659 3856 Non
2720 3802 2891 3857 multo
2942 3802 3008 3856 ad
3067 3802 3171 3857 ltoc
3208 3818 3349 3873 opus
3403 3811 3488 3859 est
3534 3804 3745 3868 studio.

2162 3906 2288 3947 cum
2321 3891 2606 3963 Scriptura
2643 3906 2801 3948 saera
2836 3894 3037 3963 ubique
3066 3895 3134 3950 de
3163 3894 3344 3950 Verbo
3376 3894 3470 3949 Dei
3521 3903 3577 3951 et
3618 3894 3742 3967 Spi-

2162 3983 2271 4038 ritu
2301 3992 2491 4038 sancto
2525 3984 2902 4038 testimonium
2937 3982 2993 4037 fa
3008 3984 3137 4048 ciat,
3169 3999 3333 4051 quam
3371 3986 3566 4041 saltem
3597 3985 3748 4041 Seri-

2164 4083 2375 4141 pturam
2414 4085 2626 4126 sacram
2686 4085 2913 4137 prorsus
2976 4081 3235 4126 asserunt
3262 4086 3322 4126 se
3369 4072 3622 4142 accipere
3648 4073 3747 4142 qui

2166 4163 2334 4218 Deum
2386 4162 2508 4218 sine
2570 4160 2748 4216 Verbo
2806 4175 2860 4216 et
2917 4162 3127 4230 Spiritu
3182 4163 3519 4232 excogitant.
3572 4160 3748 4217 Porro

2166 4254 2311 4309 atliei
2343 4260 2474 4305 sunt
2537 4259 2593 4306 et
2650 4250 2777 4315 isti,
2838 4250 2944 4305 etsi
2998 4249 3169 4305 Deum
3204 4265 3433 4306 noscere
3456 4260 3742 4308 censeant.

2167 4345 2259 4398 Ait
2282 4345 2469 4399 enim:
2510 4362 2528 4395 ι
2577 4342 2684 4409 Qui
2724 4351 2887 4411 negat
2940 4341 3164 4405 Filium.
3224 4354 3385 4408 negat
3426 4352 3483 4397 et
3526 4341 3747 4398 Patrem

2170 4435 2265 4502 qui
2301 4435 2621 4496 misiteum,
2663 4449 2682 4483 ι
2721 4439 2776 4487 et
2809 4429 2975 4485 Deum
3025 4431 3147 4485 sine
3194 4427 3375 4484 Verbo
3419 4439 3475 4485 et
3505 4430 3627 4485 sine
3660 4445 3750 4486 sa-

2172 4523 2378 4593 pientia
2441 4520 2767 4587 sihimetipsi
2822 4520 3083 4587 praedicat
3141 4534 3355 4575 necnon
3388 4520 3508 4574 sine
3542 4518 3748 4587 Spiritu

2172 4612 2265 4682 qni
2295 4613 2425 4665 vivit
2456 4620 2511 4665 et
2542 4612 2709 4664 vitam
2765 4611 3027 4665 omnibus
3083 4611 3347 4680 impertit.
3385 4610 3749 4681 Quapropter,

2175 4714 2237 4759 ut
2266 4703 2531 4764 diximus.
2571 4702 2719 4757 atliei
2758 4710 2889 4757 sunt
2920 4711 2977 4757 et
3027 4702 3140 4766 isti,
3198 4709 3252 4756 et
3295 4715 3527 4771 prorsus
3573 4701 3753 4756 irreli-

750 4789 846 4874 xai
872 4820 1128 4874 ἀντίθεοι.
1181 4819 1346 4886 Ἦμῖν
1402 4817 1457 4868 δὲ
1511 4809 1592 4875 εἷς
1622 4814 1754 4876 Θεὸς
1794 4813 1823 4864 6
1864 4812 2070 4881 Πατὴρ,
2108 4789 2153 4844 D
2182 4794 2320 4862 κῑοεί
2356 4793 2403 4846 Di

1986 4812 2070 4881 ηρ,
2108 4789 2153 4844 ι)
2182 4794 2320 4862 giosi
2356 4793 2575 4862 Deoque
2604 4792 2929 4848 adversarii.
2974 4790 3144 4847 Nobis
3194 4802 3379 4846 autem
3430 4807 3577 4848 unus
3609 4794 3751 4849 Deus

2178 4887 2364 4950 Pater,
2436 4899 2561 4939 cum
2607 4884 3069 4940 consubstantiali
3118 4883 3240 4953 ejus
3284 4882 3461 4938 Verbo
3488 4892 3544 4940 et
3573 4882 3755 4939 viviti-

2179 4984 2340 5031 cante
2373 4976 2602 5043 Spiritu,
2645 4984 2808 5043 prout
2853 4974 3119 5029 traditum
3159 4982 3247 5029 est
3275 4974 3456 5039 nobis,
3505 4981 3561 5030 et
3590 4984 3756 5043 prout

2180 5070 2355 5138 ipsum
2414 5067 2507 5122 Dei
2548 5065 2777 5121 Verbum
2829 5081 2929 5121 nos
2974 5066 3226 5131 edocuit,
3255 5065 3419 5122 Jesus
3476 5063 3757 5131 Christus,

2179 5157 2437 5226 splendor
2481 5157 2667 5226 gloria:
2695 5165 2753 5211 et
2788 5158 2958 5225 ligura
2988 5157 3314 5211 substantiae
3342 5155 3542 5220 Patris,
3580 5171 3759 5225 quan-

2179 5250 2251 5304 do
2283 5247 2580 5315 discipulos
2630 5247 2782 5301 misit
2840 5245 2909 5302 ad
2976 5246 3256 5302 docendas
3298 5256 3508 5315 gentes,
3552 5249 3756 5318 jubens

2182 5340 2457 5409 baptizare
2487 5339 2781 5392 credentes
2818 5338 2871 5391 in
2906 5352 3031 5393 eum
3088 5336 3146 5391 iu
3205 5338 3426 5391 nomine
3466 5336 3669 5400 Patris,
3701 5346 3758 5392 et

2182 5412 2419 5492 Filii.'et
2456 5428 2695 5498 Spiritus
2723 5428 2923 5484 sancti.
2976 5427 3190 5497 Quippe
3238 5426 3563 5482 Trinitatem
3594 5428 3759 5483 simul

2181 5528 2237 5576 et
2275 5520 2537 5574 unitatem
2569 5516 2784 5575 Triadis
2839 5520 2955 5587 ipse
3014 5533 3158 5572 unus
3196 5532 3263 5572 ex
3298 5516 3501 5572 Triade
3526 5517 3756 5572 demon-

2179 5612 2374 5666 stravit
2395 5628 2410 5675 ;
2431 5609 2663 5665 dicendo
2690 5610 2911 5678 quidem
2945 5627 2958 5662 :
2984 5628 3002 5661 ι
3026 5606 3084 5664 in
3102 5609 3324 5665 nomine
3347 5629 3366 5661 ο
3396 5608 3613 5665 Tt'iudis
3634 5614 3759 5663 uni-

2186 5714 2353 5760 tatem
2386 5691 2721 5773 praedicavit,
2744 5718 2909 5756 unum
2944 5702 3090 5757 enim
3116 5709 3199 5758 est
3232 5701 3633 5758 etindivisibile
3663 5716 3760 5756 no-

2185 5813 2334 5860 men,
2386 5796 2530 5849 sicut
2579 5802 2633 5848 et
2666 5803 2858 5848 natura
2893 5810 3023 5859 una,
3071 5804 3126 5849 et
3176 5803 3417 5863 potestas
3464 5803 3518 5849 et
3559 5794 3756 5858 virtus,

2186 5896 2295 5943 tres
2324 5895 2507 5939 autem
2540 5900 2805 5955 personas
2838 5885 3043 5947 docuit,
3075 5885 3264 5939 dicens
3296 5904 3311 5938 :
3343 5882 3526 5940 Patris
3552 5894 3605 5940 et
3633 5882 3759 5940 Filii

2184 5986 2241 6033 et
2270 5976 2508 6045 Spiritus
2546 5971 2755 6040 sancti';
2796 5985 2847 6029 et
2900 5990 3119 6029 rursum
3154 5976 3319 6030 unius
3368 5973 3584 6029 Triadis
3612 5990 3763 6029 earn-

2186 6071 2313 6125 dem
2343 6076 2397 6124 ct
2432 6083 2594 6122 unam
2623 6075 2948 6136 potestatem
2998 6077 3161 6138 atque
3211 6071 3469 6125 virtutem
3518 6066 3758 6125 ostendit
