4470 6848
733 535 796 601 51
1567 540 1951 604 SYMEONIS
2000 544 2759 609 THESSALONICENCIS
2795 550 3150 611 ARCHIEP.
3935 545 4005 609 52

731 652 921 707 dicens
954 672 969 709 ι
1005 673 1025 707 ι
1065 654 1410 722 Baptisantes
1440 665 1567 721 eos;
1605 674 1623 703 ι
1656 671 1782 711 nam
1823 670 1934 712 non
1961 666 2171 711 tantum
2201 657 2315 728 agi-
2340 688 2389 742 Δ
2422 676 2493 712 πε

2237 657 2315 728 gi-
2340 688 2389 742 Δ
2422 662 2569 727 πεῖν,
2614 681 2629 712 ι
2670 661 2764 715 τοῦ
2804 664 3041 729 Πατρὸς,
3082 665 3177 716 καὶ
3232 661 3328 717 τοῦ
3380 663 3533 727 Υίοῦ.
3565 662 3663 717 καὶ
3714 661 3809 719 τοῦ
3844 661 4001 730 ἁγίου

733 753 821 800 tur
856 744 925 801 de
954 745 1296 816 baptizando,
1338 746 1430 800 sed
1471 746 1635 801 etiam
1683 746 1751 801 de
1802 747 2125 803 renovando
2157 756 2211 803 et
2243 747 2311 803 de
2419 750 2498 801 Πν

2243 747 2311 803 de
2419 750 2757 818 Πνεύματος.
2796 770 2813 803 ι
2854 752 2964 803 Καὶ
2998 754 3160 805 πάλιν
3190 754 3287 820 τῆς
3323 755 3460 822 μιᾶς
3502 752 3735 823 Τριάδος
3766 751 3864 821 τὴν
3904 752 4004 805 αύο

734 835 1031 891 reﬁciendo
1061 836 1304 903 homine,
1344 836 1490 907 quod
1532 838 1593 892 ῆι
1627 838 1828 893 virtute
1869 848 1922 891 et
1950 846 2220 904 potestate
2258 847 2316 893 et

732 930 907 999 gratia
940 929 1102 985 unius
1151 930 1392 987 nominis
1424 931 1820 994 omnipotentis
1852 927 2176 994 Tnmtatis;
2213 930 2312 985 sed

733 1034 1089 1088 personarum
1125 1023 1448 1079 Trinitatem
1476 1022 1773 1078 occidua-it
1806 1022 2041 1076 attendo
2068 1040 2081 1075 :
2110 1021 2312 1089 Patris,

733 1124 789 1168 et
813 1112 964 1183 Filii,
1006 1130 1063 1170 et
1088 1114 1329 1187 Spiritus
1376 1122 1552 1173 san.ti
1618 1114 1774 1183 Quod
1822 1115 1987 1170 etiam
2022 1116 2315 1171 c-v-ntitetur

731 1204 974 1262 Joannes
1004 1206 1337 1277 Τὲιεοιοςυπ,
1361 1207 1415 1260 in
1459 1206 1615 1261 initio
1651 1223 1731 1260 sm
1757 1205 2035 1273 Evangelii
2063 1207 2142 1260 sic-
2178 1206 2317 1258 srri-

738 1298 871 1353 hens
911 1318 925 1351 :
966 1318 987 1350 ε
1038 1298 1097 1352 in
1134 1300 1405 1370 principio
1454 1308 1572 1355 erat
1617 1297 1885 1365 Verbum,
1929 1317 1949 1352 ι
1990 1296 2191 1351 Filium
2218 1312 2319 1351 an.

742 1389 1029 1452 nuntians;
1069 1407 1090 1439 ι
1123 1399 1181 1445 ει
1204 1389 1449 1447 Verbum
1476 1399 1594 1446 erat
1631 1396 1773 1459 apud
1808 1390 1998 1452 Deum,
2033 1408 2051 1439 ι
2102 1388 2315 1443 Patrem

734 1480 974 1545 docens;
1017 1501 1037 1533 ι
1088 1490 1143 1537 et
1202 1482 1347 1541 Deus
1403 1495 1525 1540 erat
1574 1482 1840 1546 Verbum,
1878 1502 1895 1535 ε
1929 1481 2131 1536 Filium
2192 1496 2316 1537 esse

740 1570 890 1627 Patri
934 1576 1462 1631 consubstantialem
1521 1576 1934 1631 demonstrans.
1975 1593 1995 1625 ι
2034 1574 2147 1628 Hoc
2195 1581 2318 1627 erat

737 1666 791 1719 in
827 1666 1099 1735 principio
1150 1668 1295 1736 apud
1347 1669 1541 1733 Deum,
1576 1686 1595 1720 ε
1631 1668 1884 1737 quoniam
1941 1666 2316 1722 consubstan-

735 1756 865 1811 tiale
887 1766 969 1811 est
1015 1758 1160 1812 Patri
1190 1766 1244 1813 et
1276 1768 1635 1816 coaeternum.
1681 1778 1701 1808 ι
1736 1759 1931 1815 Omnia
1982 1775 2077 1829 per
2140 1760 2313 1827 ipsum

738 1847 878 1903 facta
914 1858 1077 1914 sunt;
1116 1868 1134 1899 ι
1169 1851 1430 1918 quoniam
1472 1851 1680 1917 creanti
1714 1862 2042 1922 coaperatus
2092 1862 2177 1907 est
2213 1850 2315 1904 Pa-

739 1939 833 2006 tri,
859 1956 984 1996 nam
1021 1958 1036 1997 :
1072 1960 1092 1995 ε
1125 1939 1309 1997 Verbo
1351 1942 1568 1998 Domini
1616 1944 1743 2002 coeli
1777 1944 1972 1998 ﬁrmati
2005 1952 2157 2011 sunt,
2182 1964 2199 1995 ι
2242 1944 2319 1997 ait

2420 843 2521 913 τὴν
2556 848 2644 897 καί
2684 847 2811 913 μὲαν
2845 847 3077 913 δύναμιν
3112 848 3208 900 καὶ
3239 848 3549 917 ἐνέργειαν,
3597 849 3656 901 tv
3698 846 3778 915 τῷ
3812 844 3999 910 λέγειν

2430 952 2449 985 t
2496 934 2851 1003 βαπτίζοντες
2882 937 3103 999 αύτούς.
3144 956 3162 989 ε
3201 937 3337 991 Οὐδὲ
3370 941 3478 1007 γὰρ
3506 935 3690 999 dum»;
3721 935 4006 1007 βαπτίζειν

2423 1028 2597 1089 ἐστὶν,
2638 1028 2757 1080 ἀλλ’
2792 1027 3168 1091 ἀνακαινίζειν
3219 1028 3315 1080 καὶ
3374 1027 3740 1080 ἀναπλάττειν
3779 1027 3872 1079 τὸν
3906 1026 4003 1095 βα-

2426 1118 2757 1183 πτιζόμενον
2785 1136 2798 1150 ·
2831 1119 2861 1171 6
2886 1120 2949 1189 δὴ
2984 1119 3195 1186 γίνεται
3241 1121 3304 1188 τῇ
3363 1118 3614 1187 ἐνεργείᾳ
3649 1116 3746 1171 καὶ
3776 1117 4006 1185 δυνάμει

2422 1211 2517 1263 καὶ
2589 1214 2774 1281 χάριτι
2854 1213 2948 1263 τοῦ
3006 1213 3128 1275 ἑνὸς
3203 1211 3466 1278 ὀνόματος
3522 1212 3622 1279 τῆς
3674 1209 4007 1263 παντοδυνά·

2424 1318 2529 1369 μου
2560 1301 2829 1372 Τριόδοςο
2861 1305 2923 1355 τὸ
2972 1303 3403 1372 τρισυπόστατον
3452 1301 3533 1366 3t,
3578 1300 3645 1353 ’έν
3692 1299 3771 1367 τῷ
3822 1298 4006 1365 λιγειν

2428 1412 2447 1449 t
2483 1394 2588 1447 Τοῦ
2620 1396 2835 1465 Πατρὸς
2859 1396 2953 1449 καὶ
2986 1394 3081 1448 τοῦ
3120 1395 3245 1447 riui
3285 1395 3382 1448 καὶ
3416 1393 3509 1447 τοῦ
3546 1392 3707 1461 ἀγίου
3748 1393 4007 1461 ιινεύμαο

2420 1504 2531 1551 τος.
2576 1505 2595 1539 ε
2634 1486 2853 1556 Ταύτην
2902 1487 3002 1557 ιὴν
3033 1486 3328 1553 ὁμολογίαν
3358 1487 3451 1537 καὶ
3488 1484 3742 1554 Ἰωάννης
3771 1486 3827 1537 έν
3859 1485 4004 1553 ἀρχῇ

2418 1579 2515 1632 τοῦ
2542 1580 2879 1648 Εὐαγγελίου
2910 1578 3175 1645 θεολογεῖ,
3201 1578 3345 1631 οὕτω
3380 1579 3630 1648 γράφων·
3671 1596 3689 1625 ε
3741 1577 3831 1629 ‘Ev
3860 1577 4003 1644 ἀρχῇ

2420 1664 2491 1740 ἦν
2524 1669 2551 1721 6
2587 1668 2783 1737 Λόγος.
2829 1692 2845 1720 ι
2876 1672 2969 1722 τὸν
3017 1670 3149 1722 Υἰῗλν
3185 1668 3573 1738 καταγγέλλων
3596 1708 3612 1729 ,
3665 1686 3684 1720 ε
3720 1669 3814 1721 καὶ
3839 1668 3868 1719 6
3901 1668 4008 1719 Λό-

2420 1777 2519 1827 γος
2546 1760 2615 1831 ἦν
2647 1760 2784 1830 πρὸς
2814 1762 2905 1813 τὸν
2934 1760 3089 1825 Θεὸν,
3122 1778 3139 1812 ι
3165 1761 3257 1814 τὸν
3290 1760 3507 1829 Πατέρα
3556 1758 3840 1821 διδάσκων,
3870 1776 3887 1809 ι
3915 1758 4009 1809 καὶ

2427 1852 2565 1915 Θεὸς
2601 1848 2671 1924 ἦν
2700 1854 2726 1905 6
2758 1853 2951 1919 Λόγος,
2993 1871 3010 1902 ι
3045 1853 3105 1903 τὸ
3139 1851 3428 1920 όμοούσιον
3457 1851 3548 1903 τοῦ
3587 1850 3721 1903 Υίοῦ
3756 1850 3889 1918 πρὸς
3918 1848 4010 1900 τὸν

2426 1943 2650 2017 Πατέρα
2704 1943 3010 2013 παριστῶν.
3069 1937 3237 2001 Οὗτος
3284 1938 3353 2013 ἦν
3404 1944 3463 1995 έν
3523 1943 3666 2010 ἀρχῇ
3715 1941 3853 2009 πρὸς
3916 1941 4009 1990 τὸν

743 2026 948 2097 David;
979 2040 1035 2087 et
1066 2049 1082 2087 :
1119 2050 1140 2084 ε
1194 2030 1325 2089 Siue
1378 2034 1500 2103 ipso
1559 2033 1765 2089 factum
1831 2048 1915 2090 est
1972 2035 2106 2091 nihil
2161 2035 2508 2108 quod3936

2243 2035 2308 2091 od
2338 2046 2387 2108 Β
2413 2035 2567 2090 Θεόν.
2613 2034 2832 2106 Ἐπειδὴ
2855 2036 2951 2089 καὶ
2982 2034 3268 2104 όμοούσιός
3293 2036 3411 2087 ἔστι
3436 2033 3515 2103 τῷ
3545 2034 3719 2102 Πατρὶ
3748 2034 3840 2084 κιὶ
3879 2047 4008 2083 συν-

737 2116 943 2175 iactum
975 2129 1078 2186 est.
1124 2140 1144 2176 ι
1185 2122 1337 2179 addit
1384 2122 1760 2197 Evangelium.
1799 2144 1818 2177 ι
1860 2126 2052 2181 Omnia
2082 2126 2253 2187 enim,
2288 2144 2307 2177 ι

736 2210 878 2265 dixit
906 2208 1073 2267 David
1107 2212 1177 2267 ad
1220 2211 1415 2278 Deum,
1452 2232 1472 2265 ε
1504 2214 1557 2268 in
1591 2214 1857 2284 sapientia
1890 2213 2093 2270 fecisti.
2144 2232 2163 2265 ι
2201 2214 2264 2268 Ει
2296 2229 2314 2270 :

741 2320 760 2351 ι
791 2299 849 2355 in
882 2299 1003 2370 ipso
1050 2303 1163 2359 vita
1205 2313 1343 2369 erat,
1373 2322 1393 2357 ι
1439 2304 1659 2359 divinus
1686 2302 1921 2375 Spiritus
1945 2319 1973 2357 a
2000 2304 2159 2359 Patre
2186 2319 2318 2373 pro-

736 2392 958 2455 cedens.
999 2412 1017 2445 ι
1047 2393 1100 2448 in
1132 2410 1243 2465 quo
1286 2404 1342 2451 et
1401 2412 1503 2451 nos
1536 2396 1789 2461 vivimus,
1817 2410 2107 2450 movemur
2137 2406 2190 2450 et
2220 2410 2315 2449 su-

738 2499 896 2550 mus;
930 2503 950 2537 »
982 2484 1076 2554 qui
1128 2485 1186 2541 in
1244 2486 1367 2557 ipso
1426 2496 1487 2542 ut
1542 2488 1723 2544 Verbo
1760 2499 1945 2543 manet
1972 2497 2027 2540 et
2058 2486 2316 2555 quiescit,

736 2575 807 2629 de
838 2590 948 2645 quo
1008 2576 1121 2646 ipse
1175 2577 1375 2633 iterum
1430 2577 1572 2633 dixit
1606 2596 1620 2632 :
1658 2597 1678 2629 ι
1714 2577 1850 2632 Cum
1902 2576 2115 2632 venerit
2148 2575 2317 2629 Para—

741 2668 919 2723 rietus
948 2683 1111 2736 quem
1152 2685 1254 2741 ego
1292 2670 1505 2726 mittam
1535 2671 1692 2727 Vobis
1750 2685 1780 2725 a
1812 2669 1995 2733 Patre,
2050 2669 2317 2737 Spiritum

742 2762 991 2818 veritatis
1044 2762 1138 2833 qui
1195 2777 1224 2817 a
1283 2760 1448 2817 Patre
1504 2761 1769 2830 procedit.
1822 2761 1912 2816 ille
1946 2760 2319 2815 testimonium

739 2854 1049 2924 perliibehit
1077 2856 1146 2912 de
1184 2870 1294 2912 me.
1343 2874 1363 2908 ι
1402 2854 1616 2921 Quibus
1658 2852 1922 2908 Dominus
1967 2867 2068 2907 nos
2103 2851 2321 2921 sapien-

739 2962 823 3005 ter
865 2949 1026 3006 docet
1081 2947 1349 3019 Spiritum
1410 2948 1574 3005 etiam
1631 2962 1699 3002 ex
1772 2945 1936 3000 Patre
2018 2945 2321 3015 procedere

740 3045 1033 3112 ipsumque
1054 3041 1121 3097 ad
1152 3055 1253 3098 nos
1278 3039 1488 3106 venire,
1526 3055 1632 3093 non
1682 3039 1900 3108 quidem
1933 3052 2028 3107 per
2064 3038 2322 3108 hyposta-

738 3136 841 3190 sim
866 3133 1188 3200 habitando,
1212 3137 1309 3190 sed
1329 3133 1484 3204 quasi
1507 3132 1560 3186 in
1582 3130 1935 3186 tabernaculo
1964 3144 2060 3199 per
2082 3129 2315 3200 gratiam

740 3228 1033 3285 manendo.
1064 3226 1252 3282 Viden’
1286 3224 1604 3295 mysterium
1632 3221 1795 3277 unius
1822 3221 1913 3275 Dei
1940 3219 2276 3277 inTrinitate
2300 3223 2325 3276 ἳ

2423 2132 2680 2199 ἀναρχος.
2716 2147 2735 2181 ε
2782 2130 2966 2183 Πάντα
2996 2130 3061 2183 δι’
3097 2128 3263 2182 αὐτοῦ
3297 2131 3534 2197 έγένετο.
3570 2146 3588 2178 ι
3624 2126 3861 2179 "Octaui.
3889 2141 4011 2175 συνο

2424 2220 2748 2288 δημιουργεῖ
2778 2218 2857 2287 τῷ
2885 2220 3081 2287 Πατρί.
3116 2238 3133 2270 ι
3170 2218 3261 2289 Τῷ
3292 2236 3310 2269 ι
3335 2219 3443 2288 γάρ
3478 2235 3497 2269 t
3530 2216 3689 2284 Λόγῳ
3732 2216 3940 2282 Κυρίου
3962 2214 4010 2265 οί

2427 2311 2658 2379 οὐρανοὶ
2683 2310 3121 2381 ἐστερεώθησαν,
3164 2329 3185 2364 ι
3228 2311 3255 2362 6
3289 2310 3456 2364 Aa6‘td
3499 2309 3671 2377 λέγει.
3703 2308 3813 2361 Καὶ
3840 2306 4011 2376 χωρὶς

2425 2401 2592 2456 αὐτοῦ
2642 2404 2860 2471 ἐγένετο
2903 2403 3023 2455 οὐδὲ
3082 2403 3139 2457 ἓν
3200 2402 3228 2455 δ
3292 2404 3519 2470 γέγονε’
3576 2402 3635 2454 τὸ
3682 2398 4012 2467 Εὐαγγέλιον

2428 2492 2629 2546 πάλιν
2672 2512 2690 2545 ι
2725 2495 2910 2547 Πάντα
2947 2513 2965 2546 ι
3004 2495 3135 2566 γάρ,
3166 2495 3194 2546 6
3215 2494 3385 2548 Δασίδ
3412 2510 3548 2564 φησι
3588 2494 3724 2561 πρὸς
3739 2493 3831 2546 τὸν
3855 2490 4010 2555 Θεὸν,

2430 2600 2449 2635 ε
2482 2585 2540 2637 ιν
2576 2584 2740 2655 σοφίᾳ
2768 2586 3030 2656 ἑποίησας
3050 2602 3101 2639 ἰ
3130 2588 3224 2642 καὶ
3252 2606 3270 2639 ε
3295 2587 3386 2641 Ἐν
3409 2586 3557 2655 αύτῷ
3578 2587 3695 2658 ζωὴ
3715 2581 3834 2656 ἧν,›
3862 2582 3923 2636 τὸ
3951 2584 4013 2635 ἐκ

2425 2674 2522 2727 τοῦ
2554 2676 2767 2747 Πατρὸς
2790 2678 3235 2748 ἐκπορευόμενον
3279 2678 3422 2733 θείον
3462 2677 3713 2747 Πνεῦμα,
3749 2678 3808 2731 έν
3846 2670 3890 2744 ᾧ
3920 2676 4014 2730 καὶ

2429 2768 2590 2837 ἡμεῖς
2626 2769 2809 2836 ζῶμεν
2853 2773 2949 2823 καὶ
3005 2770 3317 2842 κινούμεθα
3362 2770 3458 2824 καὶ
3507 2771 3694 2839 ἐσμὲν,
3730 2770 3788 2823 ιν
3838 2768 4014 2836 τούτῳ

2436 2858 2603 2927 μένον
2638 2860 2824 2922 ἀῖδίως
2851 2860 2927 2923 ὡς
2960 2860 3123 2932 Λόγῳ
3150 2862 3246 2915 καὶ
3268 2863 3761 2930 επαναπαυόμενον
3791 2861 3919 2929 περὶ
3950 2852 4014 2912 οῦ

2426 2950 2523 3003 καὶ
2554 2951 2717 3005 πάλιν
2762 2952 2922 3015 αύτός
2972 2970 3161 3023 φησιν,
3206 2972 3226 3005 ε
3256 2954 3428 3008 Ὅταν
3477 2953 3534 3006 δὲ
3569 2952 3699 3024 ἔλθῃ
3756 2955 3785 3006 6
3829 2951 4015 3022 Παρά-

2423 3042 2618 3112 κλητος
2639 3084 2653 3107 ,
2682 3044 2742 3095 ὃν
2772 3042 2883 3110 ιγὼ
2920 3044 3122 3113 πέμψω
3161 3046 3291 3113 ὑμῖν
3325 3046 3481 3114 παρά
3528 3044 3625 3097 τοῦ
3660 3044 3911 3114 Πατρὸς.
3950 3042 4015 3095 τὸ

2431 3132 2657 3203 Πνεῦμα
2686 3135 2785 3203 τῆς
2812 3135 3096 3205 ἀληθείας,
3143 3135 3173 3189 6
3216 3135 3370 3207 παρά
3418 3135 3511 3189 τοῦ
3572 3135 3790 3205 Πατρός
3845 3135 4016 3187 ἐκπο-

2428 3226 2663 3294 ρεύεται,
2698 3228 2904 3289 ἐκεῖνος
2934 3228 3276 3295 μαρτυρήσει
3307 3228 3439 3296 περὶ
3470 3226 3629 3293 ἐμοῦ.
3672 3243 3691 3278 ι
3737 3223 4013 3280 Ἐνταῦθα

741 3324 930 3396 σαφῶς
956 3323 1200 3378 διδάσκει
1232 3322 1261 3376 6
1287 3318 1512 3391 Κύριος,
1543 3318 1627 3371 ὅτι
1674 3314 1773 3370 καὶ
1825 3317 1890 3369 εκ
1915 3313 2012 3369 τοῦ
2040 3317 2256 3387 Πατρὸς
2282 3320 2644 3389 ικπορεύεται
2674 3322 2736 3374 τὸ
2782 3321 3027 3390 Πνεῦμα,
3057 3323 3154 3375 καὶ
3185 3322 3320 3376 αὐτὸ
3361 3324 3495 3394 πρὸς
3561 3322 3709 3391 ἡμᾶς
3769 3322 4013 3393 ιρχεται.

740 3417 842 3490 οὐχ
864 3412 1241 3478 ὑποπατικῶς
1262 3410 1525 3480 ἔνοικοῦν,
1554 3408 1691 3465 ἀλλά
1718 3410 1784 3480 τῇ
1818 3407 2001 3481 χάριτι
2031 3410 2349 3483 ινσκηνοῦν.
2386 3414 2549 3486 ὀρᾷς
2577 3417 2637 3469 τὸ
2669 3417 2973 3488 μυστήριον
3008 3415 3102 3468 τοῦ
3140 3416 3305 3486 μόνου
3341 3418 3400 3470 έν
3427 3416 3620 3487 Τριάδι
3652 3416 3789 3471 Θεοῦ
3816 3434 3831 3481 ;

1370 3526 1597 3585 CAPUT
1634 3526 1726 3583 IX.

743 3621 1061 3693 Evangelia
1100 3622 1246 3694 dicta
1272 3620 1506 3694 Sabellio
1555 3622 1819 3687 opposita.
1871 3624 1996 3679 Alia
2025 3623 2110 3693 (ea:
2141 3622 2204 3677 γ.
2232 3622 2321 3694 Τ.)

952 3704 1138 3746 contra
1177 3691 1397 3746 Judcos
1427 3700 1476 3744 et
1506 3694 1737 3761 reliquas
1768 3694 1955 3761 impias
1984 3691 2183 3764 gentes.

819 3783 1142 3853 Evangelica
1175 3783 1397 3852 quidem
1441 3782 1587 3838 dicta
1638 3792 1767 3840 sunt
1808 3794 2034 3854 propter
2063 3784 2322 3855 blasphe-

746 3878 887 3933 mias
915 3875 1033 3931 Afri
1064 3874 1315 3935 Sabellii.
1345 3873 1443 3945 qui
1484 3874 1729 3944 profecto
1766 3874 2120 3949 Evangelium
2183 3880 2327 3935 acci-

748 3969 958 4047 piebat;
984 3969 1079 4024 tibi
1110 3977 1294 4024 autem
1318 3967 1605 4023 ostendam
1633 3982 1697 4025 ea
1718 3983 1838 4039 quae
1856 3979 2012 4025 vetus
2042 3968 2325 4041 Scriptura

745 4062 815 4114 de
842 4058 951 4115 Deo
979 4059 1033 4114 in
1069 4058 1247 4115 tribus
1288 4059 1539 4129 personis
1562 4056 1795 4129 profert.
1829 4057 1944 4115 Hoc
1974 4074 2085 4115 non
2119 4060 2326 4115 solum-

749 4152 913 4206 modo
954 4148 1332 4219 Evangelium,
1367 4147 1463 4205 sed
1492 4156 1547 4204 et
1603 4147 1819 4219 Moyses
1870 4150 1925 4204 in
1974 4150 2117 4221 iege,
2162 4160 2327 4219 atque

749 4241 1034 4313 propwa
1070 4239 1458 4309 praedicarunt.
1524 4244 1737 4310 Moyses
1784 4239 2007 4309 quidem
2064 4256 2187 4295 eum
2232 4240 2327 4310 qui

752 4348 969 4405 setnper
1005 4340 1091 4387 est
1116 4334 1283 4387 Deum
1324 4340 1381 4386 et
1431 4329 1647 4387 Patrem
1679 4331 1882 4402 ubique
1910 4333 2193 4402 pradicat,
2232 4335 2326 4404 qui

754 4424 919 4482 Verbi
944 4426 1039 4481 Dei
1076 4423 1202 4480 Filii
1236 4422 1555 4496 mysterium
1606 4422 1862 4493 intelligit
1888 4423 1942 4479 in
1973 4424 2159 4478 audita
2196 4439 2329 4481 voce

751 4520 932 4587 divina
991 4526 1047 4572 et
1097 4523 1354 4582 suscepta
1403 4516 1607 4569 virtute
1661 4512 1823 4568 Verbi
1882 4516 2147 4570 viventis.
2188 4513 2325 4571 Nam

754 4610 986 4681 audiens
1010 4607 1219 4676 audivit
1254 4604 1494 4661 Verbum
1527 4604 1688 4675 cujus
1724 4605 2153 4661 incarnationem
2187 4621 2328 4677 prte-

751 4700 1028 4768 rngnovit.
1058 4696 1305 4751 Primum
1351 4694 1573 4766 quidem
1620 4695 1817 4750 rubum
1862 4696 1997 4751 vidit
2039 4697 2326 4752 ardentem

761 4804 813 4860 et
844 4801 1026 4847 tamen
1056 4788 1280 4843 minime
1306 4795 1715 4855 consumptam,
1750 4788 2040 4857 ipsumque
2064 4787 2156 4843 Dei
2190 4788 2328 4845 Ver-

2360 3534 2407 3594 ο

2993 3532 3051 3604 9
3076 3534 3327 3588 κεεΑΑ.
3378 3532 3456 3587 θ’.

2439 3625 2515 3680 Τὰ
2547 3626 2911 3695 eiram-extth
2938 3625 3090 3678 κατὰ
3123 3626 3479 3679 Σαϐελλίου.
3508 3625 3734 3695 ,ταῦτα
3764 3620 4018 3695 (τὲ-κατὰ

2536 3692 2867 3761 Ἰουδαίων,
2908 3696 3009 3749 καί
3058 3695 3180 3749 τῶν
3220 3694 3455 3749 λοιπῶν
3484 3694 3681 3749 ἀθέων
3707 3692 3923 3747 ἐθνῶν.

2515 3788 2675 3842 ’Λλλά
2722 3787 2792 3841 τὰ
2846 3787 3184 3856 εὐαγγελικά
3240 3788 3340 3858 μὲν
3390 3784 3481 3839 διὰ
3516 3786 3613 3848 τὰς
3661 3782 3758 3838 τοῦ
3814 3783 4015 3845 Λίϐυος

2448 3878 2745 3935 Σαόελλίου
2796 3878 3047 3931 λέλεκται
3111 3877 3458 3947 βλασφημίας
3483 3914 3500 3940 ,
3534 3876 3695 3947 δῆθεν
3740 3876 3801 3929 τὸ
3843 3875 4015 3943 Εὐαγ-

2434 3972 2615 4039 γέλιον
2642 3969 3341 4039 δεχομένουιἛκθήσομαι
3387 3969 3446 4023 δέ
3499 3984 3585 4021 σοι
3636 3967 3733 4022 καὶ
3792 3968 3857 4020 έκ
3912 3968 4015 4032 τῆς

2436 4062 2674 4122 παλαιᾶς
2705 4061 2932 4131 Γραφῖκ
2961 4062 3029 4115 τὰ
3058 4061 3188 4130 περὶ
3218 4059 3313 4113 τοῦ
3362 4062 3421 4113 έν
3452 4058 3643 4128 Τριάδι
3677 4057 3835 4114 Θεοῦ.
3877 4056 4015 4111 Τοῦ·

2436 4170 2536 4207 τον
2580 4155 2643 4206 ού
2693 4153 2753 4206 τὸ
2786 4152 3123 4218 Εὕαγγέλιον
3158 4152 3340 4221 μόνον,
3381 4149 3517 4203 ἀλλὰ
3563 4151 3656 4202 καὶ
3686 4150 3927 4211 Μωῦσῆς
3956 4148 4015 4200 iv

2433 4245 2510 4313 τῷ
2540 4246 2692 4313 νόμῳ
2732 4244 2830 4296 καὶ
2886 4243 3168 4313 προφῆται
3222 4240 3424 4303 πάντες
3470 4238 3768 4309 έκήρυξαν.
3804 4239 3866 4292 Ὀ
3913 4238 4013 4308 μιν

2434 4337 2543 4405 γάρ
2570 4334 2811 4403 Μωῦσῆς
2867 4332 2960 4387 τὸν
3014 4332 3105 4385 ἀεὶ
3158 4331 3285 4383 ὄντα
3343 4331 3477 4383 Θεὸν
3525 4332 3620 4383 καὶ
3655 4330 3874 4399 Πατέρα
3926 4328 4013 4381 διὰ

2438 4425 2661 4479 πάντων
2690 4422 2980 4493 κηρύσσει.
3029 4422 3089 4483 6;
3120 4422 3212 4473 καὶ
3263 4419 3359 4473 τοῦ
3400 4420 3578 4486 Λόγου
3632 4420 3884 4473 κατανοεῖ
3919 4416 4013 4470 τοῦ

2437 4512 2569 4567 Υίοῦ
2601 4511 2736 4565 Θεοῦ
2770 4512 2832 4565 τὸ
2865 4511 3202 4580 μυστήριον,
3249 4512 3307 4562 ἑν
3340 4510 3417 4578 τῷ
3447 4508 3601 4571 θείας
3646 4508 3869 4561 ἀκούειν
3900 4524 4012 4574 φω-

2436 4602 2556 4672 νῆς,
2588 4604 2685 4655 καὶ
2711 4602 2806 4654 τοῦ
2858 4602 3036 4668 Λόγου
3082 4600 3178 4653 τοῦ
3210 4599 3412 4663 ζῶντος
3438 4596 3690 4667 δέχεσθαι
3722 4597 3822 4665 τὴν
3851 4596 4008 4661 ἐνέρ-

2433 4711 2612 4763 γειαν.
2643 4694 2720 4746 Τὸ
2757 4692 2872 4763 γὰρ
2905 4692 3154 4757 ἀκούειν,
3185 4690 3361 4758 Λόγου
3389 4690 3536 4744 ίστὶν
3560 4686 3798 4751 ἀκούειν,
3837 4682 3898 4741 οὗ
3921 4686 4013 4738 καὶ

2434 4790 2535 4856 τὴν
2579 4788 2857 4857 σάρκωσιν
2898 4785 3189 4855 προέγνω,
3239 4785 3458 4854 πρῶτον
3492 4782 3593 4851 μὶν
3647 4780 3811 4849 βὶτον
3868 4794 4011 4831 κατ-

766 4889 890 4939 imm
913 4884 1015 4940 sub
1042 4881 1279 4936 hominis
1315 4879 1488 4934 forma
1523 4878 1572 4933 ei
1601 4879 1940 4949 colloquens,
1971 4879 2098 4948 quia
2127 4896 2328 4937 secun-
2365 4884 2409 4939 D
2441 4874 2531 4927 ιδὼ

2247 4898 2328 4936 ηι-
2365 4884 2409 4939 D
2441 4874 2564 4927 ιδὼν
2604 4872 2949 4943 φλεγομένην
2974 4912 2989 4937 ,
3024 4870 3290 4941 μηδαμῶς
3323 4870 3381 4922 δὲ
3425 4870 3745 4938 καιομένην,
3784 4868 3881 4920 καὶ
3924 4866 4012 4918 αύ-

763 4974 895 5051 dum
925 4975 1221 5031 Jeremiam
1278 4980 1502 5042 propter
1568 4970 1819 5026 homines
1868 4971 1921 5024 in
1974 4980 2115 5027 terra
2150 4972 2327 5028 visum

766 5079 871 5132 est,
926 5077 981 5127 et
1036 5067 1179 5122 inter
1231 5063 1484 5118 homines
1530 5071 1917 5118 conversatum
1978 5073 2101 5129 est,
2161 5073 2216 5119 et
2263 5065 2332 5120 ad

765 5173 938 5227 tpSllm
974 5154 1200 5225 Moysen
1238 5151 1376 5207 dixit
1410 5167 1427 5203 :
1475 5168 1495 5203 ε
1541 5153 1653 5221 Ego
1686 5168 1810 5207 sum
1860 5152 2002 5207 Deus
2034 5152 2330 5219 Abraham,

762 5262 813 5309 et
847 5248 989 5302 Deus
1042 5248 1220 5305 Isaac.
1282 5250 1339 5297 et
1395 5240 1538 5297 Deus
1583 5240 1775 5303 Jacob,
1815 5259 1833 5293 ι
1868 5243 2011 5311 quod
2059 5251 2117 5295 ut
2166 5244 2330 5298 homo

766 5352 1033 5411 apparens
1060 5345 1112 5391 et
1150 5333 1378 5404 angelus
1404 5346 1433 5385 a
1458 5330 1743 5401 Scriptura
1787 5333 2137 5400 appellatum,
2170 5333 2332 5387 simul

766 5416 1123 5497 semetipsum
1154 5434 1315 5479 vocat
1364 5423 1558 5486 Deum,
1612 5424 1892 5493 triumque
1940 5424 2185 5478 meminit
2234 5439 2335 5493 pa-

770 5522 1164 5581 triarcharum,
1199 5517 1389 5573 dicens
1422 5535 1437 5571 :
1483 5532 1503 5566 ι
1542 5514 1654 5585 Ego
1691 5529 1811 5569 sum
1864 5515 2005 5570 Dens
2032 5515 2333 5580 Abraham,

764 5624 813 5666 et
848 5612 990 5666 Deus
1020 5611 1192 5668 lsaac,
1234 5617 1291 5662 et
1334 5607 1475 5662 Deus
1502 5604 1693 5669 Jacob,
1740 5622 1759 5656 ›
1792 5616 1852 5659 ιιι
1896 5605 2022 5661 inde
2065 5614 2339 5660 monstra-

769 5718 871 5771 ret,
904 5707 1047 5760 sicut
1076 5714 1129 5758 et
1160 5705 1339 5773 ipsum
1366 5717 1397 5757 e
1430 5700 1649 5771 Virgine
1681 5702 2024 5756 incarnatum
2061 5710 2336 5756 monstra-

767 5802 866 5862 bit,
912 5796 1199 5851 Trinitatis
1244 5792 1589 5863 mysterium.
1646 5792 1846 5848 Deinde
1899 5792 1989 5845 Dei
2064 5794 2225 5846 verba
2280 5792 2332 5845 in

768 5889 970 5953 tabulis
999 5887 1229 5957 lapideis
1267 5885 1479 5957 Moyses
1520 5884 1750 5953 accepit,
1776 5883 2032 5950 virtutem
2066 5880 2226 5936 Verbi
2256 5880 2337 5934 vi-

771 5983 948 6045 ventis
984 5978 1279 6037 ostendens
1337 5987 1390 6036 et
1446 5983 1648 6035 docens
1698 5990 1794 6032 uer
1841 5989 2006 6046 opera
2058 5973 2330 6029 mirabilia

2435 4967 2528 5021 τὸν
2580 4966 2673 5020 τὸν
2734 4964 2827 5019 τοῦ
2881 4963 3021 5019 Θεοῦ
3080 4964 3255 5030 Λόγον
3311 4961 3727 5031 διομιλούμενον
3770 4958 3919 5027 αὐτῷ
3950 4959 4011 5010 ἰν

2440 5058 2684 5128 σχήματι
2706 5056 3060 5127 ἀνθρωπίνῳ.
3096 5055 3259 5133 ,Ἐπεὶ
3288 5054 3385 5107 καὶ
3422 5051 3563 5122 ὑπὲρ
3592 5048 3894 5119 ἀνθρώπων
3921 5047 4013 5100 ἐπὶ

2437 5149 2537 5218 τῆς
2563 5148 2669 5218 γῆς
2696 5148 2838 5201 κατά
2882 5147 2976 5200 τὸν
3020 5146 3156 5215 Ἰερε
3168 5145 3298 5213 μίαν
3328 5143 3507 5211 ὤφθη,
3542 5141 3637 5193 καὶ
3660 5143 3769 5202 τοίς
3796 5137 4011 5208 ἀνθρὼ-

2439 5259 2566 5304 ποις
2622 5238 3077 5306 συνανεστράφη.
3132 5235 3407 5304 καὶπρὸς
3444 5233 3607 5285 αὑτὸν
3662 5232 3873 5300 είρήκει
3921 5230 4013 5280 τὸν

2438 5333 2684 5396 Μωῦσῆν
2710 5346 2725 5362 '
2766 5348 2786 5382 ε
2834 5329 2977 5396 Ἐγώ
3019 5328 3139 5396 είμι
3168 5329 3195 5379 ό
3225 5326 3357 5387 Θεὸς
3400 5324 3674 5393 ’Λσραάμ,
3700 5324 3794 5376 καὶ
3828 5324 3855 5374 6
3880 5321 4012 5384 Θεὸς

2451 5425 2771 5490 Ἰσαὰκ,καὶ
2802 5424 2830 5476 6
2858 5422 2988 5485 Θεὸς
3031 5419 3249 5473 Ἰακώϐ.
3274 5436 3292 5469 ι
3335 5418 3394 5470 ’0
3442 5416 3519 5477 ὡς
3566 5416 3705 5485 ἀνὴρ
3750 5414 4011 5481 φαινόμε-

2439 5534 2551 5583 νος,
2584 5519 2679 5571 καὶ
2706 5517 2938 5583 ἄγγελος
2986 5513 3137 5583 παρά
3169 5514 3235 5579 τῇ
3285 5510 3473 5579 Γραφῇ
3509 5509 3819 5576 λεγόμενος,
3854 5498 4013 5565 οὗτος

2442 5611 2592 5673 ὅμως
2642 5608 2837 5661 ἑαυτὸν
2895 5604 3028 5659 Θεὸν
3072 5602 3352 5672 ὀνομάζει,
3384 5602 3479 5653 καὶ
3527 5600 3695 5667 τριῶν
3737 5611 4011 5664 πατριαρ-

2444 5702 2556 5771 χῶν
2588 5700 2908 5769 μέμνηται,
2952 5716 2970 5749 ι
3021 5694 3164 5762 Ἑγώ
3224 5695 3338 5763 είμι
3373 5695 3401 5745 6
3443 5692 3575 5752 Θεὸς
3616 5689 3889 5758 Ἀϐραάμ,
3916 5687 4011 5738 καὶ

2441 5794 2471 5845 6
2500 5792 2633 5853 Θεὸς
2677 5790 2889 5851 Ἰσαὰκ,
2940 5788 3037 5841 καὶ
3084 5785 3269 5846 όΘεὸς
3313 5782 3540 5844 Ἰακὼ6,
3596 5799 3615 5832 ι
3662 5780 3867 5845 λέγων,
3921 5776 4011 5831 ινα

2440 5882 2591 5955 δείξῃ
2623 5883 2727 5935 κάν
2758 5880 2957 5949 τούτῳ,
2983 5880 3057 5940 ὡς
3084 5875 3239 5937 οὗτος
3271 5873 3577 5943 σαρκωθεὶς
3608 5872 3672 5923 ἐκ
3708 5867 4006 5936 Παρθένου,

2436 5974 2498 6025 τὸ
2544 5972 2645 6041 τῆς
2679 5972 2909 6041 Τριάδος
2955 5967 3259 6037 φανερώσει
3306 5965 3622 6033 μυςτήαεθδι.
3664 5960 3896 6007 Ἔτει-πα
3941 5955 4005 6022 ες,
