  <div class='ocr_page' id='page_1' title='image "/cluster/home/n/w/nwhite01/storage/ocr_20150623/155/hvd.32044025239666/038.png"; bbox 0 0 4470 6868; ppageno 0'>
   <div class='ocr_carea' id='block_1_1' title="bbox 488 677 3767 759">
    <p class='ocr_par' dir='ltr' id='par_1_1' title="bbox 488 677 3767 759">
     <span class='ocr_line' id='line_1_1' title="bbox 488 677 3767 759; baseline 0.001 -12"><span class='ocrx_word' id='word_1_1' title='bbox 488 684 557 747; x_wconf 82' lang='lat'><strong>53</strong></span> <span class='ocrx_word' id='word_1_2' title='bbox 711 754 720 759; x_wconf 90' lang='lat'>_</span> <span class='ocrx_word' id='word_1_3' title='bbox 1536 684 1919 747; x_wconf 76' lang='lat' dir='ltr'><strong>DIALOGUS</strong></span> <span class='ocrx_word' id='word_1_4' title='bbox 1964 684 2269 747; x_wconf 82' lang='lat' dir='ltr'><strong>CONTRA</strong></span> <span class='ocrx_word' id='word_1_5' title='bbox 2310 687 2709 750; x_wconf 72' lang='lat' dir='ltr'><strong>H/ERERES.</strong></span> <span class='ocrx_word' id='word_1_6' title='bbox 3674 677 3767 751; x_wconf 60' lang='grc'><strong>54³</strong></span> 
     </span>
    </p>
   </div>
   <div class='ocr_carea' id='block_1_2' title="bbox 479 794 2244 867">
    <p class='ocr_par' dir='ltr' id='par_1_2' title="bbox 479 797 2244 867">
     <span class='ocr_line' id='line_1_2' title="bbox 479 797 2244 867; baseline -0.001 -16"><span class='ocrx_word' id='word_1_7' title='bbox 479 800 576 852; x_wconf 74' lang='grc' dir='ltr'><strong>καὶ</strong></span> <span class='ocrx_word' id='word_1_8' title='bbox 614 799 741 859; x_wconf 70' lang='grc' dir='ltr'>τοὺς</span> <span class='ocrx_word' id='word_1_9' title='bbox 777 800 871 853; x_wconf 68' lang='grc' dir='ltr'><strong>τοῦ</strong></span> <span class='ocrx_word' id='word_1_10' title='bbox 920 797 1055 852; x_wconf 86' lang='grc' dir='ltr'>Θεοῦ</span> <span class='ocrx_word' id='word_1_11' title='bbox 1095 797 1284 867; x_wconf 82' lang='grc' dir='ltr'>λόγους</span> <span class='ocrx_word' id='word_1_12' title='bbox 1324 798 1383 851; x_wconf 78' lang='grc' dir='ltr'>ἐν</span> <span class='ocrx_word' id='word_1_13' title='bbox 1434 797 1601 864; x_wconf 77' lang='grc' dir='ltr'>πλαξὶ</span> <span class='ocrx_word' id='word_1_14' title='bbox 1630 800 1858 861; x_wconf 74' lang='grc' dir='ltr'><strong>λιθίναις</strong></span> <span class='ocrx_word' id='word_1_15' title='bbox 1902 798 2067 850; x_wconf 85' lang='grc' dir='ltr'><strong>Μωῦ-</strong></span> <span class='ocrx_word' id='word_1_16' title='bbox 2094 799 2139 856; x_wconf 80' lang='grc' dir='ltr'><strong>Α</strong></span> <span class='ocrx_word' id='word_1_17' title='bbox 2169 799 2244 855; x_wconf 81' lang='lat' dir='ltr'><strong>Ve</strong></span> 
     </span>
    </p>
   </div>
   <div class='ocr_carea' id='block_1_3' title="bbox 1982 794 3747 867">
    <p class='ocr_par' dir='ltr' id='par_1_3' title="bbox 1982 794 3747 866">
     <span class='ocr_line' id='line_1_3' title="bbox 1982 794 3747 866; baseline 0 -17"><span class='ocrx_word' id='word_1_18' title='bbox 1982 799 2067 849; x_wconf 76' lang='grc' dir='ltr'>ιιῡ-</span> <span class='ocrx_word' id='word_1_19' title='bbox 2094 799 2139 856; x_wconf 80' lang='grc' dir='ltr'><strong>Δ</strong></span> <span class='ocrx_word' id='word_1_20' title='bbox 2169 799 2409 855; x_wconf 77' lang='lat' dir='ltr'><strong>Verbum</strong></span> <span class='ocrx_word' id='word_1_21' title='bbox 2439 816 2559 857; x_wconf 84' lang='lat' dir='ltr'><strong>esse</strong></span> <span class='ocrx_word' id='word_1_22' title='bbox 2584 802 2638 857; x_wconf 74' lang='lat' dir='ltr'><strong>in</strong></span> <span class='ocrx_word' id='word_1_23' title='bbox 2672 801 2803 866; x_wconf 84' lang='lat' dir='ltr'><strong>Deo,</strong></span> <span class='ocrx_word' id='word_1_24' title='bbox 2852 808 2908 854; x_wconf 91' lang='lat' dir='ltr'><strong>et</strong></span> <span class='ocrx_word' id='word_1_25' title='bbox 2963 797 3125 854; x_wconf 69' lang='lat' dir='ltr'><strong>istam</strong></span> <span class='ocrx_word' id='word_1_26' title='bbox 3159 802 3350 866; x_wconf 87' lang='lat' dir='ltr'><strong>postea</strong></span> <span class='ocrx_word' id='word_1_27' title='bbox 3385 808 3509 850; x_wconf 88' lang='lat' dir='ltr'><strong>esse</strong></span> <span class='ocrx_word' id='word_1_28' title='bbox 3557 794 3747 851; x_wconf 84' lang='lat' dir='ltr'><strong>incar-</strong></span> 
     </span>
    </p>
   </div>
   <div class='ocr_carea' id='block_1_4' title="bbox 482 890 2054 961">
    <p class='ocr_par' dir='ltr' id='par_1_4' title="bbox 482 890 2054 961">
     <span class='ocr_line' id='line_1_4' title="bbox 482 890 2054 961; baseline -0.001 -16"><span class='ocrx_word' id='word_1_29' title='bbox 482 890 582 960; x_wconf 61' lang='grc' dir='ltr'>οῆς</span> <span class='ocrx_word' id='word_1_30' title='bbox 614 891 935 956; x_wconf 70' lang='grc' dir='ltr'>ὑπεδέξατο,</span> <span class='ocrx_word' id='word_1_31' title='bbox 966 891 1067 961; x_wconf 78' lang='grc' dir='ltr'>τὴν</span> <span class='ocrx_word' id='word_1_32' title='bbox 1114 890 1343 959; x_wconf 67' lang='grc' dir='ltr'>δύναμιν</span> <span class='ocrx_word' id='word_1_33' title='bbox 1372 891 1466 944; x_wconf 80' lang='grc' dir='ltr'><strong>τοῦ</strong></span> <span class='ocrx_word' id='word_1_34' title='bbox 1496 891 1699 956; x_wconf 80' lang='grc' dir='ltr'>ζῶντος</span> <span class='ocrx_word' id='word_1_35' title='bbox 1728 892 1905 961; x_wconf 90' lang='grc' dir='ltr'>Λόγου</span> <span class='ocrx_word' id='word_1_36' title='bbox 1945 894 2054 947; x_wconf 84' lang='grc' dir='ltr'>δει-</span> 
     </span>
    </p>
   </div>
   <div class='ocr_carea' id='block_1_5' title="bbox 479 980 2057 1051">
    <p class='ocr_par' dir='ltr' id='par_1_5' title="bbox 479 980 2057 1051">
     <span class='ocr_line' id='line_1_5' title="bbox 479 980 2057 1051; baseline 0.003 -18"><span class='ocrx_word' id='word_1_37' title='bbox 479 981 631 1044; x_wconf 73' lang='grc' dir='ltr'>κνὺς.</span> <span class='ocrx_word' id='word_1_38' title='bbox 666 980 1000 1033; x_wconf 77' lang='grc' dir='ltr'>ἐκδιδάσκων</span> <span class='ocrx_word' id='word_1_39' title='bbox 1026 998 1082 1034; x_wconf 82' lang='grc' dir='ltr'>τε</span> <span class='ocrx_word' id='word_1_40' title='bbox 1110 981 1177 1033; x_wconf 82' lang='grc' dir='ltr'>δι’</span> <span class='ocrx_word' id='word_1_41' title='bbox 1204 982 1387 1051; x_wconf 73' lang='grc' dir='ltr'>ἔργων</span> <span class='ocrx_word' id='word_1_42' title='bbox 1413 982 1824 1051; x_wconf 66' lang='grc' dir='ltr'>θαυμαπικῶν,</span> <span class='ocrx_word' id='word_1_43' title='bbox 1852 984 1930 1043; x_wconf 82' lang='grc' dir='ltr'><strong>ὡς</strong></span> <span class='ocrx_word' id='word_1_44' title='bbox 1958 984 2057 1038; x_wconf 86' lang='grc' dir='ltr'>καὶ</span> 
     </span>
    </p>
   </div>
   <div class='ocr_carea' id='block_1_6' title="bbox 480 1070 2053 1142">
    <p class='ocr_par' dir='ltr' id='par_1_6' title="bbox 480 1070 2053 1142">
     <span class='ocr_line' id='line_1_6' title="bbox 480 1070 2053 1142; baseline 0.003 -19"><span class='ocrx_word' id='word_1_45' title='bbox 480 1072 651 1138; x_wconf 82' lang='grc' dir='ltr'>Λόγος</span> <span class='ocrx_word' id='word_1_46' title='bbox 683 1071 832 1124; x_wconf 80' lang='grc' dir='ltr'>ἐστὶν</span> <span class='ocrx_word' id='word_1_47' title='bbox 882 1073 940 1124; x_wconf 84' lang='grc' dir='ltr'><strong>ἐν</strong></span> <span class='ocrx_word' id='word_1_48' title='bbox 972 1072 1050 1140; x_wconf 83' lang='grc' dir='ltr'>τῷ</span> <span class='ocrx_word' id='word_1_49' title='bbox 1102 1071 1242 1142; x_wconf 81' lang='grc' dir='ltr'>Θεῷ,</span> <span class='ocrx_word' id='word_1_50' title='bbox 1284 1075 1381 1126; x_wconf 76' lang='grc' dir='ltr'><strong>καὶ</strong></span> <span class='ocrx_word' id='word_1_51' title='bbox 1417 1074 1838 1142; x_wconf 78' lang='grc' dir='ltr'>σαρκωθήσεται</span> <span class='ocrx_word' id='word_1_52' title='bbox 1875 1070 2053 1140; x_wconf 78' lang='grc' dir='ltr'>οὗτος,</span> 
     </span>
    </p>
   </div>
   <div class='ocr_carea' id='block_1_7' title="bbox 2156 887 3747 960">
    <p class='ocr_par' dir='ltr' id='par_1_7' title="bbox 2156 887 3747 960">
     <span class='ocr_line' id='line_1_7' title="bbox 2156 887 3747 960; baseline -0.004 -12"><span class='ocrx_word' id='word_1_53' title='bbox 2156 891 2399 948; x_wconf 76' lang='lat' dir='ltr'><strong>nandum</strong></span> <span class='ocrx_word' id='word_1_54' title='bbox 2461 905 2671 947; x_wconf 79' lang='lat' dir='ltr'><strong>necnon</strong></span> <span class='ocrx_word' id='word_1_55' title='bbox 2733 893 2785 947; x_wconf 88' lang='lat' dir='ltr'><strong>in</strong></span> <span class='ocrx_word' id='word_1_56' title='bbox 2828 905 3062 960; x_wconf 85' lang='lat' dir='ltr'><strong>corpore</strong></span> <span class='ocrx_word' id='word_1_57' title='bbox 3134 887 3612 957; x_wconf 86' lang='lat' dir='ltr'><strong>conspiciendum,</strong></span> <span class='ocrx_word' id='word_1_58' title='bbox 3690 902 3747 941; x_wconf 80' lang='lat' dir='ltr'><strong>In</strong></span> 
     </span>
    </p>
   </div>
   <div class='ocr_carea' id='block_1_8' title="bbox 2160 977 3747 1051">
    <p class='ocr_par' dir='ltr' id='par_1_8' title="bbox 2160 977 3747 1051">
     <span class='ocr_line' id='line_1_8' title="bbox 2160 977 3747 1051; baseline -0.003 -15"><span class='ocrx_word' id='word_1_59' title='bbox 2160 992 2316 1036; x_wconf 81' lang='lat' dir='ltr'><strong>utero</strong></span> <span class='ocrx_word' id='word_1_60' title='bbox 2354 981 2592 1050; x_wconf 68' lang='lat' dir='ltr'><strong>Deiparaa</strong></span> <span class='ocrx_word' id='word_1_61' title='bbox 2642 977 2881 1051; x_wconf 77' lang='lat' dir='ltr'><strong>Virginis</strong></span> <span class='ocrx_word' id='word_1_62' title='bbox 2910 982 3058 1037; x_wconf 88' lang='lat' dir='ltr'><strong>velut</strong></span> <span class='ocrx_word' id='word_1_63' title='bbox 3107 981 3161 1036; x_wconf 83' lang='lat' dir='ltr'><strong>in</strong></span> <span class='ocrx_word' id='word_1_64' title='bbox 3211 979 3401 1036; x_wconf 91' lang='lat' dir='ltr'><strong>tabula</strong></span> <span class='ocrx_word' id='word_1_65' title='bbox 3451 982 3747 1049; x_wconf 84' lang='lat' dir='ltr'><strong>scriptum.</strong></span> 
     </span>
    </p>
   </div>
   <div class='ocr_carea' id='block_1_9' title="bbox 2158 1071 3743 1143">
    <p class='ocr_par' dir='ltr' id='par_1_9' title="bbox 2158 1071 3743 1143">
     <span class='ocr_line' id='line_1_9' title="bbox 2158 1071 3743 1143; baseline -0.003 -15"><span class='ocrx_word' id='word_1_66' title='bbox 2158 1073 2358 1128; x_wconf 87' lang='lat' dir='ltr'><strong>Vocem</strong></span> <span class='ocrx_word' id='word_1_67' title='bbox 2388 1074 2627 1131; x_wconf 84' lang='lat' dir='ltr'><strong>divinam</strong></span> <span class='ocrx_word' id='word_1_68' title='bbox 2658 1073 2863 1142; x_wconf 85' lang='lat' dir='ltr'><strong>pluries</strong></span> <span class='ocrx_word' id='word_1_69' title='bbox 2894 1071 3107 1126; x_wconf 90' lang='lat' dir='ltr'><strong>audivit</strong></span> <span class='ocrx_word' id='word_1_70' title='bbox 3148 1071 3365 1143; x_wconf 70' lang='lat' dir='ltr'><strong>Moyses</strong></span> <span class='ocrx_word' id='word_1_71' title='bbox 3392 1072 3450 1125; x_wconf 92' lang='lat' dir='ltr'><strong>in</strong></span> <span class='ocrx_word' id='word_1_72' title='bbox 3482 1071 3743 1125; x_wconf 81' lang='lat' dir='ltr'><strong>taberna-</strong></span> 
     </span>
    </p>
   </div>
   <div class='ocr_carea' id='block_1_10' title="bbox 479 1160 2244 1238">
    <p class='ocr_par' dir='ltr' id='par_1_10' title="bbox 479 1163 2244 1238">
     <span class='ocr_line' id='line_1_10' title="bbox 479 1163 2244 1238; baseline 0.002 -23"><span class='ocrx_word' id='word_1_73' title='bbox 479 1166 573 1216; x_wconf 69' lang='grc' dir='ltr'>καὶ</span> <span class='ocrx_word' id='word_1_74' title='bbox 600 1163 1013 1233; x_wconf 87' lang='grc' dir='ltr'>παχυνθήσεται</span> <span class='ocrx_word' id='word_1_75' title='bbox 1043 1163 1292 1235; x_wconf 77' lang='grc' dir='ltr'>ὕστερον,</span> <span class='ocrx_word' id='word_1_76' title='bbox 1324 1164 1402 1227; x_wconf 84' lang='grc' dir='ltr'><strong>ὡς</strong></span> <span class='ocrx_word' id='word_1_77' title='bbox 1428 1167 1485 1219; x_wconf 88' lang='grc' dir='ltr'><strong>ἐν</strong></span> <span class='ocrx_word' id='word_1_78' title='bbox 1520 1166 1692 1219; x_wconf 76' lang='grc' dir='ltr'>πλακὶ</span> <span class='ocrx_word' id='word_1_79' title='bbox 1719 1168 1953 1236; x_wconf 73' lang='grc' dir='ltr'>γραφεὶς</span> <span class='ocrx_word' id='word_1_80' title='bbox 1983 1170 2051 1238; x_wconf 71' lang='grc' dir='ltr'>τῇ</span> <span class='ocrx_word' id='word_1_81' title='bbox 2157 1164 2244 1219; x_wconf 87' lang='lat' dir='ltr'><strong>cui</strong></span> 
     </span>
    </p>
   </div>
   <div class='ocr_carea' id='block_1_11' title="bbox 1979 1160 3744 1238">
    <p class='ocr_par' dir='ltr' id='par_1_11' title="bbox 1983 1160 3744 1238">
     <span class='ocr_line' id='line_1_11' title="bbox 1983 1160 3744 1238; baseline -0.003 -18"><span class='ocrx_word' id='word_1_82' title='bbox 1983 1170 2051 1238; x_wconf 71' lang='grc' dir='ltr'>τῇ</span> <span class='ocrx_word' id='word_1_83' title='bbox 2157 1164 2305 1229; x_wconf 88' lang='lat' dir='ltr'><strong>culo,</strong></span> <span class='ocrx_word' id='word_1_84' title='bbox 2338 1164 2389 1218; x_wconf 93' lang='lat' dir='ltr'><strong>in</strong></span> <span class='ocrx_word' id='word_1_85' title='bbox 2426 1166 2605 1221; x_wconf 88' lang='lat' dir='ltr'><strong>medio</strong></span> <span class='ocrx_word' id='word_1_86' title='bbox 2634 1178 2795 1223; x_wconf 54' lang='lat' dir='ltr'><strong>arcte.</strong></span> <span class='ocrx_word' id='word_1_87' title='bbox 2850 1162 2963 1219; x_wconf 82' lang='lat' dir='ltr'><strong>Vox</strong></span> <span class='ocrx_word' id='word_1_88' title='bbox 2993 1176 3173 1219; x_wconf 88' lang='lat' dir='ltr'><strong>autem</strong></span> <span class='ocrx_word' id='word_1_89' title='bbox 3202 1164 3339 1219; x_wconf 85' lang='lat' dir='ltr'><strong>nihil</strong></span> <span class='ocrx_word' id='word_1_90' title='bbox 3380 1171 3466 1219; x_wconf 91' lang='lat' dir='ltr'><strong>est</strong></span> <span class='ocrx_word' id='word_1_91' title='bbox 3502 1160 3650 1216; x_wconf 81' lang='lat' dir='ltr'><strong>aliud</strong></span> <span class='ocrx_word' id='word_1_92' title='bbox 3678 1175 3744 1216; x_wconf 87' lang='lat' dir='ltr'><strong>ac</strong></span> 
     </span>
    </p>
   </div>
   <div class='ocr_carea' id='block_1_12' title="bbox 479 1253 2057 1329">
    <p class='ocr_par' dir='ltr' id='par_1_12' title="bbox 479 1253 2057 1329">
     <span class='ocr_line' id='line_1_12' title="bbox 479 1253 2057 1329; baseline 0.003 -23"><span class='ocrx_word' id='word_1_93' title='bbox 479 1255 731 1329; x_wconf 82' lang='grc' dir='ltr'>Θεοτόκῳ</span> <span class='ocrx_word' id='word_1_94' title='bbox 789 1254 1075 1325; x_wconf 84' lang='grc' dir='ltr'><strong>Παρθένῳ.</strong></span> <span class='ocrx_word' id='word_1_95' title='bbox 1133 1253 1245 1308; x_wconf 75' lang='grc' dir='ltr'><strong>Καὶ</strong></span> <span class='ocrx_word' id='word_1_96' title='bbox 1279 1256 1467 1325; x_wconf 81' lang='grc' dir='ltr'>φωνῆς</span> <span class='ocrx_word' id='word_1_97' title='bbox 1525 1253 1581 1307; x_wconf 83' lang='grc' dir='ltr'>δὲ</span> <span class='ocrx_word' id='word_1_98' title='bbox 1638 1255 1791 1318; x_wconf 87' lang='grc' dir='ltr'>θείας</span> <span class='ocrx_word' id='word_1_99' title='bbox 1851 1257 2057 1327; x_wconf 70' lang='grc' dir='ltr'>ἢκουσε</span> 
     </span>
    </p>
   </div>
   <div class='ocr_carea' id='block_1_13' title="bbox 480 1347 2058 1418">
    <p class='ocr_par' dir='ltr' id='par_1_13' title="bbox 480 1347 2058 1418">
     <span class='ocr_line' id='line_1_13' title="bbox 480 1347 2058 1418; baseline 0.003 -19"><span class='ocrx_word' id='word_1_100' title='bbox 480 1347 743 1408; x_wconf 74' lang='grc' dir='ltr'><strong>πολλάκις</strong></span> <span class='ocrx_word' id='word_1_101' title='bbox 797 1348 1040 1414; x_wconf 82' lang='grc' dir='ltr'>Μωῦσῆς</span> <span class='ocrx_word' id='word_1_102' title='bbox 1079 1349 1135 1400; x_wconf 81' lang='grc' dir='ltr'>ἐν</span> <span class='ocrx_word' id='word_1_103' title='bbox 1160 1350 1225 1416; x_wconf 81' lang='grc' dir='ltr'><strong>τῇ</strong></span> <span class='ocrx_word' id='word_1_104' title='bbox 1273 1350 1448 1418; x_wconf 77' lang='grc' dir='ltr'>σκηνῇ</span> <span class='ocrx_word' id='word_1_105' title='bbox 1482 1349 1588 1403; x_wconf 89' lang='grc' dir='ltr'><strong>ἀνά</strong></span> <span class='ocrx_word' id='word_1_106' title='bbox 1638 1349 1805 1417; x_wconf 83' lang='grc' dir='ltr'><strong>μέσον</strong></span> <span class='ocrx_word' id='word_1_107' title='bbox 1837 1348 1939 1416; x_wconf 85' lang='grc' dir='ltr'>τῆς</span> <span class='ocrx_word' id='word_1_108' title='bbox 1972 1367 2058 1403; x_wconf 80' lang='grc' dir='ltr'><strong>κιο</strong></span> 
     </span>
    </p>
   </div>
   <div class='ocr_carea' id='block_1_14' title="bbox 480 1437 2058 1510">
    <p class='ocr_par' dir='ltr' id='par_1_14' title="bbox 480 1437 2058 1510">
     <span class='ocr_line' id='line_1_14' title="bbox 480 1437 2058 1510; baseline 0.003 -23"><span class='ocrx_word' id='word_1_109' title='bbox 480 1438 677 1490; x_wconf 72' lang='grc' dir='ltr'>εωτοῦ.</span> <span class='ocrx_word' id='word_1_110' title='bbox 712 1438 872 1507; x_wconf 77' lang='grc' dir='ltr'><strong>Φωνὴ</strong></span> <span class='ocrx_word' id='word_1_111' title='bbox 925 1438 983 1491; x_wconf 83' lang='grc' dir='ltr'><strong>δέ</strong></span> <span class='ocrx_word' id='word_1_112' title='bbox 1032 1437 1191 1506; x_wconf 85' lang='grc' dir='ltr'>λόγου</span> <span class='ocrx_word' id='word_1_113' title='bbox 1237 1439 1384 1492; x_wconf 75' lang='grc' dir='ltr'>ἐστὶν</span> <span class='ocrx_word' id='word_1_114' title='bbox 1431 1440 1722 1509; x_wconf 83' lang='grc' dir='ltr'>ἀπὴχημα.</span> <span class='ocrx_word' id='word_1_115' title='bbox 1753 1441 1818 1495; x_wconf 83' lang='grc'><strong>⁸0</strong></span> <span class='ocrx_word' id='word_1_116' title='bbox 1857 1440 1921 1510; x_wconf 79' lang='grc' dir='ltr'>δὴ</span> <span class='ocrx_word' id='word_1_117' title='bbox 1963 1441 2058 1493; x_wconf 78' lang='grc' dir='ltr'><strong>τὸν</strong></span> 
     </span>
    </p>
   </div>
   <div class='ocr_carea' id='block_1_15' title="bbox 484 1527 2059 1601">
    <p class='ocr_par' dir='ltr' id='par_1_15' title="bbox 484 1527 2059 1601">
     <span class='ocr_line' id='line_1_15' title="bbox 484 1527 2059 1601; baseline 0.004 -22"><span class='ocrx_word' id='word_1_118' title='bbox 484 1527 665 1591; x_wconf 80' lang='grc' dir='ltr'>ζῶντα</span> <span class='ocrx_word' id='word_1_119' title='bbox 709 1529 887 1596; x_wconf 83' lang='grc' dir='ltr'>Λόγον</span> <span class='ocrx_word' id='word_1_120' title='bbox 914 1529 1009 1583; x_wconf 86' lang='grc' dir='ltr'><strong>τοῦ</strong></span> <span class='ocrx_word' id='word_1_121' title='bbox 1041 1530 1244 1594; x_wconf 79' lang='grc' dir='ltr'>ζῶντος</span> <span class='ocrx_word' id='word_1_122' title='bbox 1286 1530 1501 1600; x_wconf 75' lang='grc' dir='ltr'>[ἰατρὸς</span> <span class='ocrx_word' id='word_1_123' title='bbox 1529 1531 1854 1601; x_wconf 81' lang='grc' dir='ltr'>ἐμαρτύρει.</span> <span class='ocrx_word' id='word_1_124' title='bbox 1900 1531 2059 1585; x_wconf 72' lang='grc' dir='ltr'><strong>Ὑπε-</strong></span> 
     </span>
    </p>
   </div>
   <div class='ocr_carea' id='block_1_16' title="bbox 486 1620 2057 1692">
    <p class='ocr_par' dir='ltr' id='par_1_16' title="bbox 486 1620 2057 1692">
     <span class='ocr_line' id='line_1_16' title="bbox 486 1620 2057 1692; baseline 0.004 -22"><span class='ocrx_word' id='word_1_125' title='bbox 486 1620 677 1683; x_wconf 80' lang='grc' dir='ltr'>δέξατο</span> <span class='ocrx_word' id='word_1_126' title='bbox 703 1620 761 1673; x_wconf 77' lang='grc' dir='ltr'>δὲ</span> <span class='ocrx_word' id='word_1_127' title='bbox 795 1624 892 1675; x_wconf 77' lang='grc' dir='ltr'>καὶ</span> <span class='ocrx_word' id='word_1_128' title='bbox 923 1621 1147 1691; x_wconf 84' lang='grc' dir='ltr'><strong>Πνεῦμα</strong></span> <span class='ocrx_word' id='word_1_129' title='bbox 1176 1624 1334 1690; x_wconf 82' lang='grc' dir='ltr'>ἀγιον</span> <span class='ocrx_word' id='word_1_130' title='bbox 1366 1623 1630 1692; x_wconf 80' lang='grc' dir='ltr'>Μωῦσῆς.</span> <span class='ocrx_word' id='word_1_131' title='bbox 1669 1622 1777 1677; x_wconf 83' lang='grc' dir='ltr'><strong>Καὶ</strong></span> <span class='ocrx_word' id='word_1_132' title='bbox 1823 1623 1933 1677; x_wconf 85' lang='grc' dir='ltr'><strong>ἀπὸ</strong></span> <span class='ocrx_word' id='word_1_133' title='bbox 1962 1623 2057 1676; x_wconf 82' lang='grc' dir='ltr'><strong>τοῦ</strong></span> 
     </span>
    </p>
   </div>
   <div class='ocr_carea' id='block_1_17' title="bbox 483 1708 2059 1783">
    <p class='ocr_par' dir='ltr' id='par_1_17' title="bbox 483 1708 2059 1783">
     <span class='ocr_line' id='line_1_17' title="bbox 483 1708 2059 1783; baseline 0.002 -19"><span class='ocrx_word' id='word_1_134' title='bbox 483 1708 807 1780; x_wconf 69' lang='grc' dir='ltr'>Πιεύματος</span> <span class='ocrx_word' id='word_1_135' title='bbox 845 1712 902 1765; x_wconf 78' lang='grc' dir='ltr'><strong>δέ</strong></span> <span class='ocrx_word' id='word_1_136' title='bbox 946 1712 1041 1767; x_wconf 89' lang='grc' dir='ltr'><strong>τοῦ</strong></span> <span class='ocrx_word' id='word_1_137' title='bbox 1083 1712 1170 1766; x_wconf 77' lang='grc' dir='ltr'>ἐπ’</span> <span class='ocrx_word' id='word_1_138' title='bbox 1202 1714 1352 1782; x_wconf 83' lang='grc' dir='ltr'><strong>αὐτῷ</strong></span> <span class='ocrx_word' id='word_1_139' title='bbox 1401 1713 1620 1783; x_wconf 86' lang='grc' dir='ltr'>ἀφελὼν</span> <span class='ocrx_word' id='word_1_140' title='bbox 1648 1717 1678 1768; x_wconf 89' lang='lat'><strong>6</strong></span> <span class='ocrx_word' id='word_1_141' title='bbox 1707 1715 1865 1779; x_wconf 83' lang='grc' dir='ltr'>Θεὸς,</span> <span class='ocrx_word' id='word_1_142' title='bbox 1898 1716 2059 1783; x_wconf 76' lang='grc' dir='ltr'>μετι-</span> 
     </span>
    </p>
   </div>
   <div class='ocr_carea' id='block_1_18' title="bbox 468 1802 2059 1877">
    <p class='ocr_par' dir='ltr' id='par_1_18' title="bbox 468 1802 2059 1877">
     <span class='ocr_line' id='line_1_18' title="bbox 468 1802 2059 1877; baseline 0.003 -22"><span class='ocrx_word' id='word_1_143' title='bbox 468 1802 653 1855; x_wconf 74' lang='grc' dir='ltr'>-δωκεν</span> <span class='ocrx_word' id='word_1_144' title='bbox 673 1804 902 1874; x_wconf 79' lang='grc' dir='ltr'><strong>ἀνδράσι</strong></span> <span class='ocrx_word' id='word_1_145' title='bbox 930 1809 1165 1871; x_wconf 81' lang='grc' dir='ltr'><strong>πιστοῖς,</strong></span> <span class='ocrx_word' id='word_1_146' title='bbox 1188 1807 1263 1870; x_wconf 82' lang='grc' dir='ltr'>ὡς</span> <span class='ocrx_word' id='word_1_147' title='bbox 1285 1807 1597 1877; x_wconf 84' lang='grc' dir='ltr'>γέγραπται</span> <span class='ocrx_word' id='word_1_148' title='bbox 1626 1806 2059 1876; x_wconf 76' lang='grc' dir='ltr'>Ἐὄδομήκοντα.</span> 
     </span>
    </p>
   </div>
   <div class='ocr_carea' id='block_1_19' title="bbox 482 1893 2059 1967">
    <p class='ocr_par' dir='ltr' id='par_1_19' title="bbox 482 1893 2059 1967">
     <span class='ocr_line' id='line_1_19' title="bbox 482 1893 2059 1967; baseline 0.002 -21"><span class='ocrx_word' id='word_1_149' title='bbox 482 1894 593 1947; x_wconf 76' lang='grc' dir='ltr'><strong>Καὶ</strong></span> <span class='ocrx_word' id='word_1_150' title='bbox 642 1893 792 1948; x_wconf 86' lang='grc' dir='ltr'>οῦτοι</span> <span class='ocrx_word' id='word_1_151' title='bbox 836 1896 903 1965; x_wconf 83' lang='grc' dir='ltr'>δὴ</span> <span class='ocrx_word' id='word_1_152' title='bbox 946 1898 1347 1965; x_wconf 79' lang='grc' dir='ltr'>προεφήτευον,</span> <span class='ocrx_word' id='word_1_153' title='bbox 1381 1897 1523 1951; x_wconf 83' lang='grc' dir='ltr'>ὥστε</span> <span class='ocrx_word' id='word_1_154' title='bbox 1565 1898 1783 1951; x_wconf 78' lang='grc' dir='ltr'>καὶτὸν</span> <span class='ocrx_word' id='word_1_155' title='bbox 1818 1896 2059 1967; x_wconf 71' lang='grc' dir='ltr'>Πατέρα,</span> 
     </span>
    </p>
   </div>
   <div class='ocr_carea' id='block_1_20' title="bbox 479 1989 2063 2060">
    <p class='ocr_par' dir='ltr' id='par_1_20' title="bbox 479 1989 2063 2060">
     <span class='ocr_line' id='line_1_20' title="bbox 479 1989 2063 2060; baseline 0.002 -21"><span class='ocrx_word' id='word_1_156' title='bbox 479 1991 576 2040; x_wconf 68' lang='grc' dir='ltr'>καὶ</span> <span class='ocrx_word' id='word_1_157' title='bbox 623 1989 717 2040; x_wconf 78' lang='grc' dir='ltr'><strong>τὸν</strong></span> <span class='ocrx_word' id='word_1_158' title='bbox 771 1990 922 2056; x_wconf 89' lang='grc' dir='ltr'>Υίὸν,</span> <span class='ocrx_word' id='word_1_159' title='bbox 956 1991 1018 2053; x_wconf 77' lang='grc' dir='ltr'><strong>ῦς</strong></span> <span class='ocrx_word' id='word_1_160' title='bbox 1070 1992 1218 2045; x_wconf 90' lang='grc' dir='ltr'>ἐστιν</span> <span class='ocrx_word' id='word_1_161' title='bbox 1251 1994 1280 2045; x_wconf 91' lang='lat'><strong>6</strong></span> <span class='ocrx_word' id='word_1_162' title='bbox 1308 1991 1505 2058; x_wconf 89' lang='grc' dir='ltr'>Λόγος,</span> <span class='ocrx_word' id='word_1_163' title='bbox 1537 1991 1633 2046; x_wconf 75' lang='grc' dir='ltr'>καὶ</span> <span class='ocrx_word' id='word_1_164' title='bbox 1661 1991 1723 2043; x_wconf 90' lang='grc' dir='ltr'><strong>τὸ</strong></span> <span class='ocrx_word' id='word_1_165' title='bbox 1748 1990 1972 2060; x_wconf 82' lang='grc' dir='ltr'>Πνεῦμα</span> <span class='ocrx_word' id='word_1_166' title='bbox 2001 1991 2063 2043; x_wconf 88' lang='grc' dir='ltr'><strong>τὸ</strong></span> 
     </span>
    </p>
   </div>
   <div class='ocr_carea' id='block_1_21' title="bbox 2160 1244 3752 1329">
    <p class='ocr_par' dir='ltr' id='par_1_21' title="bbox 2160 1244 3752 1329">
     <span class='ocr_line' id='line_1_21' title="bbox 2160 1244 3752 1329; baseline -0.003 -15"><span class='ocrx_word' id='word_1_167' title='bbox 2160 1274 2332 1315; x_wconf 90' lang='lat' dir='ltr'><strong>sonus</strong></span> <span class='ocrx_word' id='word_1_168' title='bbox 2377 1260 2566 1325; x_wconf 89' lang='lat' dir='ltr'><strong>verbi;</strong></span> <span class='ocrx_word' id='word_1_169' title='bbox 2592 1244 2748 1329; x_wconf 86' lang='lat' dir='ltr'><strong>quod</strong></span> <span class='ocrx_word' id='word_1_170' title='bbox 2787 1257 3020 1313; x_wconf 83' lang='lat' dir='ltr'><strong>Verbum</strong></span> <span class='ocrx_word' id='word_1_171' title='bbox 3060 1258 3252 1315; x_wconf 82' lang='lat' dir='ltr'><strong>vivens</strong></span> <span class='ocrx_word' id='word_1_172' title='bbox 3298 1258 3537 1314; x_wconf 85' lang='lat' dir='ltr'><strong>viventis</strong></span> <span class='ocrx_word' id='word_1_173' title='bbox 3568 1259 3752 1312; x_wconf 91' lang='lat' dir='ltr'><strong>Patris</strong></span> 
     </span>
    </p>
   </div>
   <div class='ocr_carea' id='block_1_22' title="bbox 2161 1348 3751 1421">
    <p class='ocr_par' dir='ltr' id='par_1_22' title="bbox 2161 1348 3751 1421">
     <span class='ocr_line' id='line_1_22' title="bbox 2161 1348 3751 1421; baseline -0.003 -14"><span class='ocrx_word' id='word_1_174' title='bbox 2161 1352 2483 1409; x_wconf 69' lang='lat' dir='ltr'><strong>testabatur.</strong></span> <span class='ocrx_word' id='word_1_175' title='bbox 2548 1350 2779 1418; x_wconf 82' lang='lat' dir='ltr'><strong>Insuper</strong></span> <span class='ocrx_word' id='word_1_176' title='bbox 2822 1349 3037 1421; x_wconf 79' lang='lat' dir='ltr'><strong>Moyses</strong></span> <span class='ocrx_word' id='word_1_177' title='bbox 3071 1360 3323 1406; x_wconf 87' lang='lat' dir='ltr'><strong>sanctum</strong></span> <span class='ocrx_word' id='word_1_178' title='bbox 3368 1365 3591 1420; x_wconf 89' lang='lat' dir='ltr'><strong>quoque</strong></span> <span class='ocrx_word' id='word_1_179' title='bbox 3624 1348 3751 1418; x_wconf 82' lang='lat' dir='ltr'><strong>Spi-</strong></span> 
     </span>
    </p>
   </div>
   <div class='ocr_carea' id='block_1_23' title="bbox 2162 1440 3743 1511">
    <p class='ocr_par' dir='ltr' id='par_1_23' title="bbox 2162 1440 3743 1511">
     <span class='ocr_line' id='line_1_23' title="bbox 2162 1440 3743 1511; baseline -0.003 -13"><span class='ocrx_word' id='word_1_180' title='bbox 2162 1446 2328 1499; x_wconf 86' lang='lat' dir='ltr'><strong>ritum</strong></span> <span class='ocrx_word' id='word_1_181' title='bbox 2356 1442 2585 1511; x_wconf 91' lang='lat' dir='ltr'><strong>accepit,</strong></span> <span class='ocrx_word' id='word_1_182' title='bbox 2633 1442 2699 1496; x_wconf 89' lang='lat' dir='ltr'><strong>de</strong></span> <span class='ocrx_word' id='word_1_183' title='bbox 2746 1457 2855 1511; x_wconf 88' lang='lat' dir='ltr'><strong>quo</strong></span> <span class='ocrx_word' id='word_1_184' title='bbox 2883 1440 3116 1511; x_wconf 87' lang='lat' dir='ltr'><strong>Spiritu,</strong></span> <span class='ocrx_word' id='word_1_185' title='bbox 3146 1442 3290 1495; x_wconf 89' lang='lat' dir='ltr'><strong>sicut</strong></span> <span class='ocrx_word' id='word_1_186' title='bbox 3325 1440 3595 1508; x_wconf 87' lang='lat' dir='ltr'><strong>scriptum</strong></span> <span class='ocrx_word' id='word_1_187' title='bbox 3632 1448 3743 1505; x_wconf 90' lang='lat' dir='ltr'><strong>est,</strong></span> 
     </span>
    </p>
   </div>
   <div class='ocr_carea' id='block_1_24' title="bbox 2167 1532 3754 1601">
    <p class='ocr_par' dir='ltr' id='par_1_24' title="bbox 2167 1532 3754 1601">
     <span class='ocr_line' id='line_1_24' title="bbox 2167 1532 3754 1601; baseline -0.002 -11"><span class='ocrx_word' id='word_1_188' title='bbox 2167 1538 2307 1591; x_wconf 83' lang='lat' dir='ltr'><strong>Deus</strong></span> <span class='ocrx_word' id='word_1_189' title='bbox 2322 1548 2608 1589; x_wconf 85' lang='lat' dir='ltr'><strong>assumens</strong></span> <span class='ocrx_word' id='word_1_190' title='bbox 2640 1543 2872 1601; x_wconf 85' lang='lat' dir='ltr'><strong>partem,</strong></span> <span class='ocrx_word' id='word_1_191' title='bbox 2892 1533 3045 1589; x_wconf 85' lang='lat' dir='ltr'><strong>dedit</strong></span> <span class='ocrx_word' id='word_1_192' title='bbox 3074 1533 3209 1588; x_wconf 89' lang='lat' dir='ltr'><strong>viris</strong></span> <span class='ocrx_word' id='word_1_193' title='bbox 3239 1532 3499 1589; x_wconf 87' lang='lat' dir='ltr'><strong>fidelibus</strong></span> <span class='ocrx_word' id='word_1_194' title='bbox 3521 1533 3754 1601; x_wconf 87' lang='lat' dir='ltr'><strong>Septua-</strong></span> 
     </span>
    </p>
   </div>
   <div class='ocr_carea' id='block_1_25' title="bbox 2162 1623 3751 1699">
    <p class='ocr_par' dir='ltr' id='par_1_25' title="bbox 2162 1623 3751 1699">
     <span class='ocr_line' id='line_1_25' title="bbox 2162 1623 3751 1699; baseline -0.001 -18"><span class='ocrx_word' id='word_1_195' title='bbox 2162 1627 2333 1699; x_wconf 88' lang='lat' dir='ltr'><strong>ginta,</strong></span> <span class='ocrx_word' id='word_1_196' title='bbox 2396 1633 2451 1680; x_wconf 91' lang='lat' dir='ltr'><strong>et</strong></span> <span class='ocrx_word' id='word_1_197' title='bbox 2508 1624 2598 1679; x_wconf 91' lang='lat' dir='ltr'><strong>isti</strong></span> <span class='ocrx_word' id='word_1_198' title='bbox 2658 1629 3146 1695; x_wconf 81' lang='lat' dir='ltr'><strong>prephetaverunt,</strong></span> <span class='ocrx_word' id='word_1_199' title='bbox 3192 1625 3267 1680; x_wconf 86' lang='lat' dir='ltr'><strong>ita</strong></span> <span class='ocrx_word' id='word_1_200' title='bbox 3322 1634 3383 1680; x_wconf 92' lang='lat' dir='ltr'><strong>ut</strong></span> <span class='ocrx_word' id='word_1_201' title='bbox 3409 1625 3621 1697; x_wconf 76' lang='lat' dir='ltr'><strong>Moyses</strong></span> <span class='ocrx_word' id='word_1_202' title='bbox 3649 1623 3751 1680; x_wconf 83' lang='lat' dir='ltr'><strong>Pa-</strong></span> 
     </span>
    </p>
   </div>
   <div class='ocr_carea' id='block_1_26' title="bbox 2165 1717 3754 1789">
    <p class='ocr_par' dir='ltr' id='par_1_26' title="bbox 2165 1717 3754 1789">
     <span class='ocr_line' id='line_1_26' title="bbox 2165 1717 3754 1789; baseline -0.001 -14"><span class='ocrx_word' id='word_1_203' title='bbox 2165 1728 2302 1775; x_wconf 86' lang='lat' dir='ltr'><strong>trem</strong></span> <span class='ocrx_word' id='word_1_204' title='bbox 2330 1728 2385 1775; x_wconf 91' lang='lat' dir='ltr'><strong>et</strong></span> <span class='ocrx_word' id='word_1_205' title='bbox 2408 1718 2605 1775; x_wconf 77' lang='lat' dir='ltr'><strong>Filium</strong></span> <span class='ocrx_word' id='word_1_206' title='bbox 2659 1718 2749 1787; x_wconf 89' lang='lat' dir='ltr'><strong>qui</strong></span> <span class='ocrx_word' id='word_1_207' title='bbox 2780 1726 2865 1772; x_wconf 75' lang='lat' dir='ltr'><strong>est</strong></span> <span class='ocrx_word' id='word_1_208' title='bbox 2901 1717 3158 1782; x_wconf 85' lang='lat' dir='ltr'><strong>Verbum,</strong></span> <span class='ocrx_word' id='word_1_209' title='bbox 3208 1726 3264 1773; x_wconf 90' lang='lat' dir='ltr'><strong>et</strong></span> <span class='ocrx_word' id='word_1_210' title='bbox 3319 1717 3590 1789; x_wconf 88' lang='lat' dir='ltr'><strong>Spiritum</strong></span> <span class='ocrx_word' id='word_1_211' title='bbox 3623 1733 3754 1773; x_wconf 86' lang='lat' dir='ltr'><strong>san-</strong></span> 
     </span>
    </p>
   </div>
   <div class='ocr_carea' id='block_1_27' title="bbox 2162 1808 3757 1885">
    <p class='ocr_par' dir='ltr' id='par_1_27' title="bbox 2162 1808 3757 1885">
     <span class='ocr_line' id='line_1_27' title="bbox 2162 1808 3757 1885; baseline -0.003 -17"><span class='ocrx_word' id='word_1_212' title='bbox 2162 1820 2312 1869; x_wconf 92' lang='lat' dir='ltr'><strong>ctum</strong></span> <span class='ocrx_word' id='word_1_213' title='bbox 2340 1814 2769 1885; x_wconf 63' lang='lat' dir='ltr'><strong>pracognoverit</strong></span> <span class='ocrx_word' id='word_1_214' title='bbox 2804 1820 2970 1881; x_wconf 83' lang='lat' dir='ltr'><strong>atque</strong></span> <span class='ocrx_word' id='word_1_215' title='bbox 3001 1810 3337 1881; x_wconf 64' lang='lat' dir='ltr'><strong>predixerit.</strong></span> <span class='ocrx_word' id='word_1_216' title='bbox 3373 1808 3614 1867; x_wconf 91' lang='lat' dir='ltr'><strong>Dicendo</strong></span> <span class='ocrx_word' id='word_1_217' title='bbox 3650 1824 3757 1865; x_wconf 70' lang='lat' dir='ltr'><strong>auo</strong></span> 
     </span>
    </p>
   </div>
   <div class='ocr_carea' id='block_1_28' title="bbox 2165 1894 3758 1964">
    <p class='ocr_par' dir='ltr' id='par_1_28' title="bbox 2165 1894 3758 1964">
     <span class='ocr_line' id='line_1_28' title="bbox 2165 1894 3758 1964; baseline -0.001 -6"><span class='ocrx_word' id='word_1_218' title='bbox 2165 1913 2274 1958; x_wconf 91' lang='lat' dir='ltr'><strong>tem</strong></span> <span class='ocrx_word' id='word_1_219' title='bbox 2302 1919 2317 1957; x_wconf 93' lang='lat'><strong>:</strong></span> <span class='ocrx_word' id='word_1_220' title='bbox 2348 1923 2367 1956; x_wconf 79' lang='grc' dir='ltr'><strong>ε</strong></span> <span class='ocrx_word' id='word_1_221' title='bbox 2398 1903 2545 1958; x_wconf 80' lang='lat' dir='ltr'><strong>Dixit</strong></span> <span class='ocrx_word' id='word_1_222' title='bbox 2572 1905 2713 1959; x_wconf 81' lang='lat' dir='ltr'><strong>Dens</strong></span> <span class='ocrx_word' id='word_1_223' title='bbox 2742 1904 2898 1959; x_wconf 87' lang='lat' dir='ltr'><strong>:Fiat</strong></span> <span class='ocrx_word' id='word_1_224' title='bbox 2918 1903 3035 1964; x_wconf 84' lang='lat' dir='ltr'><strong>lux,</strong></span> <span class='ocrx_word' id='word_1_225' title='bbox 3057 1922 3074 1952; x_wconf 77' lang='grc' dir='ltr'><strong>ι</strong></span> <span class='ocrx_word' id='word_1_226' title='bbox 3102 1910 3181 1964; x_wconf 90' lang='lat' dir='ltr'><strong>et,</strong></span> <span class='ocrx_word' id='word_1_227' title='bbox 3210 1921 3229 1953; x_wconf 83' lang='grc' dir='ltr'><strong>ε</strong></span> <span class='ocrx_word' id='word_1_228' title='bbox 3261 1899 3407 1956; x_wconf 81' lang='lat' dir='ltr'><strong>Dixit</strong></span> <span class='ocrx_word' id='word_1_229' title='bbox 3432 1894 3573 1957; x_wconf 82' lang='lat' dir='ltr'><strong>Deus</strong></span> <span class='ocrx_word' id='word_1_230' title='bbox 3595 1919 3610 1956; x_wconf 89' lang='lat'><strong>:</strong></span> <span class='ocrx_word' id='word_1_231' title='bbox 3632 1900 3758 1957; x_wconf 83' lang='lat' dir='ltr'><strong>Fiat</strong></span> 
     </span>
    </p>
   </div>
   <div class='ocr_carea' id='block_1_29' title="bbox 2167 1990 3748 2060">
    <p class='ocr_par' dir='ltr' id='par_1_29' title="bbox 2167 1990 3748 2060">
     <span class='ocr_line' id='line_1_29' title="bbox 2167 1990 3748 2060; baseline 0 -13"><span class='ocrx_word' id='word_1_232' title='bbox 2167 1993 2576 2048; x_wconf 80' lang='lat' dir='ltr'><strong>ﬁrmamentum</strong></span> <span class='ocrx_word' id='word_1_233' title='bbox 2602 2012 2616 2060; x_wconf 90' lang='lat'><strong>;</strong></span> <span class='ocrx_word' id='word_1_234' title='bbox 2640 2013 2658 2047; x_wconf 75' lang='grc' dir='ltr'><strong>ι</strong></span> <span class='ocrx_word' id='word_1_235' title='bbox 2683 2002 2755 2055; x_wconf 89' lang='lat' dir='ltr'><strong>et,</strong></span> <span class='ocrx_word' id='word_1_236' title='bbox 2794 2012 2813 2045; x_wconf 75' lang='grc' dir='ltr'><strong>ι</strong></span> <span class='ocrx_word' id='word_1_237' title='bbox 2839 1992 2987 2047; x_wconf 80' lang='lat' dir='ltr'><strong>Dixit</strong></span> <span class='ocrx_word' id='word_1_238' title='bbox 3012 1992 3156 2047; x_wconf 91' lang='lat' dir='ltr'><strong>Deus</strong></span> <span class='ocrx_word' id='word_1_239' title='bbox 3188 2007 3204 2047; x_wconf 89' lang='lat'><strong>:</strong></span> <span class='ocrx_word' id='word_1_240' title='bbox 3236 1990 3704 2057; x_wconf 88' lang='lat' dir='ltr'><strong>Germinetterra,</strong></span> <span class='ocrx_word' id='word_1_241' title='bbox 3727 2010 3748 2046; x_wconf 72' lang='grc' dir='ltr'><strong>ι</strong></span> 
     </span>
    </p>
   </div>
   <div class='ocr_carea' id='block_1_30' title="bbox 481 2082 2246 2183">
    <p class='ocr_par' dir='ltr' id='par_1_30' title="bbox 481 2082 2246 2183">
     <span class='ocr_line' id='line_1_30' title="bbox 481 2082 2246 2183; baseline 0.002 -47"><span class='ocrx_word' id='word_1_242' title='bbox 481 2083 664 2150; x_wconf 78' lang='grc' dir='ltr'>ἀγιον,</span> <span class='ocrx_word' id='word_1_243' title='bbox 717 2085 971 2155; x_wconf 83' lang='grc' dir='ltr'>προέγνω</span> <span class='ocrx_word' id='word_1_244' title='bbox 1019 2088 1115 2139; x_wconf 84' lang='grc' dir='ltr'><strong>καὶ</strong></span> <span class='ocrx_word' id='word_1_245' title='bbox 1167 2087 1518 2157; x_wconf 82' lang='grc' dir='ltr'>προεκήρυξε</span> <span class='ocrx_word' id='word_1_246' title='bbox 1562 2085 1819 2155; x_wconf 68' lang='grc' dir='ltr'>Μωῦσῆς.</span> <span class='ocrx_word' id='word_1_247' title='bbox 1851 2085 1963 2140; x_wconf 73' lang='grc' dir='ltr'><strong>Καὶ</strong></span> <span class='ocrx_word' id='word_1_248' title='bbox 2003 2086 2063 2138; x_wconf 86' lang='grc' dir='ltr'><strong>ἐν</strong></span> <span class='ocrx_word' id='word_1_249' title='bbox 2093 2122 2142 2183; x_wconf 74' lang='grc' dir='ltr'><strong><em>Β</em></strong></span> <span class='ocrx_word' id='word_1_250' title='bbox 2171 2082 2246 2139; x_wconf 85' lang='lat' dir='ltr'><strong>De</strong></span> 
     </span>
    </p>
   </div>
   <div class='ocr_carea' id='block_1_31' title="bbox 1989 2082 3754 2183">
    <p class='ocr_par' dir='ltr' id='par_1_31' title="bbox 2003 2082 3754 2183">
     <span class='ocr_line' id='line_1_31' title="bbox 2003 2082 3754 2183; baseline 0.002 -45"><span class='ocrx_word' id='word_1_251' title='bbox 2003 2086 2063 2138; x_wconf 90' lang='lat' dir='ltr'><strong>tv</strong></span> <span class='ocrx_word' id='word_1_252' title='bbox 2093 2122 2142 2183; x_wconf 73' lang='grc' dir='ltr'><strong>Β</strong></span> <span class='ocrx_word' id='word_1_253' title='bbox 2171 2082 2265 2139; x_wconf 86' lang='lat' dir='ltr'><strong>Dei</strong></span> <span class='ocrx_word' id='word_1_254' title='bbox 2298 2082 2537 2139; x_wconf 81' lang='lat' dir='ltr'><strong>Verbum</strong></span> <span class='ocrx_word' id='word_1_255' title='bbox 2606 2085 2941 2151; x_wconf 79' lang='lat' dir='ltr'><strong>manifestat,</strong></span> <span class='ocrx_word' id='word_1_256' title='bbox 2993 2086 3143 2156; x_wconf 88' lang='lat' dir='ltr'><strong>quod</strong></span> <span class='ocrx_word' id='word_1_257' title='bbox 3200 2092 3285 2141; x_wconf 86' lang='lat' dir='ltr'><strong>est</strong></span> <span class='ocrx_word' id='word_1_258' title='bbox 3328 2085 3547 2148; x_wconf 79' lang='lat' dir='ltr'><strong>vivens.</strong></span> <span class='ocrx_word' id='word_1_259' title='bbox 3582 2100 3754 2141; x_wconf 87' lang='lat' dir='ltr'><strong>unum</strong></span> 
     </span>
    </p>
   </div>
   <div class='ocr_carea' id='block_1_32' title="bbox 480 2172 2245 2249">
    <p class='ocr_par' dir='ltr' id='par_1_32' title="bbox 480 2172 2224 2249">
     <span class='ocr_line' id='line_1_32' title="bbox 480 2172 2224 2249; baseline 0 -19"><span class='ocrx_word' id='word_1_260' title='bbox 480 2175 557 2244; x_wconf 77' lang='grc' dir='ltr'><strong>τῷ</strong></span> <span class='ocrx_word' id='word_1_261' title='bbox 589 2175 793 2243; x_wconf 78' lang='grc' dir='ltr'>λέγειν,</span> <span class='ocrx_word' id='word_1_262' title='bbox 841 2196 861 2229; x_wconf 78' lang='grc' dir='ltr'><strong>ι</strong></span> <span class='ocrx_word' id='word_1_263' title='bbox 898 2172 1067 2232; x_wconf 74' lang='grc' dir='ltr'>Εἶπεν</span> <span class='ocrx_word' id='word_1_264' title='bbox 1114 2182 1143 2233; x_wconf 97' lang='lat'><strong>6</strong></span> <span class='ocrx_word' id='word_1_265' title='bbox 1188 2179 1345 2242; x_wconf 86' lang='grc' dir='ltr'>Θεὸς.</span> <span class='ocrx_word' id='word_1_266' title='bbox 1376 2179 1666 2249; x_wconf 77' lang='grc' dir='ltr'><strong>Γενηθήτω</strong></span> <span class='ocrx_word' id='word_1_267' title='bbox 1711 2178 1852 2247; x_wconf 81' lang='grc' dir='ltr'>φῶς,</span> <span class='ocrx_word' id='word_1_268' title='bbox 1890 2196 1911 2232; x_wconf 75' lang='lat' dir='ltr'><strong>s</strong></span> <span class='ocrx_word' id='word_1_269' title='bbox 1946 2179 2065 2243; x_wconf 63' lang='grc' dir='ltr'>καὶ,</span> <span class='ocrx_word' id='word_1_270' title='bbox 2093 2172 2138 2183; x_wconf 67' lang='grc'><strong>⁷</strong></span> <span class='ocrx_word' id='word_1_271' title='bbox 2169 2186 2224 2230; x_wconf 90' lang='lat' dir='ltr'><strong>et</strong></span> 
     </span>
    </p>
   </div>
   <div class='ocr_carea' id='block_1_33' title="bbox 1989 2172 3754 2249">
    <p class='ocr_par' dir='ltr' id='par_1_33' title="bbox 1989 2172 3754 2247">
     <span class='ocr_line' id='line_1_33' title="bbox 1989 2172 3754 2247; baseline 0.001 -16"><span class='ocrx_word' id='word_1_272' title='bbox 1989 2179 2065 2243; x_wconf 70' lang='lat' dir='ltr'><strong>ai,</strong></span> <span class='ocrx_word' id='word_1_273' title='bbox 2093 2172 2138 2183; x_wconf 73' lang='lat'><strong><em>&#39;</em></strong></span> <span class='ocrx_word' id='word_1_274' title='bbox 2169 2186 2224 2230; x_wconf 91' lang='lat' dir='ltr'><strong>et</strong></span> <span class='ocrx_word' id='word_1_275' title='bbox 2268 2175 2641 2247; x_wconf 75' lang='lat' dir='ltr'><strong>unigenitum,</strong></span> <span class='ocrx_word' id='word_1_276' title='bbox 2694 2177 3158 2246; x_wconf 80' lang='lat' dir='ltr'><strong>quemadmodum</strong></span> <span class='ocrx_word' id='word_1_277' title='bbox 3203 2175 3348 2233; x_wconf 91' lang='lat' dir='ltr'><strong>Deus</strong></span> <span class='ocrx_word' id='word_1_278' title='bbox 3393 2178 3561 2232; x_wconf 80' lang='lat' dir='ltr'><strong>Pater</strong></span> <span class='ocrx_word' id='word_1_279' title='bbox 3610 2182 3754 2233; x_wconf 85' lang='lat' dir='ltr'><strong>unus</strong></span> 
     </span>
    </p>
   </div>
   <div class='ocr_carea' id='block_1_34' title="bbox 486 2263 2071 2341">
    <p class='ocr_par' dir='ltr' id='par_1_34' title="bbox 486 2263 2071 2341">
     <span class='ocr_line' id='line_1_34' title="bbox 486 2263 2071 2341; baseline 0.003 -23"><span class='ocrx_word' id='word_1_280' title='bbox 486 2284 506 2318; x_wconf 77' lang='grc' dir='ltr'><strong>ι</strong></span> <span class='ocrx_word' id='word_1_281' title='bbox 548 2263 714 2321; x_wconf 74' lang='grc' dir='ltr'>Εἶπεν</span> <span class='ocrx_word' id='word_1_282' title='bbox 738 2269 947 2335; x_wconf 86' lang='grc' dir='ltr'>όΘεὸς,</span> <span class='ocrx_word' id='word_1_283' title='bbox 975 2270 1270 2340; x_wconf 74' lang='grc' dir='ltr'><strong>Γενηθήτω</strong></span> <span class='ocrx_word' id='word_1_284' title='bbox 1286 2271 1593 2341; x_wconf 84' lang='grc' dir='ltr'>στερέωμα,</span> <span class='ocrx_word' id='word_1_285' title='bbox 1634 2290 1652 2323; x_wconf 73' lang='grc' dir='ltr'><strong>ι</strong></span> <span class='ocrx_word' id='word_1_286' title='bbox 1681 2271 1801 2334; x_wconf 75' lang='grc' dir='ltr'>καὶ,</span> <span class='ocrx_word' id='word_1_287' title='bbox 1841 2287 1861 2321; x_wconf 80' lang='grc' dir='ltr'><strong>ε</strong></span> <span class='ocrx_word' id='word_1_288' title='bbox 1900 2264 2071 2323; x_wconf 76' lang='grc' dir='ltr'>Εἶπεν</span> 
     </span>
    </p>
   </div>
   <div class='ocr_carea' id='block_1_35' title="bbox 481 2358 2069 2430">
    <p class='ocr_par' dir='ltr' id='par_1_35' title="bbox 481 2358 2069 2430">
     <span class='ocr_line' id='line_1_35' title="bbox 481 2358 2069 2430; baseline 0.001 -21"><span class='ocrx_word' id='word_1_289' title='bbox 481 2359 511 2409; x_wconf 89' lang='lat'><strong>6</strong></span> <span class='ocrx_word' id='word_1_290' title='bbox 538 2358 693 2425; x_wconf 82' lang='grc' dir='ltr'>Θεὸς,</span> <span class='ocrx_word' id='word_1_291' title='bbox 730 2358 1099 2428; x_wconf 82' lang='grc' dir='ltr'>Βλαστησάτω</span> <span class='ocrx_word' id='word_1_292' title='bbox 1129 2362 1163 2430; x_wconf 76' lang='grc' dir='ltr'><strong>ἠ</strong></span> <span class='ocrx_word' id='word_1_293' title='bbox 1194 2361 1291 2430; x_wconf 84' lang='grc' dir='ltr'>γῆ,</span> <span class='ocrx_word' id='word_1_294' title='bbox 1327 2378 1347 2412; x_wconf 78' lang='lat' dir='ltr'><strong>s</strong></span> <span class='ocrx_word' id='word_1_295' title='bbox 1385 2362 1478 2414; x_wconf 91' lang='grc' dir='ltr'><strong>τὸν</strong></span> <span class='ocrx_word' id='word_1_296' title='bbox 1499 2358 1595 2414; x_wconf 87' lang='grc' dir='ltr'><strong>τοῦ</strong></span> <span class='ocrx_word' id='word_1_297' title='bbox 1617 2358 1758 2413; x_wconf 80' lang='grc' dir='ltr'>Θεοῦ</span> <span class='ocrx_word' id='word_1_298' title='bbox 1782 2360 1959 2428; x_wconf 90' lang='grc' dir='ltr'>Λόγον</span> <span class='ocrx_word' id='word_1_299' title='bbox 1986 2358 2069 2411; x_wconf 82' lang='grc' dir='ltr'>δι-</span> 
     </span>
    </p>
   </div>
   <div class='ocr_carea' id='block_1_36' title="bbox 488 2448 2066 2525">
    <p class='ocr_par' dir='ltr' id='par_1_36' title="bbox 488 2448 2066 2525">
     <span class='ocr_line' id='line_1_36' title="bbox 488 2448 2066 2525; baseline 0.001 -21"><span class='ocrx_word' id='word_1_300' title='bbox 488 2452 699 2507; x_wconf 79' lang='grc' dir='ltr'>δάσκει.</span> <span class='ocrx_word' id='word_1_301' title='bbox 742 2454 855 2509; x_wconf 74' lang='grc' dir='ltr'><strong>Καὶ</strong></span> <span class='ocrx_word' id='word_1_302' title='bbox 896 2448 1055 2517; x_wconf 72' lang='grc' dir='ltr'>οὗτος</span> <span class='ocrx_word' id='word_1_303' title='bbox 1098 2454 1207 2518; x_wconf 78' lang='grc' dir='ltr'><strong>ζῶν</strong></span> <span class='ocrx_word' id='word_1_304' title='bbox 1254 2454 1349 2507; x_wconf 68' lang='grc' dir='ltr'>καὶ</span> <span class='ocrx_word' id='word_1_305' title='bbox 1378 2449 1461 2517; x_wconf 80' lang='grc' dir='ltr'><strong>εἷς</strong></span> <span class='ocrx_word' id='word_1_306' title='bbox 1491 2453 1587 2508; x_wconf 73' lang='grc' dir='ltr'><strong>καὶ</strong></span> <span class='ocrx_word' id='word_1_307' title='bbox 1620 2450 1948 2525; x_wconf 76' lang='grc' dir='ltr'>μονογενὴς,</span> <span class='ocrx_word' id='word_1_308' title='bbox 1987 2450 2066 2514; x_wconf 81' lang='grc' dir='ltr'><strong>ὡς</strong></span> 
     </span>
    </p>
   </div>
   <div class='ocr_carea' id='block_1_37' title="bbox 484 2539 2069 2617">
    <p class='ocr_par' dir='ltr' id='par_1_37' title="bbox 484 2539 2069 2617">
     <span class='ocr_line' id='line_1_37' title="bbox 484 2539 2069 2617; baseline 0.001 -21"><span class='ocrx_word' id='word_1_309' title='bbox 484 2545 582 2597; x_wconf 81' lang='grc' dir='ltr'><strong>καὶ</strong></span> <span class='ocrx_word' id='word_1_310' title='bbox 615 2545 644 2596; x_wconf 87' lang='grc' dir='ltr'><strong>ό</strong></span> <span class='ocrx_word' id='word_1_311' title='bbox 676 2544 812 2606; x_wconf 76' lang='grc' dir='ltr'>Θεὸς</span> <span class='ocrx_word' id='word_1_312' title='bbox 852 2548 947 2599; x_wconf 80' lang='grc' dir='ltr'><strong>καὶ</strong></span> <span class='ocrx_word' id='word_1_313' title='bbox 984 2545 1178 2617; x_wconf 66' lang='grc' dir='ltr'>Πατὴρ</span> <span class='ocrx_word' id='word_1_314' title='bbox 1226 2539 1307 2610; x_wconf 69' lang='grc' dir='ltr'>εἷς</span> <span class='ocrx_word' id='word_1_315' title='bbox 1331 2545 1428 2598; x_wconf 75' lang='grc' dir='ltr'><strong>καὶ</strong></span> <span class='ocrx_word' id='word_1_316' title='bbox 1459 2544 1570 2607; x_wconf 76' lang='grc' dir='ltr'>ζῶν</span> <span class='ocrx_word' id='word_1_317' title='bbox 1599 2547 1697 2599; x_wconf 74' lang='grc' dir='ltr'><strong>καὶ</strong></span> <span class='ocrx_word' id='word_1_318' title='bbox 1734 2544 1895 2614; x_wconf 80' lang='grc' dir='ltr'>μόνος</span> <span class='ocrx_word' id='word_1_319' title='bbox 1927 2544 2069 2598; x_wconf 82' lang='grc' dir='ltr'>ἐστί.</span> 
     </span>
    </p>
   </div>
   <div class='ocr_carea' id='block_1_38' title="bbox 489 2637 2073 2708">
    <p class='ocr_par' dir='ltr' id='par_1_38' title="bbox 489 2637 2073 2708">
     <span class='ocr_line' id='line_1_38' title="bbox 489 2637 2073 2708; baseline 0 -16"><span class='ocrx_word' id='word_1_320' title='bbox 489 2639 601 2692; x_wconf 77' lang='grc' dir='ltr'><strong>Καὶ</strong></span> <span class='ocrx_word' id='word_1_321' title='bbox 635 2640 766 2708; x_wconf 69' lang='grc' dir='ltr'>περὶ</span> <span class='ocrx_word' id='word_1_322' title='bbox 816 2639 911 2692; x_wconf 92' lang='grc' dir='ltr'><strong>τοῦ</strong></span> <span class='ocrx_word' id='word_1_323' title='bbox 943 2639 1263 2708; x_wconf 58' lang='lat' dir='ltr'><strong>“vstigia-:0;</strong></span> <span class='ocrx_word' id='word_1_324' title='bbox 1302 2637 1399 2692; x_wconf 86' lang='grc' dir='ltr'><strong>τοῦ</strong></span> <span class='ocrx_word' id='word_1_325' title='bbox 1426 2639 1611 2705; x_wconf 86' lang='grc' dir='ltr'>ἀγίου,</span> <span class='ocrx_word' id='word_1_326' title='bbox 1651 2656 1670 2690; x_wconf 78' lang='grc' dir='ltr'><strong>ε</strong></span> <span class='ocrx_word' id='word_1_327' title='bbox 1704 2639 1817 2695; x_wconf 73' lang='grc' dir='ltr'><strong>Καὶ</strong></span> <span class='ocrx_word' id='word_1_328' title='bbox 1844 2638 2073 2708; x_wconf 86' lang='grc' dir='ltr'>Πνεῦμα</span> 
     </span>
    </p>
   </div>
   <div class='ocr_carea' id='block_1_39' title="bbox 489 2729 2075 2801">
    <p class='ocr_par' dir='ltr' id='par_1_39' title="bbox 489 2729 2075 2801">
     <span class='ocr_line' id='line_1_39' title="bbox 489 2729 2075 2801; baseline 0.001 -19"><span class='ocrx_word' id='word_1_329' title='bbox 489 2729 628 2783; x_wconf 87' lang='grc' dir='ltr'>Θεοῦ</span> <span class='ocrx_word' id='word_1_330' title='bbox 689 2732 995 2801; x_wconf 68' lang='grc' dir='ltr'>ἐπεφέρετο</span> <span class='ocrx_word' id='word_1_331' title='bbox 1054 2732 1241 2787; x_wconf 82' lang='grc' dir='ltr'>ἐπάνω</span> <span class='ocrx_word' id='word_1_332' title='bbox 1288 2731 1386 2786; x_wconf 89' lang='grc' dir='ltr'><strong>τοῦ</strong></span> <span class='ocrx_word' id='word_1_333' title='bbox 1440 2731 1676 2796; x_wconf 78' lang='grc' dir='ltr'>ὕδατος,</span> <span class='ocrx_word' id='word_1_334' title='bbox 1724 2750 1743 2784; x_wconf 77' lang='grc' dir='ltr'><strong>ε</strong></span> <span class='ocrx_word' id='word_1_335' title='bbox 1784 2731 1943 2801; x_wconf 75' lang='grc' dir='ltr'>φησί’</span> <span class='ocrx_word' id='word_1_336' title='bbox 1976 2730 2075 2783; x_wconf 76' lang='grc' dir='ltr'>καὶ</span> 
     </span>
    </p>
   </div>
   <div class='ocr_carea' id='block_1_40' title="bbox 489 2821 2075 2894">
    <p class='ocr_par' dir='ltr' id='par_1_40' title="bbox 489 2821 2075 2894">
     <span class='ocr_line' id='line_1_40' title="bbox 489 2821 2075 2894; baseline -0.001 -20"><span class='ocrx_word' id='word_1_337' title='bbox 489 2824 620 2892; x_wconf 73' lang='grc' dir='ltr'>περὶ</span> <span class='ocrx_word' id='word_1_338' title='bbox 646 2823 743 2876; x_wconf 87' lang='grc' dir='ltr'><strong>τοῦ</strong></span> <span class='ocrx_word' id='word_1_339' title='bbox 774 2824 1089 2894; x_wconf 83' lang='grc' dir='ltr'>ἀνθρώπου·</span> <span class='ocrx_word' id='word_1_340' title='bbox 1124 2844 1143 2877; x_wconf 81' lang='lat' dir='ltr'><strong>r</strong></span> <span class='ocrx_word' id='word_1_341' title='bbox 1175 2825 1289 2879; x_wconf 79' lang='grc' dir='ltr'><strong>Καὶ</strong></span> <span class='ocrx_word' id='word_1_342' title='bbox 1325 2825 1667 2894; x_wconf 80' lang='grc' dir='ltr'>ἐνεφύσησεν</span> <span class='ocrx_word' id='word_1_343' title='bbox 1692 2822 1774 2885; x_wconf 86' lang='grc' dir='ltr'><strong>είς</strong></span> <span class='ocrx_word' id='word_1_344' title='bbox 1809 2822 1870 2875; x_wconf 91' lang='grc' dir='ltr'><strong>τὸ</strong></span> <span class='ocrx_word' id='word_1_345' title='bbox 1896 2821 2075 2890; x_wconf 83' lang='grc' dir='ltr'>πρόσ-</span> 
     </span>
    </p>
   </div>
   <div class='ocr_carea' id='block_1_41' title="bbox 488 2913 2072 2985">
    <p class='ocr_par' dir='ltr' id='par_1_41' title="bbox 488 2913 2072 2985">
     <span class='ocr_line' id='line_1_41' title="bbox 488 2913 2072 2985; baseline 0 -18"><span class='ocrx_word' id='word_1_346' title='bbox 488 2930 641 2967; x_wconf 75' lang='grc' dir='ltr'>ωπον</span> <span class='ocrx_word' id='word_1_347' title='bbox 673 2916 841 2968; x_wconf 83' lang='grc' dir='ltr'>αὑτοῦ</span> <span class='ocrx_word' id='word_1_348' title='bbox 872 2915 1042 2983; x_wconf 80' lang='grc' dir='ltr'>πνοὴν</span> <span class='ocrx_word' id='word_1_349' title='bbox 1083 2916 1230 2985; x_wconf 80' lang='grc' dir='ltr'><strong>ζωῆς</strong></span> <span class='ocrx_word' id='word_1_350' title='bbox 1255 2932 1271 2948; x_wconf 84' lang='grc'>⁶</span> <span class='ocrx_word' id='word_1_351' title='bbox 1326 2935 1346 2969; x_wconf 80' lang='lat' dir='ltr'><strong>s</strong></span> <span class='ocrx_word' id='word_1_352' title='bbox 1380 2917 1476 2970; x_wconf 71' lang='grc' dir='ltr'>καὶ</span> <span class='ocrx_word' id='word_1_353' title='bbox 1506 2917 1600 2970; x_wconf 74' lang='grc' dir='ltr'>ἐπὶ</span> <span class='ocrx_word' id='word_1_354' title='bbox 1632 2914 1729 2970; x_wconf 87' lang='grc' dir='ltr'><strong>τοῦ</strong></span> <span class='ocrx_word' id='word_1_355' title='bbox 1760 2914 1908 2977; x_wconf 83' lang='grc' dir='ltr'>Νῶε,</span> <span class='ocrx_word' id='word_1_356' title='bbox 1946 2933 1964 2967; x_wconf 79' lang='grc' dir='ltr'><strong>ι</strong></span> <span class='ocrx_word' id='word_1_357' title='bbox 1995 2913 2072 2968; x_wconf 81' lang='grc' dir='ltr'><strong>Οὐ</strong></span> 
     </span>
    </p>
   </div>
   <div class='ocr_carea' id='block_1_42' title="bbox 495 3004 2076 3080">
    <p class='ocr_par' dir='ltr' id='par_1_42' title="bbox 495 3004 2076 3080">
     <span class='ocr_line' id='line_1_42' title="bbox 495 3004 2076 3080; baseline -0.002 -19"><span class='ocrx_word' id='word_1_358' title='bbox 495 3010 570 3077; x_wconf 81' lang='grc' dir='ltr'>μὴ</span> <span class='ocrx_word' id='word_1_359' title='bbox 622 3007 927 3080; x_wconf 78' lang='grc' dir='ltr'><strong>καταμείνῃ</strong></span> <span class='ocrx_word' id='word_1_360' title='bbox 956 3008 1018 3061; x_wconf 89' lang='grc' dir='ltr'><strong>τὸ</strong></span> <span class='ocrx_word' id='word_1_361' title='bbox 1060 3007 1289 3077; x_wconf 84' lang='grc' dir='ltr'>Πνεῦμά</span> <span class='ocrx_word' id='word_1_362' title='bbox 1342 3025 1447 3079; x_wconf 89' lang='grc' dir='ltr'><strong>μου</strong></span> <span class='ocrx_word' id='word_1_363' title='bbox 1499 3008 1558 3060; x_wconf 86' lang='grc' dir='ltr'>ἐν</span> <span class='ocrx_word' id='word_1_364' title='bbox 1600 3008 1720 3069; x_wconf 82' lang='grc' dir='ltr'>τοῖς</span> <span class='ocrx_word' id='word_1_365' title='bbox 1765 3004 2076 3075; x_wconf 78' lang='grc' dir='ltr'>ἀνθρώποις</span> 
     </span>
    </p>
   </div>
   <div class='ocr_carea' id='block_1_43' title="bbox 490 3096 2075 3169">
    <p class='ocr_par' dir='ltr' id='par_1_43' title="bbox 490 3096 2075 3169">
     <span class='ocr_line' id='line_1_43' title="bbox 490 3096 2075 3169; baseline -0.001 -18"><span class='ocrx_word' id='word_1_366' title='bbox 490 3100 709 3162; x_wconf 74' lang='grc' dir='ltr'>τούτοις</span> <span class='ocrx_word' id='word_1_367' title='bbox 741 3117 753 3129; x_wconf 91' lang='grc'>·</span> <span class='ocrx_word' id='word_1_368' title='bbox 800 3117 819 3151; x_wconf 83' lang='grc' dir='ltr'><strong>ε</strong></span> <span class='ocrx_word' id='word_1_369' title='bbox 886 3100 1022 3163; x_wconf 73' lang='grc' dir='ltr'>καὶ,</span> <span class='ocrx_word' id='word_1_370' title='bbox 1067 3118 1085 3150; x_wconf 83' lang='grc'>›</span> <span class='ocrx_word' id='word_1_371' title='bbox 1149 3099 1465 3169; x_wconf 80' lang='grc' dir='ltr'>Πνεῦματος</span> <span class='ocrx_word' id='word_1_372' title='bbox 1521 3097 1679 3167; x_wconf 86' lang='grc' dir='ltr'>ἀγίου</span> <span class='ocrx_word' id='word_1_373' title='bbox 1747 3096 1992 3167; x_wconf 74' lang='grc' dir='ltr'>ἐπλήσθη</span> <span class='ocrx_word' id='word_1_374' title='bbox 2039 3096 2075 3164; x_wconf 73' lang='grc' dir='ltr'><strong>ἡ</strong></span> 
     </span>
    </p>
   </div>
   <div class='ocr_carea' id='block_1_44' title="bbox 496 3188 2075 3260">
    <p class='ocr_par' dir='ltr' id='par_1_44' title="bbox 496 3188 2075 3260">
     <span class='ocr_line' id='line_1_44' title="bbox 496 3188 2075 3260; baseline -0.003 -15"><span class='ocrx_word' id='word_1_375' title='bbox 496 3194 695 3260; x_wconf 75' lang='grc' dir='ltr'>σκηνή.</span> <span class='ocrx_word' id='word_1_376' title='bbox 730 3210 748 3243; x_wconf 76' lang='grc' dir='ltr'><strong>ι</strong></span> <span class='ocrx_word' id='word_1_377' title='bbox 797 3192 958 3246; x_wconf 87' lang='grc' dir='ltr'>Οῦτω</span> <span class='ocrx_word' id='word_1_378' title='bbox 1010 3191 1203 3260; x_wconf 73' lang='grc' dir='ltr'>σαφῶς</span> <span class='ocrx_word' id='word_1_379' title='bbox 1249 3191 1455 3259; x_wconf 74' lang='grc' dir='ltr'>Μωσῆς</span> <span class='ocrx_word' id='word_1_380' title='bbox 1500 3189 1591 3243; x_wconf 67' lang='lat' dir='ltr'><strong>sta</strong></span> <span class='ocrx_word' id='word_1_381' title='bbox 1655 3188 1872 3243; x_wconf 81' lang='grc' dir='ltr'>πολλῶν</span> <span class='ocrx_word' id='word_1_382' title='bbox 1941 3188 2075 3259; x_wconf 77' lang='grc' dir='ltr'>περὶ</span> 
     </span>
    </p>
   </div>
   <div class='ocr_carea' id='block_1_45' title="bbox 496 3277 2074 3350">
    <p class='ocr_par' dir='ltr' id='par_1_45' title="bbox 496 3277 2074 3350">
     <span class='ocr_line' id='line_1_45' title="bbox 496 3277 2074 3350; baseline -0.001 -15"><span class='ocrx_word' id='word_1_383' title='bbox 496 3283 594 3335; x_wconf 86' lang='grc' dir='ltr'><strong>τοῦ</strong></span> <span class='ocrx_word' id='word_1_384' title='bbox 650 3283 825 3346; x_wconf 79' lang='grc' dir='ltr'>Λόγου</span> <span class='ocrx_word' id='word_1_385' title='bbox 868 3281 961 3335; x_wconf 88' lang='grc' dir='ltr'><strong>τοῦ</strong></span> <span class='ocrx_word' id='word_1_386' title='bbox 1009 3282 1213 3346; x_wconf 81' lang='grc' dir='ltr'>ζῶντος</span> <span class='ocrx_word' id='word_1_387' title='bbox 1262 3279 1494 3350; x_wconf 72' lang='grc' dir='ltr'>ἐκήρυξε</span> <span class='ocrx_word' id='word_1_388' title='bbox 1533 3277 1629 3333; x_wconf 88' lang='grc' dir='ltr'><strong>τοῦ</strong></span> <span class='ocrx_word' id='word_1_389' title='bbox 1677 3278 1814 3333; x_wconf 83' lang='grc' dir='ltr'>Θεοῦ</span> <span class='ocrx_word' id='word_1_390' title='bbox 1850 3279 1943 3333; x_wconf 89' lang='grc' dir='ltr'>καὶ</span> <span class='ocrx_word' id='word_1_391' title='bbox 1978 3280 2074 3334; x_wconf 88' lang='grc' dir='ltr'><strong>τοῦ</strong></span> 
     </span>
    </p>
   </div>
   <div class='ocr_carea' id='block_1_46' title="bbox 498 3370 2071 3442">
    <p class='ocr_par' dir='ltr' id='par_1_46' title="bbox 498 3370 2071 3442">
     <span class='ocr_line' id='line_1_46' title="bbox 498 3370 2071 3442; baseline -0.002 -17"><span class='ocrx_word' id='word_1_392' title='bbox 498 3372 657 3439; x_wconf 72' lang='grc' dir='ltr'>ἀγίσιυ</span> <span class='ocrx_word' id='word_1_393' title='bbox 704 3372 1044 3436; x_wconf 74' lang='grc' dir='ltr'>Πνεύματος.</span> <span class='ocrx_word' id='word_1_394' title='bbox 1081 3371 1243 3426; x_wconf 79' lang='grc' dir='ltr'>’Λλλά</span> <span class='ocrx_word' id='word_1_395' title='bbox 1294 3372 1392 3425; x_wconf 81' lang='grc' dir='ltr'>καὶ</span> <span class='ocrx_word' id='word_1_396' title='bbox 1433 3372 1539 3441; x_wconf 88' lang='grc' dir='ltr'><strong>πρὸ</strong></span> <span class='ocrx_word' id='word_1_397' title='bbox 1587 3370 1759 3426; x_wconf 74' lang='grc' dir='ltr'>αὑτοῦ</span> <span class='ocrx_word' id='word_1_398' title='bbox 1802 3370 2071 3442; x_wconf 68' lang='grc' dir='ltr'>Ἀϐραάμ,</span> 
     </span>
    </p>
   </div>
   <div class='ocr_carea' id='block_1_47' title="bbox 495 3462 1313 3531">
    <p class='ocr_par' dir='ltr' id='par_1_47' title="bbox 495 3462 1313 3531">
     <span class='ocr_line' id='line_1_47' title="bbox 495 3462 1313 3531; baseline -0.005 -13"><span class='ocrx_word' id='word_1_399' title='bbox 495 3468 622 3525; x_wconf 76' lang='grc' dir='ltr'>τοὺς</span> <span class='ocrx_word' id='word_1_400' title='bbox 692 3467 833 3531; x_wconf 74' lang='grc' dir='ltr'>τρεῖς</span> <span class='ocrx_word' id='word_1_401' title='bbox 912 3462 1313 3531; x_wconf 71' lang='grc' dir='ltr'>ὑποδεξάμενος</span> 
     </span>
    </p>
   </div>
   <div class='ocr_carea' id='block_1_48' title="bbox 500 3547 2076 3625">
    <p class='ocr_par' dir='ltr' id='par_1_48' title="bbox 500 3547 2076 3625">
     <span class='ocr_line' id='line_1_48' title="bbox 500 3547 2076 3625; baseline -0.005 -16"><span class='ocrx_word' id='word_1_402' title='bbox 500 3558 565 3625; x_wconf 77' lang='grc' dir='ltr'>τῇ</span> <span class='ocrx_word' id='word_1_403' title='bbox 616 3554 886 3624; x_wconf 70' lang='grc' dir='ltr'><strong>Μαμϐρῆ.</strong></span> <span class='ocrx_word' id='word_1_404' title='bbox 922 3554 1009 3617; x_wconf 82' lang='grc' dir='ltr'>οὓς</span> <span class='ocrx_word' id='word_1_405' title='bbox 1042 3555 1135 3607; x_wconf 76' lang='grc' dir='ltr'><strong>καὶ</strong></span> <span class='ocrx_word' id='word_1_406' title='bbox 1191 3552 1327 3605; x_wconf 78' lang='grc' dir='ltr'>Θεὸν</span> <span class='ocrx_word' id='word_1_407' title='bbox 1385 3551 1484 3604; x_wconf 81' lang='lat' dir='ltr'><strong>tva</strong></span> <span class='ocrx_word' id='word_1_408' title='bbox 1526 3550 1715 3617; x_wconf 82' lang='grc' dir='ltr'>σαφῶς</span> <span class='ocrx_word' id='word_1_409' title='bbox 1744 3547 2076 3620; x_wconf 78' lang='grc' dir='ltr'>ἀνεκήρυξε,</span> 
     </span>
    </p>
   </div>
   <div class='ocr_carea' id='block_1_49' title="bbox 501 3638 2085 3712">
    <p class='ocr_par' dir='ltr' id='par_1_49' title="bbox 501 3638 2085 3712">
     <span class='ocr_line' id='line_1_49' title="bbox 501 3638 2085 3712; baseline -0.005 -15"><span class='ocrx_word' id='word_1_410' title='bbox 501 3648 597 3697; x_wconf 80' lang='grc' dir='ltr'>τὸν</span> <span class='ocrx_word' id='word_1_411' title='bbox 660 3647 716 3697; x_wconf 88' lang='grc' dir='ltr'><strong>ἐν</strong></span> <span class='ocrx_word' id='word_1_412' title='bbox 786 3645 979 3712; x_wconf 84' lang='grc' dir='ltr'>Τριάδι</span> <span class='ocrx_word' id='word_1_413' title='bbox 1029 3643 1165 3695; x_wconf 77' lang='grc' dir='ltr'>Θεὸν</span> <span class='ocrx_word' id='word_1_414' title='bbox 1224 3640 1533 3710; x_wconf 81' lang='grc' dir='ltr'>ἐκήρυξεν,</span> <span class='ocrx_word' id='word_1_415' title='bbox 1572 3638 1772 3708; x_wconf 83' lang='grc' dir='ltr'>ἀνδρας</span> <span class='ocrx_word' id='word_1_416' title='bbox 1806 3639 1906 3706; x_wconf 82' lang='grc' dir='ltr'><strong>μέν</strong></span> <span class='ocrx_word' id='word_1_417' title='bbox 1933 3639 2085 3707; x_wconf 80' lang='grc' dir='ltr'>τρεῖς</span> 
     </span>
    </p>
   </div>
   <div class='ocr_carea' id='block_1_50' title="bbox 500 3727 2086 3805">
    <p class='ocr_par' dir='ltr' id='par_1_50' title="bbox 500 3727 2086 3805">
     <span class='ocr_line' id='line_1_50' title="bbox 500 3727 2086 3805; baseline -0.008 -15"><span class='ocrx_word' id='word_1_418' title='bbox 500 3736 827 3805; x_wconf 75' lang='grc' dir='ltr'>φαινόμενον</span> <span class='ocrx_word' id='word_1_419' title='bbox 880 3734 969 3786; x_wconf 84' lang='grc' dir='ltr'><strong>διά</strong></span> <span class='ocrx_word' id='word_1_420' title='bbox 1025 3733 1088 3785; x_wconf 89' lang='grc' dir='ltr'><strong>τὸ</strong></span> <span class='ocrx_word' id='word_1_421' title='bbox 1152 3730 1354 3796; x_wconf 80' lang='grc' dir='ltr'>ίδιάζον</span> <span class='ocrx_word' id='word_1_422' title='bbox 1404 3728 1513 3782; x_wconf 85' lang='grc' dir='ltr'><strong>τῶν</strong></span> <span class='ocrx_word' id='word_1_423' title='bbox 1559 3727 1953 3791; x_wconf 81' lang='grc' dir='ltr'>ὑποστάσεων,</span> <span class='ocrx_word' id='word_1_424' title='bbox 1989 3727 2086 3779; x_wconf 68' lang='grc' dir='ltr'><strong>ἕνα</strong></span> 
     </span>
    </p>
   </div>
   <div class='ocr_carea' id='block_1_51' title="bbox 501 3819 2085 3897">
    <p class='ocr_par' dir='ltr' id='par_1_51' title="bbox 501 3819 2085 3897">
     <span class='ocr_line' id='line_1_51' title="bbox 501 3819 2085 3897; baseline -0.008 -14"><span class='ocrx_word' id='word_1_425' title='bbox 501 3830 559 3884; x_wconf 81' lang='grc' dir='ltr'><strong>δέ</strong></span> <span class='ocrx_word' id='word_1_426' title='bbox 627 3827 1035 3897; x_wconf 67' lang='grc' dir='ltr'>κηρυττόμενον</span> <span class='ocrx_word' id='word_1_427' title='bbox 1103 3824 1209 3876; x_wconf 78' lang='grc' dir='ltr'><strong>ὑπὸ</strong></span> <span class='ocrx_word' id='word_1_428' title='bbox 1279 3820 1530 3893; x_wconf 79' lang='grc' dir='ltr'>’Λσραάμ</span> <span class='ocrx_word' id='word_1_429' title='bbox 1586 3820 1676 3873; x_wconf 87' lang='grc' dir='ltr'><strong>διά</strong></span> <span class='ocrx_word' id='word_1_430' title='bbox 1753 3820 1816 3871; x_wconf 88' lang='grc' dir='ltr'><strong>τὸ</strong></span> <span class='ocrx_word' id='word_1_431' title='bbox 1885 3819 2085 3872; x_wconf 84' lang='grc' dir='ltr'>ἐνιαῖον</span> 
     </span>
    </p>
   </div>
   <div class='ocr_carea' id='block_1_52' title="bbox 498 3906 2087 3988">
    <p class='ocr_par' dir='ltr' id='par_1_52' title="bbox 498 3906 2087 3988">
     <span class='ocr_line' id='line_1_52' title="bbox 498 3906 2087 3988; baseline -0.011 -15"><span class='ocrx_word' id='word_1_432' title='bbox 498 3921 599 3988; x_wconf 76' lang='grc' dir='ltr'>τῆς</span> <span class='ocrx_word' id='word_1_433' title='bbox 652 3918 869 3985; x_wconf 83' lang='grc' dir='ltr'>φύσεως</span> <span class='ocrx_word' id='word_1_434' title='bbox 901 3955 918 3981; x_wconf 94' lang='grc'><strong>,</strong></span> <span class='ocrx_word' id='word_1_435' title='bbox 980 3914 1048 3969; x_wconf 83' lang='grc' dir='ltr'><strong>δι’</strong></span> <span class='ocrx_word' id='word_1_436' title='bbox 1107 3908 1183 3968; x_wconf 82' lang='grc' dir='ltr'><strong>ὧν</strong></span> <span class='ocrx_word' id='word_1_437' title='bbox 1252 3911 1317 3965; x_wconf 89' lang='grc' dir='ltr'><strong>τὸ</strong></span> <span class='ocrx_word' id='word_1_438' title='bbox 1378 3910 1600 3981; x_wconf 80' lang='grc' dir='ltr'>τρισσὸν</span> <span class='ocrx_word' id='word_1_439' title='bbox 1664 3907 1799 3977; x_wconf 74' lang='grc' dir='ltr'>ὁμοῦ</span> <span class='ocrx_word' id='word_1_440' title='bbox 1864 3907 1962 3961; x_wconf 78' lang='grc' dir='ltr'>καὶ</span> <span class='ocrx_word' id='word_1_441' title='bbox 2026 3906 2087 3959; x_wconf 88' lang='grc' dir='ltr'><strong>τὸ</strong></span> 
     </span>
    </p>
   </div>
   <div class='ocr_carea' id='block_1_53' title="bbox 504 3999 2087 4081">
    <p class='ocr_par' dir='ltr' id='par_1_53' title="bbox 504 3999 2087 4081">
     <span class='ocr_line' id='line_1_53' title="bbox 504 3999 2087 4081; baseline -0.01 -15"><span class='ocrx_word' id='word_1_442' title='bbox 504 4011 793 4081; x_wconf 81' lang='grc' dir='ltr'>μοναδικὸν</span> <span class='ocrx_word' id='word_1_443' title='bbox 876 4006 1202 4077; x_wconf 67' lang='grc' dir='ltr'>ἐσημαίνετο</span> <span class='ocrx_word' id='word_1_444' title='bbox 1280 4004 1380 4073; x_wconf 84' lang='grc' dir='ltr'>τῆς</span> <span class='ocrx_word' id='word_1_445' title='bbox 1455 4000 1708 4071; x_wconf 79' lang='grc' dir='ltr'>Τριάδος.</span> <span class='ocrx_word' id='word_1_446' title='bbox 1763 3999 1922 4052; x_wconf 82' lang='grc' dir='ltr'>’Λλλά</span> <span class='ocrx_word' id='word_1_447' title='bbox 1992 3999 2087 4051; x_wconf 82' lang='grc' dir='ltr'>καὶ</span> 
     </span>
    </p>
   </div>
   <div class='ocr_carea' id='block_1_54' title="bbox 514 4088 2085 4165">
    <p class='ocr_par' dir='ltr' id='par_1_54' title="bbox 514 4088 2085 4165">
     <span class='ocr_line' id='line_1_54' title="bbox 514 4088 2085 4165; baseline -0.01 -9"><span class='ocrx_word' id='word_1_448' title='bbox 514 4100 753 4165; x_wconf 63' lang='grc' dir='ltr'>Ἰσαὰκ,</span> <span class='ocrx_word' id='word_1_449' title='bbox 804 4101 867 4152; x_wconf 81' lang='grc' dir='ltr'><strong>τὸ</strong></span> <span class='ocrx_word' id='word_1_450' title='bbox 920 4098 1019 4165; x_wconf 74' lang='grc' dir='ltr'>τῆς</span> <span class='ocrx_word' id='word_1_451' title='bbox 1071 4094 1299 4163; x_wconf 83' lang='grc' dir='ltr'>Τριάδος</span> <span class='ocrx_word' id='word_1_452' title='bbox 1342 4093 1441 4148; x_wconf 77' lang='grc' dir='ltr'>καὶ</span> <span class='ocrx_word' id='word_1_453' title='bbox 1486 4092 1585 4161; x_wconf 85' lang='grc' dir='ltr'>τῆς</span> <span class='ocrx_word' id='word_1_454' title='bbox 1637 4092 1969 4160; x_wconf 75' lang='grc' dir='ltr'>σαρκώσεως</span> <span class='ocrx_word' id='word_1_455' title='bbox 1993 4088 2085 4144; x_wconf 90' lang='grc' dir='ltr'><strong>τοῦ</strong></span> 
     </span>
    </p>
   </div>
   <div class='ocr_carea' id='block_1_55' title="bbox 503 4184 2081 4262">
    <p class='ocr_par' dir='ltr' id='par_1_55' title="bbox 503 4184 2081 4262">
     <span class='ocr_line' id='line_1_55' title="bbox 503 4184 2081 4262; baseline -0.011 -11"><span class='ocrx_word' id='word_1_456' title='bbox 503 4197 682 4262; x_wconf 87' lang='grc' dir='ltr'>Λόγου</span> <span class='ocrx_word' id='word_1_457' title='bbox 762 4192 973 4259; x_wconf 81' lang='grc' dir='ltr'>ἐπέγνω</span> <span class='ocrx_word' id='word_1_458' title='bbox 1064 4207 1123 4243; x_wconf 88' lang='grc' dir='ltr'><strong>τε</strong></span> <span class='ocrx_word' id='word_1_459' title='bbox 1196 4190 1294 4243; x_wconf 79' lang='grc' dir='ltr'>καὶ</span> <span class='ocrx_word' id='word_1_460' title='bbox 1377 4184 1640 4255; x_wconf 73' lang='grc' dir='ltr'>διιγραψε</span> <span class='ocrx_word' id='word_1_461' title='bbox 1721 4184 2024 4253; x_wconf 89' lang='grc' dir='ltr'>μυστήριον</span> <span class='ocrx_word' id='word_1_462' title='bbox 2066 4222 2081 4246; x_wconf 89' lang='grc'><strong>,</strong></span> 
     </span>
    </p>
   </div>
   <div class='ocr_carea' id='block_1_56' title="bbox 504 4272 2088 4355">
    <p class='ocr_par' dir='ltr' id='par_1_56' title="bbox 504 4272 2088 4355">
     <span class='ocr_line' id='line_1_56' title="bbox 504 4272 2088 4355; baseline -0.01 -15"><span class='ocrx_word' id='word_1_463' title='bbox 504 4285 792 4355; x_wconf 73' lang='grc' dir='ltr'>γεννηθεὶς</span> <span class='ocrx_word' id='word_1_464' title='bbox 831 4283 930 4352; x_wconf 83' lang='grc' dir='ltr'>μέν</span> <span class='ocrx_word' id='word_1_465' title='bbox 955 4323 970 4347; x_wconf 95' lang='grc'><strong>,</strong></span> <span class='ocrx_word' id='word_1_466' title='bbox 1020 4280 1186 4349; x_wconf 80' lang='grc' dir='ltr'>ἡνίκα</span> <span class='ocrx_word' id='word_1_467' title='bbox 1221 4278 1351 4342; x_wconf 77' lang='grc' dir='ltr'>τοὺς</span> <span class='ocrx_word' id='word_1_468' title='bbox 1403 4280 1553 4347; x_wconf 83' lang='grc' dir='ltr'>τρεῖς</span> <span class='ocrx_word' id='word_1_469' title='bbox 1597 4275 1794 4344; x_wconf 78' lang='grc' dir='ltr'>ἄνδρας</span> <span class='ocrx_word' id='word_1_470' title='bbox 1836 4272 2088 4342; x_wconf 73' lang='grc' dir='ltr'>Ἀϐραὰμ</span> 
     </span>
    </p>
   </div>
   <div class='ocr_carea' id='block_1_57' title="bbox 505 4364 2087 4444">
    <p class='ocr_par' dir='ltr' id='par_1_57' title="bbox 505 4364 2087 4444">
     <span class='ocr_line' id='line_1_57' title="bbox 505 4364 2087 4444; baseline -0.01 -14"><span class='ocrx_word' id='word_1_471' title='bbox 505 4375 638 4441; x_wconf 74' lang='grc' dir='ltr'>εἶδε,</span> <span class='ocrx_word' id='word_1_472' title='bbox 674 4378 774 4444; x_wconf 73' lang='grc' dir='ltr'>τὴν</span> <span class='ocrx_word' id='word_1_473' title='bbox 809 4374 1091 4441; x_wconf 81' lang='grc' dir='ltr'>σάρκωσιν</span> <span class='ocrx_word' id='word_1_474' title='bbox 1133 4370 1191 4423; x_wconf 70' lang='grc' dir='ltr'><strong>δέ</strong></span> <span class='ocrx_word' id='word_1_475' title='bbox 1243 4369 1462 4439; x_wconf 83' lang='grc' dir='ltr'>δηλῶν,</span> <span class='ocrx_word' id='word_1_476' title='bbox 1516 4365 1829 4435; x_wconf 80' lang='grc' dir='ltr'>σταύρωσίν</span> <span class='ocrx_word' id='word_1_477' title='bbox 1876 4381 1938 4416; x_wconf 90' lang='grc' dir='ltr'><strong>τε</strong></span> <span class='ocrx_word' id='word_1_478' title='bbox 1990 4364 2087 4415; x_wconf 73' lang='grc' dir='ltr'><strong>καὶ</strong></span> 
     </span>
    </p>
   </div>
   <div class='ocr_carea' id='block_1_58' title="bbox 504 4454 2089 4531">
    <p class='ocr_par' dir='ltr' id='par_1_58' title="bbox 504 4454 2089 4531">
     <span class='ocr_line' id='line_1_58' title="bbox 504 4454 2089 4531; baseline -0.01 -9"><span class='ocrx_word' id='word_1_479' title='bbox 504 4468 804 4522; x_wconf 75' lang='grc' dir='ltr'>ἀνάστασιν</span> <span class='ocrx_word' id='word_1_480' title='bbox 844 4462 938 4516; x_wconf 87' lang='grc' dir='ltr'><strong>τοῦ</strong></span> <span class='ocrx_word' id='word_1_481' title='bbox 990 4460 1254 4531; x_wconf 85' lang='grc' dir='ltr'>Χριστοῦ.</span> <span class='ocrx_word' id='word_1_482' title='bbox 1307 4462 1365 4513; x_wconf 82' lang='grc' dir='ltr'><strong>ἐν</strong></span> <span class='ocrx_word' id='word_1_483' title='bbox 1422 4458 1503 4528; x_wconf 84' lang='grc' dir='ltr'>τῷ</span> <span class='ocrx_word' id='word_1_484' title='bbox 1575 4457 1878 4527; x_wconf 80' lang='grc' dir='ltr'>ἀναχθῆναι</span> <span class='ocrx_word' id='word_1_485' title='bbox 1937 4454 2089 4522; x_wconf 83' lang='grc' dir='ltr'><strong>παρά</strong></span> 
     </span>
    </p>
   </div>
   <div class='ocr_carea' id='block_1_59' title="bbox 507 4547 2086 4627">
    <p class='ocr_par' dir='ltr' id='par_1_59' title="bbox 507 4547 2086 4627">
     <span class='ocr_line' id='line_1_59' title="bbox 507 4547 2086 4627; baseline -0.008 -16"><span class='ocrx_word' id='word_1_486' title='bbox 507 4560 733 4627; x_wconf 80' lang='grc' dir='ltr'>πατρὸς,</span> <span class='ocrx_word' id='word_1_487' title='bbox 760 4557 829 4609; x_wconf 75' lang='grc' dir='ltr'>τὰ</span> <span class='ocrx_word' id='word_1_488' title='bbox 866 4554 1001 4620; x_wconf 76' lang='grc' dir='ltr'>ξύλα</span> <span class='ocrx_word' id='word_1_489' title='bbox 1028 4555 1142 4617; x_wconf 83' lang='grc' dir='ltr'>τοῖς</span> <span class='ocrx_word' id='word_1_490' title='bbox 1170 4552 1345 4620; x_wconf 79' lang='grc' dir='ltr'>ὤμοις</span> <span class='ocrx_word' id='word_1_491' title='bbox 1375 4549 1683 4620; x_wconf 74' lang='grc' dir='ltr'>βαστάζων,</span> <span class='ocrx_word' id='word_1_492' title='bbox 1714 4548 1807 4601; x_wconf 89' lang='grc' dir='ltr'><strong>τὸν</strong></span> <span class='ocrx_word' id='word_1_493' title='bbox 1838 4547 2086 4613; x_wconf 79' lang='grc' dir='ltr'>Σταυρὸν</span> 
     </span>
    </p>
   </div>
   <div class='ocr_carea' id='block_1_60' title="bbox 506 4639 2087 4712">
    <p class='ocr_par' dir='ltr' id='par_1_60' title="bbox 506 4639 2087 4712">
     <span class='ocr_line' id='line_1_60' title="bbox 506 4639 2087 4712; baseline -0.009 -8"><span class='ocrx_word' id='word_1_494' title='bbox 506 4650 863 4707; x_wconf 83' lang='grc' dir='ltr'>ἐκτυποῦντα.</span> <span class='ocrx_word' id='word_1_495' title='bbox 915 4647 1011 4700; x_wconf 79' lang='grc' dir='ltr'><strong>καὶ</strong></span> <span class='ocrx_word' id='word_1_496' title='bbox 1058 4648 1115 4699; x_wconf 79' lang='grc' dir='ltr'><strong>ἐν</strong></span> <span class='ocrx_word' id='word_1_497' title='bbox 1157 4646 1341 4708; x_wconf 82' lang='grc' dir='ltr'>αὐτοῖς</span> <span class='ocrx_word' id='word_1_498' title='bbox 1396 4640 1833 4712; x_wconf 73' lang='grc' dir='ltr'>συμποδίξεσθαι</span> <span class='ocrx_word' id='word_1_499' title='bbox 1861 4678 1877 4703; x_wconf 97' lang='grc'><strong>,</strong></span> <span class='ocrx_word' id='word_1_500' title='bbox 1945 4639 2087 4692; x_wconf 78' lang='grc' dir='ltr'>ὥστε</span> 
     </span>
    </p>
   </div>
   <div class='ocr_carea' id='block_1_61' title="bbox 2172 2266 3753 2337">
    <p class='ocr_par' dir='ltr' id='par_1_61' title="bbox 2172 2266 3753 2337">
     <span class='ocr_line' id='line_1_61' title="bbox 2172 2266 3753 2337; baseline -0.001 -13"><span class='ocrx_word' id='word_1_501' title='bbox 2172 2278 2258 2324; x_wconf 81' lang='lat' dir='ltr'><strong>est</strong></span> <span class='ocrx_word' id='word_1_502' title='bbox 2284 2274 2339 2323; x_wconf 91' lang='lat' dir='ltr'><strong>et</strong></span> <span class='ocrx_word' id='word_1_503' title='bbox 2369 2268 2558 2323; x_wconf 81' lang='lat' dir='ltr'><strong>vivens</strong></span> <span class='ocrx_word' id='word_1_504' title='bbox 2587 2275 2639 2322; x_wconf 89' lang='lat' dir='ltr'><strong>et</strong></span> <span class='ocrx_word' id='word_1_505' title='bbox 2670 2268 2840 2323; x_wconf 88' lang='lat' dir='ltr'><strong>solus.</strong></span> <span class='ocrx_word' id='word_1_506' title='bbox 2869 2268 2935 2323; x_wconf 85' lang='lat' dir='ltr'><strong>Et</strong></span> <span class='ocrx_word' id='word_1_507' title='bbox 2977 2269 3045 2323; x_wconf 90' lang='lat' dir='ltr'><strong>de</strong></span> <span class='ocrx_word' id='word_1_508' title='bbox 3090 2268 3297 2337; x_wconf 88' lang='lat' dir='ltr'><strong>Spiritu</strong></span> <span class='ocrx_word' id='word_1_509' title='bbox 3351 2276 3548 2324; x_wconf 88' lang='lat' dir='ltr'><strong>sancto</strong></span> <span class='ocrx_word' id='word_1_510' title='bbox 3578 2286 3591 2323; x_wconf 89' lang='lat'><strong>:</strong></span> <span class='ocrx_word' id='word_1_511' title='bbox 3634 2288 3653 2322; x_wconf 81' lang='grc' dir='ltr'><strong>ε</strong></span> <span class='ocrx_word' id='word_1_512' title='bbox 3684 2266 3753 2323; x_wconf 84' lang='grc' dir='ltr'>Ει</span> 
     </span>
    </p>
   </div>
   <div class='ocr_carea' id='block_1_62' title="bbox 2175 2358 3757 2431">
    <p class='ocr_par' dir='ltr' id='par_1_62' title="bbox 2175 2358 3757 2431">
     <span class='ocr_line' id='line_1_62' title="bbox 2175 2358 3757 2431; baseline 0 -16"><span class='ocrx_word' id='word_1_513' title='bbox 2175 2360 2415 2430; x_wconf 91' lang='lat' dir='ltr'><strong>Spiritus</strong></span> <span class='ocrx_word' id='word_1_514' title='bbox 2434 2359 2530 2414; x_wconf 88' lang='lat' dir='ltr'><strong>Dei</strong></span> <span class='ocrx_word' id='word_1_515' title='bbox 2563 2358 2836 2415; x_wconf 78' lang='lat' dir='ltr'><strong>ferebatur</strong></span> <span class='ocrx_word' id='word_1_516' title='bbox 2866 2374 3034 2430; x_wconf 82' lang='lat' dir='ltr'><strong>super</strong></span> <span class='ocrx_word' id='word_1_517' title='bbox 3068 2372 3267 2431; x_wconf 87' lang='lat' dir='ltr'><strong>aquas,</strong></span> <span class='ocrx_word' id='word_1_518' title='bbox 3303 2377 3323 2411; x_wconf 74' lang='grc' dir='ltr'><strong>ι</strong></span> <span class='ocrx_word' id='word_1_519' title='bbox 3358 2358 3574 2428; x_wconf 86' lang='lat' dir='ltr'><strong>inquit;</strong></span> <span class='ocrx_word' id='word_1_520' title='bbox 3612 2367 3668 2416; x_wconf 87' lang='lat' dir='ltr'><strong>et</strong></span> <span class='ocrx_word' id='word_1_521' title='bbox 3688 2359 3757 2415; x_wconf 89' lang='lat' dir='ltr'><strong>de</strong></span> 
     </span>
    </p>
   </div>
   <div class='ocr_carea' id='block_1_63' title="bbox 2174 2449 3755 2522">
    <p class='ocr_par' dir='ltr' id='par_1_63' title="bbox 2174 2449 3755 2522">
     <span class='ocr_line' id='line_1_63' title="bbox 2174 2449 3755 2522; baseline -0.001 -15"><span class='ocrx_word' id='word_1_522' title='bbox 2174 2451 2398 2507; x_wconf 89' lang='lat' dir='ltr'><strong>bomine</strong></span> <span class='ocrx_word' id='word_1_523' title='bbox 2431 2468 2447 2506; x_wconf 90' lang='lat'><strong>:</strong></span> <span class='ocrx_word' id='word_1_524' title='bbox 2488 2469 2508 2503; x_wconf 86' lang='lat' dir='ltr'><strong>r</strong></span> <span class='ocrx_word' id='word_1_525' title='bbox 2542 2450 2838 2506; x_wconf 82' lang='lat' dir='ltr'><strong>lnsulllavit</strong></span> <span class='ocrx_word' id='word_1_526' title='bbox 2878 2452 2933 2507; x_wconf 91' lang='lat' dir='ltr'><strong>in</strong></span> <span class='ocrx_word' id='word_1_527' title='bbox 2959 2450 3155 2507; x_wconf 81' lang='lat' dir='ltr'><strong>faciem</strong></span> <span class='ocrx_word' id='word_1_528' title='bbox 3204 2450 3327 2522; x_wconf 91' lang='lat' dir='ltr'><strong>ejus</strong></span> <span class='ocrx_word' id='word_1_529' title='bbox 3369 2449 3636 2521; x_wconf 85' lang='lat' dir='ltr'><strong>Spiritum</strong></span> <span class='ocrx_word' id='word_1_530' title='bbox 3677 2449 3755 2505; x_wconf 87' lang='lat' dir='ltr'><strong>vi-</strong></span> 
     </span>
    </p>
   </div>
   <div class='ocr_carea' id='block_1_64' title="bbox 2174 2540 3759 2613">
    <p class='ocr_par' dir='ltr' id='par_1_64' title="bbox 2174 2540 3759 2613">
     <span class='ocr_line' id='line_1_64' title="bbox 2174 2540 3759 2613; baseline -0.002 -13"><span class='ocrx_word' id='word_1_531' title='bbox 2174 2553 2276 2609; x_wconf 67' lang='lat' dir='ltr'><strong>ta;</strong></span> <span class='ocrx_word' id='word_1_532' title='bbox 2314 2562 2332 2596; x_wconf 77' lang='grc' dir='ltr'><strong>ι</strong></span> <span class='ocrx_word' id='word_1_533' title='bbox 2371 2552 2425 2598; x_wconf 90' lang='lat' dir='ltr'><strong>et</strong></span> <span class='ocrx_word' id='word_1_534' title='bbox 2455 2543 2524 2598; x_wconf 91' lang='lat' dir='ltr'><strong>de</strong></span> <span class='ocrx_word' id='word_1_535' title='bbox 2552 2540 2705 2598; x_wconf 88' lang='lat' dir='ltr'><strong>Noe:</strong></span> <span class='ocrx_word' id='word_1_536' title='bbox 2737 2560 2758 2596; x_wconf 78' lang='grc' dir='ltr'><strong>ε</strong></span> <span class='ocrx_word' id='word_1_537' title='bbox 2792 2542 2913 2599; x_wconf 90' lang='lat' dir='ltr'><strong>Non</strong></span> <span class='ocrx_word' id='word_1_538' title='bbox 2948 2543 3288 2613; x_wconf 87' lang='lat' dir='ltr'><strong>permanebit</strong></span> <span class='ocrx_word' id='word_1_539' title='bbox 3320 2542 3563 2612; x_wconf 88' lang='lat' dir='ltr'><strong>Spiritus</strong></span> <span class='ocrx_word' id='word_1_540' title='bbox 3599 2556 3759 2598; x_wconf 89' lang='lat' dir='ltr'><strong>meus</strong></span> 
     </span>
    </p>
   </div>
   <div class='ocr_carea' id='block_1_65' title="bbox 2174 2634 3756 2706">
    <p class='ocr_par' dir='ltr' id='par_1_65' title="bbox 2174 2634 3756 2706">
     <span class='ocr_line' id='line_1_65' title="bbox 2174 2634 3756 2706; baseline -0.002 -14"><span class='ocrx_word' id='word_1_541' title='bbox 2174 2636 2230 2692; x_wconf 90' lang='lat' dir='ltr'><strong>in</strong></span> <span class='ocrx_word' id='word_1_542' title='bbox 2256 2634 2574 2691; x_wconf 86' lang='lat' dir='ltr'><strong>hominibus</strong></span> <span class='ocrx_word' id='word_1_543' title='bbox 2604 2634 2762 2701; x_wconf 80' lang='lat' dir='ltr'><strong>istis;</strong></span> <span class='ocrx_word' id='word_1_544' title='bbox 2798 2654 2817 2689; x_wconf 76' lang='grc' dir='ltr'><strong>ι</strong></span> <span class='ocrx_word' id='word_1_545' title='bbox 2851 2644 2926 2703; x_wconf 91' lang='lat' dir='ltr'><strong>et,</strong></span> <span class='ocrx_word' id='word_1_546' title='bbox 2953 2654 2974 2688; x_wconf 79' lang='grc' dir='ltr'><strong>ι</strong></span> <span class='ocrx_word' id='word_1_547' title='bbox 3020 2634 3233 2706; x_wconf 90' lang='lat' dir='ltr'><strong>Spiritu</strong></span> <span class='ocrx_word' id='word_1_548' title='bbox 3268 2646 3463 2691; x_wconf 86' lang='lat' dir='ltr'><strong>sancto</strong></span> <span class='ocrx_word' id='word_1_549' title='bbox 3488 2635 3756 2706; x_wconf 84' lang='lat' dir='ltr'><strong>repletum</strong></span> 
     </span>
    </p>
   </div>
   <div class='ocr_carea' id='block_1_66' title="bbox 2174 2724 3762 2799">
    <p class='ocr_par' dir='ltr' id='par_1_66' title="bbox 2174 2724 3762 2799">
     <span class='ocr_line' id='line_1_66' title="bbox 2174 2724 3762 2799; baseline -0.001 -14"><span class='ocrx_word' id='word_1_550' title='bbox 2174 2738 2260 2785; x_wconf 88' lang='lat' dir='ltr'><strong>est</strong></span> <span class='ocrx_word' id='word_1_551' title='bbox 2289 2727 2723 2785; x_wconf 82' lang='lat' dir='ltr'><strong>tabernaculum.</strong></span> <span class='ocrx_word' id='word_1_552' title='bbox 2767 2745 2788 2781; x_wconf 73' lang='grc' dir='ltr'><strong>ι</strong></span> <span class='ocrx_word' id='word_1_553' title='bbox 2824 2724 2900 2781; x_wconf 87' lang='lat' dir='ltr'><strong>Ita</strong></span> <span class='ocrx_word' id='word_1_554' title='bbox 2928 2727 3206 2787; x_wconf 77' lang='lat' dir='ltr'><strong>sapienter</strong></span> <span class='ocrx_word' id='word_1_555' title='bbox 3232 2726 3449 2799; x_wconf 73' lang='lat' dir='ltr'><strong>Moyses</strong></span> <span class='ocrx_word' id='word_1_556' title='bbox 3479 2727 3535 2782; x_wconf 92' lang='lat' dir='ltr'><strong>in</strong></span> <span class='ocrx_word' id='word_1_557' title='bbox 3571 2727 3762 2785; x_wconf 88' lang='lat' dir='ltr'><strong>multis</strong></span> 
     </span>
    </p>
   </div>
   <div class='ocr_carea' id='block_1_67' title="bbox 2176 2816 3763 2887">
    <p class='ocr_par' dir='ltr' id='par_1_67' title="bbox 2176 2816 3763 2887">
     <span class='ocr_line' id='line_1_67' title="bbox 2176 2816 3763 2887; baseline -0.001 -14"><span class='ocrx_word' id='word_1_558' title='bbox 2176 2818 2315 2874; x_wconf 91' lang='lat' dir='ltr'><strong>locis</strong></span> <span class='ocrx_word' id='word_1_559' title='bbox 2347 2817 2587 2873; x_wconf 88' lang='lat' dir='ltr'><strong>Verbum</strong></span> <span class='ocrx_word' id='word_1_560' title='bbox 2612 2817 2806 2873; x_wconf 82' lang='lat' dir='ltr'><strong>vivens</strong></span> <span class='ocrx_word' id='word_1_561' title='bbox 2830 2826 2888 2872; x_wconf 90' lang='lat' dir='ltr'><strong>et</strong></span> <span class='ocrx_word' id='word_1_562' title='bbox 2908 2816 3175 2886; x_wconf 87' lang='lat' dir='ltr'><strong>Spiritum</strong></span> <span class='ocrx_word' id='word_1_563' title='bbox 3212 2826 3465 2872; x_wconf 89' lang='lat' dir='ltr'><strong>sanctum</strong></span> <span class='ocrx_word' id='word_1_564' title='bbox 3498 2817 3763 2887; x_wconf 67' lang='lat' dir='ltr'><strong>praedica-</strong></span> 
     </span>
    </p>
   </div>
   <div class='ocr_carea' id='block_1_68' title="bbox 2178 2907 3759 2977">
    <p class='ocr_par' dir='ltr' id='par_1_68' title="bbox 2178 2907 3759 2977">
     <span class='ocr_line' id='line_1_68' title="bbox 2178 2907 3759 2977; baseline -0.001 -14"><span class='ocrx_word' id='word_1_565' title='bbox 2178 2909 2279 2963; x_wconf 88' lang='lat' dir='ltr'><strong>vit.</strong></span> <span class='ocrx_word' id='word_1_566' title='bbox 2308 2908 2379 2964; x_wconf 82' lang='lat' dir='ltr'><strong>At</strong></span> <span class='ocrx_word' id='word_1_567' title='bbox 2419 2917 2547 2963; x_wconf 85' lang='lat' dir='ltr'><strong>ante</strong></span> <span class='ocrx_word' id='word_1_568' title='bbox 2574 2922 2699 2963; x_wconf 90' lang='lat' dir='ltr'><strong>eum</strong></span> <span class='ocrx_word' id='word_1_569' title='bbox 2749 2907 3030 2963; x_wconf 81' lang='lat' dir='ltr'><strong>Abraham</strong></span> <span class='ocrx_word' id='word_1_570' title='bbox 3076 2915 3189 2962; x_wconf 90' lang='lat' dir='ltr'><strong>tres</strong></span> <span class='ocrx_word' id='word_1_571' title='bbox 3239 2908 3391 2963; x_wconf 87' lang='lat' dir='ltr'><strong>viros</strong></span> <span class='ocrx_word' id='word_1_572' title='bbox 3424 2908 3528 2963; x_wconf 89' lang='lat' dir='ltr'><strong>sub</strong></span> <span class='ocrx_word' id='word_1_573' title='bbox 3550 2921 3759 2977; x_wconf 86' lang='lat' dir='ltr'><strong>quercu</strong></span> 
     </span>
    </p>
   </div>
   <div class='ocr_carea' id='block_1_69' title="bbox 2182 2998 3766 3069">
    <p class='ocr_par' dir='ltr' id='par_1_69' title="bbox 2182 2998 3766 3069">
     <span class='ocr_line' id='line_1_69' title="bbox 2182 2998 3766 3069; baseline -0.001 -14"><span class='ocrx_word' id='word_1_574' title='bbox 2182 2999 2428 3055; x_wconf 74' lang='lat' dir='ltr'><strong>Mambre</strong></span> <span class='ocrx_word' id='word_1_575' title='bbox 2456 2999 2769 3069; x_wconf 86' lang='lat' dir='ltr'><strong>suscipiens</strong></span> <span class='ocrx_word' id='word_1_576' title='bbox 2800 3012 2942 3068; x_wconf 91' lang='lat' dir='ltr'><strong>quos</strong></span> <span class='ocrx_word' id='word_1_577' title='bbox 2984 3013 3150 3053; x_wconf 90' lang='lat' dir='ltr'><strong>unum</strong></span> <span class='ocrx_word' id='word_1_578' title='bbox 3182 2998 3357 3054; x_wconf 87' lang='lat' dir='ltr'><strong>Deum</strong></span> <span class='ocrx_word' id='word_1_579' title='bbox 3383 3007 3534 3054; x_wconf 91' lang='lat' dir='ltr'><strong>recte</strong></span> <span class='ocrx_word' id='word_1_580' title='bbox 3565 2998 3766 3069; x_wconf 64' lang='lat' dir='ltr'><strong>praedi-</strong></span> 
     </span>
    </p>
   </div>
   <div class='ocr_carea' id='block_1_70' title="bbox 2183 3089 3766 3161">
    <p class='ocr_par' dir='ltr' id='par_1_70' title="bbox 2183 3089 3766 3161">
     <span class='ocr_line' id='line_1_70' title="bbox 2183 3089 3766 3161; baseline -0.003 -12"><span class='ocrx_word' id='word_1_581' title='bbox 2183 3092 2349 3157; x_wconf 88' lang='lat' dir='ltr'><strong>cavit,</strong></span> <span class='ocrx_word' id='word_1_582' title='bbox 2394 3089 2566 3147; x_wconf 89' lang='lat' dir='ltr'><strong>Deum</strong></span> <span class='ocrx_word' id='word_1_583' title='bbox 2610 3090 2665 3145; x_wconf 91' lang='lat' dir='ltr'><strong>in</strong></span> <span class='ocrx_word' id='word_1_584' title='bbox 2699 3090 2971 3146; x_wconf 84' lang='lat' dir='ltr'><strong>Trinitate</strong></span> <span class='ocrx_word' id='word_1_585' title='bbox 3019 3091 3381 3161; x_wconf 85' lang='lat' dir='ltr'><strong>proclamavit</strong></span> <span class='ocrx_word' id='word_1_586' title='bbox 3427 3090 3531 3146; x_wconf 91' lang='lat' dir='ltr'><strong>sub</strong></span> <span class='ocrx_word' id='word_1_587' title='bbox 3580 3090 3766 3160; x_wconf 87' lang='lat' dir='ltr'><strong>specie</strong></span> 
     </span>
    </p>
   </div>
   <div class='ocr_carea' id='block_1_71' title="bbox 2184 3184 3763 3254">
    <p class='ocr_par' dir='ltr' id='par_1_71' title="bbox 2184 3184 3763 3254">
     <span class='ocr_line' id='line_1_71' title="bbox 2184 3184 3763 3254; baseline 0 -15"><span class='ocrx_word' id='word_1_588' title='bbox 2184 3185 2349 3240; x_wconf 90' lang='lat' dir='ltr'><strong>trium</strong></span> <span class='ocrx_word' id='word_1_589' title='bbox 2389 3184 2634 3239; x_wconf 90' lang='lat' dir='ltr'><strong>virorum</strong></span> <span class='ocrx_word' id='word_1_590' title='bbox 2676 3191 3056 3254; x_wconf 81' lang='lat' dir='ltr'><strong>apparentem,</strong></span> <span class='ocrx_word' id='word_1_591' title='bbox 3103 3194 3325 3254; x_wconf 87' lang='lat' dir='ltr'><strong>prepter</strong></span> <span class='ocrx_word' id='word_1_592' title='bbox 3370 3185 3763 3254; x_wconf 83' lang='lat' dir='ltr'><strong>proprietatem</strong></span> 
     </span>
    </p>
   </div>
   <div class='ocr_carea' id='block_1_72' title="bbox 2179 3275 3766 3349">
    <p class='ocr_par' dir='ltr' id='par_1_72' title="bbox 2179 3275 3766 3349">
     <span class='ocr_line' id='line_1_72' title="bbox 2179 3275 3766 3349; baseline -0.001 -17"><span class='ocrx_word' id='word_1_593' title='bbox 2179 3291 2563 3349; x_wconf 89' lang='lat' dir='ltr'><strong>personarum.</strong></span> <span class='ocrx_word' id='word_1_594' title='bbox 2598 3291 2768 3331; x_wconf 90' lang='lat' dir='ltr'><strong>unum</strong></span> <span class='ocrx_word' id='word_1_595' title='bbox 2819 3286 3001 3331; x_wconf 90' lang='lat' dir='ltr'><strong>tamen</strong></span> <span class='ocrx_word' id='word_1_596' title='bbox 3063 3276 3133 3329; x_wconf 92' lang='lat' dir='ltr'><strong>ab</strong></span> <span class='ocrx_word' id='word_1_597' title='bbox 3175 3275 3451 3331; x_wconf 79' lang='lat' dir='ltr'><strong>Abraham</strong></span> <span class='ocrx_word' id='word_1_598' title='bbox 3500 3275 3766 3345; x_wconf 72' lang='lat' dir='ltr'><strong>praedica-</strong></span> 
     </span>
    </p>
   </div>
   <div class='ocr_carea' id='block_1_73' title="bbox 2182 3365 3765 3436">
    <p class='ocr_par' dir='ltr' id='par_1_73' title="bbox 2182 3365 3765 3436">
     <span class='ocr_line' id='line_1_73' title="bbox 2182 3365 3765 3436; baseline 0.001 -14"><span class='ocrx_word' id='word_1_599' title='bbox 2182 3378 2295 3423; x_wconf 91' lang='lat' dir='ltr'><strong>tum</strong></span> <span class='ocrx_word' id='word_1_600' title='bbox 2331 3375 2556 3436; x_wconf 88' lang='lat' dir='ltr'><strong>propter</strong></span> <span class='ocrx_word' id='word_1_601' title='bbox 2584 3368 2851 3421; x_wconf 82' lang='lat' dir='ltr'><strong>unitatem</strong></span> <span class='ocrx_word' id='word_1_602' title='bbox 2904 3375 3135 3433; x_wconf 65' lang='lat' dir='ltr'><strong>naturae,</strong></span> <span class='ocrx_word' id='word_1_603' title='bbox 3185 3366 3390 3435; x_wconf 87' lang='lat' dir='ltr'><strong>quibus</strong></span> <span class='ocrx_word' id='word_1_604' title='bbox 3435 3365 3765 3423; x_wconf 83' lang='lat' dir='ltr'><strong>Trinitatem</strong></span> 
     </span>
    </p>
   </div>
   <div class='ocr_carea' id='block_1_74' title="bbox 1407 3452 3172 3529">
    <p class='ocr_par' dir='ltr' id='par_1_74' title="bbox 1407 3452 3171 3529">
     <span class='ocr_line' id='line_1_74' title="bbox 1407 3452 3171 3529; baseline -0.001 -15"><span class='ocrx_word' id='word_1_605' title='bbox 1407 3460 1611 3529; x_wconf 78' lang='grc' dir='ltr'>ἄνδρας</span> <span class='ocrx_word' id='word_1_606' title='bbox 1691 3460 1751 3513; x_wconf 81' lang='grc' dir='ltr'><strong>ἐν</strong></span> <span class='ocrx_word' id='word_1_607' title='bbox 1804 3461 1871 3529; x_wconf 77' lang='grc' dir='ltr'><strong>τῇ</strong></span> <span class='ocrx_word' id='word_1_608' title='bbox 1952 3458 2077 3526; x_wconf 74' lang='grc' dir='ltr'>δρυῒ</span> <span class='ocrx_word' id='word_1_609' title='bbox 2104 3452 2154 3517; x_wconf 81' lang='lat' dir='ltr'><strong><em>C</em></strong></span> <span class='ocrx_word' id='word_1_610' title='bbox 2186 3461 2350 3515; x_wconf 86' lang='lat' dir='ltr'><strong>simul</strong></span> <span class='ocrx_word' id='word_1_611' title='bbox 2392 3469 2445 3516; x_wconf 90' lang='lat' dir='ltr'><strong>et</strong></span> <span class='ocrx_word' id='word_1_612' title='bbox 2472 3460 2735 3515; x_wconf 86' lang='lat' dir='ltr'><strong>unitatem</strong></span> <span class='ocrx_word' id='word_1_613' title='bbox 2768 3457 2984 3514; x_wconf 80' lang='lat' dir='ltr'><strong>Triadis</strong></span> <span class='ocrx_word' id='word_1_614' title='bbox 3016 3459 3171 3529; x_wconf 80' lang='lat' dir='ltr'><strong>signa</strong></span> 
     </span>
    </p>
   </div>
   <div class='ocr_carea' id='block_1_75' title="bbox 2001 3452 3766 3529">
    <p class='ocr_par' dir='ltr' id='par_1_75' title="bbox 2001 3452 3766 3529">
     <span class='ocr_line' id='line_1_75' title="bbox 2001 3452 3766 3529; baseline 0.002 -18"><span class='ocrx_word' id='word_1_615' title='bbox 2001 3458 2077 3511; x_wconf 66' lang='lat' dir='ltr'><strong>aut</strong></span> <span class='ocrx_word' id='word_1_616' title='bbox 2104 3452 2154 3517; x_wconf 76' lang='grc' dir='ltr'><strong>ϐ</strong></span> <span class='ocrx_word' id='word_1_617' title='bbox 2186 3461 2350 3515; x_wconf 86' lang='lat' dir='ltr'><strong>simul</strong></span> <span class='ocrx_word' id='word_1_618' title='bbox 2392 3469 2445 3516; x_wconf 90' lang='lat' dir='ltr'><strong>et</strong></span> <span class='ocrx_word' id='word_1_619' title='bbox 2472 3460 2735 3515; x_wconf 86' lang='lat' dir='ltr'><strong>unitatem</strong></span> <span class='ocrx_word' id='word_1_620' title='bbox 2768 3457 2984 3514; x_wconf 80' lang='lat' dir='ltr'><strong>Triadis</strong></span> <span class='ocrx_word' id='word_1_621' title='bbox 3016 3458 3275 3529; x_wconf 78' lang='lat' dir='ltr'><strong>signavit.</strong></span> <span class='ocrx_word' id='word_1_622' title='bbox 3309 3458 3416 3515; x_wconf 89' lang='lat' dir='ltr'><strong>Sed</strong></span> <span class='ocrx_word' id='word_1_623' title='bbox 3446 3458 3598 3515; x_wconf 88' lang='lat' dir='ltr'><strong>Isaac</strong></span> <span class='ocrx_word' id='word_1_624' title='bbox 3626 3473 3766 3528; x_wconf 88' lang='lat' dir='ltr'><strong>quo-</strong></span> 
     </span>
    </p>
   </div>
   <div class='ocr_carea' id='block_1_76' title="bbox 2187 3550 3765 3624">
    <p class='ocr_par' dir='ltr' id='par_1_76' title="bbox 2187 3550 3765 3624">
     <span class='ocr_line' id='line_1_76' title="bbox 2187 3550 3765 3624; baseline 0 -18"><span class='ocrx_word' id='word_1_625' title='bbox 2187 3568 2296 3623; x_wconf 89' lang='lat' dir='ltr'><strong>que</strong></span> <span class='ocrx_word' id='word_1_626' title='bbox 2335 3552 2617 3607; x_wconf 86' lang='lat' dir='ltr'><strong>Trinitatis</strong></span> <span class='ocrx_word' id='word_1_627' title='bbox 2673 3562 2728 3607; x_wconf 90' lang='lat' dir='ltr'><strong>et</strong></span> <span class='ocrx_word' id='word_1_628' title='bbox 2784 3552 3183 3608; x_wconf 88' lang='lat' dir='ltr'><strong>lncarnationis</strong></span> <span class='ocrx_word' id='word_1_629' title='bbox 3226 3550 3391 3608; x_wconf 88' lang='lat' dir='ltr'><strong>Verbi</strong></span> <span class='ocrx_word' id='word_1_630' title='bbox 3446 3553 3765 3624; x_wconf 77' lang='lat' dir='ltr'><strong>mysterium</strong></span> 
     </span>
    </p>
   </div>
   <div class='ocr_carea' id='block_1_77' title="bbox 2186 3642 3767 3713">
    <p class='ocr_par' dir='ltr' id='par_1_77' title="bbox 2186 3642 3767 3713">
     <span class='ocr_line' id='line_1_77' title="bbox 2186 3642 3767 3713; baseline 0.001 -17"><span class='ocrx_word' id='word_1_631' title='bbox 2186 3642 2579 3713; x_wconf 73' lang='lat' dir='ltr'><strong>przecognitum</strong></span> <span class='ocrx_word' id='word_1_632' title='bbox 2629 3643 2939 3712; x_wconf 73' lang='lat' dir='ltr'><strong>descripsit,</strong></span> <span class='ocrx_word' id='word_1_633' title='bbox 2998 3642 3220 3711; x_wconf 82' lang='lat' dir='ltr'><strong>genitus</strong></span> <span class='ocrx_word' id='word_1_634' title='bbox 3269 3642 3494 3712; x_wconf 89' lang='lat' dir='ltr'><strong>quidem</strong></span> <span class='ocrx_word' id='word_1_635' title='bbox 3547 3644 3767 3712; x_wconf 89' lang='lat' dir='ltr'><strong>quando</strong></span> 
     </span>
    </p>
   </div>
   <div class='ocr_carea' id='block_1_78' title="bbox 2189 3732 3765 3799">
    <p class='ocr_par' dir='ltr' id='par_1_78' title="bbox 2189 3732 3765 3799">
     <span class='ocr_line' id='line_1_78' title="bbox 2189 3732 3765 3799; baseline 0.001 -12"><span class='ocrx_word' id='word_1_636' title='bbox 2189 3742 2303 3788; x_wconf 88' lang='lat' dir='ltr'><strong>tres</strong></span> <span class='ocrx_word' id='word_1_637' title='bbox 2367 3734 2518 3788; x_wconf 84' lang='lat' dir='ltr'><strong>viros</strong></span> <span class='ocrx_word' id='word_1_638' title='bbox 2578 3734 2853 3788; x_wconf 79' lang='lat' dir='ltr'><strong>Abraham</strong></span> <span class='ocrx_word' id='word_1_639' title='bbox 2907 3733 3064 3799; x_wconf 78' lang='lat' dir='ltr'><strong>vidit,</strong></span> <span class='ocrx_word' id='word_1_640' title='bbox 3115 3732 3556 3790; x_wconf 85' lang='lat' dir='ltr'><strong>incarnationem</strong></span> <span class='ocrx_word' id='word_1_641' title='bbox 3610 3748 3765 3799; x_wconf 85' lang='lat' dir='ltr'><strong>vero,</strong></span> 
     </span>
    </p>
   </div>
   <div class='ocr_carea' id='block_1_79' title="bbox 2188 3822 3764 3887">
    <p class='ocr_par' dir='ltr' id='par_1_79' title="bbox 2188 3822 3764 3887">
     <span class='ocr_line' id='line_1_79' title="bbox 2188 3822 3764 3887; baseline 0 -9"><span class='ocrx_word' id='word_1_642' title='bbox 2188 3823 2600 3879; x_wconf 81' lang='lat' dir='ltr'><strong>crucifixionem</strong></span> <span class='ocrx_word' id='word_1_643' title='bbox 2631 3833 2685 3876; x_wconf 89' lang='lat' dir='ltr'><strong>et</strong></span> <span class='ocrx_word' id='word_1_644' title='bbox 2712 3825 3173 3879; x_wconf 81' lang='lat' dir='ltr'><strong>resurrectionem</strong></span> <span class='ocrx_word' id='word_1_645' title='bbox 3223 3822 3429 3879; x_wconf 84' lang='lat' dir='ltr'><strong>Christi</strong></span> <span class='ocrx_word' id='word_1_646' title='bbox 3459 3824 3764 3887; x_wconf 88' lang='lat' dir='ltr'><strong>declarans,</strong></span> 
     </span>
    </p>
   </div>
   <div class='ocr_carea' id='block_1_80' title="bbox 2188 3915 3764 3986">
    <p class='ocr_par' dir='ltr' id='par_1_80' title="bbox 2188 3915 3764 3986">
     <span class='ocr_line' id='line_1_80' title="bbox 2188 3915 3764 3986; baseline -0.001 -16"><span class='ocrx_word' id='word_1_647' title='bbox 2188 3916 2411 3986; x_wconf 82' lang='lat' dir='ltr'><strong>quando</strong></span> <span class='ocrx_word' id='word_1_648' title='bbox 2436 3915 2702 3970; x_wconf 90' lang='lat' dir='ltr'><strong>adductus</strong></span> <span class='ocrx_word' id='word_1_649' title='bbox 2739 3924 2824 3970; x_wconf 90' lang='lat' dir='ltr'><strong>est</strong></span> <span class='ocrx_word' id='word_1_650' title='bbox 2871 3930 2900 3968; x_wconf 89' lang='lat' dir='ltr'><strong>a</strong></span> <span class='ocrx_word' id='word_1_651' title='bbox 2945 3924 3129 3986; x_wconf 89' lang='lat' dir='ltr'><strong>patre.</strong></span> <span class='ocrx_word' id='word_1_652' title='bbox 3173 3916 3385 3986; x_wconf 84' lang='lat' dir='ltr'><strong>lignum</strong></span> <span class='ocrx_word' id='word_1_653' title='bbox 3413 3915 3596 3971; x_wconf 75' lang='lat' dir='ltr'><strong>crucis</strong></span> <span class='ocrx_word' id='word_1_654' title='bbox 3626 3916 3764 3986; x_wconf 86' lang='lat' dir='ltr'><strong>figu-</strong></span> 
     </span>
    </p>
   </div>
   <div class='ocr_carea' id='block_1_81' title="bbox 2189 4006 3767 4079">
    <p class='ocr_par' dir='ltr' id='par_1_81' title="bbox 2189 4006 3767 4079">
     <span class='ocr_line' id='line_1_81' title="bbox 2189 4006 3767 4079; baseline 0.001 -17"><span class='ocrx_word' id='word_1_655' title='bbox 2189 4023 2307 4062; x_wconf 88' lang='lat' dir='ltr'><strong>ram</strong></span> <span class='ocrx_word' id='word_1_656' title='bbox 2344 4006 2399 4062; x_wconf 94' lang='lat' dir='ltr'><strong>in</strong></span> <span class='ocrx_word' id='word_1_657' title='bbox 2448 4006 2703 4062; x_wconf 89' lang='lat' dir='ltr'><strong>humeris</strong></span> <span class='ocrx_word' id='word_1_658' title='bbox 2748 4018 2994 4076; x_wconf 88' lang='lat' dir='ltr'><strong>portans,</strong></span> <span class='ocrx_word' id='word_1_659' title='bbox 3028 4016 3081 4062; x_wconf 92' lang='lat' dir='ltr'><strong>et</strong></span> <span class='ocrx_word' id='word_1_660' title='bbox 3110 4007 3163 4061; x_wconf 92' lang='lat' dir='ltr'><strong>in</strong></span> <span class='ocrx_word' id='word_1_661' title='bbox 3197 4007 3319 4079; x_wconf 88' lang='lat' dir='ltr'><strong>ipso</strong></span> <span class='ocrx_word' id='word_1_662' title='bbox 3352 4007 3648 4078; x_wconf 85' lang='lat' dir='ltr'><strong>ligatus.ut</strong></span> <span class='ocrx_word' id='word_1_663' title='bbox 3683 4008 3767 4063; x_wconf 85' lang='lat' dir='ltr'><strong>vi-</strong></span> 
     </span>
    </p>
   </div>
   <div class='ocr_carea' id='block_1_82' title="bbox 2188 4100 3765 4170">
    <p class='ocr_par' dir='ltr' id='par_1_82' title="bbox 2188 4100 3765 4170">
     <span class='ocr_line' id='line_1_82' title="bbox 2188 4100 3765 4170; baseline 0 -13"><span class='ocrx_word' id='word_1_664' title='bbox 2188 4104 2350 4157; x_wconf 85' lang='lat' dir='ltr'><strong>ctima</strong></span> <span class='ocrx_word' id='word_1_665' title='bbox 2383 4102 2492 4156; x_wconf 86' lang='lat' dir='ltr'><strong>Deo</strong></span> <span class='ocrx_word' id='word_1_666' title='bbox 2539 4100 2693 4155; x_wconf 84' lang='lat' dir='ltr'><strong>ﬁeret</strong></span> <span class='ocrx_word' id='word_1_667' title='bbox 2734 4110 2789 4155; x_wconf 91' lang='lat' dir='ltr'><strong>et</strong></span> <span class='ocrx_word' id='word_1_668' title='bbox 2833 4102 3197 4167; x_wconf 89' lang='lat' dir='ltr'><strong>occideretur,</strong></span> <span class='ocrx_word' id='word_1_669' title='bbox 3254 4110 3421 4170; x_wconf 89' lang='lat' dir='ltr'><strong>atque</strong></span> <span class='ocrx_word' id='word_1_670' title='bbox 3458 4101 3643 4157; x_wconf 86' lang='lat' dir='ltr'><strong>audita</strong></span> <span class='ocrx_word' id='word_1_671' title='bbox 3679 4111 3765 4157; x_wconf 91' lang='lat' dir='ltr'><strong>est</strong></span> 
     </span>
    </p>
   </div>
   <div class='ocr_carea' id='block_1_83' title="bbox 2190 4190 3764 4263">
    <p class='ocr_par' dir='ltr' id='par_1_83' title="bbox 2190 4190 3764 4263">
     <span class='ocr_line' id='line_1_83' title="bbox 2190 4190 3764 4263; baseline 0 -16"><span class='ocrx_word' id='word_1_672' title='bbox 2190 4208 2293 4247; x_wconf 83' lang='lat' dir='ltr'><strong>vox</strong></span> <span class='ocrx_word' id='word_1_673' title='bbox 2326 4192 2417 4247; x_wconf 89' lang='lat' dir='ltr'><strong>Dei</strong></span> <span class='ocrx_word' id='word_1_674' title='bbox 2473 4207 2596 4259; x_wconf 64' lang='lat' dir='ltr'><strong>quae</strong></span> <span class='ocrx_word' id='word_1_675' title='bbox 2647 4190 2741 4245; x_wconf 90' lang='lat' dir='ltr'><strong>Dei</strong></span> <span class='ocrx_word' id='word_1_676' title='bbox 2797 4190 3036 4246; x_wconf 88' lang='lat' dir='ltr'><strong>Verbum</strong></span> <span class='ocrx_word' id='word_1_677' title='bbox 3091 4192 3388 4262; x_wconf 77' lang='lat' dir='ltr'><strong>signiﬁcat,</strong></span> <span class='ocrx_word' id='word_1_678' title='bbox 3445 4207 3566 4263; x_wconf 68' lang='lat' dir='ltr'><strong>qua:</strong></span> <span class='ocrx_word' id='word_1_679' title='bbox 3622 4193 3764 4263; x_wconf 89' lang='lat' dir='ltr'><strong>patri</strong></span> 
     </span>
    </p>
   </div>
   <div class='ocr_carea' id='block_1_84' title="bbox 2188 4280 3766 4355">
    <p class='ocr_par' dir='ltr' id='par_1_84' title="bbox 2188 4280 3766 4355">
     <span class='ocr_line' id='line_1_84' title="bbox 2188 4280 3766 4355; baseline 0.003 -18"><span class='ocrx_word' id='word_1_680' title='bbox 2188 4283 2307 4353; x_wconf 86' lang='lat' dir='ltr'><strong>ejus</strong></span> <span class='ocrx_word' id='word_1_681' title='bbox 2346 4283 2527 4336; x_wconf 81' lang='lat' dir='ltr'><strong>dixit:</strong></span> <span class='ocrx_word' id='word_1_682' title='bbox 2566 4300 2587 4335; x_wconf 71' lang='grc' dir='ltr'><strong>ι</strong></span> <span class='ocrx_word' id='word_1_683' title='bbox 2624 4280 2741 4335; x_wconf 92' lang='lat' dir='ltr'><strong>Non</strong></span> <span class='ocrx_word' id='word_1_684' title='bbox 2795 4282 3060 4337; x_wconf 75' lang='lat' dir='ltr'><strong>extendas</strong></span> <span class='ocrx_word' id='word_1_685' title='bbox 3122 4298 3348 4337; x_wconf 89' lang='lat' dir='ltr'><strong>manum</strong></span> <span class='ocrx_word' id='word_1_686' title='bbox 3412 4292 3561 4339; x_wconf 88' lang='lat' dir='ltr'><strong>tuam</strong></span> <span class='ocrx_word' id='word_1_687' title='bbox 3598 4298 3766 4355; x_wconf 85' lang='lat' dir='ltr'><strong>super</strong></span> 
     </span>
    </p>
   </div>
   <div class='ocr_carea' id='block_1_85' title="bbox 2189 4371 3765 4445">
    <p class='ocr_par' dir='ltr' id='par_1_85' title="bbox 2189 4371 3765 4445">
     <span class='ocr_line' id='line_1_85' title="bbox 2189 4371 3765 4445; baseline 0.003 -20"><span class='ocrx_word' id='word_1_688' title='bbox 2189 4388 2441 4442; x_wconf 87' lang='lat' dir='ltr'><strong>puerum.</strong></span> <span class='ocrx_word' id='word_1_689' title='bbox 2483 4390 2501 4424; x_wconf 76' lang='grc' dir='ltr'><strong>ι</strong></span> <span class='ocrx_word' id='word_1_690' title='bbox 2536 4371 2691 4439; x_wconf 82' lang='lat' dir='ltr'><strong>Quod</strong></span> <span class='ocrx_word' id='word_1_691' title='bbox 2727 4381 2876 4427; x_wconf 85' lang='lat' dir='ltr'><strong>esset</strong></span> <span class='ocrx_word' id='word_1_692' title='bbox 2918 4373 3155 4428; x_wconf 85' lang='lat' dir='ltr'><strong>Verbum</strong></span> <span class='ocrx_word' id='word_1_693' title='bbox 3194 4373 3338 4429; x_wconf 86' lang='lat' dir='ltr'><strong>Deus</strong></span> <span class='ocrx_word' id='word_1_694' title='bbox 3373 4374 3467 4445; x_wconf 87' lang='lat' dir='ltr'><strong>qui</strong></span> <span class='ocrx_word' id='word_1_695' title='bbox 3494 4374 3765 4445; x_wconf 85' lang='lat' dir='ltr'><strong>loqueba-</strong></span> 
     </span>
    </p>
   </div>
   <div class='ocr_carea' id='block_1_86' title="bbox 2192 4463 3770 4535">
    <p class='ocr_par' dir='ltr' id='par_1_86' title="bbox 2192 4463 3770 4535">
     <span class='ocr_line' id='line_1_86' title="bbox 2192 4463 3770 4535; baseline 0.001 -15"><span class='ocrx_word' id='word_1_696' title='bbox 2192 4475 2281 4520; x_wconf 83' lang='lat' dir='ltr'><strong>tur</strong></span> <span class='ocrx_word' id='word_1_697' title='bbox 2313 4472 2462 4535; x_wconf 81' lang='lat' dir='ltr'><strong>patet</strong></span> <span class='ocrx_word' id='word_1_698' title='bbox 2495 4479 2562 4519; x_wconf 86' lang='lat' dir='ltr'><strong>ex</strong></span> <span class='ocrx_word' id='word_1_699' title='bbox 2592 4463 2675 4519; x_wconf 89' lang='lat' dir='ltr'><strong>eis</strong></span> <span class='ocrx_word' id='word_1_700' title='bbox 2720 4479 2840 4535; x_wconf 66' lang='lat' dir='ltr'><strong>quae</strong></span> <span class='ocrx_word' id='word_1_701' title='bbox 2880 4464 2947 4519; x_wconf 89' lang='lat' dir='ltr'><strong>ad</strong></span> <span class='ocrx_word' id='word_1_702' title='bbox 2993 4464 3269 4519; x_wconf 79' lang='lat' dir='ltr'><strong>Abraham</strong></span> <span class='ocrx_word' id='word_1_703' title='bbox 3314 4464 3454 4519; x_wconf 82' lang='lat' dir='ltr'><strong>dixit</strong></span> <span class='ocrx_word' id='word_1_704' title='bbox 3492 4481 3508 4519; x_wconf 90' lang='lat'><strong>:</strong></span> <span class='ocrx_word' id='word_1_705' title='bbox 3558 4483 3580 4518; x_wconf 74' lang='grc' dir='ltr'><strong>ι</strong></span> <span class='ocrx_word' id='word_1_706' title='bbox 3611 4463 3770 4523; x_wconf 89' lang='lat' dir='ltr'><strong>Nunc</strong></span> 
     </span>
    </p>
   </div>
   <div class='ocr_carea' id='block_1_87' title="bbox 2189 4555 3766 4627">
    <p class='ocr_par' dir='ltr' id='par_1_87' title="bbox 2189 4555 3766 4627">
     <span class='ocr_line' id='line_1_87' title="bbox 2189 4555 3766 4627; baseline 0.001 -17"><span class='ocrx_word' id='word_1_707' title='bbox 2189 4557 2423 4625; x_wconf 73' lang='lat' dir='ltr'><strong>cognovi</strong></span> <span class='ocrx_word' id='word_1_708' title='bbox 2462 4555 2609 4625; x_wconf 91' lang='lat' dir='ltr'><strong>quod</strong></span> <span class='ocrx_word' id='word_1_709' title='bbox 2661 4556 2820 4610; x_wconf 90' lang='lat' dir='ltr'><strong>times</strong></span> <span class='ocrx_word' id='word_1_710' title='bbox 2872 4555 3068 4618; x_wconf 85' lang='lat' dir='ltr'><strong>Deum,</strong></span> <span class='ocrx_word' id='word_1_711' title='bbox 3113 4565 3168 4609; x_wconf 90' lang='lat' dir='ltr'><strong>et</strong></span> <span class='ocrx_word' id='word_1_712' title='bbox 3199 4570 3308 4609; x_wconf 92' lang='lat' dir='ltr'><strong>non</strong></span> <span class='ocrx_word' id='word_1_713' title='bbox 3338 4557 3632 4627; x_wconf 88' lang='lat' dir='ltr'><strong>pepercisti</strong></span> <span class='ocrx_word' id='word_1_714' title='bbox 3680 4556 3766 4612; x_wconf 84' lang='lat' dir='ltr'><strong>di-</strong></span> 
     </span>
    </p>
   </div>
   <div class='ocr_carea' id='block_1_88' title="bbox 2190 4646 3789 4719">
    <p class='ocr_par' dir='ltr' id='par_1_88' title="bbox 2190 4646 3789 4719">
     <span class='ocr_line' id='line_1_88' title="bbox 2190 4646 3789 4719; baseline -0.002 -19"><span class='ocrx_word' id='word_1_715' title='bbox 2190 4649 2334 4700; x_wconf 78' lang='lat' dir='ltr'><strong>lecto</strong></span> <span class='ocrx_word' id='word_1_716' title='bbox 2362 4646 2471 4700; x_wconf 89' lang='lat' dir='ltr'><strong>filio</strong></span> <span class='ocrx_word' id='word_1_717' title='bbox 2500 4656 2595 4700; x_wconf 92' lang='lat' dir='ltr'><strong>tuo</strong></span> <span class='ocrx_word' id='word_1_718' title='bbox 2619 4654 2840 4715; x_wconf 89' lang='lat' dir='ltr'><strong>propter</strong></span> <span class='ocrx_word' id='word_1_719' title='bbox 2863 4660 2970 4699; x_wconf 91' lang='lat' dir='ltr'><strong>me.</strong></span> <span class='ocrx_word' id='word_1_720' title='bbox 3005 4664 3026 4698; x_wconf 85' lang='lat' dir='ltr'><strong>s</strong></span> <span class='ocrx_word' id='word_1_721' title='bbox 3057 4646 3161 4701; x_wconf 82' lang='lat' dir='ltr'><strong>Hic</strong></span> <span class='ocrx_word' id='word_1_722' title='bbox 3192 4646 3359 4716; x_wconf 81' lang='lat' dir='ltr'><strong>igitur</strong></span> <span class='ocrx_word' id='word_1_723' title='bbox 3385 4657 3505 4702; x_wconf 86' lang='lat' dir='ltr'><strong>erat</strong></span> <span class='ocrx_word' id='word_1_724' title='bbox 3526 4648 3789 4719; x_wconf 75' lang='lat' dir='ltr'><strong>Angelus.</strong></span> 
     </span>
    </p>
   </div>
   <div class='ocr_carea' id='block_1_89' title="bbox 507 4730 2272 4807">
    <p class='ocr_par' dir='ltr' id='par_1_89' title="bbox 507 4730 2272 4807">
     <span class='ocr_line' id='line_1_89' title="bbox 507 4730 2272 4807; baseline -0.008 -13"><span class='ocrx_word' id='word_1_725' title='bbox 507 4741 699 4794; x_wconf 77' lang='grc' dir='ltr'>θυσίαν</span> <span class='ocrx_word' id='word_1_726' title='bbox 722 4736 980 4803; x_wconf 76' lang='grc' dir='ltr'>γενέσθαι</span> <span class='ocrx_word' id='word_1_727' title='bbox 1016 4734 1139 4804; x_wconf 84' lang='grc' dir='ltr'>Θεῷ</span> <span class='ocrx_word' id='word_1_728' title='bbox 1188 4736 1285 4787; x_wconf 72' lang='grc' dir='ltr'><strong>καὶ</strong></span> <span class='ocrx_word' id='word_1_729' title='bbox 1332 4730 1769 4800; x_wconf 64' lang='grc' dir='ltr'>σφαγιασθῆναι,</span> <span class='ocrx_word' id='word_1_730' title='bbox 1800 4730 1987 4797; x_wconf 80' lang='grc' dir='ltr'>φωνῆς</span> <span class='ocrx_word' id='word_1_731' title='bbox 2022 4744 2083 4781; x_wconf 88' lang='grc' dir='ltr'><strong>τε</strong></span> <span class='ocrx_word' id='word_1_732' title='bbox 2118 4801 2148 4807; x_wconf 31' lang='grc' dir='ltr'><strong>Α</strong></span> <span class='ocrx_word' id='word_1_733' title='bbox 2195 4750 2272 4788; x_wconf 71' lang='lat' dir='ltr'><strong>ma</strong></span> 
     </span>
    </p>
   </div>
   <div class='ocr_carea' id='block_1_90' title="bbox 2008 4730 3773 4807">
    <p class='ocr_par' dir='ltr' id='par_1_90' title="bbox 2022 4733 3773 4807">
     <span class='ocr_line' id='line_1_90' title="bbox 2022 4733 3773 4807; baseline 0.005 -20"><span class='ocrx_word' id='word_1_734' title='bbox 2022 4744 2083 4781; x_wconf 87' lang='grc' dir='ltr'><strong>τε</strong></span> <span class='ocrx_word' id='word_1_735' title='bbox 2118 4801 2148 4807; x_wconf 79' lang='lat'><em>_</em></span> <span class='ocrx_word' id='word_1_736' title='bbox 2195 4737 2376 4805; x_wconf 78' lang='lat' dir='ltr'><strong>magni</strong></span> <span class='ocrx_word' id='word_1_737' title='bbox 2428 4734 2664 4796; x_wconf 87' lang='lat' dir='ltr'><strong>consilii,</strong></span> <span class='ocrx_word' id='word_1_738' title='bbox 2704 4733 2875 4789; x_wconf 83' lang='lat' dir='ltr'><strong>Filius</strong></span> <span class='ocrx_word' id='word_1_739' title='bbox 2936 4734 3229 4800; x_wconf 81' lang='lat' dir='ltr'><strong>Altissimi,</strong></span> <span class='ocrx_word' id='word_1_740' title='bbox 3300 4737 3393 4805; x_wconf 91' lang='lat' dir='ltr'><strong>qui</strong></span> <span class='ocrx_word' id='word_1_741' title='bbox 3442 4738 3585 4807; x_wconf 75' lang='lat' dir='ltr'><strong>patri</strong></span> <span class='ocrx_word' id='word_1_742' title='bbox 3650 4739 3773 4807; x_wconf 84' lang='lat' dir='ltr'><strong>ejus</strong></span> 
     </span>
    </p>
   </div>
   <div class='ocr_carea' id='block_1_91' title="bbox 508 4801 2273 4904">
    <p class='ocr_par' dir='ltr' id='par_1_91' title="bbox 508 4801 2273 4904">
     <span class='ocr_line' id='line_1_91' title="bbox 508 4801 2273 4904; baseline -0.012 -15"><span class='ocrx_word' id='word_1_743' title='bbox 508 4801 804 4904; x_wconf 79' lang='grc' dir='ltr'>ἀκηκοέναι</span> <span class='ocrx_word' id='word_1_744' title='bbox 834 4829 993 4894; x_wconf 88' lang='grc' dir='ltr'>Θεοῦ,</span> <span class='ocrx_word' id='word_1_745' title='bbox 1040 4829 1075 4899; x_wconf 78' lang='grc' dir='ltr'>ἢ</span> <span class='ocrx_word' id='word_1_746' title='bbox 1110 4801 1217 4881; x_wconf 23' lang='grc' dir='ltr'>*τὸν</span> <span class='ocrx_word' id='word_1_747' title='bbox 1272 4826 1367 4880; x_wconf 89' lang='grc' dir='ltr'><strong>τοῦ</strong></span> <span class='ocrx_word' id='word_1_748' title='bbox 1419 4824 1556 4879; x_wconf 86' lang='grc' dir='ltr'>Θεοῦ</span> <span class='ocrx_word' id='word_1_749' title='bbox 1611 4824 1787 4891; x_wconf 88' lang='grc' dir='ltr'>Λόγον</span> <span class='ocrx_word' id='word_1_750' title='bbox 1816 4821 2083 4886; x_wconf 76' lang='grc' dir='ltr'>διδάσκει,</span> <span class='ocrx_word' id='word_1_751' title='bbox 2118 4801 2162 4856; x_wconf 74' lang='grc' dir='ltr'><strong>Ι)</strong></span> <span class='ocrx_word' id='word_1_752' title='bbox 2195 4827 2273 4880; x_wconf 62' lang='grc' dir='ltr'><strong>Αι]</strong></span> 
     </span>
    </p>
   </div>
   <div class='ocr_carea' id='block_1_92' title="bbox 2002 4801 3767 4904">
    <p class='ocr_par' dir='ltr' id='par_1_92' title="bbox 2002 4801 3767 4896">
     <span class='ocr_line' id='line_1_92' title="bbox 2002 4801 3767 4896; baseline 0.004 -19"><span class='ocrx_word' id='word_1_753' title='bbox 2002 4801 2475 4886; x_wconf 71' lang='lat' dir='ltr'><strong>Lst,DAbraham</strong></span> <span class='ocrx_word' id='word_1_754' title='bbox 2542 4826 2767 4881; x_wconf 89' lang='lat' dir='ltr'><strong>locutus</strong></span> <span class='ocrx_word' id='word_1_755' title='bbox 2844 4835 2950 4891; x_wconf 85' lang='lat' dir='ltr'><strong>est,</strong></span> <span class='ocrx_word' id='word_1_756' title='bbox 3014 4827 3270 4896; x_wconf 88' lang='lat' dir='ltr'><strong>idemque</strong></span> <span class='ocrx_word' id='word_1_757' title='bbox 3314 4801 3488 4883; x_wconf 39' lang='grc' dir='ltr'>τίθου-ι)</span> <span class='ocrx_word' id='word_1_758' title='bbox 3566 4801 3767 4884; x_wconf 74' lang='lat' dir='ltr'><strong>luctam</strong></span> 
     </span>
    </p>
   </div>
   <div class='ocr_carea' id='block_1_93' title="bbox 511 4910 2090 4996">
    <p class='ocr_par' dir='ltr' id='par_1_93' title="bbox 511 4910 2090 4996">
     <span class='ocr_line' id='line_1_93' title="bbox 511 4910 2090 4996; baseline -0.011 -18"><span class='ocrx_word' id='word_1_759' title='bbox 511 4927 618 4996; x_wconf 80' lang='grc' dir='ltr'><strong>ιο</strong></span> <span class='ocrx_word' id='word_1_760' title='bbox 647 4926 899 4992; x_wconf 86' lang='grc' dir='ltr'>λέγοντος</span> <span class='ocrx_word' id='word_1_761' title='bbox 924 4920 1005 4989; x_wconf 84' lang='grc' dir='ltr'><strong>τῷ</strong></span> <span class='ocrx_word' id='word_1_762' title='bbox 1040 4918 1221 4989; x_wconf 59' lang='lat' dir='ltr'><strong>Harp!</strong></span> <span class='ocrx_word' id='word_1_763' title='bbox 1253 4917 1446 4980; x_wconf 81' lang='grc' dir='ltr'>αὐτοῦ,</span> <span class='ocrx_word' id='word_1_764' title='bbox 1486 4933 1505 4967; x_wconf 77' lang='grc' dir='ltr'><strong>ε</strong></span> <span class='ocrx_word' id='word_1_765' title='bbox 1542 4915 1636 4982; x_wconf 77' lang='grc' dir='ltr'><strong>Μὴ</strong></span> <span class='ocrx_word' id='word_1_766' title='bbox 1681 4912 1950 4982; x_wconf 75' lang='grc' dir='ltr'>ἐπιϐάλῃς</span> <span class='ocrx_word' id='word_1_767' title='bbox 1990 4910 2090 4979; x_wconf 78' lang='grc' dir='ltr'><strong>τὴν</strong></span> 
     </span>
    </p>
   </div>
   <div class='ocr_carea' id='block_1_94' title="bbox 509 5002 2091 5088">
    <p class='ocr_par' dir='ltr' id='par_1_94' title="bbox 509 5002 2091 5088">
     <span class='ocr_line' id='line_1_94' title="bbox 509 5002 2091 5088; baseline -0.01 -19"><span class='ocrx_word' id='word_1_768' title='bbox 509 5017 668 5088; x_wconf 76' lang='grc' dir='ltr'>χεῖρά</span> <span class='ocrx_word' id='word_1_769' title='bbox 699 5033 794 5069; x_wconf 91' lang='grc' dir='ltr'><strong>σου</strong></span> <span class='ocrx_word' id='word_1_770' title='bbox 824 5015 918 5067; x_wconf 80' lang='grc' dir='ltr'>ἐπὶ</span> <span class='ocrx_word' id='word_1_771' title='bbox 948 5014 1009 5068; x_wconf 94' lang='grc' dir='ltr'><strong>τὸ</strong></span> <span class='ocrx_word' id='word_1_772' title='bbox 1048 5011 1360 5080; x_wconf 79' lang='grc' dir='ltr'>παιδάριον.</span> <span class='ocrx_word' id='word_1_773' title='bbox 1390 5027 1410 5061; x_wconf 78' lang='lat' dir='ltr'><strong>s</strong></span> <span class='ocrx_word' id='word_1_774' title='bbox 1450 5008 1574 5061; x_wconf 88' lang='grc' dir='ltr'><strong>Ὀτι</strong></span> <span class='ocrx_word' id='word_1_775' title='bbox 1599 5006 1656 5059; x_wconf 78' lang='grc' dir='ltr'><strong>δέ</strong></span> <span class='ocrx_word' id='word_1_776' title='bbox 1699 5006 1729 5059; x_wconf 90' lang='lat'><strong>6</strong></span> <span class='ocrx_word' id='word_1_777' title='bbox 1760 5004 1892 5066; x_wconf 82' lang='grc' dir='ltr'>Θεὸς</span> <span class='ocrx_word' id='word_1_778' title='bbox 1919 5002 2091 5067; x_wconf 90' lang='grc' dir='ltr'>Λόγος</span> 
     </span>
    </p>
   </div>
   <div class='ocr_carea' id='block_1_95' title="bbox 508 5093 2087 5179">
    <p class='ocr_par' dir='ltr' id='par_1_95' title="bbox 508 5093 2087 5179">
     <span class='ocr_line' id='line_1_95' title="bbox 508 5093 2087 5179; baseline -0.011 -17"><span class='ocrx_word' id='word_1_779' title='bbox 508 5107 577 5179; x_wconf 75' lang='grc' dir='ltr'><strong>ἦν</strong></span> <span class='ocrx_word' id='word_1_780' title='bbox 610 5112 637 5160; x_wconf 85' lang='lat'><strong>6</strong></span> <span class='ocrx_word' id='word_1_781' title='bbox 662 5108 864 5167; x_wconf 71' lang='grc' dir='ltr'>λαλῶν,</span> <span class='ocrx_word' id='word_1_782' title='bbox 895 5106 1053 5175; x_wconf 77' lang='grc' dir='ltr'>δῆλον</span> <span class='ocrx_word' id='word_1_783' title='bbox 1104 5103 1164 5166; x_wconf 83' lang='grc' dir='ltr'><strong>ἐξ</strong></span> <span class='ocrx_word' id='word_1_784' title='bbox 1190 5095 1264 5154; x_wconf 81' lang='grc' dir='ltr'><strong>ὧν</strong></span> <span class='ocrx_word' id='word_1_785' title='bbox 1298 5117 1435 5171; x_wconf 84' lang='grc' dir='ltr'>φησι</span> <span class='ocrx_word' id='word_1_786' title='bbox 1483 5096 1624 5167; x_wconf 86' lang='grc' dir='ltr'>πρὸς</span> <span class='ocrx_word' id='word_1_787' title='bbox 1663 5095 1757 5148; x_wconf 80' lang='grc' dir='ltr'><strong>τὸν</strong></span> <span class='ocrx_word' id='word_1_788' title='bbox 1796 5093 2051 5162; x_wconf 75' lang='grc' dir='ltr'>Ἀϐραάμ</span> <span class='ocrx_word' id='word_1_789' title='bbox 2073 5108 2087 5122; x_wconf 75' lang='grc'><strong><em>⁸</em></strong></span> 
     </span>
    </p>
   </div>
   <div class='ocr_carea' id='block_1_96' title="bbox 517 5183 2089 5265">
    <p class='ocr_par' dir='ltr' id='par_1_96' title="bbox 517 5183 2089 5265">
     <span class='ocr_line' id='line_1_96' title="bbox 517 5183 2089 5265; baseline -0.013 -11"><span class='ocrx_word' id='word_1_790' title='bbox 517 5218 538 5253; x_wconf 86' lang='grc' dir='ltr'><strong>ε</strong></span> <span class='ocrx_word' id='word_1_791' title='bbox 576 5199 693 5254; x_wconf 82' lang='grc' dir='ltr'><strong>Νῦν</strong></span> <span class='ocrx_word' id='word_1_792' title='bbox 737 5198 932 5265; x_wconf 77' lang='grc' dir='ltr'>ἔγνων,</span> <span class='ocrx_word' id='word_1_793' title='bbox 982 5196 1065 5248; x_wconf 84' lang='grc' dir='ltr'>ὅτι</span> <span class='ocrx_word' id='word_1_794' title='bbox 1120 5194 1220 5246; x_wconf 82' lang='grc' dir='ltr'>οὐκ</span> <span class='ocrx_word' id='word_1_795' title='bbox 1274 5193 1478 5258; x_wconf 79' lang='grc' dir='ltr'>ἐφείσω</span> <span class='ocrx_word' id='word_1_796' title='bbox 1525 5189 1620 5241; x_wconf 88' lang='grc' dir='ltr'><strong>τοῦ</strong></span> <span class='ocrx_word' id='word_1_797' title='bbox 1675 5187 1795 5240; x_wconf 82' lang='grc' dir='ltr'>υἱοῦ</span> <span class='ocrx_word' id='word_1_798' title='bbox 1840 5201 1938 5238; x_wconf 93' lang='grc' dir='ltr'><strong>σου</strong></span> <span class='ocrx_word' id='word_1_799' title='bbox 1989 5183 2089 5265; x_wconf 80' lang='grc' dir='ltr'><strong>τοῦ</strong></span> 
     </span>
    </p>
   </div>
   <div class='ocr_carea' id='block_1_97' title="bbox 510 5279 2091 5363">
    <p class='ocr_par' dir='ltr' id='par_1_97' title="bbox 510 5279 2091 5363">
     <span class='ocr_line' id='line_1_97' title="bbox 510 5279 2091 5363; baseline -0.012 -15"><span class='ocrx_word' id='word_1_800' title='bbox 510 5295 801 5363; x_wconf 83' lang='grc' dir='ltr'>ἀγαπητοῦ</span> <span class='ocrx_word' id='word_1_801' title='bbox 847 5292 916 5345; x_wconf 82' lang='grc' dir='ltr'>δι’</span> <span class='ocrx_word' id='word_1_802' title='bbox 941 5291 1063 5360; x_wconf 79' lang='grc' dir='ltr'>ἐμέ.</span> <span class='ocrx_word' id='word_1_803' title='bbox 1097 5308 1115 5341; x_wconf 72' lang='grc' dir='ltr'><strong>ι</strong></span> <span class='ocrx_word' id='word_1_804' title='bbox 1157 5281 1327 5349; x_wconf 72' lang='grc' dir='ltr'>Οὗτος</span> <span class='ocrx_word' id='word_1_805' title='bbox 1379 5285 1488 5355; x_wconf 82' lang='grc' dir='ltr'><strong>ἀρα</strong></span> <span class='ocrx_word' id='word_1_806' title='bbox 1536 5279 1606 5353; x_wconf 78' lang='grc' dir='ltr'><strong>ἦν</strong></span> <span class='ocrx_word' id='word_1_807' title='bbox 1635 5284 1663 5335; x_wconf 88' lang='grc' dir='ltr'><strong>ό</strong></span> <span class='ocrx_word' id='word_1_808' title='bbox 1700 5282 1800 5351; x_wconf 84' lang='grc' dir='ltr'>τῆς</span> <span class='ocrx_word' id='word_1_809' title='bbox 1850 5279 2091 5348; x_wconf 76' lang='grc' dir='ltr'>μεγάλης</span> 
     </span>
    </p>
   </div>
   <div class='ocr_carea' id='block_1_98' title="bbox 516 5368 2092 5457">
    <p class='ocr_par' dir='ltr' id='par_1_98' title="bbox 516 5368 2092 5457">
     <span class='ocr_line' id='line_1_98' title="bbox 516 5368 2092 5457; baseline -0.011 -18"><span class='ocrx_word' id='word_1_810' title='bbox 516 5386 713 5457; x_wconf 75' lang='grc' dir='ltr'>βουλῆς</span> <span class='ocrx_word' id='word_1_811' title='bbox 762 5382 1054 5451; x_wconf 67' lang='grc' dir='ltr'><strong>ιἌγγελος,</strong></span> <span class='ocrx_word' id='word_1_812' title='bbox 1083 5382 1110 5433; x_wconf 90' lang='lat'><strong>6</strong></span> <span class='ocrx_word' id='word_1_813' title='bbox 1142 5379 1270 5442; x_wconf 84' lang='grc' dir='ltr'>Υίὸς</span> <span class='ocrx_word' id='word_1_814' title='bbox 1318 5376 1415 5429; x_wconf 90' lang='grc' dir='ltr'><strong>τοῦ</strong></span> <span class='ocrx_word' id='word_1_815' title='bbox 1473 5373 1735 5443; x_wconf 77' lang='grc' dir='ltr'>Ὑψίστου</span> <span class='ocrx_word' id='word_1_816' title='bbox 1766 5412 1780 5436; x_wconf 95' lang='grc'><strong>,</strong></span> <span class='ocrx_word' id='word_1_817' title='bbox 1816 5373 1844 5426; x_wconf 93' lang='lat'><strong>6</strong></span> <span class='ocrx_word' id='word_1_818' title='bbox 1890 5371 1981 5423; x_wconf 67' lang='grc' dir='ltr'>καὶ</span> <span class='ocrx_word' id='word_1_819' title='bbox 2014 5368 2092 5438; x_wconf 82' lang='grc' dir='ltr'>τῷ</span> 
     </span>
    </p>
   </div>
   <div class='ocr_carea' id='block_1_99' title="bbox 513 5459 2093 5545">
    <p class='ocr_par' dir='ltr' id='par_1_99' title="bbox 513 5459 2093 5545">
     <span class='ocr_line' id='line_1_99' title="bbox 513 5459 2093 5545; baseline -0.013 -15"><span class='ocrx_word' id='word_1_820' title='bbox 513 5476 689 5545; x_wconf 79' lang='grc' dir='ltr'>Πατρὶ</span> <span class='ocrx_word' id='word_1_821' title='bbox 714 5473 882 5527; x_wconf 80' lang='grc' dir='ltr'>αὑτοῦ</span> <span class='ocrx_word' id='word_1_822' title='bbox 925 5470 1180 5540; x_wconf 75' lang='grc' dir='ltr'>Ἀδραάμ</span> <span class='ocrx_word' id='word_1_823' title='bbox 1215 5466 1627 5534; x_wconf 81' lang='grc' dir='ltr'>διαλεγόμενος,</span> <span class='ocrx_word' id='word_1_824' title='bbox 1659 5465 1687 5517; x_wconf 91' lang='lat'><strong>6</strong></span> <span class='ocrx_word' id='word_1_825' title='bbox 1736 5464 1834 5516; x_wconf 76' lang='grc' dir='ltr'><strong>καὶ</strong></span> <span class='ocrx_word' id='word_1_826' title='bbox 1860 5460 1939 5530; x_wconf 83' lang='grc' dir='ltr'>τῷ</span> <span class='ocrx_word' id='word_1_827' title='bbox 1983 5459 2093 5512; x_wconf 82' lang='grc' dir='ltr'><strong>Ἰα-</strong></span> 
     </span>
    </p>
   </div>
   <div class='ocr_carea' id='block_1_100' title="bbox 513 5550 2093 5635">
    <p class='ocr_par' dir='ltr' id='par_1_100' title="bbox 513 5550 2093 5635">
     <span class='ocr_line' id='line_1_100' title="bbox 513 5550 2093 5635; baseline -0.013 -14"><span class='ocrx_word' id='word_1_828' title='bbox 513 5566 632 5622; x_wconf 78' lang='grc' dir='ltr'>κὼδ</span> <span class='ocrx_word' id='word_1_829' title='bbox 661 5567 759 5635; x_wconf 77' lang='grc' dir='ltr'>τὴν</span> <span class='ocrx_word' id='word_1_830' title='bbox 800 5564 977 5634; x_wconf 81' lang='grc' dir='ltr'>πάλην</span> <span class='ocrx_word' id='word_1_831' title='bbox 1006 5561 1372 5630; x_wconf 78' lang='grc' dir='ltr'>στησάμενος,</span> <span class='ocrx_word' id='word_1_832' title='bbox 1402 5558 1497 5610; x_wconf 64' lang='grc' dir='ltr'><strong>καὶ</strong></span> <span class='ocrx_word' id='word_1_833' title='bbox 1533 5555 1669 5607; x_wconf 85' lang='grc' dir='ltr'>Θεὸν</span> <span class='ocrx_word' id='word_1_834' title='bbox 1698 5554 1807 5605; x_wconf 85' lang='grc' dir='ltr'>τῶν</span> <span class='ocrx_word' id='word_1_835' title='bbox 1841 5550 2093 5620; x_wconf 68' lang='grc' dir='ltr'>πατέρων</span> 
     </span>
    </p>
   </div>
   <div class='ocr_carea' id='block_1_101' title="bbox 515 5641 2093 5720">
    <p class='ocr_par' dir='ltr' id='par_1_101' title="bbox 515 5641 2093 5720">
     <span class='ocr_line' id='line_1_101' title="bbox 515 5641 2093 5720; baseline -0.014 -7"><span class='ocrx_word' id='word_1_836' title='bbox 515 5657 683 5713; x_wconf 74' lang='grc' dir='ltr'>αῦτοῦ</span> <span class='ocrx_word' id='word_1_837' title='bbox 744 5656 937 5710; x_wconf 86' lang='grc' dir='ltr'>ἐαυτὸν</span> <span class='ocrx_word' id='word_1_838' title='bbox 1002 5652 1322 5720; x_wconf 79' lang='grc' dir='ltr'>ὀνομάσας,</span> <span class='ocrx_word' id='word_1_839' title='bbox 1373 5649 1401 5701; x_wconf 88' lang='lat'><strong>6</strong></span> <span class='ocrx_word' id='word_1_840' title='bbox 1451 5648 1548 5700; x_wconf 69' lang='lat' dir='ltr'><strong>sui.</strong></span> <span class='ocrx_word' id='word_1_841' title='bbox 1604 5642 1885 5712; x_wconf 77' lang='grc' dir='ltr'>Πνεῦματι</span> <span class='ocrx_word' id='word_1_842' title='bbox 1949 5641 2093 5709; x_wconf 88' lang='grc' dir='ltr'>άγίῳ</span> 
     </span>
    </p>
   </div>
   <div class='ocr_carea' id='block_1_102' title="bbox 517 5729 2093 5819">
    <p class='ocr_par' dir='ltr' id='par_1_102' title="bbox 517 5729 2093 5819">
     <span class='ocr_line' id='line_1_102' title="bbox 517 5729 2093 5819; baseline -0.015 -15"><span class='ocrx_word' id='word_1_843' title='bbox 517 5751 662 5819; x_wconf 82' lang='grc' dir='ltr'>πρὸς</span> <span class='ocrx_word' id='word_1_844' title='bbox 690 5742 927 5817; x_wconf 83' lang='grc' dir='ltr'>θεωρίας</span> <span class='ocrx_word' id='word_1_845' title='bbox 967 5743 1103 5812; x_wconf 77' lang='grc' dir='ltr'>ὕψος</span> <span class='ocrx_word' id='word_1_846' title='bbox 1137 5742 1301 5795; x_wconf 83' lang='grc' dir='ltr'>αὑτὸν</span> <span class='ocrx_word' id='word_1_847' title='bbox 1334 5736 1657 5805; x_wconf 84' lang='grc' dir='ltr'>ἀναγαγὼν,</span> <span class='ocrx_word' id='word_1_848' title='bbox 1685 5735 1751 5787; x_wconf 73' lang='grc' dir='ltr'>δι’</span> <span class='ocrx_word' id='word_1_849' title='bbox 1784 5729 1846 5786; x_wconf 78' lang='grc' dir='ltr'><strong>οῦ</strong></span> <span class='ocrx_word' id='word_1_850' title='bbox 1879 5732 1974 5783; x_wconf 66' lang='grc' dir='ltr'><strong>καὶ⁵</strong></span> <span class='ocrx_word' id='word_1_851' title='bbox 2003 5730 2093 5783; x_wconf 89' lang='grc' dir='ltr'>λό-</span> 
     </span>
    </p>
   </div>
   <div class='ocr_carea' id='block_1_103' title="bbox 521 5821 2096 5909">
    <p class='ocr_par' dir='ltr' id='par_1_103' title="bbox 521 5821 2096 5909">
     <span class='ocr_line' id='line_1_103' title="bbox 521 5821 2096 5909; baseline -0.013 -16"><span class='ocrx_word' id='word_1_852' title='bbox 521 5857 619 5909; x_wconf 89' lang='grc' dir='ltr'><strong>γον</strong></span> <span class='ocrx_word' id='word_1_853' title='bbox 644 5842 670 5891; x_wconf 88' lang='lat'><strong>6</strong></span> <span class='ocrx_word' id='word_1_854' title='bbox 719 5835 918 5890; x_wconf 77' lang='grc' dir='ltr'>ἰακὼσ</span> <span class='ocrx_word' id='word_1_855' title='bbox 971 5831 1280 5899; x_wconf 85' lang='grc' dir='ltr'>ξενιτεῦσαι</span> <span class='ocrx_word' id='word_1_856' title='bbox 1326 5829 1570 5893; x_wconf 75' lang='grc' dir='ltr'>ἐδέξατο,</span> <span class='ocrx_word' id='word_1_857' title='bbox 1598 5826 1695 5877; x_wconf 75' lang='grc' dir='ltr'><strong>καὶ</strong></span> <span class='ocrx_word' id='word_1_858' title='bbox 1727 5824 1952 5894; x_wconf 80' lang='grc' dir='ltr'>φεύγειν</span> <span class='ocrx_word' id='word_1_859' title='bbox 1985 5821 2096 5874; x_wconf 86' lang='grc' dir='ltr'><strong>ἀπὸ</strong></span> 
     </span>
    </p>
   </div>
   <div class='ocr_carea' id='block_1_104' title="bbox 532 5912 2095 5995">
    <p class='ocr_par' dir='ltr' id='par_1_104' title="bbox 532 5912 2095 5995">
     <span class='ocr_line' id='line_1_104' title="bbox 532 5912 2095 5995; baseline -0.012 -14"><span class='ocrx_word' id='word_1_860' title='bbox 532 5925 729 5990; x_wconf 81' lang='grc' dir='ltr'>Ἠσαῦ,</span> <span class='ocrx_word' id='word_1_861' title='bbox 764 5929 859 5979; x_wconf 78' lang='grc' dir='ltr'><strong>καὶ</strong></span> <span class='ocrx_word' id='word_1_862' title='bbox 889 5924 1133 5995; x_wconf 82' lang='grc' dir='ltr'>κλίμακα</span> <span class='ocrx_word' id='word_1_863' title='bbox 1168 5917 1317 5974; x_wconf 75' lang='grc' dir='ltr'>εἶδεν</span> <span class='ocrx_word' id='word_1_864' title='bbox 1346 5922 1405 5973; x_wconf 86' lang='grc' dir='ltr'>ἐν</span> <span class='ocrx_word' id='word_1_865' title='bbox 1442 5918 1633 5979; x_wconf 84' lang='grc' dir='ltr'>ῦπνοις</span> <span class='ocrx_word' id='word_1_866' title='bbox 1662 5918 1743 5979; x_wconf 78' lang='grc' dir='ltr'><strong>είς</strong></span> <span class='ocrx_word' id='word_1_867' title='bbox 1773 5913 1899 5974; x_wconf 78' lang='grc' dir='ltr'>τοὺς</span> <span class='ocrx_word' id='word_1_868' title='bbox 1930 5912 2095 5981; x_wconf 74' lang='grc' dir='ltr'>οὐρα-</span> 
     </span>
    </p>
   </div>
   <div class='ocr_carea' id='block_1_105' title="bbox 524 6003 2095 6086">
    <p class='ocr_par' dir='ltr' id='par_1_105' title="bbox 524 6003 2095 6086">
     <span class='ocr_line' id='line_1_105' title="bbox 524 6003 2095 6086; baseline -0.01 -15"><span class='ocrx_word' id='word_1_869' title='bbox 524 6016 647 6081; x_wconf 74' lang='grc' dir='ltr'>νοῦς</span> <span class='ocrx_word' id='word_1_870' title='bbox 677 6016 1008 6086; x_wconf 77' lang='grc' dir='ltr'>φθάνουσαν,</span> <span class='ocrx_word' id='word_1_871' title='bbox 1044 6013 1143 6067; x_wconf 66' lang='grc' dir='ltr'>καὶ</span> <span class='ocrx_word' id='word_1_872' title='bbox 1181 6011 1269 6064; x_wconf 85' lang='grc' dir='ltr'>ἐπ’</span> <span class='ocrx_word' id='word_1_873' title='bbox 1298 6011 1492 6080; x_wconf 82' lang='grc' dir='ltr'>αὐτῆς,</span> <span class='ocrx_word' id='word_1_874' title='bbox 1535 6009 1657 6079; x_wconf 79' lang='grc' dir='ltr'>ἥτις</span> <span class='ocrx_word' id='word_1_875' title='bbox 1688 6003 1760 6076; x_wconf 75' lang='grc' dir='ltr'>ἦν</span> <span class='ocrx_word' id='word_1_876' title='bbox 1792 6003 1955 6058; x_wconf 73' lang='grc' dir='ltr'>εἰκὼν</span> <span class='ocrx_word' id='word_1_877' title='bbox 1995 6005 2095 6071; x_wconf 79' lang='grc' dir='ltr'>τῆς</span> 
     </span>
    </p>
   </div>
   <div class='ocr_carea' id='block_1_106' title="bbox 528 6095 2089 6178">
    <p class='ocr_par' dir='ltr' id='par_1_106' title="bbox 528 6095 2089 6178">
     <span class='ocr_line' id='line_1_106' title="bbox 528 6095 2089 6178; baseline -0.01 -16"><span class='ocrx_word' id='word_1_878' title='bbox 528 6104 625 6162; x_wconf 73' lang='grc' dir='ltr'><strong>τοῦ</strong></span> <span class='ocrx_word' id='word_1_879' title='bbox 659 6104 1028 6178; x_wconf 79' lang='grc' dir='ltr'>σαρκωθέντος</span> <span class='ocrx_word' id='word_1_880' title='bbox 1069 6104 1243 6173; x_wconf 78' lang='grc' dir='ltr'>Λόγου</span> <span class='ocrx_word' id='word_1_881' title='bbox 1276 6100 1525 6172; x_wconf 81' lang='grc' dir='ltr'>Μητρὸς,</span> <span class='ocrx_word' id='word_1_882' title='bbox 1571 6099 1663 6154; x_wconf 79' lang='grc' dir='ltr'><strong>τὸν</strong></span> <span class='ocrx_word' id='word_1_883' title='bbox 1692 6098 1825 6153; x_wconf 74' lang='grc' dir='ltr'>Θεὸν</span> <span class='ocrx_word' id='word_1_884' title='bbox 1860 6095 2089 6159; x_wconf 75' lang='grc' dir='ltr'>καθεζό-</span> 
     </span>
    </p>
   </div>
   <div class='ocr_carea' id='block_1_107' title="bbox 2192 4916 3772 4987">
    <p class='ocr_par' dir='ltr' id='par_1_107' title="bbox 2192 4916 3772 4987">
     <span class='ocr_line' id='line_1_107' title="bbox 2192 4916 3772 4987; baseline -0.001 -16"><span class='ocrx_word' id='word_1_885' title='bbox 2192 4917 2394 4981; x_wconf 85' lang='lat' dir='ltr'><strong>intulit,</strong></span> <span class='ocrx_word' id='word_1_886' title='bbox 2431 4928 2484 4971; x_wconf 86' lang='lat' dir='ltr'><strong>et</strong></span> <span class='ocrx_word' id='word_1_887' title='bbox 2520 4916 2871 4986; x_wconf 81' lang='lat' dir='ltr'><strong>semetipsum</strong></span> <span class='ocrx_word' id='word_1_888' title='bbox 2920 4926 3137 4987; x_wconf 90' lang='lat' dir='ltr'><strong>patrum</strong></span> <span class='ocrx_word' id='word_1_889' title='bbox 3204 4918 3326 4987; x_wconf 87' lang='lat' dir='ltr'><strong>ejus</strong></span> <span class='ocrx_word' id='word_1_890' title='bbox 3384 4917 3551 4972; x_wconf 85' lang='lat' dir='ltr'><strong>Deum</strong></span> <span class='ocrx_word' id='word_1_891' title='bbox 3582 4918 3772 4987; x_wconf 81' lang='lat' dir='ltr'><strong>appel-</strong></span> 
     </span>
    </p>
   </div>
   <div class='ocr_carea' id='block_1_108' title="bbox 2194 5007 3799 5080">
    <p class='ocr_par' dir='ltr' id='par_1_108' title="bbox 2194 5007 3799 5080">
     <span class='ocr_line' id='line_1_108' title="bbox 2194 5007 3799 5080; baseline 0.002 -21"><span class='ocrx_word' id='word_1_892' title='bbox 2194 5008 2341 5072; x_wconf 74' lang='lat' dir='ltr'><strong>Iatii,</strong></span> <span class='ocrx_word' id='word_1_893' title='bbox 2379 5022 2617 5077; x_wconf 87' lang='lat' dir='ltr'><strong>cumque</strong></span> <span class='ocrx_word' id='word_1_894' title='bbox 2646 5008 2711 5061; x_wconf 87' lang='lat' dir='ltr'><strong>ad</strong></span> <span class='ocrx_word' id='word_1_895' title='bbox 2753 5007 2960 5076; x_wconf 90' lang='lat' dir='ltr'><strong>apicem</strong></span> <span class='ocrx_word' id='word_1_896' title='bbox 3013 5008 3497 5078; x_wconf 83' lang='lat' dir='ltr'><strong>contemplationis</strong></span> <span class='ocrx_word' id='word_1_897' title='bbox 3526 5024 3622 5079; x_wconf 87' lang='lat' dir='ltr'><strong>per</strong></span> <span class='ocrx_word' id='word_1_898' title='bbox 3648 5009 3799 5080; x_wconf 84' lang='lat' dir='ltr'><strong>Spi-.</strong></span> 
     </span>
    </p>
   </div>
   <div class='ocr_carea' id='block_1_109' title="bbox 2195 5096 3772 5168">
    <p class='ocr_par' dir='ltr' id='par_1_109' title="bbox 2195 5096 3772 5168">
     <span class='ocr_line' id='line_1_109' title="bbox 2195 5096 3772 5168; baseline 0.003 -18"><span class='ocrx_word' id='word_1_899' title='bbox 2195 5098 2358 5151; x_wconf 82' lang='lat' dir='ltr'><strong>ritum</strong></span> <span class='ocrx_word' id='word_1_900' title='bbox 2416 5109 2664 5154; x_wconf 87' lang='lat' dir='ltr'><strong>sanctum</strong></span> <span class='ocrx_word' id='word_1_901' title='bbox 2701 5096 2951 5163; x_wconf 79' lang='lat' dir='ltr'><strong>adduxit,</strong></span> <span class='ocrx_word' id='word_1_902' title='bbox 2987 5112 3018 5152; x_wconf 92' lang='lat' dir='ltr'><strong>a</strong></span> <span class='ocrx_word' id='word_1_903' title='bbox 3073 5113 3186 5168; x_wconf 93' lang='lat' dir='ltr'><strong>quo</strong></span> <span class='ocrx_word' id='word_1_904' title='bbox 3244 5097 3414 5154; x_wconf 80' lang='lat' dir='ltr'><strong>Jacob</strong></span> <span class='ocrx_word' id='word_1_905' title='bbox 3464 5099 3653 5168; x_wconf 86' lang='lat' dir='ltr'><strong>jussus</strong></span> <span class='ocrx_word' id='word_1_906' title='bbox 3685 5110 3772 5156; x_wconf 88' lang='lat' dir='ltr'><strong>cst</strong></span> 
     </span>
    </p>
   </div>
   <div class='ocr_carea' id='block_1_110' title="bbox 2194 5189 3768 5262">
    <p class='ocr_par' dir='ltr' id='par_1_110' title="bbox 2194 5189 3768 5262">
     <span class='ocr_line' id='line_1_110' title="bbox 2194 5189 3768 5262; baseline 0.002 -18"><span class='ocrx_word' id='word_1_907' title='bbox 2194 5191 2262 5246; x_wconf 88' lang='lat' dir='ltr'><strong>ab</strong></span> <span class='ocrx_word' id='word_1_908' title='bbox 2318 5189 2460 5245; x_wconf 87' lang='lat' dir='ltr'><strong>Esau</strong></span> <span class='ocrx_word' id='word_1_909' title='bbox 2513 5189 2777 5261; x_wconf 90' lang='lat' dir='ltr'><strong>aufugere</strong></span> <span class='ocrx_word' id='word_1_910' title='bbox 2818 5200 2874 5246; x_wconf 92' lang='lat' dir='ltr'><strong>et</strong></span> <span class='ocrx_word' id='word_1_911' title='bbox 2920 5190 2987 5245; x_wconf 91' lang='lat' dir='ltr'><strong>ad</strong></span> <span class='ocrx_word' id='word_1_912' title='bbox 3040 5191 3379 5261; x_wconf 75' lang='lat' dir='ltr'><strong>alienigenas</strong></span> <span class='ocrx_word' id='word_1_913' title='bbox 3418 5193 3768 5262; x_wconf 86' lang='lat' dir='ltr'><strong>perigrinari,</strong></span> 
     </span>
    </p>
   </div>
   <div class='ocr_carea' id='block_1_111' title="bbox 2194 5280 3770 5351">
    <p class='ocr_par' dir='ltr' id='par_1_111' title="bbox 2194 5280 3770 5351">
     <span class='ocr_line' id='line_1_111' title="bbox 2194 5280 3770 5351; baseline 0.002 -16"><span class='ocrx_word' id='word_1_914' title='bbox 2194 5281 2511 5349; x_wconf 87' lang='lat' dir='ltr'><strong>scalamque</strong></span> <span class='ocrx_word' id='word_1_915' title='bbox 2538 5281 2674 5334; x_wconf 85' lang='lat' dir='ltr'><strong>vidit</strong></span> <span class='ocrx_word' id='word_1_916' title='bbox 2699 5280 2768 5334; x_wconf 91' lang='lat' dir='ltr'><strong>ad</strong></span> <span class='ocrx_word' id='word_1_917' title='bbox 2800 5281 2998 5336; x_wconf 74' lang='lat' dir='ltr'><strong>ctelum</strong></span> <span class='ocrx_word' id='word_1_918' title='bbox 3041 5282 3462 5351; x_wconf 79' lang='lat' dir='ltr'><strong>pertingeutem,</strong></span> <span class='ocrx_word' id='word_1_919' title='bbox 3512 5291 3566 5337; x_wconf 92' lang='lat' dir='ltr'><strong>et</strong></span> <span class='ocrx_word' id='word_1_920' title='bbox 3605 5282 3659 5337; x_wconf 90' lang='lat' dir='ltr'><strong>in</strong></span> <span class='ocrx_word' id='word_1_921' title='bbox 3703 5299 3770 5338; x_wconf 80' lang='lat' dir='ltr'><strong>ea</strong></span> 
     </span>
    </p>
   </div>
   <div class='ocr_carea' id='block_1_112' title="bbox 2194 5369 3768 5440">
    <p class='ocr_par' dir='ltr' id='par_1_112' title="bbox 2194 5369 3768 5440">
     <span class='ocr_line' id='line_1_112' title="bbox 2194 5369 3768 5440; baseline 0.002 -14"><span class='ocrx_word' id='word_1_922' title='bbox 2194 5387 2315 5440; x_wconf 74' lang='lat' dir='ltr'><strong>qua:</strong></span> <span class='ocrx_word' id='word_1_923' title='bbox 2345 5372 2517 5437; x_wconf 75' lang='lat' dir='ltr'><strong>figura</strong></span> <span class='ocrx_word' id='word_1_924' title='bbox 2550 5381 2668 5425; x_wconf 89' lang='lat' dir='ltr'><strong>erat</strong></span> <span class='ocrx_word' id='word_1_925' title='bbox 2722 5369 2881 5426; x_wconf 90' lang='lat' dir='ltr'><strong>Verbi</strong></span> <span class='ocrx_word' id='word_1_926' title='bbox 2922 5372 3219 5436; x_wconf 88' lang='lat' dir='ltr'><strong>incarnati,</strong></span> <span class='ocrx_word' id='word_1_927' title='bbox 3257 5372 3429 5430; x_wconf 85' lang='lat' dir='ltr'><strong>Deum</strong></span> <span class='ocrx_word' id='word_1_928' title='bbox 3463 5375 3768 5439; x_wconf 84' lang='lat' dir='ltr'><strong>sedentem,</strong></span> 
     </span>
    </p>
   </div>
   <div class='ocr_carea' id='block_1_113' title="bbox 2194 5464 3770 5535">
    <p class='ocr_par' dir='ltr' id='par_1_113' title="bbox 2194 5464 3770 5535">
     <span class='ocr_line' id='line_1_113' title="bbox 2194 5464 3770 5535; baseline 0.002 -15"><span class='ocrx_word' id='word_1_929' title='bbox 2194 5476 2251 5520; x_wconf 86' lang='lat' dir='ltr'><strong>et</strong></span> <span class='ocrx_word' id='word_1_930' title='bbox 2281 5479 2499 5518; x_wconf 89' lang='lat' dir='ltr'><strong>rursum</strong></span> <span class='ocrx_word' id='word_1_931' title='bbox 2534 5464 2729 5533; x_wconf 84' lang='lat' dir='ltr'><strong>jussus</strong></span> <span class='ocrx_word' id='word_1_932' title='bbox 2781 5474 2865 5519; x_wconf 89' lang='lat' dir='ltr'><strong>est</strong></span> <span class='ocrx_word' id='word_1_933' title='bbox 2912 5465 3282 5535; x_wconf 82' lang='lat' dir='ltr'><strong>propinquum</strong></span> <span class='ocrx_word' id='word_1_934' title='bbox 3334 5465 3541 5533; x_wconf 83' lang='lat' dir='ltr'><strong>fugere.</strong></span> <span class='ocrx_word' id='word_1_935' title='bbox 3575 5468 3770 5523; x_wconf 80' lang='lat' dir='ltr'><strong>miras-</strong></span> 
     </span>
    </p>
   </div>
   <div class='ocr_carea' id='block_1_114' title="bbox 2194 5556 3774 5626">
    <p class='ocr_par' dir='ltr' id='par_1_114' title="bbox 2194 5556 3774 5626">
     <span class='ocr_line' id='line_1_114' title="bbox 2194 5556 3774 5626; baseline 0.005 -19"><span class='ocrx_word' id='word_1_936' title='bbox 2194 5570 2303 5626; x_wconf 90' lang='lat' dir='ltr'><strong>que</strong></span> <span class='ocrx_word' id='word_1_937' title='bbox 2332 5556 2469 5610; x_wconf 84' lang='lat' dir='ltr'><strong>vidit</strong></span> <span class='ocrx_word' id='word_1_938' title='bbox 2498 5556 2881 5611; x_wconf 78' lang='lat' dir='ltr'><strong>revelationes.</strong></span> <span class='ocrx_word' id='word_1_939' title='bbox 2928 5556 3063 5623; x_wconf 67' lang='lat' dir='ltr'><strong>Quaa</strong></span> <span class='ocrx_word' id='word_1_940' title='bbox 3118 5558 3305 5613; x_wconf 83' lang='lat' dir='ltr'><strong>omnia</strong></span> <span class='ocrx_word' id='word_1_941' title='bbox 3330 5557 3494 5613; x_wconf 89' lang='lat' dir='ltr'><strong>Verbi</strong></span> <span class='ocrx_word' id='word_1_942' title='bbox 3528 5559 3624 5615; x_wconf 90' lang='lat' dir='ltr'><strong>Dei</strong></span> <span class='ocrx_word' id='word_1_943' title='bbox 3658 5562 3774 5615; x_wconf 80' lang='lat' dir='ltr'><strong>vir-</strong></span> 
     </span>
    </p>
   </div>
   <div class='ocr_carea' id='block_1_115' title="bbox 2198 5644 3774 5718">
    <p class='ocr_par' dir='ltr' id='par_1_115' title="bbox 2198 5644 3774 5718">
     <span class='ocr_line' id='line_1_115' title="bbox 2198 5644 3774 5718; baseline 0.004 -19"><span class='ocrx_word' id='word_1_944' title='bbox 2198 5654 2368 5699; x_wconf 87' lang='lat' dir='ltr'><strong>tutem</strong></span> <span class='ocrx_word' id='word_1_945' title='bbox 2416 5656 2470 5700; x_wconf 89' lang='lat' dir='ltr'><strong>et</strong></span> <span class='ocrx_word' id='word_1_946' title='bbox 2532 5644 2769 5715; x_wconf 86' lang='lat' dir='ltr'><strong>Spiritus</strong></span> <span class='ocrx_word' id='word_1_947' title='bbox 2806 5644 2901 5699; x_wconf 88' lang='lat' dir='ltr'><strong>Dei</strong></span> <span class='ocrx_word' id='word_1_948' title='bbox 2952 5646 3253 5715; x_wconf 86' lang='lat' dir='ltr'><strong>potentiam</strong></span> <span class='ocrx_word' id='word_1_949' title='bbox 3319 5648 3373 5701; x_wconf 91' lang='lat' dir='ltr'><strong>iu</strong></span> <span class='ocrx_word' id='word_1_950' title='bbox 3422 5647 3588 5718; x_wconf 85' lang='lat' dir='ltr'><strong>justis</strong></span> <span class='ocrx_word' id='word_1_951' title='bbox 3651 5651 3774 5706; x_wconf 80' lang='lat' dir='ltr'><strong>istis</strong></span> 
     </span>
    </p>
   </div>
   <div class='ocr_carea' id='block_1_116' title="bbox 2196 5736 3777 5808">
    <p class='ocr_par' dir='ltr' id='par_1_116' title="bbox 2196 5736 3777 5808">
     <span class='ocr_line' id='line_1_116' title="bbox 2196 5736 3777 5808; baseline 0.004 -18"><span class='ocrx_word' id='word_1_952' title='bbox 2196 5745 2514 5805; x_wconf 85' lang='lat' dir='ltr'><strong>operantem</strong></span> <span class='ocrx_word' id='word_1_953' title='bbox 2590 5737 3043 5805; x_wconf 70' lang='lat' dir='ltr'><strong>praedicaverunt.</strong></span> <span class='ocrx_word' id='word_1_954' title='bbox 3107 5736 3251 5804; x_wconf 83' lang='lat' dir='ltr'><strong>Quid</strong></span> <span class='ocrx_word' id='word_1_955' title='bbox 3323 5755 3453 5797; x_wconf 82' lang='lat' dir='ltr'><strong>vero</strong></span> <span class='ocrx_word' id='word_1_956' title='bbox 3522 5741 3777 5808; x_wconf 67' lang='lat' dir='ltr'><strong>Ioseph?</strong></span> 
     </span>
    </p>
   </div>
   <div class='ocr_carea' id='block_1_117' title="bbox 2198 5825 3776 5899">
    <p class='ocr_par' dir='ltr' id='par_1_117' title="bbox 2198 5825 3776 5899">
     <span class='ocr_line' id='line_1_117' title="bbox 2198 5825 3776 5899; baseline 0.004 -20"><span class='ocrx_word' id='word_1_957' title='bbox 2198 5825 2389 5879; x_wconf 82' lang='lat' dir='ltr'><strong>Nonne</strong></span> <span class='ocrx_word' id='word_1_958' title='bbox 2440 5840 2536 5896; x_wconf 83' lang='lat' dir='ltr'><strong>per</strong></span> <span class='ocrx_word' id='word_1_959' title='bbox 2572 5826 2781 5880; x_wconf 81' lang='lat' dir='ltr'><strong>somnia</strong></span> <span class='ocrx_word' id='word_1_960' title='bbox 2837 5826 3076 5882; x_wconf 86' lang='lat' dir='ltr'><strong>Verbum</strong></span> <span class='ocrx_word' id='word_1_961' title='bbox 3133 5827 3229 5883; x_wconf 88' lang='lat' dir='ltr'><strong>Dei</strong></span> <span class='ocrx_word' id='word_1_962' title='bbox 3268 5830 3553 5899; x_wconf 77' lang='lat' dir='ltr'><strong>suscepit?</strong></span> <span class='ocrx_word' id='word_1_963' title='bbox 3581 5830 3776 5886; x_wconf 81' lang='lat' dir='ltr'><strong>Nonne</strong></span> 
     </span>
    </p>
   </div>
   <div class='ocr_carea' id='block_1_118' title="bbox 2200 5915 3771 5992">
    <p class='ocr_par' dir='ltr' id='par_1_118' title="bbox 2200 5915 3771 5992">
     <span class='ocr_line' id='line_1_118' title="bbox 2200 5915 3771 5992; baseline 0.007 -25"><span class='ocrx_word' id='word_1_964' title='bbox 2200 5915 2408 5984; x_wconf 81' lang='lat' dir='ltr'><strong>Spiritu</strong></span> <span class='ocrx_word' id='word_1_965' title='bbox 2452 5915 2547 5968; x_wconf 87' lang='lat' dir='ltr'><strong>Dei</strong></span> <span class='ocrx_word' id='word_1_966' title='bbox 2581 5916 2950 5970; x_wconf 85' lang='lat' dir='ltr'><strong>movebatur?</strong></span> <span class='ocrx_word' id='word_1_967' title='bbox 2992 5916 3149 5973; x_wconf 86' lang='lat' dir='ltr'><strong>Unde</strong></span> <span class='ocrx_word' id='word_1_968' title='bbox 3178 5917 3281 5987; x_wconf 90' lang='lat' dir='ltr'><strong>ipsi</strong></span> <span class='ocrx_word' id='word_1_969' title='bbox 3315 5920 3585 5992; x_wconf 76' lang='lat' dir='ltr'><strong>sapirntia</strong></span> <span class='ocrx_word' id='word_1_970' title='bbox 3610 5922 3771 5991; x_wconf 86' lang='lat' dir='ltr'><strong>cujus</strong></span> 
     </span>
    </p>
   </div>
   <div class='ocr_carea' id='block_1_119' title="bbox 2198 6005 3771 6079">
    <p class='ocr_par' dir='ltr' id='par_1_119' title="bbox 2198 6005 3771 6079">
     <span class='ocr_line' id='line_1_119' title="bbox 2198 6005 3771 6079; baseline 0.006 -18"><span class='ocrx_word' id='word_1_971' title='bbox 2198 6021 2304 6076; x_wconf 91' lang='lat' dir='ltr'><strong>ope</strong></span> <span class='ocrx_word' id='word_1_972' title='bbox 2370 6005 2439 6060; x_wconf 91' lang='lat' dir='ltr'><strong>ab</strong></span> <span class='ocrx_word' id='word_1_973' title='bbox 2503 6005 2773 6077; x_wconf 63' lang='lat' dir='ltr'><strong>Egyptiis</strong></span> <span class='ocrx_word' id='word_1_974' title='bbox 2816 6006 2885 6062; x_wconf 92' lang='lat' dir='ltr'><strong>ad</strong></span> <span class='ocrx_word' id='word_1_975' title='bbox 2935 6021 3117 6076; x_wconf 89' lang='lat' dir='ltr'><strong>regem</strong></span> <span class='ocrx_word' id='word_1_976' title='bbox 3180 6008 3408 6079; x_wconf 84' lang='lat' dir='ltr'><strong>ejusque</strong></span> <span class='ocrx_word' id='word_1_977' title='bbox 3484 6012 3771 6070; x_wconf 87' lang='lat' dir='ltr'><strong>ministros</strong></span> 
     </span>
    </p>
   </div>
   <div class='ocr_carea' id='block_1_120' title="bbox 2200 6093 3761 6159">
    <p class='ocr_par' dir='ltr' id='par_1_120' title="bbox 2200 6093 3761 6159">
     <span class='ocr_line' id='line_1_120' title="bbox 2200 6093 3761 6159; baseline 0.005 -8"><span class='ocrx_word' id='word_1_978' title='bbox 2200 6095 2609 6153; x_wconf 84' lang='lat' dir='ltr'><strong>transeuntibus</strong></span> <span class='ocrx_word' id='word_1_979' title='bbox 2656 6095 2920 6156; x_wconf 87' lang='lat' dir='ltr'><strong>liberatus</strong></span> <span class='ocrx_word' id='word_1_980' title='bbox 2971 6096 3098 6157; x_wconf 74' lang='lat' dir='ltr'><strong>esti</strong></span> <span class='ocrx_word' id='word_1_981' title='bbox 3148 6097 3343 6158; x_wconf 85' lang='lat' dir='ltr'><strong>Nonne</strong></span> <span class='ocrx_word' id='word_1_982' title='bbox 3369 6100 3570 6159; x_wconf 77' lang='lat' dir='ltr'><strong>virtute</strong></span> <span class='ocrx_word' id='word_1_983' title='bbox 3595 6093 3761 6159; x_wconf 73' lang='lat' dir='ltr'><strong>divini</strong></span> 
     </span>
    </p>
   </div>
  </div>
