4646 6828
804 535 874 600 55
1646 534 2023 595 SYMEONIS
2050 532 2797 593 TUESSALONICENSIS
2828 534 3187 595 ARCllIEP.
3983 530 4052 593 56

805 643 1045 714 Spiritus
1066 644 1091 683 ν
1116 644 1311 701 Nonne
1343 646 1707 714 omnipotenti
1754 644 1984 714 imperio
2014 646 2251 701 viventis
2282 660 2373 700 sa-
2403 644 2449 701 Λ
2476 663 2637 715 μενον

2215 662 2251 701 ιε
2282 660 2373 700 sa-
2403 644 2449 701 Λ
2476 663 2657 715 μενον,
2693 648 2784 699 καὶ
2828 645 2921 699 τὸν
2957 644 3225 714 κηδεστὴν
3269 644 3326 698 δδ
3376 644 3601 712 φεύγειν
3655 640 3814 707 λόγον
3860 639 4050 703 ἐδέξα-

803 735 1024 803 pientize
1053 750 1147 790 seu
1180 735 1273 790 Dei
1300 734 1506 791 Verbi?
1550 735 1626 789 Ita
1653 736 1817 790 etiam
1852 736 1967 791 fere
2008 737 2061 791 in
2118 738 2380 794 omnibus

807 826 1089 895 prophetis
1140 828 1406 894 scriptum
1438 834 1523 880 est
1559 843 1574 882 :
1615 846 1635 879 ι
1679 827 1916 882 Verbum
1962 828 2181 883 Domini
2233 830 2379 898 quod

809 916 1010 968 [ictum
1029 925 1113 972 est
1146 917 1210 970 ad
1235 914 1429 970 Isaiam
1458 916 1627 971 lilium
1661 919 1844 973 Amos.
1886 937 1905 971 ι
1940 917 2006 972 Ει
2039 937 2053 973 :
2090 938 2109 971 ι
2148 918 2379 973 Verbum

811 1007 1023 1061 Domini
1054 1006 1199 1074 quod
1246 1006 1452 1062 factum
1484 1018 1566 1062 est
1596 1008 1661 1063 ad
1695 1009 1991 1064 Jeremiam
2023 1009 2194 1063 lilium
2241 1008 2385 1062 Hel-

808 1100 929 1151 cize.
973 1116 991 1148 ι
1026 1096 1087 1150 Et
1131 1100 1212 1153 sic
1256 1098 1325 1152 de
1365 1102 1578 1154 ceteris
1616 1118 1630 1154 :
1682 1120 1700 1153 ι
1750 1099 2082 1169 Principium
2120 1098 2281 1153 Verbi
2315 1099 2382 1153 ad

815 1190 983 1251 Osee;
1024 1206 1042 1240 ι
1076 1198 1132 1244 ει
1166 1208 1181 1244 :
1211 1208 1231 1241 ι
1260 1188 1438 1246 Verba
1456 1194 1623 1247 Amos
1653 1207 1772 1260 qua:
1812 1193 1944 1246 vidit
1984 1209 2148 1261 super
2166 1196 2387 1246 Jerusa-

813 1278 827 1329 l
857 1294 951 1339 ni;
978 1296 997 1330 ι
1016 1287 1069 1333 ει
1095 1296 1109 1331 :
1138 1298 1157 1331 ι
1182 1279 1407 1334 Factum
1430 1292 1511 1335 est
1528 1279 1763 1334 Verbum
1786 1282 1999 1336 Domini
2018 1286 2084 1336 ad
2104 1283 2385 1340 Michmam

816 1367 1172 1433 Morathiten;
1210 1388 1229 1421 ι
1259 1380 1354 1425 et:
1406 1390 1424 1422 ι
1461 1370 1694 1424 Verbum
1735 1370 1948 1427 Domini
1986 1378 2131 1444 quod
2180 1375 2383 1429 factum

811 1465 895 1509 est
924 1458 991 1509 ad
1020 1455 1138 1513 Joel
1172 1459 1341 1512 lilium
1372 1457 1634 1524 Phatuel;
1660 1477 1679 1509 ι
1716 1467 1806 1514 et:
1834 1478 1853 1511 ι
1894 1460 2017 1516 ΙΙιεε
2041 1463 2173 1515 dicit
2203 1463 2387 1517 Domi-

814 1561 916 1601 nus
970 1547 1136 1606 Deus.
1198 1549 1373 1617 inquit
1404 1549 1854 1620 Abdias,iquod
1913 1561 1993 1605 est
2052 1553 2118 1607 de
2177 1552 2381 1620 Verbo,

812 1637 1270 1702 quemadmodum
1302 1653 1494 1693 omnes
1526 1641 1800 1709 prophetae
1818 1641 1986 1696 locuti
2016 1653 2145 1698 sunt
2176 1662 2189 1698 :
2218 1663 2237 1696 ι
2264 1643 2391 1701 Haec

812 1728 947 1781 dicit
983 1728 1264 1792 Dominus,
1287 1746 1307 1779 ι
1348 1728 1581 1782 Verbum
1611 1731 1753 1785 illius
1787 1734 1974 1788 vivens
1996 1735 2387 1803 praedicantes:

819 1836 838 1867 ι
884 1817 946 1870 Et
982 1815 1185 1871 factum
1217 1826 1302 1871 est
1342 1816 1578 1873 Verbum
1620 1819 1831 1874 Domini
1875 1822 1942 1875 ad
1986 1821 2179 1878 lunam
2215 1825 2384 1879 lilium

2479 755 2562 801 το,
2594 736 2690 789 καὶ
2716 737 3093 805 ἀποκαλύψεις
3123 735 3312 802 σαφῶς
3351 734 3633 788 ἐθεάσατο.
3679 734 3745 785 Ἀ
3773 730 3837 798 δὴ
3872 731 4049 784 πάντα

2480 828 2580 895 τὴν
2609 826 2703 879 τοῦ
2752 826 2890 879 Θεοῦ
2944 827 3119 893 Λόγου
3155 825 3387 894 δύναμιν
3439 825 3534 879 καὶ
3588 823 3685 877 τοῦ
3729 822 4051 889 Πνεῦματος

2482 917 2617 971 Θεοῦ
2658 920 2757 984 τὴν
2788 920 3070 988 ἐνέργειαν
3100 919 3156 969 ὲν
3202 919 3313 980 τοῖς
3342 916 3575 980 δικαίοις
3624 916 3856 977 ἐκείνοις
3902 916 4052 983 ὲνερ-

2486 1009 2692 1077 γοῦσαν
2722 1009 2977 1079 ξκήρυξε.
3014 1009 3078 1063 Τί
3117 1009 3173 1062 δὲ
3215 1009 3455 1078 Ἰωσήφς
3489 1008 3551 1061 οὐ
3592 1007 3661 1060 δι’
3694 1007 3920 1077 ὀνείρων
3958 990 4049 1059 λό-

2482 1117 2614 1168 γους
2651 1101 2785 1153 Θεοῦ
2816 1101 3036 1169 ἐδέξατο
3066 1119 3079 1165 ;
3112 1102 3175 1154 οὐ
3206 1100 3717 1169 πνευματοκίνητος
3741 1096 3810 1169 ἦν
3838 1115 3853 1157 :
3884 1098 4055 1152 Πόθεν

2484 1191 2634 1257 αὑτῷ
2667 1193 2699 1258 ἡ
2736 1192 2921 1258 σοφία,
2974 1194 3070 1245 καὶ
3106 1192 3194 1246 διὰ
3222 1190 3430 1259 ταύτης
3466 1191 3574 1243 τῶν
3605 1192 4054 1258 διαπορουμένων

2489 1282 2567 1350 τῷ
2595 1283 2808 1351 βασιλεῖ
2848 1284 3165 1351 Αἰγυπτίων
3216 1286 3307 1336 καὶ
3361 1284 3469 1335 τῶν
3512 1263 3703 1337 τούτου
3762 1279 4055 1349 ὑπηρετῶν

2486 1378 2540 1427 at
2567 1374 2749 1436 ltizet;
2778 1391 2793 1439 ;
2827 1375 2901 1427 Οὐ
2933 1374 3163 1444 δυνάμει
3194 1374 3289 1427 τοῦ
3311 1374 3455 1427 θείου
3486 1371 3802 1442 Πνεῦματος
3824 1387 3839 1435 ;
3865 1371 3923 1423 οὐ
3953 1370 4055 1438 τῆς

2487 1466 2669 1535 ζώσης
2703 1469 2904 1534 σοφίας
2936 1466 3033 1519 τοῦ
3080 1465 3217 1519 Θεοῦ
3251 1466 3430 1533 Λόγου
3460 1466 3525 1533 τῇ
3558 1463 3932 1533 παντουργικῇ
3966 1462 4057 1513 δυο

2487 1556 2713 1626 vastata
2742 1573 2755 1620 ;
2795 1554 2957 1611 οὕτω
2990 1558 3083 1609 καὶ
3115 1558 3171 1608 ὲν
3210 1560 3321 1619 τοῖς
3366 1556 3679 1625 προφήταις
3708 1553 3894 1622 σχεδὸν
3922 1553 4059 1606 arra-

2488 1666 2543 1700 σι
2577 1648 2932 1718 γέγραπται·
2975 1667 2995 1700 ι
3041 1648 3211 1714 Λόγος
3249 1648 3456 1715 Κυρίου
3484 1689 3499 1711 ,
3548 1647 3607 1709 ὸς
3650 1646 3866 1713 ιγένετο
3922 1643 4059 1714 πρὸς

2498 1738 2726 1789 Ἦσαῖαν
2752 1736 3083 1807 υίὸνἋμώς.
3109 1738 3267 1799 Kal,t
3282 1736 3448 1803 Λόγος
3482 1735 3703 1802 Κυρίου,
3735 1734 3794 1797 ὸς
3831 1734 4060 1800 ἐγένετο

2494 1828 2634 1896 πρὸς
2677 1828 2952 1896 Ἰερεμίαν
2983 1831 3079 1879 τὸν
3103 1828 3198 1879 τοῦ
3240 1827 3498 1882 Χελκίου.
3532 1846 3550 1878 ι
3590 1828 3697 1879 Καὶ
3730 1829 3787 1879 έν
3811 1829 3921 1889 τοῖς
3952 1827 4061 1878 λοι-

813 1902 1031 1955 Amatbi
1059 1902 1281 1968 dicens;
1323 1923 1342 1955 ι
1386 1904 1598 1960 Nabum
1626 1916 1805 1960 autem
1849 1926 1863 1962 :
1896 1931 1914 1961 ι
1945 1909 2097 1965 Onus
2124 1912 2336 1977 Ninive,
2362 1932 2383 1967 ο
2424 1976 2459 1988 _
2492 1921 2611 1979 ποῖς
2640 1938 2648 1968 ι

2229 1912 2336 1977 ive,
2362 1932 2383 1967 ο
2424 1976 2459 1988 _
2492 1921 2611 1979 ποῖς
2640 1919 2784 1971 οῦτω
2804 1934 2818 1948 ο
2847 1938 2866 1970 r
2891 1920 3056 1987 Ἀρχὴ
3074 1920 3232 1987 λόγου
3261 1920 3395 1988 πρὸς
3421 1918 3602 1986 Ὠσηὲ.
3640 1936 3657 1969 ι
3687 1918 3851 1983 Kal,o
3895 1918 4060 1984 Λόγοι

816 1993 1030 2062 inquit;
1069 1996 1216 2064 quod
1272 2012 1411 2051 onus
1462 1996 1677 2053 dicendi
1721 1997 1987 2057 Jeremias
2020 2020 2127 2058 non
2160 2007 2381 2074 accipit.
2421 1976 2462 2030 Β
2502 1976 2651 2076 Ἀαὼ

2227 2007 2381 2074 cipit,
2421 1976 2462 2030 Β
2502 1976 2704 2076 Ἀαὼς,
2728 2008 2821 2072 οῦς
2852 1976 3159 2078 εἶδενῃῦπὲρ
3198 1976 3579 2078 Ἰερουσαλήῷ
3619 2027 3635 2059 ι
3667 1976 3853 2071 Kal,'t
3902 1976 4058 2073 Ἐγί-

817 2086 911 2140 sed
945 2084 1219 2153 Verbum;
1263 2087 1517 2143 similiter
1547 2099 1602 2145 et
1639 2091 1853 2147 Nahum
1887 2109 2157 2164 pergens:
2202 2116 2220 2149 ι
2260 2097 2384 2154 Haec

817 2178 949 2233 dicit
982 2177 1263 2246 Dominus,
1301 2180 1398 2246 ait,
1429 2182 1521 2251 qui
1553 2182 1869 2238 dominatur
1904 2188 2063 2255 aquis
2100 2191 2323 2258 multis;
2361 2210 2380 2243 ι

814 2282 868 2326 ει
909 2286 1100 2325 rursus
1127 2288 1142 2326 :
1178 2292 1196 2324 ι
1226 2271 1363 2326 Ecce
1386 2289 1484 2342 ego
1517 2290 1685 2343 super
1708 2285 1779 2343 te,
1808 2280 1882 2331 ait
1913 2279 2176 2336 Dominus
2210 2284 2388 2338 omni-

815 2375 1047 2432 potens;
1094 2374 1250 2420 tet:
1298 2384 1318 2417 ι
1361 2365 1515 2425 Onus
1564 2369 1708 2438 quod
1768 2370 1900 2425 vidit
1950 2370 2205 2429 Habacuc
2261 2392 2390 2445 pro-

822 2458 1009 2532 pheta.
1052 2477 1068 2506 ι
1106 2455 1261 2522 Quod
1291 2459 1430 2532 idem
1458 2471 1543 2514 est
1574 2475 1637 2514 ac
1670 2461 1712 2513 si
1746 2462 1893 2516 dicat
1921 2478 1981 2518 se
2013 2465 2124 2534 regi
2155 2476 2210 2519 et
2264 2467 2390 2521 ferri

820 2551 1048 2620 Spiritu.
1095 2551 1250 2617 Quod
1298 2568 1444 2608 onus
1488 2555 1560 2609 sit
1605 2555 1841 2623 Spiritus
1896 2559 2096 2624 sancti,
2152 2560 2279 2615 audi
2308 2561 2391 2615 di-

819 2654 1058 2697 centem:
1082 2660 1101 2693 ι
1122 2640 1403 2697 Terribilis
1436 2644 1685 2713 egregius
1714 2652 1850 2710 est,»
1883 2646 1934 2700 id
1957 2657 2040 2703 est
2074 2650 2239 2703 Deus.
2267 2668 2287 2702 ι
2316 2650 2393 2705 Ex

822 2734 1117 2803 semetipso
1163 2733 1431 2801 judicium
1491 2736 1610 2801 eius
1681 2738 1803 2800 erit,
1842 2756 1862 2789 ι
1896 2739 2102 2795 scilicet
2153 2739 2392 2796 Verbum

822 2824 960 2895 ejus,
1000 2841 1123 2880 nam
1159 2825 1429 2895 judicium
1458 2834 1542 2880 est
1569 2825 1917 2894 Verbum,et,
1948 2849 1967 2880 ι
1996 2828 2149 2887 Onus
2182 2832 2303 2901 ejus
2328 2848 2395 2887 ex

827 2916 946 2983 ipso
976 2915 1309 2985 egredietur.
1341 2934 1359 2965 ι
1401 2913 1588 2968 Viden‘
1641 2916 1898 2972 virtutem
1959 2918 2200 2990 Spiritus
2234 2938 2263 2977 a
2293 2921 2397 2976 Pa-

828 3016 912 3059 tre
939 3005 1321 3075 procedentis?
1372 3004 1437 3058 Et
1498 3020 1718 3059 rursum
1754 3025 1769 3062 :
1812 3025 1829 3059 ι
1863 3006 2041 3077 Super
2088 3012 2395 3067 custodiam

832 3111 1011 3151 meam
1050 3098 1317 3165 stabo;et
1342 3097 1758 3167 contemplabor
1791 3109 1850 3155 ut
1886 3101 2097 3155 videam
2132 3103 2277 3173 quod
2313 3104 2399 3158 di-

835 3199 998 3242 catur
1056 3187 1212 3249 mihi,
1253 3198 1306 3241 ct
1347 3188 1624 3257 respondit
1676 3188 1743 3243 ad
1793 3206 1879 3246 me
1934 3190 2232 3259 Dominus;
2273 3213 2292 3246 ι
2328 3210 2396 3250 en

2488 2116 2609 2151 νετο
2638 2098 2798 2166 λόγος
2832 2099 3038 2167 Κυρίου
3064 2101 3199 2168 πρὸς
3230 2100 3472 2169 Μιχαίαν
3495 2102 3585 2152 τὸν
3614 2099 3705 2153 τοῦ
3744 2100 4001 2163 Μωραθί.
4034 2118 4052 2151 ι

2489 2189 2618 2251 Kal,
2658 2208 2677 2239 ι
2713 2190 2885 2257 Λόγος
2925 2190 3162 2258 Κυρίου,
3199 2191 3257 2250 ὃς
3292 2190 3525 2258 ἐγενήθη
3581 2189 3717 2259 πρὸς
3754 2190 3908 2259 Ἰωήλ
3960 2188 4051 2240 τὸν

2486 2280 2579 2333 τοῦ
2616 2280 2887 2351 Βαθουήλ.
2922 2299 2941 2332 ι
2976 2283 3104 2343 Kal,
3144 2301 3161 2332 ι
3201 2282 3340 2335 Τάδε
3377 2282 3524 2347 λέγει
3564 2282 3767 2351 Κύριος
3789 2283 3818 2335 ό
3845 2281 3997 2345 Θεὸς,
4028 2300 4045 2333 ι

2501 2370 2712 2424 ’Λδδιοῦ
2746 2388 2933 2439 φησιν,
2969 2372 2997 2424 ὅ
3026 2373 3156 2439 περὶ
3202 2373 3297 2425 τοῦ
3353 2372 3528 2439 Λόγου
3579 2374 3733 2436 ἐστὶ,
3775 2371 3917 2427 καθὰ
3963 2373 4059 2426 κα).

2493 2462 2691 2525 πάντες
2736 2464 2785 2516 οί
2820 2465 3095 2534 προφῆταί
3146 2482 3300 2533 φασι.
3343 2483 3361 2516 ι
3402 2465 3541 2518 Τάδε
3575 2467 3726 2534 λέγει
3761 2465 3991 2535 Κύριος,
4030 2482 4051 2518 ο

2496 2554 2589 2607 τὸν
2644 2555 2817 2623 Λόγον
2863 2556 3029 2608 αὑτοῦ
3092 2557 3182 2607 τὸν
3230 2557 3412 2619 ζῶντα
3480 2555 3867 2625 κηρύττοντες.
3929 2556 4059 2618 Καὶ,

2499 2663 2517 2696 ι
2583 2644 2834 2713 Ἐγένετο
2890 2644 3053 2712 λόγος
3122 2648 3324 2715 Κυρίου
3387 2646 3522 2715 πρὸς
3586 2647 3771 2699 Ἰωνᾶν
3825 2646 3918 2698 τὸν
3974 2646 4068 2700 τοῦ

2506 2734 2728 2804 Ἀμαθὶ,
2774 2736 2970 2802 λέγων.
3011 2756 3030 2788 ι
3069 2738 3177 2788 Kal
3210 2736 3399 2807 Naobp.
3433 2737 3552 2805 μὲν,
3585 2756 3603 2788 ι
3643 2739 3873 2806 Λῆμμα,
3914 2740 4069 2807 φησι,

2496 2829 2706 2883 Νινευῖ·
2753 2829 2830 2882 »δ
2899 2830 3092 2897 λῆμμα
3148 2831 3325 2895 λέγειν
3385 2829 3741 2897 Ἰερεμίαςού
3798 2829 4016 2899 δέχεται
4052 2870 4069 2892 ,

2500 2919 2637 2971 ἀλλὰ
2690 2918 2887 2987 Λόγον.
2946 2919 3135 2985 Ὅμως
3189 2920 3284 2970 καὶ
3338 2918 3531 2986 Ναοὺμ
3586 2918 3833 2987 προῖὼν,
3869 2937 3887 2970 ι
3930 2918 4069 2971 Τάδε

2501 3013 2650 3080 λέγει
2681 3010 2909 3080 Κύριος,
2958 3013 3111 3078 φησι,
3162 3010 3452 3079 κατάρχων
3511 3011 3717 3069 ὑδάτων
3776 3010 4009 3065 πολλῶν.
4043 3030 4062 3062 ι

2501 3105 2612 3157 Kal
2639 3103 2823 3167 πάλιν,
2865 3121 2884 3154 r
2938 3104 3070 3155 Ἰδοὺ
3105 3102 3215 3169 ἐγὼ
3267 3105 3357 3154 ἐπὶ
3404 3103 3483 3167 σὲ,
3519 3103 3668 3169 λέγει
3702 3104 3904 3169 Κύριος
3937 3119 4074 3157 παν-

2500 3197 2806 3265 τοκράτωρ.
2842 3213 2861 3247 ι
2892 3195 3025 3256 Καὶ,
3060 3212 3078 3245 ι
3115 3194 3190 3247 Τὸ
3235 3196 3429 3263 λῆμμα
3455 3194 3483 3246 δ
3512 3192 3652 3246 εῐδεν
3682 3195 4003 3263 ’Λεδακουμ
4043 3198 4073 3248 ό

829 3293 1027 3370 rursus
1062 3276 1324 3332 Verbum.
1357 3277 1461 3343 Qui
1490 3279 1715 3348 insuper
1758 3279 1826 3333 de
1860 3282 2274 3351 dispensatione
2305 3284 2396 3340 Dei
2424 3306 2470 3370 ρ
2505 3303 2664 3356 προφπ

2236 3300 2274 3339 ie
2305 3284 2396 3340 Dei
2424 3306 2470 3370 ρ
2505 3288 2811 3356 προφήτης.
2840 3304 2859 3337 ι
2887 3284 3059 3337 Τοῦτο
3086 3284 3143 3337 δέ
3175 3287 3319 3338 ἐστιν
3350 3287 3520 3337 είπεῖν
3549 3286 3609 3337 τὸ
3624 3285 3959 3354 κρατηθῆναι
3978 3287 4071 3338 καὶ

834 3368 998 3423 Verbi
1025 3385 1122 3424 nos
1148 3371 1307 3424 docet
1334 3407 1352 3431 ,
1395 3379 1449 3424 et
1491 3387 1506 3425 :
1549 3389 1567 3422 ι
1606 3372 1805 3427 Audivi
1856 3375 2196 3431 auditionem
2229 3385 2398 3441 tuam,

832 3473 888 3515 ct
938 3462 1115 3527 timui,
1169 3479 1188 3512 ι
1252 3460 1463 3529 inquit;
1515 3470 1618 3517 et:
1655 3481 1674 3515 ι
1722 3464 1865 3519 Deus
1912 3482 1979 3520 ex
2034 3465 2249 3521 Pharan
2313 3484 2404 3522 ve-

841 3554 992 3619 niet;
1064 3573 1083 3605 ι
1158 3561 1213 3607 et
1272 3563 1469 3608 caetera
1532 3555 1766 3623 plurima
1830 3558 1897 3611 de
1956 3558 2099 3613 illius
2154 3558 2403 3615 incarna-

840 3649 1011 3701 tione.
1051 3646 1205 3711 Quod
1248 3646 1478 3699 Verbum
1534 3644 1626 3700 Dei
1683 3655 1831 3700 esset
1878 3662 2097 3702 carnem
2154 3664 2403 3716 sumptu-

839 3754 957 3792 r-utn
996 3746 1225 3791 testatur
1276 3737 1461 3790 dicens
1491 3752 1504 3790 :
1543 3752 1562 3786 ι
1600 3737 1741 3791 Ante
1776 3737 1967 3791 [aciem
1994 3739 2115 3806 ejus
2152 3740 2250 3794 ibit
2274 3742 2404 3795 Ver-

841 3833 990 3893 lmm;
1028 3849 1045 3880 ι
1081 3840 1177 3882 et:
1219 3848 1235 3878 ι
1272 3826 1507 3883 Verbum
1551 3825 1763 3880 Domini
1792 3828 1934 3897 quod
1982 3829 2186 3883 factum
2223 3840 2306 3885 est
2337 3833 2404 3885 ad

842 3919 1176 3988 Snpltouiam
1208 3918 1379 3973 [ilium
1422 3917 1620 3982 Cbusi;
1652 3936 1670 3969 ι
1696 3926 1750 3971 ει
1791 3935 1805 3970 :
1842 3936 1861 3969 ι
1901 3917 2125 3973 Factum
2157 3932 2239 3974 est
2277 3923 2408 3976 Vero

843 4012 970 4068 ltum
1005 4008 1218 4062 Domini
1265 4007 1319 4063 in
1359 4022 1523 4060 manu
1568 4008 1747 4075 Λαεκὶ
1784 4008 2080 4075 propheta,
2111 4010 2335 4075 dicens;
2383 4030 2402 4061 ι

841 4112 894 4154 et
926 4117 941 4154 :
980 4120 999 4151 ι
1039 4099 1265 4153 Factum
1298 4108 1390 4155 est.
1433 4096 1666 4151 Verbum
1720 4097 1936 4151 Domini
1973 4101 2036 4153 ad
2088 4099 2407 4157 Zachariam

844 4194 1013 4244 lilium
1060 4190 1362 4253 Buracbia',
1413 4189 1639 4253 dicens;
1684 4209 1703 4240 ι
1749 4192 1837 4243 hic
1882 4206 2100 4260 quoque
2133 4195 2199 4246 de
2234 4194 2412 4246 incar-

846 4286 1067 4338 natione
1097 4282 1259 4336 Verbi
1318 4282 1468 4350 plura
1534 4282 1797 4356 praedixit.
1843 4283 1907 4335 Et
1951 4301 1965 4338 :
2006 4283 2220 4352 uOnus
2250 4284 2408 4339 Verbi

848 4376 1063 4428 υυιιιὶιιί
1095 4376 1161 4426 ad
1195 4373 1360 4427 Israel
1400 4373 1453 4426 in
1490 4389 1655 4425 manu
1700 4374 1876 4442 angeli
1912 4375 2030 4441 ejus
2055 4416 2069 4439 ,
2112 4394 2130 4427 ι
2170 4392 2265 4429 seu
2298 4376 2412 4428 Ma-

846 4468 1058 4527 lacliire.
1089 4465 1166 4519 Eu
1204 4467 1398 4519 iterum
1432 4480 1570 4518 Olltls
1613 4463 1795 4527 Verbi,
1854 4474 1907 4519 et
1966 4468 2137 4520 virtus
2170 4467 2413 4535 Spiritus

846 4571 1013 4624 atque
1045 4556 1229 4611 Verbi.
1263 4556 1366 4620 Qui
1410 4554 1704 4608 Malacbius
1752 4570 1949 4609 nomen
2012 4561 2102 4609 Det
2154 4573 2410 4625 magnum

2503 3375 2731 3441 ἄγεσθαι
2777 3375 3077 3441 Πνεύματι.
3135 3374 3259 3425 Ὀτι
3313 3374 3369 3427 δὶ
3430 3373 3745 3440 Πνεύματος
3798 3373 3957 3441 ἁγίου
4011 3373 4072 3426 τὸ

2504 3468 2718 3535 λῆμμα,
2780 3467 3013 3519 ἄκουσον
3075 3465 3356 3530 λέγοντος·
3412 3482 3430 3515 ι
3499 3465 3731 3534 Φοῆερὸς
3792 3464 4071 3532 ἐπιφανής

2503 3559 2649 3610 ἐστιν
2680 3599 2696 3621 ,
2735 3576 2753 3607 ι
2791 3560 2819 3609 ὀ
2870 3560 3002 3619 Θεὸς
3050 3556 3318 3626 δηλονότι.
3356 3574 3374 3606 t
3416 3556 3507 3620 Ἐξ
3556 3554 3723 3608 αὑτοῦ
3778 3555 3839 3606 τὸ
3891 3554 4070 3621 κρίμα

2505 3648 2669 3702 αὑτοῦ
2711 3647 2889 3698 ἔσται’
2922 3666 2940 3697 ›
2985 3647 3262 3700 τουτέστιν
3320 3647 3349 3698 ό
3405 3646 3576 3713 Λόγος
3646 3644 3808 3697 αὑτοῦ
3837 3662 3852 3677 θ
3896 3645 4073 3711 κρίμα

2506 3742 2615 3809 γὰρ
2638 3740 2666 3792 ὁ
2695 3740 2882 3806 Λόγος.
2919 3740 3048 3799 Kal,
3086 3757 3103 3788 t
3139 3738 3213 3790 Τὸ
3250 3738 3446 3806 λῆμμα
3476 3736 3643 3791 αὐτοῦ
3678 3737 3735 3803 ιε
3777 3735 3947 3790 αὐτοῦ
3982 3736 4073 3801 ιε,

2507 3831 2841 3884 ε).εύσεται.ι
2886 3830 3051 3899 Ὁρᾷς
3090 3832 3191 3899 τὴν
3221 3828 3315 3882 τοῦ
3359 3829 3685 3897 Πνεύμὶιτος
3712 3828 3947 3899 δύναμιν
3981 3828 4075 3880 τοῦ

2508 3923 2571 3975 ἔκ
2601 3921 2696 3975 τοῦ
2747 3922 2954 3990 Πατρὸς
2990 3920 3473 3990 ἐκπορευομένου;
3525 3921 3624 3973 καὶ
3662 3920 3848 3972 πάλιν·
3885 3939 3904 3971 ι
3951 3918 4073 3973 Ἐπὶ

2507 4015 2605 4082 τῆς
2659 4011 2903 4079 φυλακῆς
2951 4028 3053 4079 μου
3100 4011 3392 4079 στήσομαι,
3432 4009 3527 4063 τοῦ
3566 4010 3694 4063 ίδεϊν
3748 4027 3797 4062 τι
3844 4008 4071 4079 λαλήσει

2509 4106 2569 4156 ὲν
2598 4101 2721 4171 ἐμοὶ
2746 4142 2762 4164 ,
2806 4120 2825 4152 ι
2862 4102 2954 4153 καὶ
2986 4139 3001 4161 ,
3042 4117 3062 4151 ε
3102 4100 3404 4168 Ἀπεκρίθη
3460 4100 3598 4168 πρός
3657 4116 3725 4169 με
3792 4100 4017 4170 Κύριος.
4047 4118 4067 4152 ε

2509 4194 2644 4247 Ἰδοὺ
2677 4193 2837 4245 πάλιν
2866 4194 2893 4244 ὁ
2920 4191 3115 4257 Λόγος.
3149 4190 3318 4251 Οῦτος
3356 4191 3450 4243 καὶ
3478 4192 3607 4259 περὶ
3634 4192 3733 4261 τῆς
3764 4192 4079 4261 οἰκονομίας

2509 4283 2604 4336 τοῦ
2634 4283 2770 4335 Θεοῦ
2803 4283 2980 4349 Λόγου
3025 4281 3291 4335 διδάσκει.
3322 4281 3451 4345 Kal,
3485 4301 3503 4333 ι
3540 4281 3735 4350 Κύριε,
3773 4283 4080 4349 είσακήκοα

2511 4375 2608 4443 τὴν
2634 4373 2805 4441 ἀκοήν
2833 4387 2929 4425 σου
2950 4372 3045 4424 καὶ
3069 4370 3364 4438 ἐφοϐήθην,
3394 4389 3412 4421 ι
3442 4372 3598 4440 φησί.
3631 4372 3761 4435 Καὶ,
3799 4390 3818 4422 ι
3858 4372 3922 4423 '0
3950 4371 4082 4433 Θεὸς

2512 4466 2621 4521 ἀπὸ
2652 4466 2868 4532 Θαιμὰν
2913 4462 3054 4531 ήξει.
3094 4481 3111 4511 ι
3163 4462 3272 4514 Καὶ
3324 4462 3491 4514 λοιπὰ
3548 4462 3778 4515 πλεῖστα
3828 4463 4084 4531 περὶτῆς

2517 4553 2844 4623 σαρκώσεως
2893 4549 3086 4604 αὐτοῦ.
3124 4550 3233 4603 Kal
3268 4551 3351 4602 ὅτι
3398 4552 3427 4603 ό
3461 4551 3633 4617 Λόγος
3663 4549 4084 4620 σαρκωθήσεται

846 4666 969 4701 esse
1001 4648 1054 4700 in
1090 4647 1345 4715 gentibus
1387 4645 1544 4700 dixit.
1598 4644 1851 4697 Vitlistitt'
1900 4662 2091 4699 oiunvs
2123 4653 2414 4715 prophetas
2447 4627 2492 4687 θ
2519 4642 2614 4696 τοῦ
2643 4643 2681 4694 Θ

2250 4653 2414 4701 metas
2447 4627 2492 4687 θ
2519 4642 2614 4696 τοῦ
2643 4642 2802 4702 Θεοῦ⁹
2832 4641 3007 4708 λέγει,
3047 4657 3067 4692 ε
3103 4639 3214 4709 Πρὸ
3252 4639 3547 4709 προσώπου
3584 4640 3749 4693 αὑτοῦ
3780 4638 4085 4708 προπορεύ-

848 4737 1089 4798 Verbum
1120 4737 1208 4791 Dei
1238 4746 1294 4790 et
1326 4734 1585 4804 Spiritum
1614 4735 2043 4805 prgediravisse?
2075 4739 2281 4790 Atheus
2308 4738 2409 4804 igi-

853 4842 940 4882 ttll'
965 4830 1059 4897 qui
1088 4843 1167 4882 ea.
1192 4842 1303 4881 non
1335 4827 1615 4895 praedicat.
1654 4825 1718 4878 Et
1760 4826 1875 4893 ipse
1912 4825 2076 4877 David
2107 4843 2132 4879 :.
2163 4846 2180 4875 ι
2222 4826 2415 4881 Ouinia

853 4922 907 4973 iu
965 4919 1234 4988 sapientia
1289 4917 1488 4980 fecisti,
1542 4937 1562 4967 ι
1607 4914 1685 4971 διὰ,
1732 4915 1899 4967 Deum
1958 4915 2252 4979 clamavit;
2311 4925 2412 4970 et:

857 5028 876 5058 ε
930 5008 1165 5063 Verbum
1218 5018 1394 5071 tuum,
1456 5006 1699 5069 Domine,
1745 5014 2027 5073 permanet
2083 5004 2136 5057 in
2186 5006 2327 5059 caelo
2360 5006 2413 5058 in

855 5102 1257 5168 generationem
1284 5107 1338 5150 et
1365 5097 1767 5165 generationem
1796 5112 1967 5165 usque
1996 5096 2047 5148 in
2076 5096 2334 5149 saeculum
2359 5110 2408 5159 ς»

852 5202 907 5243 et
938 5188 1115 5243 Verbo
1152 5188 1365 5242 Domini
1392 5188 1559 5241 CtBIOS
1600 5188 1839 5243 [innatus
1871 5201 1992 5240 esse
2023 5195 2272 5247 testatur,
2304 5188 2415 5239 vir-

857 5290 1138 5347 tutemque
1175 5296 1364 5331 eorum
1390 5296 1420 5331 ε
1450 5279 1655 5342 Spintu
1689 5278 1801 5329 oris
1834 5278 2020 5340 illius;
2051 5290 2209 5344 qIIent
2241 5276 2415 5343 Spiri-

860 5386 970 5425 tum
1004 5371 1241 5441 peistulat
1294 5372 1349 5424 in
1406 5370 1704 5423 visceribus
1752 5370 1867 5420 suis
1921 5369 2190 5428 renovari,
2220 5378 2272 5420 ct
2305 5382 2334 5419 a
2362 5382 2419 5419 se

861 5478 968 5517 non
1000 5464 1200 5517 aufet'ri
1230 5480 1244 5527 ;
1277 5472 1331 5516 et
1362 5476 1504 5515 recte
1540 5462 1705 5514 Deum
1744 5459 1955 5511 l‘utrctu
2005 5457 2260 5527 praedicat
2293 5473 2415 5511 cum

858 5557 1035 5610 Verbo
1053 5568 1099 5609 et
1127 5554 1356 5624 Spiritu.
1391 5554 1454 5607 Et
1485 5554 1661 5605 oumis
1689 5554 1905 5621 quidem
1927 5552 2198 5619 justorum
2218 5550 2419 5603 chorus

857 5648 1093 5701 Verbum
1132 5650 1222 5701 Dei
1254 5660 1416 5716 atque
1461 5646 1719 5712 Spiritum
1754 5644 2038 5697 manili-ste
2063 5644 2421 5698 demonstrat.

860 5748 953 5795 τοῦ
989 5744 1121 5795 Θεοῦ
1158 5744 1327 5806 Λόγον
1361 5748 1459 5791 καὶ
1506 5741 1564 5790 τ⁵ι
1602 5739 1821 5805 Πνεῦμα
1873 5740 2184 5808 ἐκήρυξαν;
2228 5738 2419 5797 Ἀθεος

864 5838 1051 5901 Δαῦχδ,
1101 5855 1117 5885 ι
1166 5834 1347 5886 ιΙὰιτα
1398 5836 1454 5884 ὲν
1512 5830 1672 5901 σοφίᾳ.
1720 5832 1980 5899 ἐποίησας
2010 5869 2026 5890 ,

2522 4751 2675 4787 σεται
2708 4732 2900 4799 Λόγος.
2937 4748 2957 4782 ι
2990 4731 3330 4797 Καὶ,ιΛόγος
3357 4732 3560 4801 Κυρίου
3590 4731 3649 4793 ὸς
3682 4731 3915 4801 ἐγενήθη
3948 4732 4085 4799 πρὸς

2522 4824 2783 4891 Σοφονίαν
2814 4824 2905 4875 τὸν
2934 4822 3029 4874 τοῦ
3076 4821 3267 4876 Χουσί.
3314 4840 3334 4873 ι
3370 4823 3481 4874 Kal
3506 4860 3524 4887 ,
3572 4840 3591 4874 ι
3639 4822 3886 4889 Ἐγένετο
3916 4822 4084 4888 Λόγος

2523 4912 2730 4981 Κυρίου
2775 4914 2834 4963 tv
2863 4913 3010 4980 χειρὶ
3056 4911 3315 4978 ’Λγγαίου
3350 4911 3447 4964 τοῦ
3492 4914 3800 4981 προφήτου,
3834 4912 4027 4977 λέγων.
4058 4929 4078 4961 ι

2528 5004 2660 5066 Kal,
2702 5021 2720 5053 ι
2766 5003 3015 5069 Ἐγένετο
3066 5002 3239 5068 Λόγος
3286 5002 3494 5071 Κυρίου
3527 5002 3662 5071 πρὸς
3688 5002 3968 5071 Ζαχαρίαν
3996 5002 4087 5054 τὸν

2525 5092 2824 5160 Βαραχίου,
2859 5091 3053 5158 λέγων.
3105 5112 3123 5142 ο
3157 5084 3325 5154 Οὗτος
3363 5094 3456 5144 καὶ
3486 5096 3615 5156 περὶ
3647 5094 3745 5161 τῆς
3786 5092 3882 5145 τοῦ
3911 5093 4087 5159 Λόγου

2525 5183 2854 5252 σαρκώσεως
2892 5185 3117 5235 πλεῖστα
3150 5185 3545 5253 προεφήτευσε.
3588 5202 3605 5233 ι
3636 5183 3744 5237 Kal
3769 5224 3782 5244 ,
3821 5202 3840 5232 ι
3882 5183 4091 5251 Λῆμμα

2523 5272 2683 5339 λόγου
2726 5272 2934 5341 Κυρίου
2972 5273 3064 5325 ἐπὶ
3096 5273 3187 5326 τὸν
3218 5272 3434 5342 Ἰσραὴλ
3474 5274 3533 5326 ἰν
3558 5275 3702 5342 χειρὶ
3727 5273 3963 5339 ἀγγέλου
3996 5272 4090 5325 αῦ-

2522 5365 2639 5424 τοῦ,
2684 5382 2702 5415 ι
2737 5365 2857 5434 ήτοι
2891 5364 2985 5415 τοῦ
3017 5363 3320 5433 Μαλαχὼυ.
3365 5364 3495 5416 Ἰδοὺ
3542 5364 3637 5417 xal
3686 5364 3882 5432 λῆμμα
3914 5364 4088 5430 Λόγου

2526 5460 2559 5527 ή
2608 5456 2837 5526 δύναμις
2866 5458 2962 5509 τοῦ
3001 5457 3321 5526 Πνεῦματος
3368 5458 3464 5510 καὶ
3517 5457 3610 5509 τοῦ
3652 5458 3849 5523 Λόγου,
3882 5456 3937 5519 ὃς
3972 5456 4091 5510 Ma-

2526 5548 2714 5617 λαχίας
2766 5550 2859 5602 καὶ
2908 5549 2967 5601 τὸ
3010 5550 3180 5617 ὄνομα
3234 5547 3329 5602 τοῦ
3386 5547 3521 5601 Θεοῦ
3570 5550 3831 5617 ἐπιφανὲς
3877 5550 3934 5601 ὲν
3968 5550 4080 5608 τοῖς

2536 5641 2715 5693 ἔθνεσί
2766 5658 2953 5711 φησιν.
3014 5640 3180 5710 Ὀρᾷς
3229 5642 3310 5693 ὅτι
3356 5640 3556 5702 πάντες
3596 5640 3646 5691 οῑ
3682 5640 3955 5709 προφῆται
3998 5637 4089 5691 τὸν

2498 5737 2787 5806 τιιιγαροίν
2829 5737 2857 5788 ό
2904 5736 2979 5805 μή
3028 5735 3201 5788 ταῦτα
3281 5733 3587 5802 κηρύττων.
3624 5733 3730 5786 Kal
3779 5734 3940 5793 αὐτὸς
3972 5732 4027 5785 δὲ
4058 5732 4088 5783 ό

2088 5850 2106 5882 ι
2161 5831 2297 5897 np“;
2328 5831 2417 5880 τὸν
2455 5827 2589 5879 Θεὸν
2624 5828 2938 5895 ἀναχραςει.
2995 5828 3125 5889 Καὶ,
3167 5844 3185 5877 ι
3224 5825 3284 5877 ’0
3316 5825 3485 5891 Λόγος
3519 5841 3612 5877 σου
3636 5864 3651 5889 ,
3717 5824 3911 5893 Κύριε,
3967 5824 4085 5877 δια-

877 5932 1026 5997 μένει
1056 5931 1111 5981 ἐν
1145 5928 1221 5997 τῷ
1250 5926 1462 5997 οὑρινῷ
1504 5928 1577 5988 είς
1610 5927 1804 5990 γενεὰν
1838 5926 1927 5975 καὶ
1965 5924 2153 5991 γενεὰν
2193 5922 2296 5983 ἕως
2335 5920 2425 5974 τοῦ
2466 5919 2680 5981 αἰῶνος.
2728 5938 2745 5971 ι
2793 5920 2899 5973 Kal
2937 5918 3014 5987 τῷ
3053 5918 3193 5987 λόγῳ
3229 5918 3435 5988 Κυρίου
3471 5918 3594 5978 τοὺς
3639 5917 3899 5985 οὐρανους
3931 5918 4079 5970 tote-
