4470 6874
436 669 499 734 ει
1484 686 1869 752 DlALOGUS
1889 688 2191 755 comm
2227 691 2623 758 1LERESES.
3620 699 3691 760 δε

436 786 684 855 ἐναργῶς
709 788 1081 859 δεικνυμένων
1105 793 1404 863 θαυμάτων
1430 800 1523 850 καὶ
1555 801 1727 864 λόγω)
1755 802 1849 854 καὶ
1872 801 2009 869 πρά-
2040 804 2088 863 Δ
2114 816 2166 860 el.

1923 801 2166 869 Pé’Aet
2220 809 2393 874 palam
2450 814 2818 871 ostenduntur
2875 816 3172 883 miraculis,
3230 817 3577 872 sermonibus
3636 831 3688 867 et

439 873 575 936 ξεων
608 878 665 929 ἐν
696 881 765 947 τῇ
798 878 893 932 τοῦ
929 882 1169 951 Χριστοῦ
1207 885 1533 959 Ἐκκλησία,
1564 893 1597 961 ἠ
1640 893 1737 957 τῆς
1778 892 2006 957 Τριαδος

439 965 817 1021 ἀναδείκνυται
849 972 943 1024 καὶ
966 973 1300 1043 κηρύσσεται
1355 978 1610 1046 δύναμις.
1666 983 1761 1045 Ti;
1826 985 1933 1053 γὰρ
1983 987 2010 1037 6

438 1053 764 1120 ἑξαπλὼσας
795 1063 854 1114 ἐν
892 1063 1001 1133 ὅλῳ
1051 1066 1128 1133 τῷ
1162 1068 1355 1135 κόσμῳ
1387 1074 1443 1123 τὶ
1481 1073 1581 1139 τῆς
1650 1075 1867 1140 Γριάδνς
1903 1074 2005 1143 κή-

445 1165 652 1216 ρυγμα,
687 1152 782 1203 καὶ
832 1152 931 1224 τὴν
986 1157 1266 1227 σάρκωσιν
1310 1160 1404 1214 τοῦ
1459 1162 1728 1231 Χριστοῦς
1770 1166 1877 1218 Καὶ
1927 1165 2011 1219 ἔτι

441 1240 692 1303 ὲξαπλῶν
736 1244 830 1295 καὶ
872 1248 1148 1316 συνέχων,
1200 1251 1529 1319 ἀμετρήτων
1572 1254 1880 1320 ἀνθρώπων
1920 1256 2013 1309 καὶ

444 1329 710 1400 βασιλέων
740 1337 837 1390 καὶ
871 1337 1045 1392 ἐθνῶν
1104 1342 1543 1397 ὲναντωθέντων
1601 1347 1751 1413 αὐτῷ
1784 1347 1863 1418 τῷ
1913 1365 2015 1416 κη-

447 1423 690 1492 ρύγματι
721 1427 816 1479 καὶ
838 1427 1171 1495 διωξάντων,
1224 1434 1317 1485 καὶ
1351 1435 1516 1503 μέχρι
1545 1435 1639 1488 νῦν
1669 1436 2009 1502 διωκόντων;

446 1515 616 1567 Πόθεν
645 1519 673 1569 6
706 1518 869 1582 πόθος
895 1521 997 1589 τῆς
1024 1524 1327 1593 παρθενίας
1358 1528 1415 1579 ὲν
1457 1531 1570 1590 τοῖς
1605 1532 1819 1593 πιστοῖς·
1848 1548 1863 1596 ;
1910 1531 2016 1583 Πό-

444 1606 537 1659 θεν
572 1610 600 1660 6
634 1607 775 1678 ἔρως
815 1612 915 1679 τῆς
942 1614 1321 1684 σωφροσύνης.
1353 1618 1450 1669 καὶ
1474 1618 1532 1669 τδ
1583 1618 1811 1686 φεύγειν
1853 1619 1920 1671 τά
1958 1620 2016 1671 ιν

443 1696 523 1761 τῷ
547 1700 775 1771 κόσμῳ,ῗ
808 1703 901 1755 καὶ
926 1704 959 1771 ἠ
996 1706 1055 1757 ἐν
1084 1706 1315 1775 ἐρήμοις
1361 1708 1572 1760 πολλῶν
1616 1708 1964 1778 ἀναχώρησις
1998 1728 2015 1777 i

447 1787 620 1841 Πόθεν
652 1791 684 1859 ἡ
720 1791 881 1860 χάρις
906 1793 1016 1846 τῶν
1045 1794 1260 1862 ίερὲων,
1313 1798 1405 1850 καὶ
1458 1798 1526 1850 τά
1570 1798 1655 1851 διὰ
1689 1798 1795 1851 τῶν
1828 1801 2017 1868 ἱερέων

444 1880 727 1947 γινόμενα,
763 1881 945 1947 λύσεις
976 1884 1067 1937 καὶ
1098 1886 1287 1954 δεσμοὶ
1316 1887 1425 1939 τῶν
1457 1889 1908 1959 ἀμαρτημάτωνς
1949 1891 2017 1942 ’Δ

448 1972 544 2024 καὶ
574 1972 643 2026 δι’
673 1973 951 2043 αίσθητῶν
985 1977 1083 2031 καὶ
1109 1978 1322 2049 νεκρῶν
1350 1983 1621 2049 σωμάτων
1648 1984 2019 2053 ἐπιμαρτυρεῖ

448 2064 477 2115 6
506 2062 661 2125 Θεὸς.
699 2065 868 2117 Πόθεν
898 2066 932 2136 ἡ
959 2069 1016 2117 ὲν
1046 2070 1158 2131 τοῖς
1199 2070 1379 2137 ἁγίοις
1406 2070 1685 2139 λειψάνοις
1715 2073 1827 2125 τῶν
1856 2074 2016 2141 ἰαμάο

448 2172 559 2207 των
584 2156 836 2226 ἐνέργεια
862 2177 877 2223 ;
915 2159 1017 2211 Ἦν
1048 2163 1143 2213 καὶ⁵
1178 2160 1505 2226 ἀσεὸοὗντες
1537 2164 1725 2231 ὁρῶσι,
1746 2165 1839 2217 καὶ
1865 2166 2023 2218 άκον-
2058 2144 2099 2200 Β

449 2264 541 2312 τες
591 2250 988 2319 καθομολογεῖν
1034 2254 1463 2321 ἀναγκάζονται.
1535 2257 1705 2309 Πόθεν
1761 2258 1943 2320 eieci;
1987 2258 2021 2328 ἡ

452 2340 651 2395 εὐωδία
698 2342 795 2395 καὶ
848 2343 909 2396 τδ
942 2343 1128 2413 μένειν
1161 2346 1457 2415 ἀλώὸητας
1502 2346 1581 2401 Τά
1621 2348 1739 2401 θεῖα
1789 2348 1845 2402 δὲ
1876 2350 2026 2417 ἐνερ-

451 2436 685 2501 γήματα
713 2437 780 2489 τὰ
808 2436 897 2490 διά
931 2438 1041 2490 τῶν
1073 2439 1244 2504 ἁγίων
1274 2440 1502 2494 εἰκόνων
1536 2443 1632 2494 καὶ
1674 2441 1839 2511 ιερῶν
1862 2441 2023 2506 ναῶν,

452 2524 548 2576 καὶ
567 2527 921 2595 ήγιασμένων
951 2528 1160 2582 ὑδάτων
1204 2530 1404 2595 πόθενς
1434 2532 1508 2585 Οὐ
1541 2530 1711 2584 ταῦτα
1738 2531 1902 2601 μέχρι
1931 2530 2023 2584 τοῦ

453 2617 549 2672 νῦν
586 2620 644 2670 ἐν
676 2620 741 2687 τῇ
766 2616 1066 2690 Ἐκκλησία
1098 2620 1374 2690 άριδήλως
1422 2620 1683 2685 τελεῖται,
1715 2626 1779 2690 τῇ
1813 2622 2027 2692 690066-

455 2707 560 2770 ξως
589 2708 930 2780 ὁμολογούσῃ
979 2712 1072 2764 τδν
1103 2713 1161 2765 ἑν
1185 2712 1379 2779 Τριάδι
1405 2714 1537 2765 Θεόν
1562 2734 1575 2777 ;
1629 2714 1790 2767 Ἀλλὰ
1813 2716 1907 2766 καὶ
1956 2715 2028 2766 τὰ

454 2801 519 2853 ὲκ
556 2804 914 2873 μαρτυρικῶν
953 2803 1100 2875 μύρα
1128 2804 1420 2873 λειψάνων,
1449 2806 1545 2857 καὶ
1587 2807 1644 2858 σί
1680 2804 2027 2875 θαυματουρ-

454 2894 594 2960 γέαι,
627 2894 724 2947 καὶ
752 2896 809 2948 αῖ
874 2894 1133 2965 πρόδηλοι
1188 2895 1295 2947 τῶν
1340 2896 1513 2962 ἁγίων
1568 2895 1749 2948 αὐτῶν
1798 2898 2021 2948 ἐπιστα-

456 2985 570 3039 σίαι
601 2986 699 3037 καὶ
731 2984 976 3055 φυλακαὶ
1008 2987 1039 3055 ἡ
1051 2986 1170 3054 μῶν
1192 2987 1301 3039 τῶν
1325 2987 1536 3041 πιστῶν
1582 2988 1713 3055 παρ’
1768 2988 2027 3041 ἀσεῦούνο

455 3096 569 3132 των
598 3078 973 3147 διωκομένων,
1005 3080 1101 3136 καὶ
1135 3081 1192 3133 αί
1234 3080 1344 3133 τῶν
1398 3082 1577 3135 ἀθέων
1634 3082 1816 3135 αὐτῶν
1863 3099 2033 3136 κατα-

458 3172 697 3241 στροφαὶ
719 3171 985 3235 πολλάκις
1018 3172 1145 3226 καθ’
1179 3172 1339 3242 ἡμῶν
1369 3173 1706 3243 κινουμένων
1746 3175 1915 3247 μανία
1935 3174 2032 3227 καὶ

460 3264 753 3336 συνεργείᾳ
803 3268 1094 3336 σατανικῇ,
1140 3265 1412 3336 λαμπρῶς
1452 3267 1785 3337 παριστῶσι,
1819 3267 1881 3320 τὸ
1931 3269 2031 3335 τῆς

456 3354 741 3417 εὐσεϐείας
773 3354 954 3409 αὐτῶν
982 3357 1092 3408 τῶν
1120 3358 1469 3425 Χριστιανῶν
1520 3356 1666 3410 θεῖον
1727 3362 1823 3412 καὶ
1884 3357 2032 3426 μέγα

2116 912 2281 969 gestis
2349 904 2402 957 in
2470 906 2710 960 Ecclesia
2768 907 2971 962 Christi
3049 909 3286 963 revelata
3363 916 3686 976 pucea-amr

2119 992 2404 1049 Trinitatis
2434 1008 2692 1064 potestas.
2725 999 2858 1053 Nam
2908 1002 3030 1069 quis
3081 1003 3134 1054 in
3182 1001 3434 1055 universo
3487 998 3691 1053 nms'do

2119 1086 2561 1153 prtrdicationem
2591 1089 2879 1145 Trinitatis
2923 1102 2975 1145 et
3004 1093 3435 1146 incarnatiotmu
3486 1094 3559 1143 4.5.
3599 1104 3685 1141 ist.

2119 1179 2479 1247 propagavit?
2509 1180 2645 1246 Quis
2677 1198 3064 1251 huncquoque
3093 1199 3391 1251 propagatis
3427 1195 3472 1234 e:
3532 1204 3543 1229 ηε
3607 1186 3690 1227 “ao

2121 1287 2274 1339 gens.
2308 1272 2610 1327 innumeris
2644 1274 2958 1329 hominibus
3005 1276 3331 1345 regibusque
3358 1284 3403 1327 et
3441 1278 3690 1337 αε-ιῖῑιυιιε

2123 1364 2565 1433 prmlicatioucm
2602 1367 3013 1433 repellentibus.
3068 1370 3380 1436 persecutis
3430 1377 3484 1420 et
3548 1382 3691 1418 nunc

2124 1456 2289 1510 etiam
2325 1459 2825 1524 perscquentilms?
2863 1456 3019 1512 Unde
3084 1458 3136 1511 in
3171 1458 3426 1512 ﬁdelibus
3476 1458 3697 1525 Virgini-

2127 1546 2256 1600 latis
2289 1545 2673 1602 desiderium?
2705 1548 2862 1602 Unde
2898 1564 3053 1603 amor
3078 1548 3436 1611 castimoniae,
3464 1556 3518 1601 et
3568 1548 3691 1615 fuga

2123 1652 2313 1691 eorum
2340 1652 2459 1705 qua:
2493 1638 2545 1692 in
2575 1640 2777 1693 mundo
2800 1648 2949 1703 sunt,
2978 1650 3031 1695 et
3060 1640 3355 1694 multorum
3403 1639 3455 1692 in
3480 1640 3693 1691 deserta

2129 1729 2421 1782 secessus?
2449 1729 2604 1784 Unde
2631 1732 2801 1799 gratia
2829 1732 3198 1791 sacerdotum,
3244 1740 3296 1784 et
3330 1745 3392 1783 ea
3444 1745 3564 1799 qum
3605 1745 3697 1794 per

2126 1820 2436 1874 sacerdotes
2469 1822 2608 1874 facta
2642 1831 2791 1886 sunt,
2826 1822 3054 1876 dimissa
3108 1832 3426 1890 retentaque
3448 1829 3693 1889 peccata.

2125 1924 2248 1978 quae
2296 1910 2632 1964 sensibilium
2700 1920 3151 1982 mon-tuorumque
3220 1927 3510 1982 corporum
3592 1925 3695 1978 ope

2130 2009 2361 2055 testatur
2386 2000 2568 2056 Deus?
2603 2001 2756 2057 Unde
2788 2004 2841 2056 in
2880 2005 3089 2058 sanctis
3121 2004 3367 2072 reliquiis
3397 2003 3691 2057 sanitatum

2132 2092 2347 2145 virtus?
2379 2090 2529 2146 Hauc
2560 2104 2610 2147 et
2639 2094 2739 2162 ipsi
2767 2102 2998 2148 cernunt
3028 2094 3201 2161 impii,
3228 2104 3283 2147 et
3314 2094 3465 2147 inviti
3497 2107 3699 2161 cogun-

2134 2193 2220 2237 tur
2250 2183 2515 2238 c0uﬁteri.
2551 2183 2703 2238 Unde
2726 2185 2872 2237 bono
2913 2186 3082 2238 odore
3110 2186 3356 2240 redolent
3392 2186 3699 2252 intactaque

2128 2283 2350 2329 manent
2378 2275 2645 2337 corpora?
2701 2272 2857 2329 Unde
2929 2275 3131 2331 divinae
3182 2276 3527 2345 operationes
3607 2288 3701 2342 per

2128 2374 2349 2419 sanctas
2387 2364 2674 2433 imagines,
2730 2381 2825 2435 per
2878 2366 3076 2435 templa
3143 2381 3322 2426 sacra.
3380 2381 3476 2436 per
3531 2379 3701 2433 aquas

2129 2455 2544 2509 sanctillcatas?
2569 2456 2758 2511 Nonne
2783 2457 2898 2512 inec
2927 2460 3110 2513 omnia
3144 2474 3317 2528 usque
3358 2458 3424 2512 ad
3462 2472 3607 2512 nunc
3645 2457 3699 2511 in

2132 2544 2371 2601 Ecclesia
2399 2545 2637 2614 perfecta
2669 2555 2817 2611 sunt,
2880 2548 2933 2601 in
2976 2562 3040 2603 ea
3074 2563 3217 2618 quae,
3271 2556 3331 2603 ut
3391 2557 3541 2602 recta
3600 2546 3699 2602 fert

2126 2640 2399 2707 doctrina,
2443 2640 2608 2696 Deum
2638 2642 2692 2695 in
2721 2641 2988 2697 Trinitate
3020 2643 3349 2696 conﬁtetur?
3382 2640 3486 2697 Sed
3538 2641 3699 2696 etiam

2130 2740 2406 2800 unguenta
2438 2747 2469 2786 e
2514 2743 2815 2803 martyrum
2849 2734 3099 2802 reliquiis
3137 2734 3439 2795 manantia,
3487 2741 3541 2787 et
3576 2748 3705 2802 pro-

2129 2822 2298 2889 digii],
2331 2832 2386 2876 et
2418 2821 2709 2877 maniiesta
2743 2834 3060 2877 sanctorum
3093 2825 3335 2893 ipsorum
3368 2824 3617 2893 prmsidia
3642 2837 3704 2877 ac

2130 2913 2392 2968 custodia:
2423 2914 2623 2983 quibus
2658 2928 2760 2969 nos
2795 2914 2979 2970 ﬁdeles
3009 2917 3078 2969 ah
3112 2914 3427 2969 inﬁdelibus
3458 2915 3707 2982 exagita-

2133 3016 2216 3059 tos
2262 3013 2504 3068 tuentur,
2579 3006 2932 3076 ipsorumque
2996 3008 3286 3077 impiorum
3353 3006 3537 3063 clades
3605 3020 3705 3061 nos

2132 3098 2332 3167 sapius
2401 3098 2669 3152 diabolica
2729 3096 2947 3155 feritate
3011 3099 3094 3152 vel
3160 3114 3262 3169 ope
3322 3099 3569 3154 satanica
3623 3097 3706 3153 in-

2133 3188 2483 3251 sectantiutn,
2521 3190 2805 3245 evidenter
2855 3190 3103 3245 divinum
3158 3205 3528 3262 magnumque
3586 3188 3705 3259 pie-

2134 3282 2262 3335 tatis
2305 3281 2743 3337 Christianorum
2801 3280 3139 3351 patefaciunt
3198 3280 3557 3352 mysterium:
3610 3277 3703 3333 sed

2134 3386 2202 3424 eo
2224 3370 2342 3440 ipso
2370 3371 2514 3440 quod
2548 3383 2649 3426 nos
2697 3376 2759 3423 ut
2799 3369 2985 3424 ﬁdeles
3044 3377 3098 3424 et
3148 3368 3441 3425 orthodoxi
3491 3366 3560 3421 ab
3600 3363 3710 3420 lni-

462 3448 790 3518 μυστήριον.
824 3447 991 3500 Ἀλλά
1021 3448 1127 3529 13
1158 3449 1252 3501 καὶ
1282 3448 1417 3502 αὐτὸ
1436 3449 1498 3503 τὺ
1552 3447 1849 3503 διώκεσθαι
1882 3450 2030 3519 ἡμᾶς
2056 3472 2102 3527 c
2136 3464 2227 3517 mit

1942 3450 2102 3527 ιᾶςα
2136 3464 2295 3518 micis
2351 3477 2610 3518 vexamur
2682 3471 2739 3517 et
2794 3461 3130 3516 cruciatibus
3200 3458 3384 3514 amicti
3447 3457 3707 3529 patimur,

456 3539 534 3601 ὠς
565 3539 795 3603 πιστούς
821 3556 880 3591 τε
908 3540 1005 3593 καὶ
1031 3526 1348 3609 δρθοδόξους
1403 3541 1554 3611 παρά
1602 3540 1715 3596 τῶν
1745 3544 2029 3607 ἀναντίων,

457 3632 554 3683 καὶ
581 3631 644 3684 τδ
677 3632 1151 3700 ταλαιπωρεῖσθαι
1184 3637 1285 3686 καὶ
1319 3633 1553 3703 πάσχειν
1603 3633 1665 3686 τὸ
1722 3634 1842 3704 μεθ’
1874 3634 2029 3704 ἡμῶν

460 3718 603 3775 εἶναι
647 3724 741 3776 τὸν
770 3722 944 3794 ἀληθῆ
990 3725 1090 3777 καὶ
1121 3724 1280 3792 μόνον
1312 3723 1373 3777 ἐν
1401 3724 1594 3795 Τριάδι
1614 3724 1746 3779 Θεὸν
1766 3726 2035 3796 παρίστη-

461 3830 569 3867 σιν.
607 3814 741 3867 Οὐδὲ
773 3815 882 3884 γάρ
905 3814 1218 3877 ἀνάπαυσις
1246 3814 1366 3885 Θεῷ
1390 3817 1449 3868 ὲν
1486 3815 1566 3885 τῷ
1593 3815 1786 3886 κόσμῳ
1832 3816 2031 3887 τούτῳ,

458 3910 583 3963 οὐδὲ
609 3910 668 3959 ὲν
713 3909 824 3970 τοῖς
863 3906 1189 3976 δρωμένοις,
1225 3906 1321 3959 καὶ
1354 3906 1579 3977 ζητοῦσι
1600 3907 1669 3961 τά
1699 3907 1791 3961 τοῦ
1827 3908 2034 3978 κόσμου

460 4002 655 4055 τούτου
682 4000 778 4054 καὶ
808 3998 1072 4053 ποθοῦσιν
1094 3999 1427 4069 ἀνθρώποις,
1449 3998 1565 4054 ἀλλ’
1586 4002 1642 4052 ὲν
1672 4004 1784 4063 τοῖς
1810 4002 2034 4068 ἀγαπῶ-

466 4112 553 4146 σιν
589 4095 753 4147 αὒτδν
790 4094 887 4148 καὶ
931 4092 1161 4162 ζητοῦσι
1193 4093 1293 4162 τὴν
1324 4090 1482 4155 δόξαν
1526 4091 1712 4155 αὑτοῦ,
1766 4096 1860 4147 καὶ
1893 4093 2036 4165 ὑπὲρ

463 4185 627 4239 αὑτοῦ
657 4184 1110 4253 ἀγωνιζομένοις,
1142 4183 1337 4246 οἵτινές
1373 4184 1513 4236 εἰσιν
1538 4184 1586 4235 οῖ
1619 4184 1759 4237 κατὰ
1783 4184 1907 4247 τοὺς
1928 4188 2038 4240 πά-

461 4280 555 4332 λαι
606 4276 853 4341 δικαίους
911 4274 1247 4345 θλιὸόμενοι,
1313 4273 1658 4343 διωκόμενοι,
1722 4281 2035 4348 πενόμενοι,

463 4370 921 4440 κακουχούμενοι,
964 4368 1427 4436 ἀποθνήσκοντες,
1485 4368 1873 4436 ξενιτεύοντες,
1911 4371 1987 4432 ὡς
2011 4374 2039 4426 6

468 4462 637 4517 Ἅϐελ
658 4463 753 4515 καὶ⁵
780 4459 922 4520 Νῶε.
947 4464 1043 4514 καὶ
1071 4460 1327 4529 Ἀϐραάμ
1348 4476 1407 4513 τε
1440 4462 1538 4514 καὶ
1563 4460 1772 4528 Ἰσαάκ,
1804 4466 1898 4517 καὶ
1929 4464 2036 4519 Ίσ·

466 4556 581 4609 κὰδ
611 4559 704 4611 καὶ
726 4560 777 4609 οί
797 4555 966 4610 αὐτοῦ
996 4557 1186 4618 παῖδες
1210 4571 1225 4588 ⁶
1260 4555 1341 4609 ἔτι
1372 4556 1429 4610 δὲ
1472 4556 1708 4625 Μωῦσῆς
1725 4562 1818 4611 καὶ
1849 4558 2039 4624 Ἠλίας

464 4652 559 4702 καὶ
590 4648 814 4716 Δανιὴλ,
845 4652 943 4699 καὶ
970 4649 1019 4700 οί
1049 4649 1202 4716 τρεῖς
1235 4648 1448 4712 παῖδες,
1484 4648 1579 4701 καὶ
1624 4648 2038 4719 Ἰερεμίας,καὶ

474 4742 581 4800 πρὸ
614 4739 782 4794 αὑτοῦ
836 4740 1068 4802 Ἡσαΐας
1100 4739 1195 4792 καὶ
1233 4738 1520 4809 Ἰεζεκιὴλ,
1557 4740 1651 4793 καὶ
1683 4742 2037 4797 Μακκαϐαῖοι

464 4834 519 4886 δὲ
553 4833 803 4901 ὕστερον,
828 4832 922 4884 καὶ
948 4830 1003 4883 εἷ
1028 4848 1111 4894 τις
1151 4830 1275 4883 κατ’
1319 4830 1519 4893 αὐτοὺς
1549 4830 1758 4900 ἔτερος.
1813 4830 1916 4884 Καὶ
1977 4832 2040 4885 τδ

465 4924 763 4992 ὑπομένειν
793 4922 850 4975 δὶ
890 4925 1200 4990 πάσχοντας
1243 4924 1412 4990 ἡμᾶς,
1476 4927 1573 4975 καὶ
1621 4924 1798 4977 πάντα
1849 4924 2037 4993 φέρειν

466 5016 605 5083 ὑπὲρ
632 5012 899 5083 Χριστοῦ,
938 5013 1038 5081 τὴν
1070 5012 1236 5065 αὐτοῦ
1288 5014 1676 5084 ἀληθεστάτην
1707 5017 1808 5068 καὶ
1866 5019 2038 5085 μόνην

464 5106 834 5174 καταγγέλλει
869 5104 1079 5167 πίστιν,
1118 5104 1369 5165 καὶτοὺς
1422 5105 1615 5173 λόγους
1677 5106 1896 5175 ἀληθεῖς
1937 5107 2039 5176 τῆς

463 5196 820 5257 διδασκαλίας
849 5194 1018 5248 αὑτοῦ
1041 5212 1055 5226 ο
1078 5195 1160 5247 ὅτι
1192 5195 1287 5246 καὶ
1322 5197 1456 5264 περὶ
1483 5195 1577 5247 τοῦ
1606 5199 1838 5265 πάσχειν
1890 5200 2039 5267 ἡμᾶς

465 5289 523 5339 ἐν
549 5289 725 5355 τούτῳ
749 5286 829 5353 τῷ
868 5286 1060 5351 κόσμῳ
1121 5286 1490 5357 προηγγειλεν
1515 5303 1528 5315 ·
1580 5290 1703 5340 ἐπεὶ
1740 5291 1832 5340 καὶ
1873 5290 2039 5353 αὐτὸς

465 5377 669 5430 ἔπαθεν
709 5378 851 5446 ὑπὲρ
873 5378 1057 5444 ἡμῶν.
1094 5379 1203 5430 Καὶ
1229 5380 1263 5446 ἡ
1297 5379 1395 5443 τῆς
1422 5380 1624 5449 Ἐκκλη
1639 5382 1754 5443 σίας
1783 5383 1837 5434 δὲ
1874 5382 2037 5435 αὑτοῦ

465 5469 758 5534 νομοθεσία
787 5470 880 5520 καὶ
912 5468 1119 5535 γνῶσις
1159 5472 1257 5521 καὶ
1291 5471 1591 5539 παρθενίαν
1626 5472 1891 5536 διδάσκει,
1945 5474 2040 5527 καὶ

470 5558 698 5627 ἁγνείαν
764 5561 857 5610 καὶ
900 5558 1275 5626 καθαρότητα,
1332 5562 1413 5612 ἔτι
1453 5578 1512 5613 τε
1559 5564 1893 5614 ταπείνωσιν
1943 5564 2040 5617 καὶ

468 5650 748 5720 ὑπομονὴν
782 5650 901 5718 μετ’
932 5650 1286 5718 εὐχαριστίας
1316 5650 1457 5718 πρὸς
1485 5652 1575 5702 τὸν
1604 5654 1758 5714 Θεὸν,
1795 5655 2040 5721 ἀκτημο·

468 5741 639 5808 σύνης
671 5757 731 5792 τε
761 5739 857 5791 καὶ
896 5737 991 5791 τοῦ
1033 5737 1261 5803 φεύγειν
1308 5739 1397 5791 τὸν
1436 5738 1640 5806 κόσμον
1690 5741 2037 5808 παραίνεσιν.

468 5833 581 5885 Καὶ
608 5831 670 5883 οὐ
705 5832 865 5898 μόνον
900 5830 974 5899 μὴ
1004 5831 1065 5880 τί»
1104 5827 1340 5897 πονηρδν
1376 5830 1646 5897 ἐνεργεῖν,
1681 5830 1807 5899 μηδ’
1841 5833 2038 5883 ἀποδι-

468 5924 616 5977 δόναι
660 5922 833 5974 κακὶν
887 5922 1009 5972 ἀντὶ
1066 5919 1266 5981 κακοῦ,
1304 5920 1440 5972 ἀλλὰ
1501 5921 1596 5971 καὶ
1650 5921 1869 5987 ἀφιέναι
1926 5926 2038 5987 τοῖς

470 6013 753 6064 πταίσασι.
782 6011 891 6064 Καὶ
912 6012 1138 6080 ἀγαπᾷν
1192 6012 1317 6073 τοὺς
1355 6011 1604 6079 ἐχθροὺς,
1643 6014 1738 6063 καὶ
1794 6013 1868 6080 μὴ
1906 6030 2038 6083 μνη-

474 6106 722 6158 σικακεῖν
764 6103 922 6169 ὅλως,
976 6103 1095 6173 μηδ’
1126 6101 1465 6173 ὀργίζεσθαι,
1501 6102 1635 6153 ἀλλὰ
1698 6106 1791 6155 καί
1848 6104 2028 6167 καλῶς

2137 3556 2311 3612 solum
2346 3564 2400 3610 et
2427 3570 2613 3611 verum
2662 3555 2719 3611 in
2768 3552 3035 3608 Trinitate
3070 3553 3238 3607 Deum
3270 3566 3393 3608 esse
3422 3550 3709 3605 uobiscum

2136 3647 2436 3715 probatur;
2466 3659 2575 3698 non
2608 3644 2752 3698 enim
2784 3642 3019 3711 quiescit
3055 3640 3196 3695 Deus
3231 3641 3286 3695 in
3328 3641 3430 3694 hoc
3481 3639 3708 3703 mundo,

2137 3749 2238 3789 nec
2270 3736 2323 3788 in
2360 3734 2446 3789 his
2480 3748 2599 3803 quae
2622 3734 2901 3796 videntur,
2937 3747 3115 3801 neque
3149 3732 3202 3786 in
3236 3731 3551 3786 hominibus
3610 3731 3703 3799 qui

2136 3842 2226 3881 res
2256 3826 2440 3881 mundi
2476 3834 2733 3895 quaerunt
2782 3835 2835 3879 et
2881 3825 3214 3886 desiderant,
3244 3822 3341 3879 sed
3399 3823 3454 3878 itt
3501 3822 3581 3877 eis
3614 3823 3708 3892 qui

2135 3934 2263 3975 eum
2298 3918 2532 3989 diligunt
2559 3927 2614 3972 et
2642 3918 2871 3986 gloriam
2904 3916 3025 3985 ejus
3064 3924 3335 3986 quarunt.
3380 3925 3433 3969 et
3490 3924 3713 3986 prapter

2136 4025 2265 4067 eum
2289 4011 2552 4066 dimicant
2581 4025 2597 4076 ;
2636 4009 2690 4064 hi
2723 4018 2902 4065 autem
2942 4018 3068 4064 sunt
3105 4009 3198 4079 qui
3230 4006 3533 4064 secundum
3563 4017 3710 4061 vete-

2136 4118 2227 4159 res
2260 4103 2440 4173 justos
2497 4101 2740 4169 contriti,
2795 4101 3001 4164 aﬁlicti,
3056 4100 3123 4155 ad
3187 4099 3424 4169 inopiam
3483 4098 3710 4163 redacti,

2138 4196 2283 4251 male
2319 4194 2511 4260 habiti,
2551 4194 2745 4258 occisi,
2805 4194 2860 4247 in
2892 4192 3144 4247 exsilium
3177 4190 3332 4245 missi
3374 4198 3522 4254 sunt,
3569 4188 3714 4243 velut

2137 4287 2293 4351 Abel,
2322 4296 2376 4341 et
2408 4286 2539 4353 Noe,
2568 4292 2623 4340 et
2656 4284 2954 4347 Abraham,
2980 4292 3034 4337 et
3087 4281 3260 4345 Isaac,
3295 4289 3347 4336 et
3373 4280 3539 4337 Jacob
3570 4280 3715 4350 ejus-

2140 4396 2246 4450 que
2267 4380 2449 4449 pueri,
2486 4386 2542 4434 et
2572 4379 2795 4447 insuper
2829 4375 3068 4446 Moyses,
3108 4374 3311 4437 llelias.
3356 4372 3567 4432 Daniel.
3598 4384 3712 4426 tres

2142 4472 2317 4540 pueri.
2348 4468 2634 4530 Jeremias.
2668 4480 2879 4522 necnon
2911 4475 3037 4519 ante
3070 4463 3236 4518 istum
3278 4462 3448 4518 Isaias
3488 4473 3541 4517 et
3574 4463 3709 4515 Eze~

2139 4562 2304 4629 chiei,
2334 4568 2523 4630 postea
2554 4557 2880 4613 Macchabaei
2909 4566 2964 4612 et
3006 4572 3201 4611 omnes
3234 4556 3326 4610 alii
3362 4554 3430 4609 iis
3479 4553 3709 4608 similes.

2140 4652 2279 4708 Dum
2303 4665 2404 4705 nos
2429 4649 2668 4719 patimur
2715 4656 2769 4703 et
2807 4648 3099 4719 aﬁligimur
3153 4656 3207 4703 et
3255 4647 3438 4703 omnia
3494 4653 3714 4714 propter

2140 4742 2416 4797 Christum
2451 4740 2770 4802 toleramus,
2814 4737 3101 4792 verissima
3152 4735 3377 4804 solaque
3406 4732 3524 4804 ejus
3579 4732 3711 4784 ﬁdes

2141 4834 2579 4895 demonstratur,
2612 4843 2825 4884 necnon
2889 4828 3003 4883 veri
3038 4827 3159 4895 ejus
3220 4840 3503 4881 sermones
3544 4834 3712 4893 atque

2140 4922 2440 4988 doctrinae;
2474 4920 2733 4990 quoniam
2767 4933 2868 4973 nos
2910 4919 2966 4973 in
2995 4918 3202 4972 mundo
3230 4930 3490 4986 passuros
3512 4915 3707 4983 praedi-

2139 5016 2219 5069 xit
2252 5014 2392 5069 sicut
2417 5014 2604 5081 etipse
2632 5026 2733 5081 pro
2765 5010 2926 5065 nobis
2959 5024 3154 5080 passus
3185 5018 3288 5064 est.
3316 5007 3550 5077 Ipsaque
3592 5006 3713 5077 ejus

2140 5106 2404 5170 Ecclesia,
2437 5114 2491 5159 et
2521 5104 2685 5172 hujus
2712 5102 2983 5157 institutio
3014 5109 3181 5170 atque
3210 5100 3461 5154 doctrina
3497 5107 3551 5153 et
3604 5098 3713 5152 vir-

2140 5194 2424 5265 ginitatem
2479 5192 2655 5256 docet,
2684 5200 2738 5247 et
2770 5192 3078 5246 castitatem
3106 5198 3269 5260 atque
3300 5190 3592 5259 puritatem
3625 5189 3715 5242 in-

2142 5300 2305 5354 super
2337 5293 2394 5338 et
2455 5283 2819 5338 humilitatem
2870 5291 3034 5352 atque
3067 5282 3412 5353 patientiam,
3456 5282 3713 5335 hortatur

2141 5379 2305 5430 etiam
2330 5387 2385 5429 ut
2408 5377 2609 5446 gratias
2630 5376 2739 5430 Deo
2758 5391 3012 5445 agamus,
3044 5383 3416 5444 paupertatem
3445 5387 3710 5436 amemus,

2140 5479 2195 5523 et
2248 5467 2510 5521 mundum
2576 5466 2869 5536 lugiamus,
2933 5467 3045 5521 imo
3099 5475 3160 5520 ut
3207 5480 3316 5519 non
3368 5466 3714 5520 solummodo

2142 5556 2343 5610 malum
2398 5571 2504 5610 non
2563 5555 2854 5617 faciamus.
2922 5569 3103 5624 neque
3155 5554 3359 5608 malum
3413 5569 3511 5622 pro
3569 5552 3714 5607 malo

2141 5648 2455 5710 reddamus,
2484 5647 2576 5701 sed
2628 5647 2791 5701 etiam
2821 5657 2878 5701 ut
2908 5661 3009 5700 nos
3032 5644 3430 5700 offendentibus
3471 5645 3714 5699 dimitta-

2145 5753 2290 5803 mus,
2354 5746 2413 5791 ut
2453 5737 2704 5791 inimicos
2754 5737 3073 5803 diligamus,
3109 5746 3164 5790 et
3213 5752 3319 5791 non
3383 5747 3593 5789 tantum
3656 5743 3715 5790 ut

2142 5828 2289 5882 nullo
2323 5827 2482 5880 modo
2508 5827 2737 5895 injurias
2764 5829 3133 5891 recordemur,
3166 5843 3341 5895 neque
3388 5830 3711 5892 irascamur,

2142 5920 2236 5974 sed
2268 5919 2488 5987 insuper
2524 5929 2584 5972 ut
2627 5918 3041 5973 bettefzteiztttius
3083 5920 3149 5973 iis
3176 5920 3269 5987 qui
3300 5920 3533 5973 oderunt
3586 5936 3709 5984 nos,

2141 6021 2193 6065 et
2225 6027 2316 6080 pro
2348 6010 2451 6063 illis
2481 6011 2855 6078 deprecemur.
2888 6008 3019 6075 Qum
3075 6019 3128 6063 et
3182 6010 3377 6063 similia
3434 6010 3707 6062 cwlcstem

2141 6112 2193 6158 et
2233 6105 2470 6157 dhill‘dttl
2519 6114 2571 6157 ct
2624 6118 2803 6157 verant
2838 6114 2887 6157 et
2918 6104 3087 6158 solam
3151 6103 3581 6157 Citristéanorum
3617 6118 3711 6156 uo-
