4470 6816
813 502 883 563 63
1669 519 2048 581 SYMEUNIS
2076 525 2578 597 THESSALONH

2298 530 2830 598 SALONICENSIS
2866 534 3224 594 ARCHIEP.
3992 535 4063 606 δαὶ

814 618 915 671 szri
959 618 1115 673 fidem
1145 622 1420 677 exhibent.
1476 623 1600 680 Hmc
1630 630 1773 683 enim
1800 641 1926 685 sunt
1970 633 2063 689 Dei
2116 640 2386 693 omnium-
2414 651 2457 707 Α
2492 665 2579 701 ποι

2293 651 2457 707 Im-A
2492 652 2668 701 ποιεῖν
2724 650 2839 710 τοῖς
2886 646 3128 715 μισοῦσι,
3194 645 3287 699 καὶ
3349 645 3487 717 ὑπὲρ
3536 645 3715 699 αὐτῶν
3782 644 4058 712 εὔχεσθαι.

816 723 923 777 que
953 711 1160 763 Domini
1207 713 1604 771 institutiones.
1634 719 1862 784 Quihus,
1898 735 2049 791 puto,
2083 738 2137 780 ct
2192 731 2387 785 simili-

820 802 922 852 bus
952 802 1173 868 impium
1208 804 1273 856 ad
1305 808 1676 872 cognitionem
1708 812 1984 881 Evangelii
2014 818 2273 882 ileduces,
2304 822 2385 875 in-

817 889 1059 957 dzirsque
1085 895 1149 945 ail
1178 901 1511 952 noscendum
1540 904 1722 957 vivum
1773 907 1862 959 Dei
1898 907 2127 962 Verbum
2172 921 2225 963 et
2260 911 2382 979 Spi-

820 982 980 1035 ritum
1043 996 1319 1053 sanetum,
1371 1008 1581 1046 necnon
1642 999 1706 1048 ad
1771 1000 2085 1053 discendam
2131 1004 2384 1057 Ecclesiae

819 1071 972 1123 θυι-ιτ
1005 1087 1128 1128 nam
1168 1088 1351 1143 ntputi:
1372 1082 1612 1133 divinam
1645 1092 1980 1139 etsanctaut.
2016 1088 2091 1142 Ex
2131 1090 2216 1144 his
2257 1106 2383 1144 sua-

817 1165 969 1215 debis
1001 1167 1063 1215 ad
1101 1168 1360 1221 tlisri-nila
1393 1170 1789 1229 inc:iruationis
1820 1180 1984 1232 ttnius
2034 1196 2064 1234 e
2108 1180 2381 1236 Trinitate

816 1270 1082 1318 pensurum.
1118 1257 1207 1309 Dei
1240 1258 1398 1314 Verbi
1427 1261 1553 1316 Jesu
1580 1264 1781 1319 Christi
1826 1272 2105 1338 mysteria,
2136 1272 2237 1326 etsi
2269 1289 2377 1328 non

816 1346 996 1399 minus
1028 1348 1247 1403 vliﬂicile
1286 1353 1353 1404 sit
1386 1357 1617 1410 suadere
1642 1359 1813 1411 virum
1843 1364 1931 1425 qui
1991 1363 2046 1414 in
2102 1364 2382 1431 impii-tate

814 1439 946 1488 vnit
969 1456 1130 1505 quam
1159 1448 1370 1498 tentare
1398 1460 1671 1500 mortuum
1691 1450 2042 1517 resuscitare,
2067 1463 2115 1506 et
2144 1455 2375 1509 stultum

809 1526 873 1577 ad
908 1528 1317 1596 intelligentiam
1348 1538 1638 1602 adducere,
1668 1540 1770 1594 nisi
1824 1542 1968 1596 Deus
2004 1559 2227 1599 manum
2258 1562 2381 1614 por-

810 1619 971 1685 rigat,
1008 1622 1335 1694 illurumque
1385 1628 1713 1683 dementiam
1766 1633 1909 1685 velut
1959 1635 2153 1689 oculos
2184 1637 2314 1689 caeci
2347 1652 2376 1690 a

808 1708 1089 1764 ttatit'itttlc
1122 1705 1438 1781 adaperiat:
1473 1734 1597 1772 nam
1630 1719 1799 1775 Deum
1842 1739 2095 1790 noscere,
2125 1724 2215 1779 Dei
2238 1743 2377 1797 opus

807 1811 911 1863 εει,
939 1813 993 1855 et
1028 1807 1325 1871 prmsertim
1360 1809 1499 1864 velle
1543 1814 1773 1869 suadere
1806 1815 2083 1871 hominem
2128 1818 2220 1886 qui
2258 1834 2377 1874 car-

810 1890 982 1943 ualent
1015 1893 1209 1948 haheat
1241 1907 1498 1962 mentem,
1532 1910 1586 1954 et
1612 1904 1737 1971 quia
1776 1920 1938 1973 super
1968 1921 2185 1961 omnem
2226 1924 2378 1964 men-

809 1990 913 2035 ti-m
942 1998 1211 2055 omneque
1264 1990 1487 2044 verbum
1557 1993 1972 2063 intelligentiam
2028 2008 2083 2053 et
2134 2003 2377 2058 rationa-

806 2074 991 2128 biliqu
1024 2082 1267 2135 omnium
1294 2095 1512 2139 creator
1549 2097 1633 2141 est
1669 2087 1930 2157 Trinitas,
1963 2101 2017 2147 et
2064 2094 2191 2164 quia
2253 2097 2373 2154 sine

803 2168 981 2221 divina
1008 2174 1179 2238 gratia
1207 2187 1449 2231 creatura
1494 2182 1676 2247 nequit
1702 2180 2018 2239 Creatorem
2049 2186 2371 2257 intelligere.

2489 739 2676 793 Ταῦτα
2702 741 2757 791 δὲ
2790 741 2886 792 καὶ
2913 740 2979 791 τὰ
3012 738 3242 791 τοιαῦτα
3268 739 3369 808 τὴν
3394 740 3646 809 οὐράνιον
3674 741 3767 794 καὶ
3800 740 3951 794 θείαν
3968 742 4061 794 καὶ

2488 830 2664 898 ἀληθῆ
2725 835 2818 883 καὶ
2874 830 3041 899 μόνην
3077 830 3185 882 τῶν
3242 831 3595 898 Χριστιανῶν
3648 831 3810 899 ἡμῶν
3874 831 4057 883 πίστιν

2488 922 2789 989 παρίστησι
2811 940 2823 952 ο
2855 921 2992 973 Θεοῦ
3020 922 3126 988 γὰρ
3152 922 3323 973 ταῦτα
3350 923 3441 976 καὶ
3474 924 3735 976 δεσπότου
3790 924 3897 975 τῶν
3920 917 4057 978 ὅλων

2486 1012 2827 1081 νομοθεσίαι.
2872 1014 2965 1064 Ἐκ
2992 1013 3196 1065 τούτων
3220 1009 3375 1081 οἶμαι
3411 1014 3507 1065 καὶ
3542 1015 3653 1066 τῶν
3691 1016 3892 1081 ὁμοίιον
3924 1016 4059 1082 πρὸς

2483 1102 2582 1172 τὴν
2616 1103 2711 1155 τοῦ
2771 1103 3107 1170 Εὑαγγελίου
3148 1103 3395 1164 ἐλκύσεις
3454 1104 3659 1169 γνῶσιν
3716 1106 3808 1155 τὸν
3860 1106 4053 1172 ἀσεϐῆ,

2484 1195 2578 1247 καὶ
2601 1194 2812 1256 πείσεις
2842 1197 3178 1262 κατανοῆσαι
3208 1197 3298 1247 τὶν
3328 1197 3419 1247 τοῦ
3453 1195 3587 1247 Θεοῦ
3646 1196 3824 1260 ζῶντα
3859 1199 4053 1266 Λόγον,

2485 1289 2662 1341 καὶτὸ
2694 1288 2920 1355 Πνεῦμα
2954 1290 3016 1341 τὸ
3054 1289 3228 1355 ἆγιον,
3277 1292 3370 1341 καὶ
3422 1289 3523 1352 τὰς
3579 1291 3907 1357 παραδόσεις
3956 1290 4054 1367 τῆς

2495 1379 2946 1444 Ἐκκλησίας.ὠ;
2980 1379 3128 1441 θείας
3176 1380 3267 1431 καὶ
3339 1380 3501 1446 ἁγίας
3537 1382 3903 1446 καταμαθεῖν.
3958 1382 4055 1436 Ἐκ

2479 1468 2690 1521 τούτων
2712 1470 2767 1521 δέ
2802 1470 2895 1520 καὶ
2929 1470 2995 1521 τά
3030 1473 3128 1538 τῆς
3173 1472 3647 1540 ἐνανθρωπήσεως
3676 1472 3768 1524 τοῦ
3812 1474 3927 1536 ἐνὸς
3954 1473 4056 1538 τῆς

2482 1557 2715 1627 Τριάδος
2750 1558 2885 1611 Θεοῦ
2928 1560 3100 1626 Λόγου
3134 1559 3313 1627 Ἰησοῦ
3340 1561 3579 1631 Χριστοῦ
3621 1562 3830 1624 ⁴ιτείσεις
3862 1563 4053 1631 νοῆσαι

2484 1650 2782 1716 μυστήρια,
2812 1650 2857 1701 εί
2889 1650 2985 1703 καὶ
3017 1651 3255 1717 χαλεπὸν
3292 1651 3383 1704 τὸν
3406 1651 3619 1715 ἀσεϐῶς
3653 1653 3897 1722 ζήσαντα
3931 1655 4053 1705 πεί-

2480 1739 2616 1806 θειν,
2652 1742 2729 1803 ὡς
2769 1742 2865 1794 καλ⁸
2904 1744 3101 1809 νεκρὸν
3173 1743 3414 1810 ἐγείρειν
3449 1744 3767 1813 πειρᾶσθαι,
3823 1744 3915 1796 καὶ
3963 1744 4053 1799 τὸν

2480 1831 2742 1884 ἀσύνετον
2776 1832 2856 1893 είς
2895 1830 3113 1884 σύνεσιν
3178 1835 3431 1900 ἀγαγεῖν,
3468 1836 3515 1886 εί
3579 1836 3654 1903 μὴ
3684 1834 3817 1896 Θεὸς
3845 1836 4051 1902 όρέξειε

2488 1924 2673 1990 χεῖρα,
2704 1922 2805 1975 καὶ
2835 1925 2931 1990 τὴν
2966 1924 3193 1975 ἐκείνων
3242 1926 3447 1985 ἄνοιαν,
3480 1925 3555 1988 ὼς
3588 1928 3712 1986 τοὺς
3738 1926 4053 1994 ὀφθαλμοὺς

2482 2012 2576 2065 τοῦ
2612 2013 2679 2066 ἐκ
2724 2014 2953 2080 γενετῆς
3013 2015 3214 2081 τυφλοῦ
3265 2016 3603 2080 διανοίξςιεν.
3654 2018 3809 2070 Ἐπεὶ
3870 2017 4052 2070 καὶτὸ

2481 2100 2687 2167 γνῶναι
2712 2100 2846 2154 Θεὸν
2879 2102 3017 2155 Θεοῦ
3045 2104 3229 2171 ἔργον,
3274 2107 3367 2158 καὶ
3405 2106 3640 2175 μάλιστα
3671 2108 3730 2158 τὸ
3763 2106 4051 2175 ἄνθρωπον

2478 2192 2685 2245 πείθειν
2718 2194 3004 2262 βούλεσθαι
3036 2195 3161 2247 νοῦν
3216 2195 3416 2265 ἔχοντα
3480 2197 3747 2267 σαρκικόν
3772 2211 3787 2225 ·
3817 2197 3913 2250 καὶ
3967 2199 4051 2249 ὅτι

802 2264 941 2337 ὑπὲρ
970 2268 1095 2324 νοῦν
1154 2271 1250 2323 καὶ
1301 2271 1479 2339 λόγον,
1516 2277 1545 2328 ό
1593 2277 1709 2329 τῶν
1762 2281 1967 2349 νοερῶν
2004 2284 2101 2337 καὶ
2131 2283 2369 2351 λογικῶν
2398 2289 2493 2341 καὶ
2526 2290 2637 2343 τῶν
2672 2292 2930 2345 ἁπάντων
2961 2292 3295 2361 δημιουργὸς
3342 2294 3375 2361 ή
3403 2264 3573 2363 Τριάς
3626 2296 3743 2348 ἐστι
3769 2310 3783 2325 ο
3814 2293 3911 2348 καὶ
3968 2296 4050 2349 ὅτι

798 2366 967 2433 χωρὶς
990 2367 1087 2433 τῆς
1109 2367 1201 2419 τοῦ
1219 2367 1353 2420 Θεοῦ
1384 2370 1633 2439 χάριτος,
1662 2373 1723 2425 οὗ
1756 2374 1988 2445 δύναμις
2006 2378 2085 2450 τῷ
2104 2381 2365 2450 κτίσματι
2408 2387 2752 2453 κατανοῆσαι
2787 2388 2878 2439 τὸν
2901 2387 3147 2455 κτίστην.

867 2456 1126 2512 Clericus.
1158 2461 1404 2525 Aliunde,
1456 2465 1696 2529 tlmnine,
1736 2469 1922 2523 multis
1952 2472 2136 2526 verbis
2170 2474 2370 2529 doctri-

798 2550 923 2600 nan:
954 2550 1020 2599 de.
1046 2549 1314 2605 Trinitate
1358 2555 1519 2609 nobis
1545 2558 1821 2622 reVelasti,
1863 2568 1918 2613 et
1970 2562 2204 2619 docuisti
2268 2580 2369 2620 nos

796 2637 911 2691 fere
936 2639 1166 2695 suadere
1196 2642 1391 2712 impios
1416 2646 1481 2698 de
1509 2642 1648 2698 Filio
1676 2647 1767 2702 Dei
1797 2650 2082 2718 unigenito
2106 2668 2200 2707 seu
2233 2654 2369 2709 Ver-

796 2728 889 2788 ho.
921 2745 986 2784 eo
1030 2733 1202 2799 magis
1252 2749 1361 2803 quo
1402 2736 1743 2807 Scripturam
1788 2743 2003 2813 aliaque
2045 2757 2364 2815 argumenta

798 2834 893 2887 per
922 2825 1168 2891 exempla
1201 2827 1517 2882 recordatus
1551 2844 1632 2894 es,
1662 2832 1973 2902 pariterque
1992 2850 2055 2888 ea
2079 2852 2201 2905 quae
2227 2839 2367 2892 divi-

796 2912 947 2965 nitus
971 2913 1024 2966 in
1056 2914 1292 2970 Ecclesia
1321 2918 1563 2987 perfecta
1592 2930 1743 2988 sunt,
1770 2926 1968 2992 quibus
1992 2930 2362 2983 necessarium

794 3012 878 3057 est
936 2992 1128 3060 oiunrs
1198 3008 1391 3062 athcos
1450 3012 1693 3079 aggredi.
1744 3013 1849 3087 Sed
1888 3030 2011 3069 cum
2077 3020 2244 3073 multa
2298 3021 2369 3075 sit

798 3095 1078 3151 Inerrseon
1110 3099 1287 3162 turba,
1323 3118 1552 3170 quarum
1584 3105 1894 3160 sectatores
1922 3123 2118 3163 omnes
2144 3112 2363 3179 quidem

796 3190 1096 3245 Christiani
1131 3194 1494 3262 appellantur,
1544 3198 1882 3253 multimodis
1930 3215 2113 3255 autem
2167 3204 2368 3258 distra~

788 3282 1004 3341 'huntur
1032 3280 1569 3355 upinimtihus,’quid
1610 3288 1677 3343 de
1712 3289 1834 3344 istis
1866 3272 2194 3347 lariemusi
2225 3295 2365 3350 Sunt

795 3375 941 3427 enim
969 3390 1034 3428 ex
1061 3376 1141 3429 eis
1163 3378 1256 3444 qui
1279 3376 1344 3429 ad
1375 3377 1619 3445 singulas
1659 3379 1891 3435 haereses
1935 3384 2244 3451 pertinent,
2274 3388 2368 3455 qui

2551 2481 2872 2549 Κληρικός.
2913 2481 3276 2551 Ἀρκούντως,
3308 2481 3565 2548 δέσποτα,
3598 2483 3693 2535 καὶ
3714 2484 3803 2536 διά
3834 2485 4050 2539 πολλῶν

2476 2573 2609 2642 ήμῖν
2640 2574 2739 2640 τὴν
2768 2573 2902 2642 περὶ
2930 2573 3031 2641 τῆς
3067 2572 3228 2639 ἁγίας
3259 2573 3486 2641 Τριάδος
3511 2575 3875 2644 ἀπεκάλυψας
3906 2578 4049 2643 γνῶ-

2478 2682 2585 2727 σιν,
2629 2665 2723 2717 καὶ
2758 2666 2947 2717 πεῖσαι
3002 2663 3188 2733 σχεδον
3246 2664 3371 2726 τοὺς
3426 2665 3750 2728 ἀθετοῦντας
3806 2668 3898 2719 τὸν
3953 2668 4047 2721 τοῦ

2475 2756 2611 2809 Θεοῦ
2645 2756 2772 2808 Υίὸν
2790 2755 2881 2808 τὸν
2911 2757 3177 2824 μονογενῆ
3208 2756 3299 2808 καὶ
3328 2757 3419 2808 τὸν
3450 2758 3623 2823 Λόγον
3655 2759 3924 2825 ἐδίδαξας·
3952 2760 4048 2813 καὶ

2475 2846 2677 2913 μᾶλλον
2709 2846 2792 2899 ὅτι
2826 2846 3118 2915 γραφικῶν
3154 2848 3250 2900 καὶ
3280 2847 3500 2900 ἐννοιῶν
3520 2848 3724 2911 ἐτέρων
3749 2851 3835 2902 διὰ
3864 2867 4048 2916 παρα-

2470 2938 2785 3007 δειγμάτων
2810 2938 3112 3007 ἐμνήσθης,
3137 2939 3361 2994 καὶτῶν
3389 2943 3444 2992 ἐν
3460 2943 3525 3009 τῇ
3559 2940 3861 3012 Ἐκκλησία
3886 2941 4047 3005 Θείως

2473 3032 2910 3100 ἐνεργουμένων,
2938 3030 2974 3084 ἀ
3008 3032 3101 3084 καὶ
3133 3031 3269 3099 πρὸς
3307 3034 3515 3094 πάντας
3541 3033 3738 3096 ἀθέους
3773 3034 4046 3102 ἀναγκαῖά

2472 3125 2578 3175 εἰσι
2614 3122 2894 3189 λέγεσθαι.
2924 3121 3079 3174 Ἐπεὶ
3130 3123 3187 3174 δέ
3224 3124 3318 3175 καὶ
3350 3123 3557 3192 πλῆθός
3597 3126 3713 3177 ἐστι
3746 3126 3883 3177 πολὺ
3931 3127 4043 3177 τῶν

2469 3217 2757 3285 αἱρέσεων,
2814 3214 2913 3267 καὶ
2951 3216 3273 3281 Χριστιανοὶ
3321 3216 3422 3283 μὲν
3453 3217 3657 3279 πάντες
3726 3217 4045 3284 καλοῦνται,

2473 3306 2654 3371 δόξαις
2684 3305 2741 3358 δὲ
2785 3305 3097 3374 μερίζονται
3150 3306 3534 3376 πολυτρόποις,
3571 3309 3622 3361 τί
3672 3309 3739 3363 ἂν
3790 3312 3884 3363 καὶ
3919 3312 4048 3380 περὶ

2471 3398 2677 3451 τούτων
2710 3401 3076 3467 ποιήσαιμενς
3134 3400 3324 3452 Ἔστιν
3371 3401 3459 3453 ὅτε
3510 3402 3751 3470 ἑκάστης
3782 3403 4049 3470 αἱρέσεως

801 3482 900 3520 nos
940 3470 1273 3522 orthodoxos
1302 3469 1567 3524 lacessere
1604 3478 1815 3524 tentant
1856 3474 2239 3547 rationemque
2273 3493 2367 3548 pe-
2395 3492 2437 3547 (ς
2469 3494 2566 3541 τιν(

2280 3493 2367 3548 ΡΘ·
2395 3492 2437 3547 C
2469 3490 2632 3541 τινῶν
2678 3487 2811 3553 πρὸς
2842 3492 2966 3549 τους
3031 3486 3343 3553 όρθοδόξους
3371 3490 3518 3557 ἡμᾶς
3552 3469 3878 3553 φιλονεικεῖν
3928 3507 4045 3542 πει-

800 3572 921 3616 ιυιιι
952 3562 1019 3616 ile
1043 3572 1188 3618 recta
1215 3564 1317 3620 tide
1356 3573 1562 3619 uestra.

870 3742 1141 3813 Pontifex.
1178 3744 1463 3800 Rationem
1500 3748 1755 3804 omnibus
1786 3750 1915 3805 dare
1940 3765 2049 3804 non
2078 3759 2160 3807 est
2185 3766 2372 3806 neces-

797 3840 1029 3901 sarium,
1064 3848 1223 3909 pr0ut
1248 3841 1618 3909 przediximus,
1656 3842 2003 3898 sciscitantes
2027 3859 2154 3898 vero
2175 3846 2370 3900 docere

799 3940 1013 3998 oportet
1041 3947 1179 3996 qum
1209 3948 1334 3985 cunt
1360 3947 1491 3999 pace
1520 3932 1905 4003 alloquendum
1935 3942 2049 4002 est;
2080 3936 2173 3989 sed
2208 3937 2277 3990 ab
2291 3938 2370 3990 eis

798 4024 888 4089 qui
923 4022 1250 4077 contendere
1280 4023 1487 4076 malunt
1517 4024 1945 4089 abscedendum,
1974 4041 2096 4079 nam
2133 4036 2365 4079 conten-

799 4114 926 4172 dere
963 4129 1069 4167 non
1101 4124 1243 4167 amat
1277 4113 1519 4168 Ecclesia
1555 4115 1782 4176 Christi,
1836 4116 1980 4170 sicut
2042 4116 2178 4169 dixit
2234 4116 2373 4170 Pau-

801 4206 884 4259 lus
913 4222 927 4259 :
971 4222 989 4255 ι
1035 4205 1088 4258 Si
1118 4207 1239 4275 quis
1274 4206 1485 4259 videtur
1514 4209 1887 4263 cniiti-ntiusus
1915 4225 2188 4272 esse,.nos
2211 4211 2369 4264 talem

796 4298 1243 4351 consuetudinem
1279 4313 1384 4352 non
1407 4299 1692 4364 habemus,
1720 4315 1892 4368 neque
1926 4301 2164 4355 Ecclesia
2189 4301 2313 4365 Dei;
2348 4321 2367 4355 ι

800 4390 923 4443 ideo
964 4388 1105 4440 enim
1139 4388 1421 4442 lia-retices
1449 4404 1638 4443 omnes
1670 4400 1727 4443 ut
1753 4370 2133 4446 contentiosos
2162 4402 2214 4445 et
2247 4392 2373 4446 inll-

798 4479 949 4533 tlelcs
980 4479 1319 4534 anathemate
1349 4479 1473 4533 furit
1500 4479 1765 4535 Ecclesia.

869 4662 1128 4716 Clericus.
1160 4662 1266 4715 Sed
1295 4661 1340 4715 si
1374 4661 1500 4729 quis
1532 4660 1599 4715 ad
1632 4676 1787 4716 suam
1853 4664 2145 4717 utilitatem
2182 4663 2375 4719 scisci-

799 4764 966 4816 tatur,
999 4754 1128 4823 quitl
1164 4751 1516 4806 faciendum?

875 4845 1143 4912 Pontifex.
1166 4844 1321 4897 llttuc
1337 4853 1556 4912 oportet
1576 4846 1877 4913 suscipere,
1896 4860 1948 4900 et
1972 4847 2019 4900 ei
2042 4848 2373 4901 ministrare.
2412 4833 2453 4887 ο

802 4940 1027 5006 insuper
1056 4939 1101 4992 si
1130 4937 1343 4991 dicendi
1368 4938 1596 5005 gratiam
1622 4938 1846 5001 habeas,
1874 4938 2153 4993 Christum
2179 4941 2379 5007 depre-

802 5042 979 5090 catus.
1012 5045 1076 5083 cx
1104 5032 1185 5085 eis
1215 5044 1336 5096 qua:
1356 5028 1532 5083 sancti
1567 5028 1832 5083 adversus
1884 5028 2133 5083 lia-resim
2189 5030 2376 5084 elucu-

801 5121 1336 5180 braveruntdissere
1368 5137 1384 5187 ;
1417 5135 1539 5173 nam
1591 5120 1727 5173 nihil
1780 5121 1922 5190 quod
1977 5136 2085 5174 non
2145 5122 2382 5176 dixerint

801 5216 1009 5277 Patres,
1030 5231 1152 5268 cunt
1186 5224 1238 5268 et
1269 5214 1403 5281 ipsis
1436 5214 1625 5284 ingens
1651 5220 1794 5267 lucta
1823 5216 2086 5268 adversus
2144 5214 2378 5269 lnereses

807 5308 1135 5367 incubuerit,
1150 5322 1286 5373 quas
1303 5306 1598 5374 adiuvante
1627 5305 1834 5375 Spiritu
1856 5304 2122 5367 vicerunt,
2142 5316 2193 5358 et
2214 5304 2379 5360 falsas

808 5414 994 5450 mirum
1054 5399 1431 5451 revelaverant
1490 5397 1801 5466 opiniones.
1830 5395 1985 5460 Quod
2031 5396 2077 5449 si
2131 5410 2376 5465 nequeas

811 5491 1109 5545 sciscitanti
1149 5492 1479 5560 respondere
1515 5491 1596 5543 vel
1647 5491 1772 5557 quia
1833 5488 2060 5557 gratiam
2113 5488 2195 5541 vel
2252 5487 2379 5557 quia

812 5582 1086 5634 lii-entiam
1122 5596 1225 5633 nun
1254 5582 1418 5634 habes
1451 5597 1465 5648 ;
1503 5597 1626 5634 nam
1675 5582 1756 5633 lex
1797 5580 2045 5633 Ecclesia:
2101 5581 2383 5633 constituit

809 5677 948 5729 hanc
974 5675 1284 5726 facultatem
1321 5674 1439 5726 tlari
1469 5673 1538 5726 ah
1568 5672 1913 5740 impositione
1940 5687 2197 5725 manuum
2231 5672 2377 5738 ;nnli

804 5769 1129 5817 i-ruiwsi-ere
1156 5764 1588 5818 cumaddueens
1643 5763 2013 5815 sciscitantem
2070 5762 2135 5816 ad
2200 5766 2377 5815 virum

808 5854 1123 5923 l't-ligiueuztt
1170 5854 1260 5919 qui
1288 5855 1424 5907 sciat
1456 5862 1602 5906 recte
1636 5852 1820 5905 dicere
1850 5869 1866 5916 ;
1901 5853 2068 5905 multa
2108 5852 2379 5907 enimerit

814 5948 1082 6002 ainbobus
1109 5948 1340 6011 utilitas,
1374 5957 1554 6017 atque,
1585 5944 1811 6013 juvante
1840 5944 1972 6011 Deo,
2001 5945 2079 6001 vel
2106 5955 2377 6006 errantem

2474 3583 2761 3647 ρωμένων,
2798 3580 2829 3648 ἢ
2866 3579 2960 3631 καὶ
2992 3578 3152 3647 λόγον
3179 3580 3558 3634 ἀπαιτούντων
3596 3582 3845 3651 περὶτῆς
3871 3583 4041 3653 ὀρθῆς

2470 3673 2629 3742 ήμῶν
2662 3672 2919 3735 πίστεως.

2553 3765 2909 3832 Ἆρχιερεύς.
2951 3764 3025 3817 Οὐ
3063 3764 3194 3816 πᾶσι
3227 3763 3434 3815 διδόναι
3477 3763 3639 3831 λόγον
3673 3764 3913 3834 ἀνάγκη,
3946 3782 4049 3819 κα-

2475 3853 2582 3916 θὼς
2616 3857 3035 3925 προειρήκαμεν
3059 3872 3074 3887 ο
3108 3854 3245 3907 ἀλλά
3276 3857 3393 3917 τοῖς
3431 3855 3534 3922 μὲν
3576 3854 3806 3923 ζητοῦσι
3850 3856 4047 3923 μαθεῖν

2474 3945 2824 4011 διαλέγεσθαι
2864 3949 2981 4015 μετ’
3010 3948 3258 4017 εἰρήνης,
3291 3946 3401 3999 τῶν
3432 3946 3478 3999 δ’
3526 3946 3596 4000 αὖ
3662 3948 3749 4000 ἀεὶ
3812 3948 4050 4015 φιλονει-

2475 4040 2594 4091 κείν
2630 4040 2975 4105 αἱρουμένων
3022 4039 3388 4107 ἀφίστασθαι,
3431 4039 3537 4091 Τὸν
3572 4040 3682 4110 γὰρ
3740 4040 4049 4107 φιλόνεικον

2472 4131 2534 4182 οὐ
2562 4132 2846 4197 προσίεται
2898 4134 2929 4198 ή
2969 4130 3063 4183 τοῦ
3110 4131 3346 4200 Χριστοῦ
3400 4130 3723 4199 Ἐκκλησία,
3776 4132 3969 4202 ῶσπερ
4019 4135 4049 4186 δ

2478 4222 2691 4282 Παῦλός
2750 4239 2940 4287 φησιν,
2983 4221 3086 4291 14,
3126 4241 3143 4273 ι
3191 4223 3252 4275 Εἰ
3295 4222 3349 4273 δέ
3400 4240 3486 4284 τις
3535 4222 3682 4274 δοκεῖ
3743 4222 4049 4289 φιλόνεικος

2474 4309 2617 4365 εἶναι
2662 4314 2720 4362 ἐν
2764 4314 2923 4381 ἡμῖν,
2959 4314 3121 4381 ἡμεῖς
3163 4313 3428 4381 τοιαύτην
3478 4313 3773 4382 συνήθειαν
3802 4315 3902 4366 οὐκ
3936 4316 4051 4382 ἐχοο

2480 4420 2598 4473 μεν,
2622 4404 2739 4455 οὐδὲ
2767 4402 3154 4471 αῖἚκκλησίαι
3171 4402 3265 4455 τοῦ
3289 4402 3449 4457 Θεοῦ.
3479 4421 3497 4453 ι
3534 4404 3632 4455 Διά
3654 4403 3809 4456 τοῦτο
3832 4406 3939 4473 γὰρ
3958 4405 4054 4459 καὶ

2485 4496 2603 4551 τοὺς
2633 4496 2951 4561 αίρετικοὺς
2984 4496 3190 4555 πάντας
3212 4494 3287 4557 ὡς
3312 4495 3655 4563 φιλονείκους
3683 4498 3776 4547 καὶ
3806 4498 4053 4561 ἀπειθεῖς

2476 4587 2875 4655 ἀναθεματίζει
2907 4589 2940 4654 ή
2972 4587 3293 4656 Ἐκκλησία.

2554 4681 2878 4746 Κληρικός.
2907 4680 3017 4731 Καὶ
3043 4678 3140 4731 ἐάν
3168 4696 3251 4741 τις
3305 4678 3378 4742 ὡς
3414 4678 3769 4749 ὠφεληθῆναι
3809 4681 3969 4751 ζητῇ,
3997 4680 4053 4733 τί

2482 4768 2731 4837 ποιητέον
2755 4782 2773 4831 ',

2565 4857 2923 4925 Ἀρχιερεύς.
2964 4857 3068 4908 Τὸν
3100 4858 3342 4909 τοιοῦτον
3402 4858 3794 4926 προσδεκτέον,
3835 4859 3931 4912 καὶ
3995 4862 4052 4912 ἐν

2482 4948 2671 5017 ἀγάπῃ
2704 4948 3085 5014 θεραπευτέον.
3129 4947 3275 5015 Πλὴν
3306 4950 3352 4999 εί
3392 4948 3490 5017 μὲν
3512 4949 3670 5018 χάρις
3707 4951 3823 5001 ἐστι
3851 4967 3933 5002 σοι
3958 4950 4052 5002 τοῦ

2484 5041 2684 5108 λέγειν,
2710 5040 2941 5105 Χριστὸν
2974 5041 3465 5106 ἐπικαλεσάμενος,
3498 5040 3562 5092 ἐκ
3596 5040 3704 5091 τῶν
3738 5043 3849 5102 τοῖς
3879 5041 4055 5104 ἀγίοις

2482 5131 2880 5197 πεπονημένων
2910 5130 3048 5181 κατα
3083 5130 3183 5194 τῆς
3224 5131 3486 5198 αἱρέσεως
3518 5129 3663 5195 λέγε.
3695 5131 3864 5182 Οὐδὲν
3888 5132 3996 5199 γὰρ
4024 5131 4052 5184 δ

2484 5223 2560 5293 μὴ
2591 5223 2880 5293 εἰρήκασιν
2911 5221 2959 5272 oi
3012 5220 3277 5285 Πατέρες.
3322 5220 3474 5271 Ἐπεὶ
3499 5286 3502 5289 γ
3526 5222 3619 5273 καλ⁵
3656 5222 3821 5283 πολὺς
3870 5223 4053 5285 αὐτοῖς

2483 5317 2511 5368 ὁ
2546 5316 2686 5367 κατά
2718 5314 2825 5366 τῶν
2857 5313 3125 5380 αἱρέσεων
3157 5312 3306 5380 ἀγὼν
3338 5313 3554 5378 γέγονε,
3614 5316 3705 5364 καὶ
3761 5316 4051 5384 συνεργείᾳ

2489 5404 2583 5457 τοῦ
2607 5403 2751 5456 θείου
2818 5400 3139 5470 Πνεύματος
3174 5402 3494 5467 νενικήκασι
3549 5401 3774 5463 ταύτας,
3824 5403 3921 5453 καὶ
3957 5403 4054 5466 τάς

2483 5495 2642 5560 δόξας
2679 5494 2858 5546 αὐτῶν
2908 5492 3122 5561 ψευδεῖς
3159 5492 3527 5558 ἀπεφήναντο.
3580 5492 3640 5543 Et
3692 5491 3736 5543 δ’
3784 5491 4056 5554 ἀδυνάτως

2484 5585 2630 5655 ἔχεις
2662 5568 2905 5654 περὶτοῦ
2948 5583 3285 5650 ζητουμένου
3334 5581 3536 5647 λέγειν,
3588 5580 3711 5633 οὐδὲ
3756 5580 3917 5649 χάριν
3963 5581 4055 5632 τοῦ

2488 5676 2719 5744 λέγεινῆ
2747 5664 2971 5739 ἔνδοσιν,
3000 5674 3096 5724 καὶ
3124 5670 3286 5724 τοῦτο
3336 5671 3444 5741 γάρ
3479 5672 3642 5741 νόμος
3688 5673 3786 5739 τῆς
3832 5673 4062 5742 Ἐκκληο

2492 5765 2637 5828 σίας,
2660 5766 2721 5816 τὸ
2752 5762 3087 5833 χειροτονίαν
3117 5762 3262 5831 ἔχειν
3305 5764 3401 5815 καὶ
3446 5764 3672 5825 ἔνδοσιν,
3713 5764 3787 5831 μὴ
3838 5764 4059 5832 αἰσχυν-

2495 5854 2596 5923 θῇς
2622 5853 3019 5921 προσενεγκεῖν
3046 5850 3139 5901 τὸν
3161 5848 3427 5918 ζητοῦντα
3452 5850 3610 5919 ἀνδρὶ
3665 5850 3909 5903 θεοσεϐεῖ
3963 5853 4059 5903 καὶ

2495 5944 2661 5998 εἰδότι
2706 5942 2888 6011 λέγειν
2917 5939 3098 6010 ὀρθῶς
3134 5954 3148 5967 °
3185 5938 3414 6011 πλείστη
3445 5941 3552 6011 γὰρ
3576 5940 3725 5994 ἔσται
3756 5940 3848 5994 καὶ
3875 5941 4055 6009 ἀμφο-
