4470 6870
473 678 545 739 65
1541 679 1927 741 DlALOGUS
1959 676 2238 739 CONTIU

1967 676 2261 739 CONTRA
2304 677 2697 739 llﬁiRESES.
3660 668 3732 729 66

474 791 651 860 τέροις
684 789 923 857 ὠφέλεια
944 806 957 820 '
987 790 1079 843 καὶ
1106 788 1496 860 συναιρομένου
1553 790 1711 855 Θεοῦ,
1754 792 1787 862 ἢ
1822 792 1916 843 καί
1956 793 2045 843 τὸν
2077 797 2122 855 Α
2153 791 2239 845 illu

1963 793 2045 843 τὸν
2077 797 2122 855 Α
2153 791 2300 845 ἰΙΙυιη
2330 792 2509 845 studio
2536 792 2696 845 simul
2728 801 2779 845 et
2809 792 2987 845 divina
3013 792 3275 848 cltaritate
3331 791 3589 861 cm‘rich,
3648 795 3728 845 vel

476 880 836 951 πλανώμενον
895 880 1104 935 έκεῐνον
1162 881 1292 944 ἴσως
1320 884 1386 952 τῇ
1422 883 1625 952 σπουδῇ
1659 883 1750 934 καὶ
1802 886 1868 952 τῇ
1925 882 2044 952 θείᾳ

479 972 671 1043 ἀγάπῃ
718 970 1105 1041 διορθώσεις,
1158 971 1192 1042 ἢ
1256 973 1468 1040 σεαυτῷ
1526 972 1718 1042 μισθὸν
1782 974 2051 1045 προξενή-

478 1079 634 1127 σ·ι,ς,
673 1064 769 1117 καὶ
821 1063 943 1116 ἀντί⁷
995 1062 1090 1116 τοῦ
1132 1064 1304 1117 κόπου
1354 1064 1515 1133 χάριν
1574 1064 1829 1135 εὑρήσεις
1900 1066 2054 1136 παρά

474 1154 611 1209 Θεοῦ
624 1195 641 1212 .

546 1246 867 1313 Κληρικός.
913 1246 1024 1299 Καὶ
1072 1246 1205 1299 ποίά
1237 1248 1345 1300 τῶν
1380 1250 1649 1319 αἱρέσεων
1676 1250 1909 1320 χείρωνς

566 1337 917 1407 Ἀρχιερεύς.
950 1338 1156 1403 ’Δπαν,
1194 1338 1413 1406 ἀδελφὲ,
1472 1342 1607 1414 ὅπερ
1645 1345 1727 1407 είς
1780 1342 2055 1412 βάραθρον

476 1427 757 1489 ἀπωλείας
793 1426 1046 1489 συνωθεῖ,
1083 1426 1187 1497 τῆς
1225 1431 1473 1499 πονηρᾶς
1528 1434 1646 1485 εστι
1679 1432 1903 1501 μοίρας’
1962 1432 2055 1484 καὶ

481 1522 589 1574 πᾶν
619 1522 759 1591 ὅπερ
804 1520 905 1588 τὴν
947 1520 1231 1588 σωτηρίαν
1275 1520 1489 1590 ζημιοῖ,
1540 1525 1640 1593 τῆς
1671 1524 2054 1591 ἀπολλυμένης

478 1612 741 1681 τυγχάνει
774 1612 1005 1676 τάξεως.
1041 1611 1190 1664 Ἀλλ’
1247 1612 1399 1680 ὅμως
1451 1613 1642 1683 ὥσπερ
1690 1615 1946 1684 διαφοραὶ
2001 1616 2056 1667 έν

474 1706 588 1765 τοῖς
617 1704 865 1771 ἀγαθοῖς,
897 1704 991 1758 καὶ
1022 1703 1080 1755 ὲν
1122 1704 1351 1773 ἀρεταῖς
1384 1706 1707 1759 ἀναϐάσεων
1746 1708 2053 1773 ἐπιδόσεις,

478 1791 573 1846 καὶ
598 1794 744 1847 κατά
775 1794 879 1857 eo;
918 1794 1150 1863 πράξεις
1180 1797 1237 1848 αί
1260 1796 1585 1859 ἀντιδόσεις,
1619 1798 1698 1851 διὸ
1736 1799 1829 1852 καί
1889 1814 2058 1866 φησιν

478 1887 508 1940 ό
537 1887 750 1954 Κύριος
771 1902 787 1920 ο
817 1906 837 1939 ε
886 1886 978 1939 Ἐν
1001 1890 1069 1958 τῇ
1117 1888 1269 1959 οἰκίᾳ
1303 1889 1399 1943 τοῦ
1456 1891 1672 1961 Πατρός
1707 1909 1807 1961 μου
1865 1890 2057 1943 πολλαὶ

484 1979 643 2048 μοναί
676 1980 816 2031 είσιν
834 1995 849 2010 ·
878 1997 895 2029 ι
924 1976 1123 2046 οὕτως,
1149 1975 1329 2048 οἶμαι,
1358 1981 1451 2033 καὶ
1471 1984 1528 2033 έν
1553 1984 1665 2043 τοῖς
1704 1982 1989 2047 έναντίοις,
2008 1983 2058 2035 εί

480 2071 579 2123 καὶ
600 2070 797 2133 ἀταξία
820 2070 969 2123 πᾶσα
1006 2070 1179 2133 δντως
1215 2072 1362 2124 ἐστὶν
1392 2075 1452 2125 έν
1485 2074 1691 2138 αὐτοῖς,
1750 2075 1902 2127 οὐδὲν
1950 2074 2058 2144 γὰρ

479 2160 590 2211 τῶν
618 2160 874 2229 πονηρῶν
900 2161 958 2211 έν
980 2160 1157 2224 τάξει,
1192 2161 1318 2214 ἐπεὶ
1372 2163 1467 2215 καὶ
1498 2162 1734 2224 ἄτακτος
1783 2166 1810 2216 ό
1875 2167 2056 2236 πατὴρ

480 2248 574 2303 τοῦ
603 2250 835 2318 ψεύδους
866 2250 1037 2313 έστὶν,
1075 2251 1195 2303 ἀλλ’
1220 2251 1373 2319 ὅμως
1412 2253 1616 2322 χείρων
1654 2254 1753 2321 μὲν
1787 2254 1999 2321 αἵρεσις
2023 2256 2057 2325 ἡ

484 2340 613 2409 περὶ
632 2337 769 2392 Θεοῦ
805 2338 1055 2403 πλείονας
1105 2338 1305 2408 ἔχουσα
1350 2341 1724 2412 βλασφημίας,
1779 2344 1978 2412 ἑφεξῆς
2000 2343 2059 2396 δὲ

487 2430 648 2501 μέσαι
671 2446 732 2482 τε
766 2431 863 2483 καὶ
891 2432 1128 2500 ισχάται
1160 2435 1217 2486 αι
1269 2433 1569 2487 ἐλάττωσιν
1599 2432 1855 2487 δοκοῦσαι
1915 2434 2060 2504 ἔχειν

482 2525 604 2575 τινά
636 2522 730 2575 τοῦ
760 2524 863 2592 τῆς
886 2523 1243 2595 βλασφημίας
1300 2524 1499 2580 κακοῦ.
1550 2526 1725 2582 Τοῦτο
1773 2527 1829 2580 δὲ
1865 2528 1961 2581 καὶ
2000 2529 2059 2581 ἐν

484 2615 596 2675 τοῖς
618 2613 885 2667 ἀσεϐέσιν
906 2612 1047 2668 εἶναι
1078 2614 1392 2684 λογίζομαι.
1417 2616 1642 2685 Πρῶτος
1674 2618 1774 2688 μὲν
1810 2618 1920 2689 γάρ
1951 2619 2062 2673 τῶν

485 2704 661 2759 ἀθέων
687 2709 715 2760 ό
743 2707 821 2777 μὴ
852 2708 986 2760 Θεὸν
1040 2709 1179 2770 ὅλως
1228 2709 1407 2775 είδὼς,
1453 2713 1550 2764 καὶ
1584 2710 1666 2763 ἔτι
1701 2712 1729 2763 ό
1778 2715 1845 2783 τῇ
1895 2714 2062 2767 πολυ-

488 2791 594 2861 θέῳ
628 2793 807 2865 πλάνῃ
862 2796 1259 2865 κρατούμενος.
1315 2800 1390 2852 Ού
1424 2800 1535 2869 γὰρ
1584 2801 1819 2872 διαφορά
1852 2802 2063 2866 τούτοις

488 2874 745 2947 ἀσεϐείας
779 2887 950 2951 ιστὶν,
982 2889 1104 2942 ἐπεὶ
1148 2892 1243 2944 καὶ
1288 2892 1404 2943 ἴσον
1443 2894 1504 2945 τὸ
1552 2894 1626 2962 μὴ
1674 2894 1877 2947 είδίναι
1923 2895 2063 2958 ὅλως

490 2976 625 3027 Θεὸν
655 2976 751 3029 τοῦ
778 2979 979 3033 ειδέναι
1010 2980 1215 3048 λέγειν,
1244 2986 1340 3035 καὶ
1362 2982 1545 3037 σέϐειν
1584 2984 1759 3048 ἀθέως
1784 2985 1859 3048 ώς
1906 2985 2064 3048 θεοὺς

494 3067 563 3119 τά
591 3068 687 3121 τοῦ
720 3068 857 3122 Θεοῦ
888 3071 1188 3142 κτίσματα,
1221 3073 1253 3138 ἢ
1286 3073 1355 3125 τά
1406 3073 1661 3143 ὁρώμενα
1694 3075 1881 3141 ταῦτα,
1918 3075 1951 3146 ἢ
1994 3075 2064 3128 τά

493 3156 665 3227 έναγῆ
713 3158 1006 3228 δαιμόνια·
1060 3163 1197 3232 μετά
1225 3164 1284 3217 δὲ
1332 3165 1459 3227 τοὺς
1506 3165 1758 3236 πρώτους
1788 3167 1982 3231 ἀθέους
2014 3169 2063 3222 οί

489 3246 623 3298 Θεὸν
674 3249 776 3317 μὲν
805 3248 967 3318 δῆθεν
997 3250 1248 3318 λέγοντες
1274 3254 1479 3324 Κύριον
1511 3257 1750 3327 οὐρανοῦ
1801 3260 1896 3313 καὶ
1928 3259 2054 3328 γῆς,

494 3336 668 3408 χωρὶς
718 3338 774 3391 δὲ
833 3341 1009 3408 Λόγου
1064 3342 1273 3407 ζῶντος
1332 3346 1427 3398 καὶ
1482 3347 1815 3417 Πνεύματος.
1877 3350 2064 3403 ’Δθεοι

491 3423 589 3482 οὖν
619 3430 715 3482 καὶ
744 3429 917 3498 οὗτοι,
946 3433 1023 3496 ώς
1050 3436 1111 3486 οὐ
1146 3435 1236 3490 τὸν
1269 3437 1447 3507 ἀληθῆ
1472 3440 1564 3491 καὶ
1617 3441 1776 3509 μόνον
1808 3440 1941 3494 Θεὸν
1968 3459 2069 3513 κη·
2097 3488 2141 3547 c

494 3520 804 3589 ρύττοντες.
839 3525 972 3589 Θεὸς
1000 3527 1111 3598 γὰρ
1142 3529 1303 3597 μόνος
1350 3530 1557 3600 ἀληθὴς
1590 3534 1617 3585 ό
1680 3532 1869 3603 Πατὴρ
1926 3536 2065 3603 μετά

490 3614 585 3668 τοῦ
620 3619 946 3684 μονογενοῦς
970 3620 1159 3687 εαύτοῦ
1186 3621 1318 3676 Υίοῦ
1350 3625 1445 3676 καὶ
1476 3624 1569 3677 τοῦ
1604 3626 1870 3689 ζωοποιοῦ
1896 3625 2067 3679 Πνεύ-

494 3724 685 3776 ματος.
724 3709 788 3762 El
827 3708 923 3764 οὖν
965 3712 1060 3764 καὶ
1093 3706 1242 3767 οὗτοι
1294 3717 1523 3771 καθόλου
1557 3718 1726 3780 ἀθεοι,
1775 3720 1891 3772 ἀλλ’
1917 3721 2068 3787 ὅμως

488 3797 553 3849 οὐ
583 3799 948 3867 προσκυνοῦσι
980 3802 1038 3853 τὸ
1056 3802 1188 3872 πῦρ,
1224 3804 1256 3875 ἦ
1288 3808 1378 3857 τὸν
1406 3807 1578 3878 ἥλιον,
1598 3809 1717 3862 οὐδὲ
1740 3809 1862 3871 τοὺς
1883 3810 2069 3878 δαίμο·

490 3905 587 3952 νας
602 3889 820 3957 λέγουσι
835 3891 1015 3955 θεούςσ
1034 3894 1130 3947 καὶ
1146 3897 1234 3948 διὰ
1257 3896 1413 3951 τοῦτο
1435 3899 1713 3963 ἐλάττονος
1733 3904 1930 3964 κακίας
1944 3903 2071 3956 εἰσί.

561 3982 881 4050 lampade.
911 3984 1063 4039 Μετά
1111 3988 1335 4051 τούτους
1377 3990 1435 4042 δὲ
1479 3991 1623 4054 τίνες
1680 3994 1789 4045 εἰσὶ
1818 3992 2065 4063 χείρονες

489 4076 598 4130 τῶν
625 4076 804 4131 ἀλλων
828 4078 909 4140 είς
938 4078 1199 4133 ἀσέϐειαν
1223 4097 1239 4145 ;

1080 4195 1334 4251 ΚΕΦΔΔ.
1385 4195 1487 4251 IA'.

492 4304 655 4378 Κατᾲ
681 4307 950 4375 Σίμωνος
999 4307 1107 4361 τοῦ
1155 4286 1374 4377 μάγὸυ.
1422 4310 1524 4364 καί
1578 4311 1910 4378 Μάνεντος,
1956 4315 2057 4368 καί

570 4376 688 4453 τῶν
717 4378 957 4453 ὁμοίως,
986 4378 1086 4453 καί
1114 4376 1265 4453 κατὰ
1285 4379 1402 4433 τῶν
1423 4380 1744 4435 δυσσεϐῶν
1798 4376 2065 4453 Horam}-

560 4450 710 4509 λων,
738 4445 869 4514 ἤτοι
905 4446 1360 4515 Κουὸουγέρων.

562 4535 923 4604 Ἀρχιερεύς.
954 4537 1110 4590 Μετὰ
1134 4539 1359 4602 τούτους
1395 4540 1451 4593 αι
1492 4542 1553 4607 ἐξ
1586 4544 1760 4612 ἀρχῆς
1799 4543 2067 4614 αἱρέσεις,

490 4627 611 4679 ὅσαι
641 4628 733 4678 τὸν
775 4627 1015 4699 Χριστ3ν
1076 4627 1240 4697 δῆθεν
1279 4629 1529 4694 ἐδέξαντο
1567 4632 1689 4702 μὲν,
1725 4635 1824 4686 ούκ
1882 4634 2063 4702 ὀρθῶς

495 4717 598 4788 15
624 4719 703 4782 δὲ,
730 4719 850 4772 ούδὶ
901 4718 980 4782 ώς
1010 4719 1073 4771 τὸ
1101 4720 1211 4771 τῶν
1268 4722 1585 4775 ἀποστόλων
1620 4723 1905 4791 παρέδωκε
1957 4725 2064 4794 κή-

2154 883 2479 950 tibimetipsi
2512 884 2819 935 mercedem
2858 885 3217 953 comparabis,
3287 896 3340 939 et
3397 899 3494 940 oro
3542 882 3724 937 labOre

2154 977 2383 1047 gratiam
2421 976 2562 1046 apud
2602 974 2770 1029 Deum
2804 977 3068 1031 invenies.

2232 1236 2497 1293 Clericus.
2532 1237 2593 1292 Et
2618 1256 2866 1309 quatnam
2900 1252 2981 1294 est
3009 1256 3073 1293 ex
3100 1240 3401 1294 bmresibns
3432 1243 3580 1311 pt-jor
3607 1243 3629 1295 ?

2229 1327 2501 1397 Pontifex.
2537 1329 2727 1391 Omne,
2761 1330 2948 1394 frater,
2982 1334 3124 1399 quod
3157 1333 3207 1385 in
3266 1336 3524 1401 abyssum
3583 1318 3731 1387 exitti

2159 1420 2435 1488 immergit
2463 1422 2627 1473 sortis
2659 1431 2742 1475 cst
2777 1422 3045 1489 possintat,
3074 1434 3302 1475 Clmllltt'
3331 1424 3473 1493 quod
3505 1426 3733 1477 saluti-nt

2160 1513 2379 1581 perimit
2407 1515 2645 1581 iniquam
2674 1514 2824 1567 habet
2859 1514 3167 1580 fortunam;
3230 1519 3323 1571 ἐπεὶ
3385 1520 3738 1586 quemadmo-

2159 1602 2286 1655 dum
2317 1610 2441 1654 sunt
2470 1602 2850 1671 discrepantia:
2883 1604 2934 1656 in
2966 1605 3121 1659 bonis
3156 1608 3418 1675 multique
3444 1617 3569 1660 sunt
3617 1624 3738 1675 gra-

2160 1691 2263 1747 dus
2299 1695 2364 1746 ad
2424 1695 2677 1747 virtutem
2717 1697 3075 1750 ascendentes
3131 1706 3183 1748 et
3237 1714 3400 1750 varia:
3441 1700 3739 1750 sec-nudum

2161 1801 2324 1855 opera
2359 1786 2766 1851 rclribtltiones,
2807 1801 3092 1857 propterea
3157 1789 3301 1842 enim
3358 1790 3498 1843 dixit
3561 1791 3745 1844 Domi-

2171 1894 2278 1934 nus
2311 1894 2327 1932 :
2362 1896 2380 1929 ι
2423 1877 2479 1932 In
2501 1879 2662 1933 dumo
2686 1880 2863 1933 Patris
2886 1880 2987 1933 nzei
3013 1883 3191 1933 ιιιιιΙιίε
3206 1883 3511 1935 mansiones
3534 1897 3693 1949 sunt;
3723 1908 3740 1933 ο

2164 1969 2258 2029 ita,
2291 1984 2375 2021 me
2400 1969 2605 2037 judice,
2638 1970 2690 2022 in
2731 1971 3041 2036 contrariis,
3102 1974 3223 2026 licet
3256 1975 3307 2026 in
3338 1976 3470 2044 ipsis
3502 1975 3571 2029 sit
3634 1992 3748 2029 om-

2163 2055 2250 2109 nis
2285 2058 2639 2123 perturbatio,
2696 2059 2829 2111 nihil
2884 2062 3030 2112 enim
3094 2063 3216 2114 mali
3271 2073 3353 2115 est
3416 2064 3469 2115 in
3528 2064 3745 2128 ordaue,

2093 2140 2135 2193 Β
2165 2162 2289 2202 eum
2326 2149 2580 2204 inimicus
2612 2152 2679 2203 sit
2711 2152 2916 2204 ordinis
2963 2162 3114 2217 pater
3171 2155 3453 2216 lttt‘lltlacil,
3510 2168 3745 2210 attamen

2174 2239 2419 2307 pessima
2452 2248 2535 2293 est
2573 2241 2714 2294 inter
2744 2242 2977 2295 haereses
3016 2257 3136 2311 qua:
3169 2243 3347 2311 plures
3369 2244 3434 2297 de
3456 2245 3750 2299 Deoconti-

2168 2339 2263 2386 net
2318 2332 2737 2399 blasphemias;
2779 2334 2973 2387 deinde
3026 2350 3146 2401 quae
3207 2337 3491 2402 pauciores
3553 2340 3750 2392 habent

2168 2425 2358 2478 media:
2409 2433 2556 2488 sunt,
2606 2433 2657 2478 et
2731 2426 2930 2478 ultione
2996 2442 3118 2494 qua:
3172 2444 3333 2496 quam
3387 2430 3740 2497 paucissimis

2169 2514 2521 2584 blasphemiis
2550 2525 2778 2570 scatent.
2824 2516 2975 2582 Quod
3031 2518 3193 2570 etiam
3250 2518 3303 2571 in
3375 2519 3749 2588 impietatibus

2169 2609 2400 2663 inveniri
2429 2624 2646 2664 censeo.
2678 2607 2895 2663 Primus
2916 2610 3133 2677 quidem
3161 2610 3445 2663 atheorum
3466 2613 3554 2680 qui
3582 2612 3748 2666 Deum

2170 2716 2400 2771 prorsus
2434 2704 2628 2764 nescit,
2667 2712 2722 2756 et
2765 2704 2856 2771 qui
2918 2703 3153 2771 plurium
3215 2705 3501 2756 numinum
3558 2706 3749 2759 falsam

2170 2795 2483 2863 opinionem
2523 2795 2805 2860 sequitur;
2838 2810 2959 2845 nam
2982 2794 3122 2846 inter
3144 2794 3259 2847 ltzee
3278 2796 3425 2847 nulla
3452 2806 3533 2849 est
3556 2798 3749 2867 impie-

2172 2886 2296 2940 tatis
2316 2884 2707 2955 discrepantia,
2728 2900 2849 2938 cum
2884 2901 2977 2954 par
2997 2886 3066 2938 sit
3089 2885 3254 2939 Deum
3278 2902 3502 2956 prorsus
3523 2905 3628 2941 non
3656 2905 3751 2942 uo-

2171 2992 2325 3031 scere
2353 2986 2406 3029 et
2428 2977 2606 3030 dicere
2637 2992 2694 3030 se
2727 2993 2925 3030 numen
2969 2994 3287 3046 agnoscere,
3320 2980 3413 3032 sed
3452 2980 3752 3049 irrcligiose

2173 3076 2233 3121 ut
2264 3067 2394 3122 deos
2431 3067 2709 3121 adoratqu
2752 3082 3037 3123 creaturas
3071 3070 3184 3123 sive
3218 3086 3301 3124 res
3329 3088 3449 3139 quae
3496 3074 3751 3126 videntur

2173 3160 2287 3214 sive
2318 3160 2602 3214 maledicta
2632 3160 2920 3215 daemonia.
2954 3161 3080 3216 Post
3144 3164 3277 3219 istos
3323 3166 3514 3220 atlteos
3546 3167 3752 3233 prinms

2174 3251 2543 3319 arceduutqui
2572 3252 2735 3304 Deum
2766 3255 2983 3319 quidem
3019 3254 3513 3309 dicuntDnminntn
3541 3259 3664 3310 coeli
3698 3268 3753 3312 et

2174 3353 2358 3406 terrm,
2381 3344 2474 3397 sed
2504 3343 2710 3411 absque
2750 3340 2931 3396 Verbo
2980 3344 3192 3399 vivente
3222 3356 3275 3399 et
3304 3346 3533 3415 Spiritu.
3588 3348 3755 3417 Igitur

2176 3435 2467 3490 atbeisnnt
2496 3437 2582 3489 isti
2602 3438 2693 3505 qui
2722 3435 2879 3488 talem
2908 3452 3091 3490 verum
3118 3438 3401 3508 solumque
3428 3439 3591 3494 Deum
3619 3458 3755 3510 pra:-

2174 3528 2355 3583 dicant
2383 3544 2397 3594 ;
2445 3526 2583 3581 Dens
2609 3530 2751 3581 enim
2778 3528 2929 3583 solus
2974 3544 3131 3583 verus
3164 3538 3246 3583 est
3277 3530 3431 3584 Pater
3464 3546 3586 3585 cum
3623 3534 3748 3586 uui-

2174 3621 2356 3691 geuito
2385 3621 2503 3687 ejus
2532 3618 2668 3672 Filio
2691 3629 2745 3673 et
2774 3619 3083 3673 vivificante
3109 3621 3338 3689 Spiritu.
3373 3621 3510 3691 Ergo
3538 3626 3587 3677 hi
3616 3640 3755 3694 quo-

2176 3727 2283 3781 que
2306 3723 2430 3764 sunt
2448 3714 2625 3777 allici;
2658 3712 2747 3764 sed
2770 3725 2891 3764 cum
2916 3726 3021 3764 non
3045 3712 3228 3765 colant
3251 3712 3427 3781 ignem
3454 3716 3533 3768 vel
3559 3716 3751 3784 solem,

2186 3819 2366 3873 neque
2422 3804 2602 3855 dicant
2653 3804 2784 3856 deos
2841 3818 2964 3859 esse
3016 3804 3312 3871 daemones,
3381 3806 3503 3860 ideo
3555 3809 3753 3863 minori

2182 3896 2385 3950 malitia
2419 3896 2765 3947 horrescunt.

2246 3989 2504 4044 Clericus.
2545 3988 2738 4042 Verum
2768 3988 2991 4054 abistis,
3030 3988 3251 4057 quinam
3289 4003 3319 4044 e
3361 3990 3577 4046 caeteris
3624 4002 3754 4047 sunt

2172 4081 2386 4152 pejores
2413 4081 2463 4133 in
2520 4078 2839 4149 impietate?

2772 4192 3002 4248 CAPUT
3027 4193 3123 4249 XI.

2177 4307 2375 4362 Contra
2431 4305 2696 4360 Simonem
2747 4324 2977 4374 magum,
3016 4307 3278 4363 Manetem
3318 4319 3367 4362 et
3417 4313 3632 4377 similes,
3664 4332 3762 4369 nec

2286 4394 2388 4430 non
2426 4389 2607 4430 contra
2638 4378 2826 4445 impios
2851 4378 3150 4447 Bogomilos
3177 4380 3281 4432 sive
3298 4379 3624 4451 Cudugeros.

2244 4529 2515 4597 Pontifex.
2544 4528 2625 4596 Ab
2654 4529 2771 4583 istis
2794 4529 3004 4597 pejores
3047 4530 3114 4583 ab
3152 4532 3308 4585 initio
3341 4534 3572 4589 Inereses
3626 4546 3753 4591 sunt

2171 4621 2275 4675 illa:
2303 4636 2424 4689 qua:
2462 4618 2741 4673 Christum
2777 4621 2995 4687 quidem
3033 4634 3383 4690 acceperunt,
3419 4641 3523 4678 non
3570 4639 3751 4683 autem

2171 4721 2317 4767 recte
2347 4727 2526 4779 neque
2580 4712 2723 4764 sicut
2778 4711 3077 4779 apostolica
3144 4712 3366 4766 tradidit
3419 4718 3751 4782 praedicatio,

493 4828 678 4879 ρυγμα
709 4827 723 4840 ⁸
761 4812 897 4865 αλλά
935 4814 1029 4865 καὶ
1082 4814 1211 4882 περὶ
1254 4814 1355 4883 τῆς
1402 4817 1702 4885 ἐμφανείας
1765 4817 1933 4870 αὐτοῦ
1976 4819 2069 4871 καὶ
2096 4810 2147 4869 D
2176 4808 2258 4861 sed

1987 4819 2069 4871 καὶ
2096 4810 2147 4869 D
2176 4808 2267 4861 sed
2292 4806 2358 4861 de
2386 4805 2834 4860 manifestatione
2864 4806 2985 4874 ejus
3018 4818 3071 4861 et
3100 4808 3470 4863 incarnatione
3510 4812 3752 4868 diversas

492 4901 827 4971 σαρκώσεως
855 4904 1154 4973 διαφόρους
1184 4906 1437 4971 ἐδέξαντο
1474 4909 1655 4972 δόξας.
1703 4909 1823 4961 Ἔτι
1872 4911 1929 4962 δὲ
1971 4911 2067 4963 καὶ

490 4994 580 5045 τὸν
611 4994 742 5063 περὶ
772 4995 873 5063 τῆς
898 4995 1061 5062 ἀγίας
1087 4996 1320 5065 Τριάδος
1366 4998 1528 5068 όρθὸν
1568 4999 1845 5068 ἠθέτησαν
1883 5001 2065 5069 λόγον.

491 5086 554 5137 οἱ
577 5086 630 5138 δὲ
649 5085 745 5137 καὶ⁵
772 5086 1171 5160 Παρακλήτους
1197 5090 1427 5147 ἑαυτοὺς
1454 5091 1802 5143 ἀπεκαλεσαν
1830 5092 2067 5155 ἀσεϐῶς,

491 5176 585 5227 καὶ
607 5175 843 5243 δύναμιν
866 5176 1028 5242 Θεοῦ,
1079 5177 1157 5239 ώς
1210 5179 1395 5247 Σίμων
1424 5180 1453 5230 ό
1499 5180 1693 5250 μάγος,
1729 5181 1943 5233 διώκων
1974 5182 2068 5233 τὸν

495 5267 665 5335 μέγαν
698 5267 923 5336 Σίμωνα
980 5269 1207 5338 Πέτρον,
1241 5270 1338 5321 καὶ
1390 5271 1583 5340 Μάνης
1623 5290 1707 5335 τις
1754 5273 2059 5344 ἀλιτήριος,

490 5361 539 5411 οἳ
572 5363 818 5429 χείρονες
856 5361 1085 5413 καὶτῶν
1135 5362 1318 5413 ἀθέων
1372 5364 1534 5418 είσίν.
1568 5365 1691 5418 Ἔτι
1744 5366 1800 5417 δὲ
1856 5368 2065 5434 Κήρινο

491 5446 578 5508 θός
610 5465 695 5510 τις
729 5449 824 5500 καὶ
859 5450 1272 5521 Καρποκράτης
1300 5452 1349 5504 οί
1397 5454 1609 5522 μιαροὶ,
1669 5456 1905 5508 ἐναντίοι
1952 5460 2067 5520 τοῖς

490 5540 817 5601 ἀποστόλοις
869 5541 1111 5609 Χριστοῦ
1144 5558 1158 5571 ο
1188 5546 1285 5595 καὶ
1309 5543 1555 5597 πλεῖστοι
1591 5546 1743 5598 ἄλλοι
1772 5547 1869 5615 τῆς
1926 5549 2066 5617 ἀλη-

491 5629 641 5693 θείας
698 5630 907 5699 έχθροὶ,
941 5632 1136 5694 οἵτινες
1160 5635 1255 5685 καὶ
1278 5635 1452 5696 ἀθέως
1495 5635 1589 5688 δύο
1624 5636 1794 5706 ἀρχὰς
1826 5638 2066 5705 έδογμάιο

489 5723 657 5786 τιζον.
695 5723 783 5786 Ἐξ
810 5721 887 5779 ὧν
918 5725 1010 5777 καὶ
1042 5725 1137 5779 νῦν
1171 5727 1313 5780 είσιν
1344 5728 1392 5780 oi
1431 5728 1751 5798 Βογόμυλοι,
1779 5731 2068 5800 ἀνθρώπια

490 5813 752 5883 δυσσεϐῆ,
783 5817 832 5867 οί
862 5820 958 5869 καὶ
1005 5817 1374 5889 Κουδούγεροι
1422 5820 1775 5889 καλούμενοι.
1834 5823 1926 5874 Διὸ
1974 5824 2070 5876 καὶ

494 5904 637 5973 ὑμᾶς
662 5911 789 5975 περὶ
822 5908 999 5961 αὐτῶν
1029 5910 1244 5981 ἀνάγκη
1304 5911 1522 5980 μαθεῖν,
1579 5914 1652 5975 ώς
1687 5917 1777 5965 καὶ
1836 5914 2065 5981 πλησίον

492 5997 661 6051 όντων
694 6003 756 6069 τῇ
791 6004 1067 6072 κατοικία.
1096 6003 1190 6058 Ἐν
1239 6004 1410 6075 πολλῇ
1465 6006 1575 6074 γὰρ
1620 6006 1911 6074 ὑποκρίσει
1968 6007 2066 6058 καὶ

494 6091 572 6159 τῷ
600 6092 997 6163 προσεύχεσθαι
1025 6094 1477 6167 σχηματίζονται,
1510 6097 1604 6152 καὶ
1636 6098 1694 6151 τὸ
1724 6096 2063 6168 Εὖαγγέλιον

2172 4908 2471 4954 tenuerunt
2497 4899 2805 4969 Opiniones,
2843 4906 2897 4952 et
2930 4900 3152 4967 insuper
3184 4909 3389 4954 rectum
3448 4903 3517 4958 de
3565 4916 3753 4959 sancta

2171 4991 2437 5056 Trinitate
2470 5006 2777 5045 sermonem
2812 4992 3137 5060 rejeceruut.
3163 4992 3263 5058 Qui
3299 4994 3462 5061 impie
3488 5000 3747 5065 semctip-

2169 5098 2261 5139 sos
2291 5091 2622 5136 vocaverunt
2652 5083 2958 5149 paracletos
2991 5092 3047 5135 et
3085 5083 3176 5136 Dei
3238 5084 3515 5151 virtutem,
3555 5096 3613 5140 ut
3662 5087 3749 5142 Si-

2169 5191 2296 5230 mon
2338 5190 2529 5245 magus
2567 5174 2660 5243 qui
2687 5190 2943 5243 magnum
2983 5174 3259 5229 Simonem
3306 5176 3521 5230 l'etrnm
3572 5194 3757 5247 perse-

2170 5270 2459 5338 quebatur,
2499 5277 2551 5321 et
2582 5266 2767 5320 Manes
2801 5284 3056 5333 nequam,
3093 5272 3185 5339 qui
3236 5272 3371 5338 ipsis
3437 5273 3613 5327 atlieis
3664 5289 3755 5341 pe-

2164 5361 2314 5431 jores
2346 5368 2495 5424 sunt,
2524 5359 2744 5427 insuper
2782 5359 3078 5414 Cerintlnts
3123 5372 3175 5415 et
3218 5362 3578 5431 Carpucmtes
3616 5411 3621 5415 .
3654 5368 3753 5420 im-

2173 5454 2379 5517 mundi,
2412 5454 2503 5523 qui
2535 5453 2743 5506 Christi
2782 5454 3044 5521 apostolis
3069 5455 3525 5521 adversabantur,
3552 5459 3757 5527 aliique

2171 5545 2668 5614 plurimbveritatis
2703 5546 2904 5597 inimici
2942 5548 3031 5612 qui
3078 5548 3283 5598 nefarie
3311 5549 3416 5599 duo
3470 5552 3749 5618 principia

2172 5647 2434 5706 ponentes
2483 5634 2619 5689 falso
2648 5637 3106 5703 dogmatizabant.
3148 5636 3220 5689 Ex
3254 5640 3452 5704 quibus
3486 5657 3627 5694 ttune
3654 5643 3755 5695 ad»

2174 5727 2279 5780 L'uc
2317 5734 2446 5779 sunt
2484 5724 2765 5794 Bogomili,
2815 5728 3114 5795 irreligioso
3163 5730 3477 5794 mulitudo,
3530 5734 3626 5800 qui.
3696 5743 3753 5787 et

2171 5817 2439 5887 Cudogeri
2499 5818 2856 5886 appellantur.
2887 5818 3182 5887 Propterea
3243 5838 3463 5877 necesse
3520 5834 3601 5877 est
3654 5840 3757 5877 vos

2174 5912 2239 5962 de
2277 5911 2406 5977 ipsis
2439 5911 2645 5973 doceri,
2672 5926 2794 5963 cum
2824 5926 2928 5963 non
2963 5914 3199 5979 procula
3230 5916 3379 5967 vobis
3428 5926 3750 5981 merentur;

2175 6019 2300 6056 nam
2330 6004 2673 6058 simulatione
2715 6004 2879 6059 multa
2938 6008 3145 6073 lingunt
3204 6023 3262 6060 se
3326 6007 3630 6076 deprecari,
3696 6019 3752 6062 et

2178 6096 2525 6167 Evangelium
2560 6095 2779 6167 quidem
2809 6112 2867 6155 se
2910 6100 3041 6154 tueri
3064 6094 3505 6171 sitnulant'atque
3527 6110 3748 6172 aposto-
