4470 6832
780 549 849 611 67
1641 550 2022 613 SHIEONIS
2049 556 2806 623 THESSALONICENSIS
2845 564 3206 627 ARCHIEP.
3410 608 3414 616 -
3983 568 4054 631 68

780 656 955 710 lorum
986 654 1243 724 epistolas
1271 664 1323 708 et
1371 657 1559 718 Actus,
1588 658 1679 710 sed
1739 671 1933 726 printer
1992 662 2093 716 ista
2144 675 2367 718 emeras
2400 678 2443 730 Α
2478 669 2543 738 μὲ

2283 680 2367 718 ras
2400 678 2443 730 Α
2478 669 2576 738 μὲν
2601 671 2985 741 ὑποκρίνονται
3039 674 3313 743 στέργειν,
3375 674 3466 726 καὶ
3520 673 3617 736 τάς
3667 674 3775 728 τῶν
3808 675 4048 730 ἀποστό-

782 762 1007 817 prorsus
1032 744 1283 813 rejiciunt
1310 745 1642 813 Scripturas,
1673 766 1774 802 nec
1794 753 2092 822 quidquam
2128 770 2357 823 evange-

783 838 1009 891 licorum
1036 846 1088 889 et
1114 837 1540 903 apostolicorum
1563 838 1789 907 faciunt,
1813 842 1907 896 sed
1935 846 2113 911 potius
2147 855 2359 898 contra-

782 927 858 980 ria
895 928 1262 993 committunt,
1296 929 1494 997 quippe
1531 931 1599 983 ab
1621 932 1938 986 adversario
1959 934 2065 986 acti
2092 935 2354 989 omnibus

784 1018 994 1071 Domini
1026 1018 1227 1082 verbis,
1282 1021 1540 1088 Operibus
1593 1032 1649 1074 et
1711 1023 2099 1077 traditionibus
2163 1027 2359 1078 adter-

780 1097 993 1165 santur‘.
1028 1111 1221 1164 Ven-uin
1257 1115 1436 1180 potius
1469 1114 1695 1167 student
1734 1122 1844 1169 toto
1875 1119 2038 1169 corde
2073 1117 2359 1185 cogitatio-

780 1200 942 1253 nibus
995 1202 1358 1270 Operibusque
1411 1205 1646 1268 partium
1728 1206 2069 1267 Antichristi,
2135 1206 2360 1275 quibus-

777 1294 901 1346 dam
936 1293 1210 1346 furoribus
1239 1304 1495 1361 aguntur,
1530 1311 1720 1363 preces
1750 1298 1801 1349 in
1837 1308 2051 1354 secreto
2104 1299 2359 1352 lascivos-

777 1398 881 1452 que
913 1397 1105 1437 cantus
1142 1385 1358 1451 aliaque
1388 1385 1553 1452 impia
1586 1394 1639 1438 et
1674 1386 1852 1455 turpia
1883 1396 2048 1455 atque
2108 1390 2351 1441 immun-

776 1478 1002 1530 dissima
1068 1484 1405 1543 operantur,
1456 1493 1579 1545 qua:
1633 1494 1741 1531 non
1797 1480 1879 1533 las
1940 1488 2025 1534 est
2074 1482 2356 1549 scriptura:

777 1570 1143 1623 committere.
1174 1568 1440 1636 Rejiciunt
1464 1569 1630 1622 etiam
1664 1584 1785 1622 cum
1824 1570 1928 1624 title
1944 1572 2124 1624 omnia
2150 1572 2353 1626 CbriSti

778 1660 1059 1729 mysteria,
1076 1658 1194 1711 etin
1221 1674 1284 1711 ea
1300 1667 1559 1712 evomunt
1583 1660 1973 1727 blaspliemias,
1994 1661 2046 1713 in
2075 1661 2350 1715 divinissi-

776 1765 925 1803 mum
955 1750 1248 1818 baptisma,
1278 1764 1491 1803 sacram
1518 1751 1984 1813 communionem,
2020 1753 2351 1805 crueisatlo-

774 1841 960 1895 laudae
992 1842 1251 1910 signum,
1278 1854 1466 1894 sacras
1501 1840 1787 1910 imagines,
1852 1842 2049 1911 templa
2103 1855 2356 1913 augusta,

2470 758 2578 812 λων
2602 762 2655 813 δὲ
2684 763 2971 827 ἐπιστολάς
3008 782 3065 816 τε
3098 767 3192 817 καὶ
3221 767 3477 832 Πραξεις.
3540 767 3686 836 Πλὴν
3737 769 3831 820 καὶ
3879 769 4049 831 αὑτὰς

2469 850 2564 903 καὶ
2604 852 2704 916 τὰς
2733 853 2898 917 ἄλλας
2931 854 3183 921 καθάπαξ
3208 856 3463 909 άθετοῦσι
3497 858 3740 926 Γραφάς.
3795 860 3904 912 Καὶ
3960 861 4049 913 οὖ-

2464 944 2552 994 δὲν
2604 946 2653 996 οί
2705 945 2858 998 ἄθεοι
2925 946 3212 1016 ἐνεργοῦσι
3260 948 3369 999 τῶν
3420 949 3805 1018 εὐαγγελικῶν
3842 968 3899 1003 τε
3956 938 4048 1007 κάξ

2465 1038 2869 1101 ἀποστολικῶν,
2933 1040 3073 1093 ἀλλὰ
3122 1039 3381 1093 τάναντία
3430 1042 3656 1110 μᾶλλον,
3711 1045 3771 1096 ὲκ
3809 1044 3908 1111 τῆς
3950 1045 4047 1096 τοῦ

2465 1127 2712 1180 ἐναντίου
2773 1130 3047 1199 κινήσεως
3135 1130 3545 1199 ἐναντιούμενοι
3604 1134 3737 1185 πᾶσι
3783 1135 3901 1195 τοῖς
3951 1133 4045 1185 τοῦ

2464 1220 2674 1287 Κυρίου
2703 1221 2888 1289 λόγοις
2922 1224 3019 1275 καὶ
3051 1222 3235 1292 ἔργοις
3273 1223 3369 1276 καὶ⁵
3399 1224 3751 1293 παραδόσεσι.
3814 1224 4045 1278 Τελοῦσι

2463 1309 2518 1361 δὲ
2554 1312 2756 1378 μᾶλλον
2787 1311 3103 1380 ὁλοσχερῶς
3136 1314 3369 1376 ἐννοίαις
3395 1332 3453 1367 τε
3486 1315 3581 1366 καὶ⁹
3614 1314 3799 1385 ἔργοις
3826 1316 3925 1384 τῆς
3950 1316 4044 1367 τοῦ

2477 1402 2854 1470 ’Διτιχρίστου
2920 1404 3165 1474 μερίδος,
3232 1404 3667 1471 ἑνθουσιασμούς
3732 1423 3885 1467 τινας
3949 1408 4045 1458 καὶ

2465 1493 2775 1563 προσευχὰς
2809 1495 2867 1546 ὲν
2898 1494 3127 1565 κρυπτῷ
3164 1496 3255 1547 καὶ
3289 1496 3502 1564 ἐπῳδὰς
3534 1495 3758 1563 μιαρᾶς,
3780 1498 3875 1549 καὶ
3907 1496 4041 1549 ἄλλα

2460 1583 2594 1636 ἄθεα
2627 1585 2973 1655 ἐνεργοῦντες
3002 1587 3095 1639 καὶ
3127 1588 3292 1655 ἐναγῆ
3330 1590 3425 1638 καὶ
3464 1586 3820 1655 παμδέὅη).α,
3884 1589 4042 1641 ἃτινα

2459 1676 2581 1728 οὐδὲ
2610 1677 2835 1746 θεμιτὸν
2865 1683 3053 1748 γραφῇ
3089 1678 3450 1747 παραδοῦναι.
3497 1680 3780 1732 Ἀθετοῦσι
3835 1680 3893 1732 δὲ
3944 1681 4042 1733 συν

2460 1769 2525 1837 τῇ
2553 1768 2736 1820 πίστει
2762 1769 2856 1821 καὶ
2884 1771 3063 1823 πάντα
3105 1769 3199 1823 τοῦ
3233 1771 3474 1839 Χριστοῦ
3521 1770 3590 1822 τά
3614 1772 3911 1840 μυστήρια,
3947 1770 4042 1824 καὶ

2460 1858 2541 1921 είς
2571 1859 2715 1913 αὐτὰ
2752 1858 3193 1930 βλασφημοῦσιν,
3223 1862 3302 1923 ετς
3342 1878 3401 1913 τε
3429 1862 3490 1913 τὸ
3526 1861 3807 1915 θειότατον
3841 1860 4042 1931 βάπτιο

774 1938 987 1991 divinas
1017 1937 1147 2005 legis
1179 1945 1234 1990 et
1265 1936 1655 2005 prophetarum
1692 1934 2025 2006 Scripturas,
2046 1939 2359 2005 justosom-
2457 1964 2539 2017 σμι

2275 1952 2359 1990 ιη·
2457 1964 2572 2017 σμα
2628 1948 2727 2003 καὶ
2768 1951 2868 2019 τὴν
2908 1952 3059 2021 ἱερὰν
3103 1951 3420 2019 κοινωνίαν,
3449 1952 3545 2004 καὶ
3571 1952 3659 2005 τὸν
3718 1951 3891 2004 τύπον
3942 1952 4038 2005 τοῦ

776 2046 873 2085 nes
905 2038 959 2084 et
986 2039 1272 2100 martyres,
1299 2025 1657 2082 liiera'rchiam
1687 2038 1739 2082 et
1759 2039 1997 2093 sanctos,
2033 2045 2139 2082 uno
2164 2030 2350 2093 verbo,
2387 2021 2427 2074 Β
2457 2058 2541 2109 τιμ

2275 2045 2350 2093 )οο
2387 2021 2427 2074 Β
2457 2039 2639 2109 τιμίου
2672 2042 2937 2111 σταυροῦ,
2962 2042 3059 2103 τὰς
3096 2043 3247 2112 lapsi;
3275 2060 3335 2096 τε
3382 2044 3622 2108 εἰκόνας,
3660 2045 3793 2108 τοὺς
3874 2044 4040 2097 σιδα-

776 2122 831 2176 ἰη
863 2122 1046 2175 oninia
1074 2136 1194 2190 qua:
1218 2130 1404 2174 sancta
1426 2129 1578 2185 sunt,
1608 2120 1906 2174 secundum
1949 2119 2117 2174 Satan
2140 2132 2356 2189 aposta-

772 2224 884 2269 tam
907 2222 961 2266 et
991 2213 1289 2278 dmmones,
1319 2212 1519 2280 quibus
1555 2212 1765 2266 incitati
1807 2212 1985 2267 solum
2042 2213 2100 2267 in
2156 2205 2354 2268 'Trini-

774 2314 883 2359 tate
909 2304 1099 2367 Deum,
1133 2304 1405 2374 Verbique
1434 2304 1871 2358 lucarnationem
1907 2314 1961 2359 et
1992 2306 2177 2359 omnia
2231 2319 2355 2375 quae

773 2398 869 2454 Dei
904 2404 1031 2462 sunt
1054 2397 1283 2466 turpiter
1319 2397 1719 2466 blasphemant.
1771 2395 1898 2451 lla‘c
1960 2407 2145 2452 autem
2198 2399 2356 2452 nobis

775 2489 998 2561 tradidit
1026 2488 1274 2544 Salvator
1302 2496 1493 2543 noster
1551 2487 1645 2557 qui
1695 2487 2071 2557 apostolorum
2125 2504 2351 2543 suorum

774 2583 1036 2653 operibus
1073 2589 1128 2636 et
1152 2580 1501 2635 sermonibus
1533 2579 1782 2635 divinum
1822 2580 2093 2647 baptisma
2120 2581 2355 2635 commi-

775 2677 868 2741 sit,
891 2675 1337 2744 tremendamqne
1355 2673 1600 2743 corporis
1624 2684 1674 2728 et
1694 2674 1980 2744 sanguinis
2000 2674 2085 2727 sui
2110 2688 2355 2725 commu-

777 2768 994 2823 nionem
1019 2781 1351 2836 sacrumque
1378 2764 1768 2831 ministerium,
1793 2775 1846 2818 et
1883 2774 2077 2818 cetera
2110 2765 2229 2833 ejus
2275 2766 2352 2818 di-

778 2859 904 2912 vina
931 2855 1213 2929 mysteria.
1272 2856 1395 2925 lpse
1437 2856 1604 2910 etiam
1670 2871 1772 2911 nos
1820 2857 2169 2911 orationem:
2198 2854 2358 2909 Pater

778 2960 973 3014 noster,
1006 2948 1255 3019 aliasque
1281 2948 1472 3003 docuit
1510 2963 1701 3019 preces
1727 2948 1929 3018 quibus
1966 2948 2080 3014 ipse
2138 2946 2355 3001 Patrem

776 3041 1194 3111 deprecabatur.
1226 3039 1497 3094 Debemus
1520 3039 1687 3094 etiam
1721 3039 1893 3109 legem
1958 3048 2013 3092 et
2063 3038 2356 3108 prophetas

774 3136 1023 3204 accipere
1050 3148 1172 3203 qua:
1223 3132 1345 3201 ejus
1395 3132 1567 3201 gratia
1617 3132 1897 3201 pramissa
1953 3140 2100 3184 sunt.
2163 3129 2354 3182 Divina

773 3237 991 3293 quoque
1026 3236 1355 3277 veneremur
1382 3220 1581 3290 templa
1620 3236 1636 3286 ;
1670 3220 1770 3274 hoc
1796 3218 1940 3273 enim
1970 3218 2129 3272 nobis
2165 3226 2354 3271 osten-

775 3316 857 3370 dit
896 3331 959 3369 ex
990 3315 1085 3369 illo
1114 3312 1315 3382 templo
1353 3321 1557 3377 vetere,
1591 3309 1648 3365 in
1688 3325 1800 3380 quo
1828 3309 2034 3363 nefarie
2063 3310 2357 3362 ventleutes

775 3405 1229 3477 tlagellopxpulit,
1250 3403 1395 3472 quod
1419 3402 1687 3456 orationis
1708 3401 1958 3464 domum,
1977 3399 2167 3467 suique
2180 3398 2360 3453 Patris

775 3499 996 3552 domum
1032 3494 1344 3565 appellavit.
1382 3511 1401 3545 ι
1431 3493 1498 3547 Ει
1529 3509 1637 3546 non
1667 3494 1907 3554 sinebat,
1933 3493 2011 3544 ait
2034 3489 2269 3554 Marcus,
2300 3498 2359 3541 ut

776 3584 1515 3657 quisquamtransferretvas
1541 3598 1636 3653 per
1661 3582 1945 3651 templum,
1989 3600 2007 3632 ι
2031 3581 2225 3649 quibus
2259 3594 2357 3633 nos

776 3680 967 3736 docuit
992 3678 1396 3731 venerationem
1420 3675 1618 3729 divinis
1636 3674 1854 3743 templis
1868 3673 2131 3726 debitam.
2164 3670 2358 3726 Crueis

778 3781 958 3827 autem
987 3770 1215 3839 figuram
1240 3771 1453 3838 signum
1484 3782 1644 3821 suum
1670 3766 1907 3829 vocavit,
1930 3774 1984 3819 et
2009 3776 2132 3818 ante
2160 3766 2360 3817 adven-

780 3874 895 3918 tum
919 3879 1077 3916 suum
1106 3864 1462 3931 posteriorem
1484 3874 1604 3913 eam
1625 3857 1911 3912 videndam
1930 3872 2049 3911 esse
2072 3858 2313 3926 pra-dixit
2341 3872 2354 3907 :

784 3974 803 4007 ι
845 3954 1018 4018 Τυιιο,
1050 3953 1246 4021 inquit,
1291 3953 1574 4020 apparebit
1610 3950 1827 4018 signum
1865 3947 1989 4001 Filii
2031 3948 2264 4001 liotniuis
2303 3949 2353 3999 in

779 4048 940 4109 caelo,
982 4064 1002 4099 ι
1040 4046 1090 4099 id
1126 4054 1211 4099 est
1254 4059 1412 4106 crux,
1440 4058 1605 4112 quam
1637 4041 1958 4109 imperatori
1992 4038 2355 4094 Constantino

780 4156 995 4196 sursum
1021 4137 1279 4203 osteulit,
1306 4145 1361 4191 et
1413 4136 1495 4190 sic
1536 4150 1662 4189 eum
1712 4133 1778 4186 ad
1822 4133 1981 4187 (idem
2006 4148 2160 4187 suam
2198 4133 2355 4202 quasi

783 4248 947 4286 manu
982 4229 1258 4301 perduxit,
1285 4242 1451 4297 quam
1484 4227 1649 4281 etiam
1673 4241 1838 4295 supra
1861 4226 2274 4281 Constantinum
2303 4226 2353 4277 in

782 4324 961 4379 media
1028 4322 1116 4375 die
1171 4319 1512 4373 monstravit.
1572 4317 1631 4371 lu
1692 4318 1793 4370 liae
1844 4332 2006 4381 cruce
2054 4326 2106 4369 et
2156 4314 2355 4369 Paulus

780 4415 1063 4485 gl0iiutur,
1119 4426 1420 4480 omnesque
1480 4410 1655 4463 sancti
1722 4410 1814 4478 qui
1865 4424 1972 4461 non
2038 4409 2356 4477 spiritaliter

779 4516 1013 4572 tantum,
1038 4506 1128 4559 sed
1158 4514 1212 4558 et
1255 4503 1545 4558 visibiliter
1586 4517 1707 4555 eam
1751 4502 2043 4554 coluerunt
2066 4509 2117 4552 et
2149 4500 2357 4569 ample-

779 4600 891 4655 xati
920 4607 1068 4653 sunt.
1108 4596 1334 4666 Ipseque
1362 4595 1559 4649 Petrus
1595 4593 1742 4647 illam
1787 4592 1921 4661 pati,
1974 4591 2025 4644 id
2053 4599 2158 4655 est,
2204 4590 2351 4645 cruci

2461 2132 2654 2200 σμίους
2702 2134 2887 2212 ναοῦς,
2912 2135 3009 2196 τὰς
3041 2136 3189 2194 Θείας
3213 2133 3309 2187 τοῦ
3345 2134 3510 2203 νόμου
3542 2137 3638 2189 καὶ
3677 2138 3791 2192 τῶν
3826 2155 4041 2209 προφη-

2456 2226 2566 2277 τῶν
2589 2226 2830 2297 Γραφὰς,
2858 2231 2987 2294 τοὺς
3018 2231 3267 2295 δικαίους
3301 2234 3515 2299 πάντας
3564 2235 3661 2290 καὶ
3720 2234 4031 2306 μάρτυρας,

2460 2319 2725 2389 ίεράρχας
2758 2337 2817 2374 τε
2850 2322 2946 2375 καὶ
2976 2324 3158 2388 ὁσίους
3180 2341 3195 2356 ο
3227 2327 3323 2379 καὶ
3374 2327 3569 2390 άπλῶς
3613 2328 3695 2389 είς
3747 2329 3928 2382 πάντα
3968 2330 4037 2383 τά

2456 2412 2611 2479 am,
2648 2415 2788 2467 κατὰ
2819 2416 2911 2468 τὸν
2960 2419 3281 2490 ἀποστάτην
3318 2423 3498 2475 Σατάν
3546 2423 3642 2476 καὶ
3686 2425 3816 2488 τοὺς
3845 2424 4037 2493 δαίμο-

2457 2522 2576 2569 νας,
2612 2508 2678 2575 τῇ
2728 2508 2920 2562 τούτου
2974 2512 3190 2580 κινήσει
3224 2513 3306 2575 είς
3380 2513 3473 2567 τδν
3521 2513 3580 2567 ιν
3619 2514 3813 2585 Τριάδι
3873 2516 4039 2585 μόνον

2456 2596 2609 2657 Θεὶν,
2647 2599 2743 2651 καὶ
2788 2598 2882 2652 τοῦ
2923 2602 3098 2669 Λόγου
3144 2602 3243 2673 τὴν
3308 2604 3610 2673 σάρκωσιν,
3676 2605 3773 2659 καὶ
3825 2605 3896 2660 τά
3941 2605 4036 2660 τοῦ

2456 2686 2594 2741 Θεοῦ
2660 2693 2839 2743 πάντα
2885 2692 2992 2744 alat
3054 2693 3509 2765 βλασφημοῦντες
3556 2696 3605 2750 ot
3655 2698 3885 2767 μιαροί·
3939 2700 4037 2750 καὶ

2456 2777 2631 2831 ταῦτα
2657 2781 2750 2833 τοῦ
2777 2782 3031 2853 Σωτῆρος
3062 2786 3243 2855 ἡμῶν,
3277 2788 3373 2840 καὶ
3430 2788 3540 2841 τῶν
3594 2789 3911 2843 ἀποστόλων
3941 2792 4037 2843 αὑ-

2457 2868 2550 2921 τοῦ
2583 2872 3027 2939 παραδεδωκότος
3058 2876 3240 2946 ἔργοις
3300 2880 3396 2932 καὶ
3425 2880 3608 2946 λόγοις
3636 2881 3696 2934 τδ
3741 2880 3889 2934 θεῖον
3936 2881 4037 2950 βάο

2460 2978 2709 3031 πτισμα,
2738 2968 2833 3019 καὶ
2895 2970 2994 3033 τὴν
3027 2971 3262 3040 φρικτὴν
3307 2971 3398 3023 τοῦ
3431 2972 3678 3042 σώματος
3742 2973 3909 3029 αὐτοῦ
3943 2974 4037 3027 καὶ

2456 3055 2688 3121 αἵματος
2718 3059 3002 3111 κοινωνίαν
3030 3078 3087 3112 τε
3122 3065 3213 3114 καὶ
3243 3064 3584 3132 ἱερουργίαν,
3630 3067 3729 3119 καὶ
3758 3066 3826 3119 τὰ
3868 3066 4033 3119 λοιπὰ

2456 3146 2648 3201 τούτου
2701 3148 2819 3202 θεῖα
2873 3154 3185 3220 μυστήριαο
3250 3157 3346 3207 καὶ
3405 3156 3486 3207 ἔτι
3554 3158 3616 3209 οῦ
3675 3158 3774 3222 τὸ,
3841 3158 4037 3226 Πάτερ

2458 3236 2649 3303 ἡμῶν,
2706 3240 2888 3306 μόνον,
2922 3241 3055 3294 ἀλλα
3114 3244 3206 3296 καὶ
3246 3244 3436 3313 ἑτέρας
3472 3248 3805 3316 προσευχὰς,
3861 3247 3929 3299 δι’
3960 3242 4037 3299 ῶν

2461 3329 2557 3381 καὶ
2622 3330 2788 3393 αὐτὸς
2850 3332 2987 3400 πρὸς
3053 3332 3147 3386 τὸν
3222 3334 3441 3405 Πατέρα
3502 3338 3883 3407 προσηύχετο·
3938 3338 4038 3390 καὶ

2459 3419 2520 3470 τὸ
2554 3420 2933 3489 ,ἀποδέχεσθαι
2960 3423 3028 3476 τὰ
3060 3423 3155 3476 τοῦ
3218 3426 3383 3495 νόμον
3420 3444 3477 3478 τε
3510 3429 3605 3481 καὶ
3658 3428 3768 3480 τῶν
3820 3446 4039 3497 προφη.

2461 3510 2591 3575 τῶν,
2641 3513 2801 3583 χάριν
2861 3514 3025 3568 αὑτοῦ
3084 3520 3565 3587 προαγορευοέντα
3629 3521 3720 3573 καὶ
3770 3520 3833 3572 τὸ
3886 3521 4040 3573 σέϐε-

2464 3602 2588 3655 σθαι
2614 3602 2672 3655 δὲ
2698 3605 2822 3667 τοὺς
2853 3606 3033 3669 θείους
3087 3611 3271 3671 ναοὺς,
3329 3610 3439 3662 ἀπὸ
3484 3608 3578 3661 τοῦ
3643 3609 3793 3679 ίεροῦ
3827 3611 4037 3663 ἐκείνου

2462 3692 2557 3745 τοῦ
2608 3694 2841 3749 παλαιοῦ
2872 3697 3031 3750 τοῦτο
3060 3699 3470 3764 ἀποδείξαντος,
3520 3700 3650 3754 ἔνθα
3684 3703 3811 3764 τοὺς
3846 3701 4039 3754 θεοκα-

2462 3784 2669 3849 πήλους
2699 3787 2942 3849 ἐκείνους
3002 3789 3250 3854 ἐξεδίωξε
3280 3792 3619 3861 φραγγελίῳ,
3668 3794 3761 3845 καὶ
3796 3809 4036 3860 προσευ-

2464 3878 2565 3945 χῆς
2598 3874 2767 3941 οἶκον,
2803 3881 2899 3933 καὶ
2940 3881 3150 3951 Πατρδς
3178 3883 3344 3935 αὑτοῦ
3378 3880 3528 3935 οἷκον
3552 3884 3745 3937 τοῦτον
3782 3886 4031 3938 ἐκάλεσε.

2467 3970 2576 4021 Καὶ
2600 3970 2699 4022 οὐκ
2741 3972 2896 4040 ἧφιε,
2924 3974 3109 4039 φησὶν,
3150 3975 3235 4026 ίνα
3264 3992 3346 4037 τις
3381 3975 3574 4037 σκεῦος
3618 3972 3705 4027 διὰ
3758 3975 3852 4027 τοῦ
3886 3976 4035 4046 ίεροῦ

2462 4060 2770 4133 είσενέγκῃ,
2798 4063 2894 4131 τὴν
2929 4065 3062 4133 πρὸς
3101 4067 3225 4127 τοὺς
3256 4066 3430 4129 θείους
3482 4068 3642 4127 ναοὺς
3676 4069 4035 4139 ὀφειλομένην

2458 4150 2725 4203 διδάσκων
2762 4146 3071 4208 εὐλάϐειαν.
3102 4154 3209 4205 Καὶ
3241 4155 3333 4206 τὸν
3358 4156 3526 4207 τύπον
3552 4155 3607 4207 δὲ
3648 4156 3743 4208 τοῦ
3796 4158 4032 4224 σταυροῦ

2462 4244 2687 4309 σημεῖον
2756 4241 2952 4295 ἑαυτοῦ
3001 4244 3259 4297 ἐκάλεσεν
3290 4246 3317 4297 ὁ
3379 4246 3595 4315 Σω;ὴρ,
3636 4239 3730 4297 καὶ
3788 4246 3897 4314 πρδ
3935 4246 4034 4315 τῆς

2466 4333 2773 4401 παρουσίας
2792 4333 2960 4386 αὐτοῦ
2980 4335 3077 4403 τῆς
3099 4335 3359 4404 δευτέρας
3375 4340 3608 4405 φανῆναι
3629 4338 4032 4407 προηγόρευσε,

2460 4424 2582 4475 τότε
2612 4428 2940 4493 φανήσεται,
2979 4424 3171 4492 εἰπὼν,
3204 4428 3265 4481 τὺ
3312 4430 3539 4497 σημεῖον
3590 4426 3686 4481 τοῦ
3742 4428 3877 4483 Υίοῦ
3937 4430 4033 4483 τοῦ

2461 4514 2751 4584 ἀνθρώπου
2784 4518 2841 4566 ἐν
2892 4517 2970 4586 τῷ
3025 4518 3260 4587 οὐρανῷ,
3296 4524 3323 4572 ὁ
3378 4523 3609 4589 σταυρὸς
3668 4522 3935 4592 δηλονότι,
3977 4523 4036 4577 ὃν

2461 4608 2562 4661 καὶ
2614 4607 2690 4676 τῷ
2723 4611 3121 4682 Κωνσταντίνῳ
3168 4612 3379 4681 βασιλεῖ
3430 4615 3707 4681 ὑπέδειξεν
3762 4616 3897 4678 ἄνω,
3944 4618 4035 4669 καὶ

778 4688 922 4761 aﬂigi
948 4688 1221 4757 cupiebat,
1240 4685 1385 4754 quod
1406 4683 1705 4738 secundum
1727 4680 2028 4736 Salvatoris
2047 4680 2353 4750 praulictio-
2384 4723 2438 4779 Β
2464 4712 2540 4766 πρ

2273 4681 2353 4733 ίοο
2384 4723 2438 4779 D
2464 4696 2602 4766 πρὸς
2631 4698 2730 4765 τὴν
2752 4698 2918 4751 αὑτοῦ
2952 4680 3138 4753 πίστιν
3165 4680 3601 4773 ίχειραγώγησε,
3633 4680 3728 4758 καὶ
3758 4707 3851 4758 ἐπὶ
3886 4708 4037 4759 Κων-

780 4797 901 4836 nem
929 4780 1187 4843 obtinuit,
1222 4793 1431 4832 necnon
1454 4776 1699 4830 Andreas
1719 4775 1836 4843 ejus
1852 4774 2038 4836 frater,
2070 4772 2360 4842 exterique

778 4887 970 4929 omnes
1003 4870 1234 4942 apostoli
1266 4880 1321 4923 et
1354 4877 1621 4938 martyres
1643 4866 1737 4936 qui
1775 4866 1881 4920 hoc
1902 4867 2116 4936 signum
2157 4864 2360 4917 Christi

780 4965 1018 5036 sigillum
1062 4962 1425 5032 appellabant.
1473 4959 1782 5013 Tremenda
1817 4972 1945 5012 vero
1991 4966 2044 5010 et
2079 4956 2360 5012 salutifera

778 5058 1151 5121 tlivinitusque
1170 5053 1291 5107 data
1310 5051 1564 5121 mysteria
1590 5048 1794 5103 Paulus
1815 5049 2038 5103 tradidit
2057 5064 2177 5118 qua:
2196 5051 2313 5119 ipse
2330 5064 2359 5102 a

780 5150 1009 5205 Domino
1035 5148 1265 5216 accepit.
1283 5145 1544 5199 Dominus
1576 5144 1742 5196 etiam
1768 5158 1872 5196 non
1899 5142 2240 5196 solummodo
2264 5157 2362 5197 nos

778 5258 937 5298 orare
964 5241 1147 5295 docuit
1169 5238 1429 5299 dicendo,
1450 5233 1614 5288 Pater
1640 5242 1837 5299 noster,
1861 5232 1955 5285 sed
1988 5243 2042 5286 et
2070 5231 2204 5285 alias
2226 5244 2363 5300 quas

780 5337 883 5407 ipsi
910 5334 1158 5389 dedecori
1181 5332 1402 5394 habent,
1440 5343 1628 5397 preces
1662 5326 1942 5388 indicavit,
1966 5325 2115 5377 verbi
2143 5324 2313 5393 gratia
2344 5340 2358 5376 :

787 5447 806 5480 ι
832 5425 995 5491 Deus,
1015 5422 1283 5493 propitius
1306 5430 1426 5475 esto
1453 5418 1586 5473 mihi
1616 5416 1913 5488 peceatori,
1950 5434 1968 5467 ι
1991 5430 2101 5484 quo
2124 5415 2365 5469 salvatus

779 5530 865 5575 est
883 5518 1207 5573 Publicanus
1230 5534 1244 5581 ;
1268 5527 1355 5569 et:
1386 5532 1405 5566 ι
1435 5512 1661 5568 Peccavi
1680 5512 1734 5566 in
1750 5510 1949 5566 caelum
1969 5519 2023 5565 et
2040 5522 2222 5563 coram
2246 5516 2358 5574 tegi

779 5623 836 5669 et
889 5613 1131 5668 salvatus
1170 5618 1253 5663 est
1285 5608 1427 5663 [ilius
1468 5606 1753 5677 prodigus,
1787 5605 1989 5674 quippe
2026 5603 2189 5672 bujus
2212 5593 2363 5656 verbi

781 5706 953 5779 gratia
989 5700 1276 5772 susceptus
1301 5708 1531 5769 estpost
1576 5698 2057 5754 conversionemet
2105 5694 2362 5748 reditum.

780 5799 849 5853 Et
882 5817 895 5852 :
922 5816 941 5851 ι
970 5796 1238 5851 Memento
1263 5796 1393 5858 mei,
1420 5792 1673 5857 Domine,
1690 5806 1815 5847 cum
1838 5789 2047 5866 veneris
2066 5790 2118 5842 in
2139 5802 2364 5858 regnum

782 5900 955 5955 tuum,
982 5908 1000 5941 ι
1025 5900 1240 5959 pr0pter
1256 5886 1402 5957 quod
1422 5886 1561 5941 latro
1583 5884 1898 5955 paradisum
1923 5881 2153 5951 accepit.
2210 5880 2367 5936 Insu-

782 5998 878 6056 per
900 5991 1085 6055 petere
1106 5981 1367 6039 debemus
1390 5981 1444 6037 in
1469 5979 1689 6035 nomine
1702 5977 1924 6043 Clit-isti,
1950 5976 2092 6045 quod
2120 5975 2236 6045 ipse
2262 5973 2361 6029 do-

2467 4788 2746 4841 σταντίνου
2786 4789 2845 4840 ἐν
2879 4790 3094 4861 οὐρανῷ
3130 4794 3188 4844 ιν
3234 4795 3376 4865 μέσῃ
3439 4796 3639 4858 ἔδειξεν
3696 4797 3903 4868 ἡμέρᾳ.
3949 4798 4038 4849 Ἐν

2465 4879 2644 4948 τούτῳ
2702 4880 2758 4932 δὲ
2789 4881 2865 4949 τῷ
2908 4883 3130 4953 σταυρῷ
3180 4885 3276 4937 καὶ
3340 4886 3551 4948 Παῦλος
3602 4889 3893 4957 καυχᾶται,
3943 4890 4037 4941 καὶ

2463 4972 2665 5033 πάντες
2697 4974 2863 5039 ἅγιοι,
2890 4973 2951 5025 οὐ
2987 4974 3194 5042 νοητῶς
3216 4977 3405 5043 μόνον,
3441 4978 3578 5030 ἀλλὰ
3609 4980 3703 5032 καὶ
3755 4979 4032 5051 αἰσθητῶς

2462 5062 2629 5114 αὐτὸν
2649 5063 2919 5131 τιμῶντες
2950 5067 3042 5117 καὶ
3070 5066 3449 5137 ἀσπαζόμενοι
3470 5085 3485 5103 ο
3541 5073 3634 5121 καὶ
3678 5071 3884 5141 Πέτρος
3942 5071 4037 5123 αὑ-

2463 5152 2577 5216 τὸς,
2607 5152 2766 5206 τοῦτο
2792 5153 3029 5225 ζητήσας
3060 5156 3274 5221 παθεῖν,
3340 5161 3399 5212 τὸ
3434 5162 3843 5230 σταυρωθῆναι,
3874 5162 3902 5215 ὃ
3942 5165 4037 5215 καὶ

2466 5246 2624 5313 παρὰ
2649 5247 2741 5300 τοῦ
2797 5249 3046 5318 Σωτῆρος
3079 5250 3485 5321 προαγόρευσιν
3528 5255 3719 5321 είληφε
3747 5270 3765 5284 ο
3790 5258 3884 5308 καὶ
3917 5255 4038 5307 ’Δι-

2464 5338 2625 5408 δρέας
2676 5342 2702 5389 ὁ
2733 5339 2924 5392 τούτου
2981 5340 3229 5418 ἀδελφὸς,
3274 5344 3363 5395 καὶ
3422 5344 3661 5397 πλεῖστοι
3720 5346 3869 5398 άλὶοι
3932 5347 4041 5399 τῶν

2469 5431 2788 5482 ἀποστόλων
2814 5432 2909 5483 καὶ
2933 5433 3251 5502 μαρτύρων.
3305 5436 3416 5490 Καὶ
3474 5437 3748 5506 σφραγῖδα
3800 5438 4039 5506 Χριστοῦ

2467 5520 2565 5573 καὶ
2596 5523 2819 5589 σημεῖον
2850 5524 3042 5577 τοῦτον
3096 5524 3407 5595 ὠνόμαζον.
3444 5528 3528 5581 Τὰ
3589 5530 3793 5598 φρικτὰ
3828 5529 3884 5581 δὲ
3944 5528 4042 5581 καὶ

2468 5611 2711 5679 σωτήρια
2774 5615 2865 5665 καὶ
2909 5612 3282 5681 θεοπαράδοτα
3345 5620 3623 5687 μυστήρια
3672 5621 3769 5673 καὶ
3828 5617 4042 5679 Παῦλος

2470 5705 2788 5773 παρέδωκεν
2822 5706 2983 5770 αὐτὸς
3010 5706 3188 5759 λαϐὼν
3213 5709 3322 5761 άπὸ
3351 5708 3445 5761 τοῦ
3476 5711 3705 5779 Κυρίου.
3752 5710 3811 5763 Ὀ
3836 5710 4042 5780 Κύριος

2467 5797 2523 5850 δὲ
2572 5796 2647 5866 μὴ
2680 5797 2842 5865 μόνον
2866 5799 3269 5868 προσεῦχεσθαι
3294 5802 3397 5871 τὴν
3431 5800 3549 5867 τοῦ,
3583 5820 3600 5853 ι
3635 5798 3819 5873 Πάτερ
3859 5803 4039 5874 ἡμῶν,

2466 5891 2494 5941 ό
2526 5891 2583 5940 ἐν
2603 5893 2713 5951 τοῖς
2740 5891 3009 5961 οὐρανοῖς,
3043 5910 3059 5943 i
3087 5893 3369 5962 παρέδωκε
3398 5894 3503 5963 16
3547 5896 3880 5966 προσευχὴν,
3907 5895 4046 5949 ἀλλὰ

2472 5982 2563 6031 καὶ
2606 5978 2816 6047 ἑτέρας,
2864 5979 2929 6044 δις
2990 5981 3143 6034 αὐτοὶ
3205 5983 3601 6051 ἀτιμάζουσιν·
3658 5983 3733 6046 ὡς
3788 5984 3875 6051 τὸ,
3910 6000 3928 6037 ι
3982 5982 4044 6038 '0
