4646 6868
425 676 497 740 69
1483 672 1868 735 DIALOGUS
1898 671 2201 734 CONTRA
2233 671 2623 736 HiﬁllESES.
3618 680 3689 740 70

425 789 580 852 Θεὸς,
614 788 864 857 ίλάσθητί
898 804 990 857 μοι
1023 786 1102 857 τῷ
1142 786 1476 858 ἁμαρτωλῷ,
1527 807 1545 840 ι
1575 788 1642 841 δι’
1699 787 1761 840 οὗ
1813 787 1998 855 ἐσώθη
2030 796 2073 852 Α
2105 788 2252 843 eniti

1854 787 1998 855 πώθη
2030 796 2073 852 Α
2105 788 2219 843 cuit
2242 789 2293 843 in
2318 798 2431 843 toto
2452 789 2749 858 Evangelio
2775 807 2789 855 ;
2814 805 2996 844 verum
3019 802 3300 861 precantes
3324 789 3565 845 cumﬁtlv
3599 807 3689 859 pe-

423 875 663 947 τελώνης
688 897 703 911 ·
736 880 829 933 καὶ
850 880 933 943 τὸ,
977 896 996 930 ι
1036 880 1324 949 Ἥμαρτον
1380 881 1460 944 εἰς
1494 882 1585 933 τὸν
1624 880 1853 950 οὐρανὸν
1902 881 1999 932 καὶ
2110 890 2258 935 tamu

1851 900 1853 912 ι
1902 881 1999 932 καὶ
2110 890 2386 947 tamus,et
2410 883 2743 951 accipiemus
2771 899 2784 947 ;
2809 898 2930 936 nam
2958 882 3207 937 Christus
3232 883 3343 950 ipse
3364 884 3517 950 plura
3540 884 3686 950 prius

424 973 653 1026 ἐνώπιόν
682 990 800 1035 σου,
850 992 867 1023 ι
904 970 973 1025 δι’
1007 971 1068 1023 οῦ
1112 970 1292 1040 ἐσώθη
1322 974 1350 1023 ό
1385 970 1595 1033 ἀσωτος
1620 988 1635 1003 ·
1672 972 1836 1041 χάριν
1901 973 1999 1041 τῆς

428 1065 609 1132 φωνῆς
650 1064 856 1131 ταύτης
884 1062 994 1131 γὰρ
1018 1062 1357 1132 προσεδέχθη
1390 1062 1531 1131 μετά
1558 1063 1890 1132 ἐπιστροφῆς
1939 1078 1996 1114 τε

428 1157 523 1209 καὶ
548 1154 969 1214 ταπεινώσεως*
1008 1156 1111 1209 ,καὶ
1144 1154 1226 1219 τὸ,
1269 1172 1289 1205 ε
1334 1155 1619 1225 Μνήσθητί
1648 1172 1771 1223 μου,
1804 1155 2000 1223 Κύριε,

426 1249 553 1300 ὅταν
584 1248 741 1317 ἔλθῃς
770 1250 828 1300 ἐν
864 1249 931 1317 τῇ
962 1245 1209 1315 βασιλείᾳ
1268 1262 1387 1308 σου,
1424 1264 1443 1297 ι
1483 1246 1550 1297 δι’
1579 1239 1639 1297 οὗ
1698 1246 1725 1295 ὁ
1781 1245 1992 1316 λῃστὴς

428 1340 520 1391 τὸν
554 1341 887 1409 παράδεισον
914 1338 1077 1391 ἔλαϐε
1101 1356 1114 1369 ο
1145 1339 1239 1391 καὶ
1270 1337 1330 1390 τδ
1385 1337 1655 1390 αἰτεῖσθαι
1712 1336 1767 1389 δέ
1818 1338 1875 1388 ἐν
1928 1335 2006 1405 τῷ

429 1431 653 1498 δνόματι
674 1431 769 1484 τοῦ
786 1429 1063 1501 ιΧριστοῦ,
1092 1431 1229 1499 ὅπερ
1254 1430 1416 1491 αὐτὸς
1448 1430 1515 1482 δι’
1537 1429 1661 1483 ὅλου
1686 1426 1783 1481 τοῦ
1820 1427 2002 1496 Εὐαγ-

428 1524 611 1590 γελίου
645 1524 891 1587 ἐδίδαξεο
946 1524 1043 1577 καὶ
1100 1522 1162 1575 τὸ
1209 1520 1681 1591 προσευχομένους
1730 1521 2002 1572 αἰτείσθαι

432 1614 569 1682 μετὰ
604 1615 841 1675 πίστεως
897 1614 991 1666 καὶ
1042 1611 1344 1682 λαμϐάνειν
1373 1628 1386 1641 ⁸
1450 1611 1547 1664 καὶ
1586 1609 1749 1663 αὑτοῦ
1803 1610 1870 1679 δὴ
1909 1609 2003 1663 τοῦ

429 1704 669 1773 Χριστοῦ
704 1706 934 1757 πλεῖστα
959 1706 1058 1757 καὶ
1087 1704 1193 1773 πρὸ
1219 1704 1317 1773 τῆς
1363 1704 1663 1773 Διαθήκης,
1710 1704 1803 1754 καὶ
1833 1704 1889 1754 ἐν
1936 1706 2003 1772 τῇ

430 1797 675 1869 Διαθήκῃ
703 1797 1177 1866 προσευξαμὲνου,
1224 1798 1321 1850 καὶ
1352 1796 1623 1849 αἰτεῖσθαι
1660 1795 1754 1848 καὶ
1787 1795 2003 1860 λαμϐά-

430 1907 544 1942 νειν
573 1890 718 1959 ἡμᾶς
754 1889 1197 1958 ἐγγυησαμένου,
1229 1890 1324 1942 καὶ
1352 1890 1528 1942 πάντα
1555 1889 1653 1940 ὅσα
1712 1888 1779 1940 ἂν
1830 1889 1888 1939 ἐν
1938 1888 2003 1955 τῇ

429 1984 705 2051 προσευχῇ
760 1981 1063 2050 αἰτώμεθα,
1109 1984 1464 2043 πιστεύοντας
1512 1981 1811 2049 λαμσάνειν
1857 1980 2005 2032 διδά-

432 2070 780 2135 ξαντοςοκαὶ
838 2072 946 2125 τῶν
986 2072 1305 2126 ἀποστόλων
1350 2072 1509 2125 τοῦτο
1555 2072 2002 2142 διενεργούντων,

432 2166 525 2215 καὶ
577 2165 639 2215 ού
707 2163 871 2233 μόνον
924 2163 1007 2230 τὸ,
1046 2164 1237 2233 Πάτερ
1296 2163 1487 2233 ἡμῶν,
1537 2164 2008 2233 προσευχομένων,

430 2256 566 2309 ἁλλὰ
596 2258 689 2308 καὶ
728 2256 927 2323 μυρίας
953 2256 1121 2321 ἀλλας
1148 2256 1332 2325 εύχὰς,
1402 2257 1477 2317 ώς
1518 2256 1616 2309 καὶ
1673 2255 1733 2307 ἐν
1790 2256 1858 2324 τῇ
1911 2253 2007 2307 τοῦ

432 2349 677 2402 Ματθίου
710 2350 910 2418 ἐκλογῇ
970 2349 1265 2404 δείκνυται.
1314 2348 1424 2400 Καὶ
1454 2350 1514 2401 ἐν
1560 2348 1637 2417 τῷ
1669 2349 2008 2418 ὑποστρέψαι

434 2441 561 2503 τοὺς
587 2441 922 2503 ἀποστόλους
950 2440 1215 2511 δαρέντας
1242 2440 1349 2493 ύπὺ
1372 2442 1477 2493 τῶν
1508 2440 1809 2505 Ἰουδαίων,
1838 2442 1925 2494 ὅτε
1944 2442 2005 2494 ού

434 2532 516 2595 τὸ,
555 2532 747 2598 Πάτερ
796 2531 998 2602 ἡμῶν,
1044 2530 1452 2601 προσεύξασθαι
1504 2532 1834 2596 δείκνυνται,
1893 2533 2009 2585 ἀλλ’

433 2622 629 2693 ἁτέραν
685 2625 754 2691 ἢν
788 2621 1063 2690 γράφουσι
1126 2622 1437 2691 προσευχὴν
1494 2620 1550 2674 αἰ
1597 2620 1853 2688 Πράξεις,
1912 2621 2006 2673 καὶ

434 2713 788 2783 ἐπλήσθησαν
818 2714 977 2781 ἁγίου
1005 2713 1349 2782 Πνεύματος,
1387 2713 1482 2767 καὶ
1534 2712 1804 2780 ἐσαλεύθη
1854 2714 1882 2763 ό
1913 2712 2004 2764 τό⁴

437 2823 540 2869 πος
566 2808 625 2860 ἐν
661 2800 813 2876 ᾧπερ
859 2806 1211 2876 εἰστήκεσαν,
1264 2808 1360 2859 καὶ
1409 2804 1490 2857 ἔτι
1538 2806 1799 2866 πλείστας
1839 2804 2007 2867 ἁλλας

436 2898 751 2969 πκσευχάς
778 2900 1153 2969 πεποιήκεσαν
1167 2892 1317 2952 οὗτοι
1342 2914 1356 2929 ⁸
1379 2898 1473 2951 καὶ
1496 2898 1556 2950 τὸ
1588 2899 1676 2951 διὰ
1694 2897 1789 2950 τοῦ
1814 2898 2012 2966 ὀνόμα-

435 3003 525 3050 τος
564 2986 619 3039 δὲ
647 2985 743 3040 τοῦ
768 2989 974 3059 Κυρίου
1005 2987 1161 3058 ήμῶν
1188 2988 1367 3057 Ἰησοῦ
1395 2988 1493 3049 τάς
1513 2987 1843 3056 θεοσημείας
1872 2990 2009 3057 μᾶλ-

436 3078 739 3142 λοναύτοὺς
765 3080 1029 3148 ἐνεργείν⁶
1049 3079 1143 3133 καὶ
1188 3080 1282 3135 τοῦ
1305 3080 1512 3149 Κυρίου
1550 3080 1613 3133 οὐ
1655 3080 1816 3149 μόνον
1848 3096 2017 3149 προσ-

2106 990 2266 1044 quam
2288 976 2695 1029 Testamentum
2725 987 2901 1029 morte
2922 977 3163 1031 ﬁrmaret
3190 987 3240 1032 et
3268 978 3319 1030 in
3353 978 3466 1046 ipsa
3496 976 3690 1030 mortis

2109 1064 2243 1118 hora
2276 1064 2456 1133 petiit,
2486 1072 2542 1118 et
2573 1079 2672 1118 nos
2702 1077 3019 1134 accepturos
3042 1069 3311 1134 promisit,
3338 1069 3498 1120 modo
3523 1069 3692 1136 petie-

2107 1154 2299 1219 rimus,
2317 1155 2611 1223 omniaque
2630 1170 2965 1224 quaecunque
3006 1157 3059 1209 lu
3086 1159 3329 1209 oratione
3350 1154 3689 1227 petierimus,

2108 1259 2209 1301 nos
2228 1248 2512 1301 credentes
2531 1257 2851 1315 accepturos
2874 1248 3080 1303 docuit.
3104 1248 3258 1314 Quod
3282 1251 3511 1317 apostoli
3558 1267 3697 1317 quo-

2108 1352 2213 1405 que
2236 1335 2500 1401 fecerunt,
2525 1338 2618 1406 qui
2645 1355 2748 1393 non
2776 1350 2982 1393 tantum
3010 1339 3167 1394 Pater
3199 1352 3377 1395 noster
3408 1353 3693 1409 preCuntcs

2108 1428 2389 1493 dixerunt,
2414 1432 2507 1484 sed
2532 1442 2587 1484 et
2614 1442 2900 1485 sescentas
2932 1448 3122 1501 preces
3148 1434 3303 1493 alias,
3329 1442 3489 1501 prout
3539 1449 3692 1486 mon-

2107 1530 2337 1575 stratum
2360 1521 2412 1574 in
2433 1522 2695 1575 electione
2714 1522 2968 1587 Matthim,
2999 1526 3078 1576 Vel
3094 1524 3257 1577 etiam
3276 1526 3492 1592 quando
3514 1539 3696 1577 rever-

2110 1613 2155 1668 si
2170 1621 2295 1667 sunt
2322 1614 2549 1681 apostoli
2573 1615 2817 1670 aJudreis
2832 1616 3028 1683 pressi;
3050 1616 3319 1669 tumenim
3342 1616 3698 1683 scriptumest

2108 1721 2203 1760 eos
2228 1706 2493 1769 oravisse,
2527 1721 2633 1761 non
2662 1708 2892 1760 dicendo
2914 1708 3157 1775 quidem,
3185 1707 3344 1760 Pater
3364 1719 3563 1769 noster,
3600 1706 3695 1759 sed

2109 1795 2270 1849 aliam
2294 1796 2599 1851 orationem
2618 1813 2781 1867 quam
2802 1798 3042 1851 referunt
3066 1799 3254 1863 Actus,
3280 1811 3330 1852 et
3358 1800 3544 1865 repleti
3566 1809 3695 1852 sunt

2112 1885 2322 1954 Spiritu
2345 1897 2556 1950 sancto,
2579 1896 2631 1942 et
2650 1893 2975 1943 contremuit
2992 1891 3188 1944 domus
3214 1890 3264 1943 in
3286 1906 3448 1959 quam
3466 1877 3694 1959 ingrcssi

2111 1976 2674 2051 fuerant,multasque
2704 1984 2882 2037 adhuc
2913 1984 3047 2037 alias
3077 1984 3161 2037 isti
3204 1982 3451 2038 fecerunt
3498 1984 3699 2037 oratio-

2113 2086 2231 2125 nes.
2261 2068 2529 2127 Praeterea
2560 2074 2612 2126 in
2638 2074 2860 2129 nomine
2900 2072 3027 2129 Jesu
3071 2076 3283 2128 Domini
3312 2076 3481 2129 nostri
3511 2076 3693 2128 divina

2117 2164 2289 2233 magis
2324 2166 2429 2233 ipsi
2480 2165 2687 2233 Operati
2743 2176 2872 2218 sunt
2926 2167 3235 2231 miracula;
3273 2176 3327 2220 et
3384 2182 3489 2220 non
3520 2167 3694 2219 solum

2116 2253 2379 2308 Dominus
2412 2269 2600 2324 preces
2636 2255 2976 2323 hymnosque
3020 2256 3235 2310 tradidit
3274 2274 3292 2321 ;
3325 2264 3586 2325 scr-ptum
3616 2265 3700 2309 est

2113 2347 2259 2401 enim
2294 2348 2349 2401 in
2389 2347 2685 2415 Evangelio
2733 2366 2747 2401 :
2791 2365 2808 2397 ι
2849 2348 2913 2401 Et
2965 2349 3165 2418 hymno
3224 2348 3392 2410 dicto,
3450 2349 3700 2399 exierunt

2121 2440 2177 2494 in
2205 2450 2444 2494 montem
2467 2439 2791 2507 Olitarum;
2833 2459 2850 2491 ι
2884 2441 2977 2494 sed
3009 2440 3108 2509 ipsi
3140 2439 3314 2510 angeli
3345 2448 3397 2492 et
3455 2448 3701 2509 pastores

2112 2532 2215 2589 hoc
2277 2533 2644 2587 exhiltuerunt
2676 2534 2727 2587 in
2760 2533 3042 2586 nativitate
3101 2532 3398 2585 Salvatoris
3453 2530 3696 2597 Christi;

2111 2623 2291 2691 angeli
2354 2622 2595 2692 quidem,
2629 2638 2753 2678 cum
2817 2623 3172 2676 cecinerunt:
3211 2638 3229 2672 ι
3265 2620 3445 2674 Gloria
3503 2621 3555 2673 in
3609 2637 3703 2674 ex-

2120 2715 2281 2771 celsis
2303 2712 2445 2779 Deo;
2480 2731 2499 2764 ι
2536 2722 2783 2782 pastores
2803 2721 2982 2765 autem
3012 2710 3377 2780 gloriﬁcantes
3399 2721 3448 2764 et
3477 2709 3707 2763 laudan-

2117 2816 2198 2863 tes
2226 2807 2392 2860 Deum
2413 2806 2465 2859 in
2484 2803 2740 2859 omnibus
2757 2819 2879 2873 qua
2896 2802 3183 2856 audierant
3200 2813 3252 2858 et
3269 2804 3511 2857 viderant
3535 2818 3549 2866 ;
3575 2818 3704 2871 ilpit-

2117 2897 2244 2953 stoli
2268 2913 2395 2951 vero
2418 2897 2487 2951 ita
2516 2895 2761 2950 fecerunt
2787 2904 2910 2965 post
2934 2896 3328 2949 Ascensionent
3381 2894 3613 2957 Domini,
3646 2903 3703 2945 ut

2118 2992 2383 3058 scriptum
2412 2995 2494 3042 est
2525 2988 2578 3041 in
2621 2985 2951 3056 Evangelio:
2992 3006 3007 3038 ι
3040 2984 3227 3051 Erant,
3262 2985 3457 3054 inquit.
3490 2997 3706 3051 semper

2125 3082 2178 3136 ln
2208 3079 2426 3149 templo.
2456 3079 2738 3133 laudantes
2754 3086 2809 3131 et
2834 3077 3212 3132 benedicentes
3243 3075 3432 3129 Deum.
3453 3076 3643 3127 Amen.
3678 3092 3698 3125 ι

438 3175 603 3244 ευχὰς
644 3177 742 3231 καὶ
792 3176 996 3247 ὕμνους
1030 3179 1495 3250 παραδεδωκότος,
1548 3197 1567 3229 ι
1611 3178 1978 3249 ’Υμνήσαντες
2004 3197 2023 3231 ι
2060 3181 2191 3249 γὰρ,
2217 3178 2381 3247 φησὶν
2408 3178 2465 3230 ἐν
2487 3177 2565 3245 τῷ
2597 3174 2934 3244 Εὐάγγελίῳ,
2964 3194 2984 3226 ε
3014 3174 3235 3244 ἐξῆλθον
3257 3175 3335 3235 εἰς
3360 3173 3419 3225 τὸ
3448 3173 3569 3243 ὅρος
3590 3171 3699 3225 τῶν

436 3267 691 3333 Ἐλαιῶν,
723 3288 742 3321 ι
768 3270 902 3324 ἁλλά
924 3271 981 3324 δὲ
1010 3273 1103 3326 καὶ
1125 3271 1231 3323 τῶν
1252 3271 1502 3339 ἀγγέλων
1537 3271 1633 3324 καὶ
1662 3273 1936 3335 ποιμένων
1967 3271 2126 3326 τοῦτο
2145 3268 2580 3342 παραδειξάντων
2596 3270 2651 3321 ἐν
2680 3271 2746 3338 τῇ
2771 3269 3023 3335 γεννήσει
3044 3265 3136 3319 τοῦ
3162 3266 3409 3336 Σωτῆρος
3441 3264 3699 3336 Χριστοῦ,

439 3358 687 3431 ἀγγέλων
712 3362 813 3432 μιν
834 3362 915 3427 τὸ,
938 3380 957 3414 ε
984 3362 1121 3426 Δόξα
1146 3364 1204 3415 ἐν
1227 3363 1474 3432 ὑψίστοις
1498 3363 1639 3433 Θεῷ,
1673 3383 1692 3416 ε
1719 3364 2164 3434 δοξολογούντων,
2184 3364 2458 3432 ποιμένων
2475 3361 2532 3415 δέ
2552 3361 2845 3414 αἰνούντων
2865 3360 2960 3413 καὶ
2978 3358 3309 3424 δοξαζόντων
3340 3360 3433 3413 τὸν
3452 3360 3583 3412 Θεδν
3608 3363 3701 3414 ἐπὶ

442 3459 606 3511 πᾶσιν
633 3451 715 3517 οἷς
748 3456 991 3527 ήκουσαν
1019 3455 1114 3507 καὶ
1135 3449 1279 3507 εἶδον
1299 3470 1313 3483 ο
1348 3454 1443 3507 καὶ
1478 3456 1586 3509 τῶν
1610 3456 1927 3509 ἀποστόλων
1953 3455 2113 3508 τοῦτο
2141 3454 2439 3507 ποιούντων
2459 3452 2595 3522 μετὰ
2624 3452 2722 3521 την
2756 3452 3026 3521 ἀνάληψιν
3050 3451 3146 3504 τοῦ
3179 3453 3404 3521 Κυρίου,
3438 3454 3515 3514 ώς
3540 3457 3596 3508 ἐν
3622 3454 3702 3527 τῷ

444 3548 768 3619 Εύαγγελίῳ
798 3548 1132 3617 γέγραπται·
1161 3562 1181 3597 ε
1212 3545 1340 3599 Ὀτι
1363 3554 1458 3600 καὶ
1484 3543 1626 3616 ἦσαν
1658 3546 1749 3601 διὰ
1770 3547 1970 3610 παντὸς
1992 3549 2052 3601 ἐν
2074 3546 2153 3617 τῷ
2180 3546 2330 3616 ίερῷ,
2359 3543 2637 3606 αἰνοῦντες
2660 3544 2751 3595 καὶ
2774 3542 3125 3610 εὐλογοῦντες
3147 3544 3238 3596 τὸν
3258 3542 3415 3597 Θεὸν.
3442 3544 3498 3598 Ἀ
3511 3548 3641 3616 μήν.
3677 3585 3697 3617 ,

533 3637 695 3698 Οὗτοι
768 3639 861 3693 οῦν
944 3641 1126 3703 πάσας
1199 3640 1299 3705 τάς
1388 3641 1707 3711 προσευχάς
1779 3641 2085 3705 totiuga
2189 3640 2358 3709 Igitur

1865 3641 2009 3705 ὅτας,
2040 3646 2085 3705 c,
2189 3640 2358 3709 Igitur
2383 3639 2460 3694 illi
2504 3637 2790 3707 (heretici)
2820 3651 3014 3691 omnes
3068 3636 3205 3692 istas
3236 3652 3427 3705 preces
3456 3639 3700 3693 diViDOs-

444 3734 535 3787 aut
578 3735 705 3794 τοὺς
735 3732 910 3794 θείους
938 3731 1288 3785 ἀποσείονται
1352 3728 1577 3800 ὕμνους.
1644 3733 1754 3785 Καὶ
1788 3732 1865 3797 τὸ,
1901 3730 2019 3784 Πάο

444 3842 542 3892 τερ
595 3822 789 3893 ἡμῶν,
845 3823 1008 3892 μόνον
1065 3824 1144 3884 εἰς
1203 3822 1464 3891 ἀθέτησιν
1521 3823 1631 3874 τῶν
1676 3822 1850 3877 ἄλλων
1928 3822 2018 3874 δέ-

441 3916 839 3986 χονταιδῆθεν.
892 3914 1054 3968 ’Δλλά
1104 3914 1198 3967 καὶ
1250 3914 1362 3966 τῶν
1428 3916 1722 3986 προφητῶν
1772 3916 1865 3966 καὶ
1919 3913 2016 3966 τοῦ

440 4006 723 4067 Μωύσέως
750 4006 878 4068 τοὺς
915 4004 1136 4067 ἐνθέους
1176 4004 1388 4071 λόγους,
1427 4006 1523 4058 καὶ
1546 4003 1639 4057 τοῦ
1675 4004 1838 4057 Δασὶδ
1879 4004 2009 4068 τοὺς

441 4099 734 4168 Μνιὲρους
782 4095 1034 4166 ψαλμοὺς
1096 4096 1503 4164 ἀποδεχομένου
1558 4095 1652 4150 τοῦ
1724 4098 2011 4167 Σωτῆρος,

445 4188 504 4239 ἐν
537 4188 621 4256 τῷ
649 4187 830 4255 λέγειν
860 4185 923 4238 τὸ
952 4186 1093 4253 ἰερὸν
1121 4184 1457 4252 Εὐαγγιλιον
1508 4187 1638 4256 περὶ
1682 4186 1847 4239 αὑτοῦ
1868 4227 1884 4251 ,
1934 4190 2015 4240 ὅτι

448 4292 467 4327 ε
508 4277 620 4329 Καὶ
641 4275 949 4344 ἀρξάμενος
1008 4274 1119 4327 ἀπὸ
1155 4274 1439 4337 Μωῡσέως
1483 4276 1579 4328 καὶ
1619 4276 1727 4327 ἀπὸ
1792 4276 2014 4329 πάντων

438 4366 552 4419 τῶν
594 4366 915 4438 προφητῶν,
938 4366 1310 4435 διηρμήνευεν
1357 4367 1541 4429 αὐτοῖς
1563 4366 1622 4418 ἐν
1649 4367 1857 4429 πάσαις
1890 4370 2012 4427 ταῖς

441 4458 687 4528 Γραφαίς
742 4458 815 4511 τὰ
862 4458 993 4526 περὶ
1026 4457 1262 4512 ἐαυτοῦο
1308 4476 1327 4509 ι
1382 4458 1476 4512 καὶ
1511 4458 1680 4512 αὑτοῦ
1739 4458 2013 4526 λέγοντος,

447 4568 467 4601 ε
492 4542 653 4603 οὗτοι
691 4550 741 4602 οἱ
768 4549 919 4617 λόγοι
949 4547 1045 4610 οὓς
1073 4547 1313 4617 ἐλάλησα
1342 4551 1478 4619 πρὸς
1507 4550 1651 4619 ὑμᾶς
1680 4549 1760 4602 ἔτι
1790 4550 1866 4602 ῶν
1908 4552 2009 4603 συν

442 4640 592 4709 ὑμῖν,
622 4639 706 4692 ὅτι
726 4638 808 4691 δεῖ
831 4637 1193 4709 πληρωθῆναι
1225 4637 1407 4691 πάντα
1436 4639 1505 4691 τὰ
1549 4640 1915 4707 γεγραμμένα
1953 4642 2012 4691 ἐν

437 4730 516 4799 τῷ
545 4732 695 4801 νόμῳ
731 4730 978 4791 Μωσέως
1008 4731 1103 4781 καὶ
1135 4730 1447 4799 προφήταις
1481 4731 1574 4781 καὶ
1621 4729 1855 4799 ψαλμοῖς
1881 4730 2012 4799 περὶ

438 4821 599 4891 ίμοῦ,
639 4839 658 4873 ι
693 4815 843 4875 οὗτοι
914 4819 1129 4884 ἀσεϐῶς
1177 4819 1428 4873 ἀθετοῦσι
1474 4819 1687 4874 ταῦτα’
1734 4821 1831 4874 καὶ
1884 4824 2012 4891 περὶ

2120 3744 2227 3803 que
2265 3739 2530 3800 respuunt
2561 3730 2809 3799 hymnos,
2837 3728 3160 3797 ceterisque
3223 3729 3489 3797 abjectis,
3530 3732 3699 3785 solam

2119 3822 2421 3877 orationem
2447 3820 2607 3875 Pater
2655 3829 2831 3874 uoster
2879 3820 3159 3891 accipiunt
3185 3837 3201 3887 ;
3242 3822 3467 3891 insuper
3518 3823 3701 3877 divina

2118 3921 2504 3986 prophetarum
2531 3914 2840 3985 Moysisque
2876 3914 3039 3967 verba
3079 3914 3567 3984 sanctissimosque
3601 3914 3702 3967 Da-

2116 4008 2257 4062 viuis
2289 4007 2542 4072 psalmos,
2562 4006 2938 4076 quaalaudavit
2966 4004 3213 4060 Salvator
3240 4008 3699 4075 quemadmodum

2116 4099 2184 4153 de
2203 4113 2269 4153 eo
2294 4099 2424 4153 dicit
2459 4098 2839 4168 Evangelium:
2870 4115 2888 4147 ι
2928 4096 3195 4166 Incipiens
3227 4112 3259 4151 a
3286 4095 3466 4168 Moyse
3494 4108 3547 4150 et
3577 4113 3701 4150 om-

2117 4189 2169 4241 ni
2184 4204 2277 4241 uus
2299 4189 2595 4257 praphetis,
2616 4186 3077 4257 interpretabatur
3095 4188 3269 4243 illisin
3290 4190 3540 4242 euntibus
3555 4189 3706 4242 Scri-

2122 4285 2295 4352 pturis
2311 4299 2428 4352 qiu-
2455 4284 2520 4336 de
2557 4284 2673 4351 ipso
2702 4294 2911 4337 erant.»
2943 4282 3059 4353 Ipse
3085 4284 3248 4337 etiam
3268 4285 3440 4339 dixit:
3472 4302 3491 4337 ι
3520 4287 3644 4339 llzec
3674 4306 3694 4338 ε

2119 4384 2248 4428 sunt
2291 4391 2309 4425 ι
2352 4374 2514 4426 verba
2539 4389 2661 4442 quin
2703 4375 2915 4428 let-ntus
2961 4390 3082 4429 sum
3115 4375 3180 4427 ad
3213 4389 3328 4439 vos,
3362 4391 3485 4429 cum
3518 4377 3697 4429 adhuc

2116 4479 2291 4519 essem
2358 4466 2662 4531 vobiscum,
2729 4467 2984 4535 quoniam
3062 4480 3282 4519 necesse
3337 4477 3418 4521 est
3479 4468 3694 4536 impleri

2115 4554 2297 4607 omnia
2329 4569 2450 4622 qua:
2482 4554 2683 4623 scripta
2711 4563 2834 4607 sunt
2879 4553 2931 4606 in
2955 4554 3070 4622 lege
3097 4553 3266 4621 Moysi
3299 4562 3347 4606 et
3386 4551 3691 4621 Prophetis,

2113 4656 2167 4701 et
2198 4644 2431 4699 Psalmis
2475 4646 2543 4699 de
2603 4661 2707 4699 tne.
2740 4664 2759 4697 ι
2796 4644 2872 4698 Illi
2934 4656 3113 4698 autem
3146 4645 3307 4712 impie
3340 4644 3452 4699 haec
3506 4660 3698 4714 aspci-

2114 4744 2337 4789 nantur.
2375 4734 2545 4789 Porro
2586 4736 2654 4789 de
2693 4737 2897 4789 sanctis
2929 4736 3277 4802 imaginibus,
3318 4751 3423 4788 non
3484 4735 3696 4803 Moyses

2125 4838 2336 4884 tantum
2362 4826 2527 4897 jussit
2562 4827 2614 4878 in
2641 4827 2844 4879 honore
2868 4827 3053 4879 haben
3085 4842 3149 4879 es
3174 4828 3488 4881 caelestibus
3512 4844 3698 4881 excin-

438 4915 549 4969 τῶν
600 4914 775 4983 ἁγίων
831 4915 1254 4983 εἰκονισμάτων,
1309 4914 1371 4967 ού
1408 4914 1499 4967 τοῦ
1560 4916 1807 4979 Μωσέως
1845 4917 2009 4983 μόνον
2045 4977 2083 4989 _
2116 4919 2273 4989 plaril

1853 4917 2009 4983 μόνον
2045 4977 2083 4989 _
2116 4919 2359 4989 plaribus
2410 4933 2529 4988 quae
2588 4925 2749 4970 erant
2805 4916 2858 4969 in
2893 4931 3017 4969 area
3063 4926 3115 4970 et
3167 4918 3548 4981 tabernaculo;
3600 4918 3688 4971 illa

441 5007 906 5077 νομοθετήσαντος
961 5006 1231 5075 τιμᾶσθαι
1307 5005 1481 5060 ταῦτα
1533 5008 1622 5060 διὸ.
1671 5008 1781 5060 τῶν
1830 5011 1888 5061 ἐν
1945 5011 2009 5080 τῇ

445 5103 618 5171 σκηνῇ
644 5102 736 5153 καὶ
765 5102 832 5170 τῇ
860 5099 1085 5167 namq;
1121 5100 1394 5169 οὐρανίων
1457 5101 1885 5169 ἐκμιμημάτων,
1932 5104 2014 5163 εἰς

441 5194 612 5246 τύπον
636 5194 745 5261 γάρ
765 5187 908 5263 ῆσαν
957 5192 1141 5244 ἐκεῖνα
1169 5191 1263 5244 τοῦ
1302 5191 1559 5260 ούρανοῦ,
1595 5192 1733 5246 ἀλλᾶ
1784 5194 1879 5244 καὶ
1926 5193 2015 5247 διὰ

444 5284 553 5336 τῶν
587 5283 841 5350 γλυπτῶν
879 5284 991 5333 τῶν
1039 5283 1225 5333 ἐπάνω
1268 5284 1367 5351 τῇς
1407 5282 1647 5335 κιῦωτοῦ
1704 5285 1972 5352 χερουόἰμ
1998 5301 2013 5315 ο

447 5375 527 5427 ἐτι
551 5376 607 5427 δέ
630 5375 728 5427 καὶ
746 5372 843 5426 τοῦ
877 5372 1027 5425 θείου
1085 5372 1302 5425 Παύλου
1355 5374 1531 5425 ταῦτα
1570 5374 2006 5443 ἀποδεχομένου,

442 5469 535 5520 καί
559 5467 783 5537 πρώτην
811 5465 1017 5535 σκηνὴν
1042 5464 1221 5519 ταῦτα
1278 5466 1589 5530 καλοῦντος,
1624 5468 1719 5519 καὶ
1753 5468 1819 5519 τά
1876 5467 2011 5532 ἐξώ-

440 5576 575 5628 τερα
608 5559 706 5628 μὲν
724 5558 879 5625 ἆγια,
911 5558 977 5610 τὰ
1011 5556 1266 5624 ἐνδότερα
1300 5556 1355 5608 δὲ
1388 5557 1560 5623 Ἀγια
1589 5558 1784 5625 ἁγίων.
1806 5560 1912 5610 Καὶ
1946 5560 2011 5612 τὰ

440 5652 656 5720 γλυπτά
685 5650 741 5702 δὲ
771 5650 858 5702 διὰ
887 5649 943 5702 τὸ
978 5648 1141 5700 θείων
1168 5648 1370 5709 τύπους
1400 5646 1563 5712 εἶναι,
1590 5653 1684 5703 καὶ
1724 5653 1784 5702 ού
1819 5650 2011 5720 δαιμοο

441 5742 608 5795 νικῶν
634 5740 891 5806 εἰδώλων,
942 5739 975 5809 ἦ
1029 5739 1299 5808 ἀστέρων,
1326 5739 1360 5809 ἢ
1422 5745 1738 5809 κτισμάτων
1781 5741 2005 5807 λοιπῶν,

440 5832 612 5887 ταῦτα
658 5832 767 5901 γὰρ
825 5830 1002 5900 μιαρά
1053 5831 1149 5881 καὶ
1198 5829 1509 5900 πανασεϐῆ,
1544 5831 1660 5883 ἀλλ’
1694 5832 2008 5899 ἀγγελικών

439 5925 719 5992 δυνάμεων
755 5922 909 5992 ἰερὰς
933 5920 1172 5983 εἰκόνας,
1200 5921 1474 5991 χερουΰὶμ
1514 5921 1674 5992 δόξης
1703 5923 1999 5987 καλοῦντος

439 6014 878 6078 κατασκιάζοντα
910 6012 972 6066 τὸ
1002 6012 1337 6082 ἰλαστήριον,
1376 6016 1472 6068 καὶ
1524 6013 1613 6066 διὰ
1650 6013 1869 6067 πάντων
1899 6032 2011 6068 πα·

447 6108 814 6180 ραδεδομίνων
859 6105 1288 6179 προσκυνεῖσθαι
1325 6106 1436 6162 τῶν
1489 6107 1650 6162 θείων
1708 6107 2010 6179 μορφωμά-

2124 5010 2271 5063 enim
2334 5010 2387 5063 in
2423 5007 2648 5076 figuram
2707 5005 2833 5060 ωειὶ
2865 5006 3004 5060 facta
3051 5017 3207 5061 erant
3236 5024 3250 5071 ;
3281 5009 3372 5060 sed
3407 5008 3568 5061 etiam
3626 5024 3693 5062 ex

2130 5100 2411 5155 cherubim
2462 5113 2623 5168 super
2652 5112 2834 5150 arcam
2863 5098 3197 5166 exsculptis:
3233 5106 3287 5151 et
3308 5099 3466 5153 divus
3491 5098 3691 5154 Paulus

2126 5192 2239 5246 haec
2273 5191 2530 5256 laudavit,
2568 5190 2656 5242 illa
2682 5203 2885 5243 vocans
2915 5189 3063 5259 prius
3092 5191 3501 5245 tabernaculum
3528 5200 3581 5245 et
3600 5182 3695 5245 es-

2124 5282 2317 5337 teriora
2346 5282 2563 5351 quidem
2589 5293 2775 5334 sancta
2802 5280 3008 5345 dicens,
3041 5282 3297 5335 interiora
3332 5299 3459 5336 vero
3491 5282 3691 5337 Sancta

2123 5385 2472 5439 sanctorum;
2506 5388 2668 5443 opera
2709 5382 2891 5427 autem
2931 5375 3199 5443 sculptilia
3262 5374 3565 5427 divinarum
3608 5390 3694 5430 re-

2120 5480 2241 5519 runt
2266 5471 2423 5517 erant
2453 5463 2665 5533 figuras,
2731 5479 2839 5516 non
2894 5465 3167 5518 idolorum
3223 5464 3442 5533 quidem
3486 5465 3688 5519 dzemo-

2121 5554 2426 5615 niacorutn,
2477 5568 2575 5607 nec
2616 5554 2878 5617 siderum,
2914 5570 3010 5607 nec
3028 5556 3258 5607 aliarum
3287 5564 3688 5618 creaturarum,

2118 5660 2240 5714 quae
2268 5643 2409 5697 {teda
2443 5654 2599 5697 erant
2624 5658 2673 5697 et
2709 5646 2958 5698 maximm
2991 5646 3310 5712 impietatis,
3366 5648 3459 5699 sed
3489 5660 3691 5700 saneta:

2117 5747 2273 5792 erant
2330 5737 2696 5805 angelicarum
2716 5747 3044 5806 potestatum
3079 5738 3361 5805 imagines,
3384 5738 3522 5791 sicut
3549 5739 3691 5804 Apo-

2121 5830 2292 5884 stolus
2346 5828 2634 5896 appellavit
2678 5828 2958 5881 cherubim
3014 5829 3444 5897 propitiatorinm
3495 5828 3691 5881 obum-

2120 5920 2304 5973 brans.
2337 5920 2479 5974 Idem
2504 5920 2663 5973 etiam
2700 5921 2894 5973 indixit
2930 5920 3136 5989 Moyses
3168 5936 3231 5973 ex
3260 5921 3510 5972 omnibus
3554 5921 3690 5972 divi-

2123 6012 2207 6065 nis
2233 6014 2416 6082 liguris
2442 6028 2580 6081 quas
2612 6014 2951 6068 venerationi
2988 6014 3291 6083 proposuit,
3318 6024 3371 6065 ut
3408 6013 3551 6066 sicut
3573 6012 3690 6065 ani-

2120 6118 2208 6161 ma
2237 6117 2331 6171 per
2365 6101 2789 6173 confessionem,
2832 6106 2905 6163 ita
2939 6122 3165 6174 corpore
3200 6122 3294 6177 per
3326 6122 3385 6162 ea
3410 6121 3527 6177 qua:
3562 6120 3691 6162 scn-
