  <div class='ocr_page' id='page_1' title='image "/cluster/home/n/w/nwhite01/storage/ocr_20150623/155/hvd.32044025239666/085.png"; bbox 0 0 4450 6726; ppageno 0'>
   <div class='ocr_carea' id='block_1_1' title="bbox 822 558 919 622">
    <p class='ocr_par' dir='ltr' id='par_1_1' title="bbox 822 558 919 622">
     <span class='ocr_line' id='line_1_1' title="bbox 822 558 919 622; baseline -0.01 0"><span class='ocrx_word' id='word_1_1' title='bbox 822 558 919 622; x_wconf 70' lang='lat' dir='ltr'><strong>N7</strong></span> 
     </span>
    </p>
   </div>
   <div class='ocr_carea' id='block_1_2' title="bbox 1673 567 3247 645">
    <p class='ocr_par' dir='ltr' id='par_1_2' title="bbox 1673 567 3247 645">
     <span class='ocr_line' id='line_1_2' title="bbox 1673 567 3247 645; baseline 0.011 -18"><span class='ocrx_word' id='word_1_2' title='bbox 1673 567 1814 629; x_wconf 80' lang='lat' dir='ltr'><strong>SYM</strong></span> <span class='ocrx_word' id='word_1_3' title='bbox 1827 569 2053 631; x_wconf 77' lang='lat' dir='ltr'><strong>Et.)le</strong></span> <span class='ocrx_word' id='word_1_4' title='bbox 2088 572 2193 632; x_wconf 71' lang='grc' dir='ltr'><strong>’ῖιί</strong></span> <span class='ocrx_word' id='word_1_5' title='bbox 2208 572 2842 639; x_wconf 73' lang='lat' dir='ltr'><strong>ESSALONICENSIS</strong></span> <span class='ocrx_word' id='word_1_6' title='bbox 2893 581 3127 642; x_wconf 78' lang='lat' dir='ltr'><strong>ARCHI</strong></span> <span class='ocrx_word' id='word_1_7' title='bbox 3140 581 3247 645; x_wconf 78' lang='grc' dir='ltr'><strong>ΕΡ.</strong></span> 
     </span>
    </p>
   </div>
   <div class='ocr_carea' id='block_1_3' title="bbox 3970 591 4068 653">
    <p class='ocr_par' dir='ltr' id='par_1_3' title="bbox 3970 591 4068 653">
     <span class='ocr_line' id='line_1_3' title="bbox 3970 591 4068 653; baseline -0.02 -2"><span class='ocrx_word' id='word_1_8' title='bbox 3970 591 4068 653; x_wconf 67' lang='lat' dir='ltr'><strong>Mli</strong></span> 
     </span>
    </p>
   </div>
   <div class='ocr_carea' id='block_1_4' title="bbox 812 684 2569 778">
    <p class='ocr_par' dir='ltr' id='par_1_4' title="bbox 812 684 2569 754">
     <span class='ocr_line' id='line_1_4' title="bbox 812 684 2569 754; baseline 0.006 -20"><span class='ocrx_word' id='word_1_9' title='bbox 812 684 911 737; x_wconf 81' lang='lat' dir='ltr'><strong>tuti</strong></span> <span class='ocrx_word' id='word_1_10' title='bbox 942 684 1089 739; x_wconf 90' lang='lat' dir='ltr'><strong>enim</strong></span> <span class='ocrx_word' id='word_1_11' title='bbox 1144 696 1391 739; x_wconf 65' lang='lat' dir='ltr'><strong>creatura</strong></span> <span class='ocrx_word' id='word_1_12' title='bbox 1440 684 1689 754; x_wconf 79' lang='lat' dir='ltr'><strong>subjecta</strong></span> <span class='ocrx_word' id='word_1_13' title='bbox 1745 696 1852 753; x_wconf 89' lang='lat' dir='ltr'><strong>est,</strong></span> <span class='ocrx_word' id='word_1_14' title='bbox 1891 705 1997 745; x_wconf 90' lang='lat' dir='ltr'><strong>non</strong></span> <span class='ocrx_word' id='word_1_15' title='bbox 2041 690 2248 751; x_wconf 66' lang='lat' dir='ltr'><strong>videns.</strong></span> <span class='ocrx_word' id='word_1_16' title='bbox 2290 689 2384 743; x_wconf 84' lang='lat' dir='ltr'><strong>sed</strong></span> <span class='ocrx_word' id='word_1_17' title='bbox 2418 695 2459 750; x_wconf 80' lang='grc' dir='ltr'><strong>Α</strong></span> <span class='ocrx_word' id='word_1_18' title='bbox 2492 697 2569 745; x_wconf 81' lang='grc' dir='ltr'><strong>κτί</strong></span> 
     </span>
    </p>
   </div>
   <div class='ocr_carea' id='block_1_5' title="bbox 2305 684 4062 778">
    <p class='ocr_par' dir='ltr' id='par_1_5' title="bbox 2305 689 4062 778">
     <span class='ocr_line' id='line_1_5' title="bbox 2305 689 4062 778; baseline 0.013 -36"><span class='ocrx_word' id='word_1_19' title='bbox 2305 689 2384 743; x_wconf 70' lang='lat' dir='ltr'><strong>sed</strong></span> <span class='ocrx_word' id='word_1_20' title='bbox 2418 695 2459 750; x_wconf 81' lang='grc' dir='ltr'><strong>Α</strong></span> <span class='ocrx_word' id='word_1_21' title='bbox 2492 696 2668 757; x_wconf 84' lang='grc' dir='ltr'>κτίσις</span> <span class='ocrx_word' id='word_1_22' title='bbox 2697 697 2840 767; x_wconf 80' lang='grc' dir='ltr'>αὕτη</span> <span class='ocrx_word' id='word_1_23' title='bbox 2890 701 3205 767; x_wconf 82' lang='grc' dir='ltr'>γεγένηται,</span> <span class='ocrx_word' id='word_1_24' title='bbox 3262 704 3354 755; x_wconf 71' lang='grc' dir='ltr'><strong>καί</strong></span> <span class='ocrx_word' id='word_1_25' title='bbox 3407 705 3475 757; x_wconf 84' lang='grc' dir='ltr'>δι’</span> <span class='ocrx_word' id='word_1_26' title='bbox 3524 706 3684 759; x_wconf 74' lang='grc' dir='ltr'>αὑτὸν</span> <span class='ocrx_word' id='word_1_27' title='bbox 3720 708 3967 778; x_wconf 52' lang='lat' dir='ltr'><strong>suam</strong></span> <span class='ocrx_word' id='word_1_28' title='bbox 3996 713 4062 778; x_wconf 79' lang='grc' dir='ltr'><strong>τῇ</strong></span> 
     </span>
    </p>
   </div>
   <div class='ocr_carea' id='block_1_6' title="bbox 809 777 2387 851">
    <p class='ocr_par' dir='ltr' id='par_1_6' title="bbox 809 777 2387 851">
     <span class='ocr_line' id='line_1_6' title="bbox 809 777 2387 851; baseline 0.008 -26"><span class='ocrx_word' id='word_1_29' title='bbox 809 783 1034 843; x_wconf 88' lang='lat' dir='ltr'><strong>propter</strong></span> <span class='ocrx_word' id='word_1_30' title='bbox 1079 790 1204 829; x_wconf 90' lang='lat' dir='ltr'><strong>eum</strong></span> <span class='ocrx_word' id='word_1_31' title='bbox 1238 777 1331 846; x_wconf 99' lang='lat' dir='ltr'><strong>qui</strong></span> <span class='ocrx_word' id='word_1_32' title='bbox 1393 778 1626 846; x_wconf 84' lang='lat' dir='ltr'><strong>subjecit</strong></span> <span class='ocrx_word' id='word_1_33' title='bbox 1678 795 1797 834; x_wconf 91' lang='lat' dir='ltr'><strong>eam</strong></span> <span class='ocrx_word' id='word_1_34' title='bbox 1852 782 1905 835; x_wconf 90' lang='lat' dir='ltr'><strong>in</strong></span> <span class='ocrx_word' id='word_1_35' title='bbox 1956 797 2072 851; x_wconf 87' lang='lat' dir='ltr'><strong>spe.</strong></span> <span class='ocrx_word' id='word_1_36' title='bbox 2118 801 2135 833; x_wconf 73' lang='grc' dir='ltr'><strong>ι</strong></span> <span class='ocrx_word' id='word_1_37' title='bbox 2173 782 2387 836; x_wconf 86' lang='lat' dir='ltr'><strong>Stultus</strong></span> 
     </span>
    </p>
   </div>
   <div class='ocr_carea' id='block_1_7' title="bbox 814 861 2383 939">
    <p class='ocr_par' dir='ltr' id='par_1_7' title="bbox 814 861 2383 939">
     <span class='ocr_line' id='line_1_7' title="bbox 814 861 2383 939; baseline 0.007 -26"><span class='ocrx_word' id='word_1_38' title='bbox 814 870 999 915; x_wconf 84' lang='lat' dir='ltr'><strong>autem</strong></span> <span class='ocrx_word' id='word_1_39' title='bbox 1026 861 1274 916; x_wconf 84' lang='lat' dir='ltr'><strong>Barlaam</strong></span> <span class='ocrx_word' id='word_1_40' title='bbox 1319 876 1557 919; x_wconf 89' lang='lat' dir='ltr'><strong>tnentcm</strong></span> <span class='ocrx_word' id='word_1_41' title='bbox 1587 867 1640 921; x_wconf 90' lang='lat' dir='ltr'><strong>itt</strong></span> <span class='ocrx_word' id='word_1_42' title='bbox 1678 869 1989 939; x_wconf 85' lang='lat' dir='ltr'><strong>disciplinis</strong></span> <span class='ocrx_word' id='word_1_43' title='bbox 2019 887 2139 939; x_wconf 74' lang='lat' dir='ltr'><strong>qua:</strong></span> <span class='ocrx_word' id='word_1_44' title='bbox 2182 871 2247 925; x_wconf 78' lang='lat' dir='ltr'><strong>ad</strong></span> <span class='ocrx_word' id='word_1_45' title='bbox 2292 888 2383 924; x_wconf 80' lang='lat' dir='ltr'><strong>ur-</strong></span> 
     </span>
    </p>
   </div>
   <div class='ocr_carea' id='block_1_8' title="bbox 812 955 2387 1019">
    <p class='ocr_par' dir='ltr' id='par_1_8' title="bbox 812 955 2387 1019">
     <span class='ocr_line' id='line_1_8' title="bbox 812 955 2387 1019; baseline 0.008 -13"><span class='ocrx_word' id='word_1_46' title='bbox 812 963 917 1007; x_wconf 89' lang='lat' dir='ltr'><strong>tetu</strong></span> <span class='ocrx_word' id='word_1_47' title='bbox 956 955 1232 1019; x_wconf 91' lang='lat' dir='ltr'><strong>pertinent</strong></span> <span class='ocrx_word' id='word_1_48' title='bbox 1261 959 1450 1013; x_wconf 80' lang='lat' dir='ltr'><strong>rudem</strong></span> <span class='ocrx_word' id='word_1_49' title='bbox 1476 970 1710 1015; x_wconf 77' lang='lat' dir='ltr'><strong>mentem</strong></span> <span class='ocrx_word' id='word_1_50' title='bbox 1741 963 2112 1017; x_wconf 87' lang='lat' dir='ltr'><strong>irrationalem</strong></span> <span class='ocrx_word' id='word_1_51' title='bbox 2144 973 2199 1018; x_wconf 91' lang='lat' dir='ltr'><strong>et</strong></span> <span class='ocrx_word' id='word_1_52' title='bbox 2235 976 2387 1019; x_wconf 86' lang='lat' dir='ltr'><strong>tene-</strong></span> 
     </span>
    </p>
   </div>
   <div class='ocr_carea' id='block_1_9' title="bbox 810 1046 2387 1124">
    <p class='ocr_par' dir='ltr' id='par_1_9' title="bbox 810 1046 2387 1124">
     <span class='ocr_line' id='line_1_9' title="bbox 810 1046 2387 1124; baseline 0.011 -27"><span class='ocrx_word' id='word_1_53' title='bbox 810 1046 1027 1099; x_wconf 84' lang='lat' dir='ltr'><strong>brosam</strong></span> <span class='ocrx_word' id='word_1_54' title='bbox 1056 1049 1287 1104; x_wconf 85' lang='lat' dir='ltr'><strong>vocabat</strong></span> <span class='ocrx_word' id='word_1_55' title='bbox 1344 1051 1433 1107; x_wconf 89' lang='lat' dir='ltr'><strong>ille</strong></span> <span class='ocrx_word' id='word_1_56' title='bbox 1478 1055 1874 1124; x_wconf 76' lang='lat' dir='ltr'><strong>nequissimus,</strong></span> <span class='ocrx_word' id='word_1_57' title='bbox 1924 1055 2177 1113; x_wconf 89' lang='lat' dir='ltr'><strong>nesciens</strong></span> <span class='ocrx_word' id='word_1_58' title='bbox 2222 1058 2387 1115; x_wconf 89' lang='lat' dir='ltr'><strong>homo</strong></span> 
     </span>
    </p>
   </div>
   <div class='ocr_carea' id='block_1_10' title="bbox 807 1142 2383 1220">
    <p class='ocr_par' dir='ltr' id='par_1_10' title="bbox 807 1142 2383 1220">
     <span class='ocr_line' id='line_1_10' title="bbox 807 1142 2383 1220; baseline 0.013 -34"><span class='ocrx_word' id='word_1_59' title='bbox 807 1150 983 1191; x_wconf 84' lang='lat' dir='ltr'><strong>vanus</strong></span> <span class='ocrx_word' id='word_1_60' title='bbox 1006 1142 1266 1208; x_wconf 86' lang='lat' dir='ltr'><strong>quoniam</strong></span> <span class='ocrx_word' id='word_1_61' title='bbox 1296 1143 1395 1196; x_wconf 82' lang='lat' dir='ltr'><strong>ista</strong></span> <span class='ocrx_word' id='word_1_62' title='bbox 1426 1145 1644 1213; x_wconf 79' lang='lat' dir='ltr'><strong>quidem</strong></span> <span class='ocrx_word' id='word_1_63' title='bbox 1691 1159 1914 1216; x_wconf 88' lang='lat' dir='ltr'><strong>propter</strong></span> <span class='ocrx_word' id='word_1_64' title='bbox 1946 1164 2048 1205; x_wconf 92' lang='lat' dir='ltr'><strong>nos</strong></span> <span class='ocrx_word' id='word_1_65' title='bbox 2080 1162 2138 1205; x_wconf 94' lang='lat' dir='ltr'><strong>ut</strong></span> <span class='ocrx_word' id='word_1_66' title='bbox 2166 1153 2383 1220; x_wconf 85' lang='lat' dir='ltr'><strong>corpori</strong></span> 
     </span>
    </p>
   </div>
   <div class='ocr_carea' id='block_1_11' title="bbox 810 1230 2381 1314">
    <p class='ocr_par' dir='ltr' id='par_1_11' title="bbox 810 1230 2381 1314">
     <span class='ocr_line' id='line_1_11' title="bbox 810 1230 2381 1314; baseline 0.011 -34"><span class='ocrx_word' id='word_1_67' title='bbox 810 1230 1165 1297; x_wconf 67' lang='lat' dir='ltr'><strong>providentur</strong></span> <span class='ocrx_word' id='word_1_68' title='bbox 1199 1237 1563 1307; x_wconf 65' lang='lat' dir='ltr'><strong>prasentique</strong></span> <span class='ocrx_word' id='word_1_69' title='bbox 1596 1240 1718 1295; x_wconf 63' lang='lat' dir='ltr'><strong>vita</strong></span> <span class='ocrx_word' id='word_1_70' title='bbox 1764 1254 1963 1299; x_wconf 70' lang='lat' dir='ltr'><strong>nostra:</strong></span> <span class='ocrx_word' id='word_1_71' title='bbox 2000 1246 2212 1314; x_wconf 91' lang='lat' dir='ltr'><strong>prosint</strong></span> <span class='ocrx_word' id='word_1_72' title='bbox 2243 1244 2381 1301; x_wconf 74' lang='lat' dir='ltr'><strong>facta</strong></span> 
     </span>
    </p>
   </div>
   <div class='ocr_carea' id='block_1_12' title="bbox 812 1326 2385 1407">
    <p class='ocr_par' dir='ltr' id='par_1_12' title="bbox 812 1326 2385 1407">
     <span class='ocr_line' id='line_1_12' title="bbox 812 1326 2385 1407; baseline 0.013 -35"><span class='ocrx_word' id='word_1_73' title='bbox 812 1331 962 1387; x_wconf 79' lang='lat' dir='ltr'><strong>sunt,</strong></span> <span class='ocrx_word' id='word_1_74' title='bbox 1011 1326 1115 1380; x_wconf 84' lang='lat' dir='ltr'><strong>alia</strong></span> <span class='ocrx_word' id='word_1_75' title='bbox 1167 1342 1299 1383; x_wconf 89' lang='lat' dir='ltr'><strong>vero</strong></span> <span class='ocrx_word' id='word_1_76' title='bbox 1351 1339 1535 1385; x_wconf 89' lang='lat' dir='ltr'><strong>sunta</strong></span> <span class='ocrx_word' id='word_1_77' title='bbox 1568 1332 1677 1387; x_wconf 88' lang='lat' dir='ltr'><strong>Deo</strong></span> <span class='ocrx_word' id='word_1_78' title='bbox 1725 1334 1881 1391; x_wconf 82' lang='lat' dir='ltr'><strong>nobis</strong></span> <span class='ocrx_word' id='word_1_79' title='bbox 1923 1348 2223 1407; x_wconf 46' lang='lat' dir='ltr'><strong>praeparata</strong></span> <span class='ocrx_word' id='word_1_80' title='bbox 2259 1348 2385 1393; x_wconf 88' lang='lat' dir='ltr'><strong>ante</strong></span> 
     </span>
    </p>
   </div>
   <div class='ocr_carea' id='block_1_13' title="bbox 810 1416 2381 1496">
    <p class='ocr_par' dir='ltr' id='par_1_13' title="bbox 810 1416 2381 1496">
     <span class='ocr_line' id='line_1_13' title="bbox 810 1416 2381 1496; baseline 0.01 -26"><span class='ocrx_word' id='word_1_81' title='bbox 810 1419 1284 1483; x_wconf 78' lang='lat' dir='ltr'><strong>constitutionem,</strong></span> <span class='ocrx_word' id='word_1_82' title='bbox 1326 1436 1488 1493; x_wconf 85' lang='lat' dir='ltr'><strong>prout</strong></span> <span class='ocrx_word' id='word_1_83' title='bbox 1542 1426 1660 1496; x_wconf 89' lang='lat' dir='ltr'><strong>ipse</strong></span> <span class='ocrx_word' id='word_1_84' title='bbox 1708 1429 1835 1483; x_wconf 90' lang='lat' dir='ltr'><strong>olim</strong></span> <span class='ocrx_word' id='word_1_85' title='bbox 1885 1431 2065 1484; x_wconf 71' lang='lat' dir='ltr'><strong>dixit:</strong></span> <span class='ocrx_word' id='word_1_86' title='bbox 2112 1450 2130 1483; x_wconf 78' lang='grc' dir='ltr'><strong>ε</strong></span> <span class='ocrx_word' id='word_1_87' title='bbox 2170 1416 2381 1496; x_wconf 81' lang='lat' dir='ltr'><strong>Venite,</strong></span> 
     </span>
    </p>
   </div>
   <div class='ocr_carea' id='block_1_14' title="bbox 809 1508 2384 1591">
    <p class='ocr_par' dir='ltr' id='par_1_14' title="bbox 809 1508 2384 1591">
     <span class='ocr_line' id='line_1_14' title="bbox 809 1508 2384 1591; baseline 0.011 -29"><span class='ocrx_word' id='word_1_88' title='bbox 809 1508 1086 1565; x_wconf 78' lang='lat' dir='ltr'><strong>benedicti</strong></span> <span class='ocrx_word' id='word_1_89' title='bbox 1116 1509 1297 1570; x_wconf 82' lang='lat' dir='ltr'><strong>Patris</strong></span> <span class='ocrx_word' id='word_1_90' title='bbox 1339 1518 1466 1582; x_wconf 90' lang='lat' dir='ltr'><strong>mei,</strong></span> <span class='ocrx_word' id='word_1_91' title='bbox 1517 1520 1789 1587; x_wconf 80' lang='lat' dir='ltr'><strong>possidete</strong></span> <span class='ocrx_word' id='word_1_92' title='bbox 1825 1532 2073 1591; x_wconf 89' lang='lat' dir='ltr'><strong>paratum</strong></span> <span class='ocrx_word' id='word_1_93' title='bbox 2110 1524 2265 1579; x_wconf 83' lang='lat' dir='ltr'><strong>vobis</strong></span> <span class='ocrx_word' id='word_1_94' title='bbox 2300 1541 2384 1579; x_wconf 88' lang='lat' dir='ltr'><strong>re-</strong></span> 
     </span>
    </p>
   </div>
   <div class='ocr_carea' id='block_1_15' title="bbox 808 1604 2383 1671">
    <p class='ocr_par' dir='ltr' id='par_1_15' title="bbox 808 1604 2383 1671">
     <span class='ocr_line' id='line_1_15' title="bbox 808 1604 2383 1671; baseline 0.013 -21"><span class='ocrx_word' id='word_1_95' title='bbox 808 1615 973 1668; x_wconf 76' lang='lat' dir='ltr'><strong>gnum</strong></span> <span class='ocrx_word' id='word_1_96' title='bbox 1005 1617 1034 1655; x_wconf 90' lang='lat' dir='ltr'><strong>a</strong></span> <span class='ocrx_word' id='word_1_97' title='bbox 1066 1604 1468 1663; x_wconf 80' lang='lat' dir='ltr'><strong>constitutione</strong></span> <span class='ocrx_word' id='word_1_98' title='bbox 1511 1612 1721 1665; x_wconf 87' lang='lat' dir='ltr'><strong>mundi.</strong></span> <span class='ocrx_word' id='word_1_99' title='bbox 1769 1631 1789 1665; x_wconf 74' lang='grc' dir='ltr'><strong>ι</strong></span> <span class='ocrx_word' id='word_1_100' title='bbox 1832 1614 1977 1667; x_wconf 90' lang='lat' dir='ltr'><strong>Bona</strong></span> <span class='ocrx_word' id='word_1_101' title='bbox 2018 1624 2199 1670; x_wconf 89' lang='lat' dir='ltr'><strong>autem</strong></span> <span class='ocrx_word' id='word_1_102' title='bbox 2235 1616 2383 1671; x_wconf 85' lang='lat' dir='ltr'><strong>illius</strong></span> 
     </span>
    </p>
   </div>
   <div class='ocr_carea' id='block_1_16' title="bbox 811 1692 2385 1764">
    <p class='ocr_par' dir='ltr' id='par_1_16' title="bbox 811 1692 2385 1764">
     <span class='ocr_line' id='line_1_16' title="bbox 811 1692 2385 1764; baseline 0.014 -22"><span class='ocrx_word' id='word_1_103' title='bbox 811 1692 982 1759; x_wconf 70' lang='lat' dir='ltr'><strong>regni.</strong></span> <span class='ocrx_word' id='word_1_104' title='bbox 1013 1693 1087 1747; x_wconf 91' lang='lat' dir='ltr'><strong>ait</strong></span> <span class='ocrx_word' id='word_1_105' title='bbox 1111 1692 1332 1761; x_wconf 86' lang='lat' dir='ltr'><strong>Paulus,</strong></span> <span class='ocrx_word' id='word_1_106' title='bbox 1388 1700 1512 1753; x_wconf 75' lang='lat' dir='ltr'><strong>talia</strong></span> <span class='ocrx_word' id='word_1_107' title='bbox 1570 1713 1696 1756; x_wconf 91' lang='lat' dir='ltr'><strong>sunt</strong></span> <span class='ocrx_word' id='word_1_108' title='bbox 1743 1714 1801 1757; x_wconf 92' lang='lat' dir='ltr'><strong>ut</strong></span> <span class='ocrx_word' id='word_1_109' title='bbox 1840 1724 1859 1757; x_wconf 84' lang='grc' dir='ltr'><strong>ε</strong></span> <span class='ocrx_word' id='word_1_110' title='bbox 1896 1720 1993 1759; x_wconf 91' lang='lat' dir='ltr'><strong>nec</strong></span> <span class='ocrx_word' id='word_1_111' title='bbox 2045 1707 2241 1764; x_wconf 90' lang='lat' dir='ltr'><strong>oculus</strong></span> <span class='ocrx_word' id='word_1_112' title='bbox 2270 1709 2385 1764; x_wconf 64' lang='lat' dir='ltr'><strong>hac</strong></span> 
     </span>
    </p>
   </div>
   <div class='ocr_carea' id='block_1_17' title="bbox 808 1781 2382 1856">
    <p class='ocr_par' dir='ltr' id='par_1_17' title="bbox 808 1781 2382 1856">
     <span class='ocr_line' id='line_1_17' title="bbox 808 1781 2382 1856; baseline 0.013 -22"><span class='ocrx_word' id='word_1_113' title='bbox 808 1781 1007 1838; x_wconf 81' lang='lat' dir='ltr'><strong>viderit</strong></span> <span class='ocrx_word' id='word_1_114' title='bbox 1068 1799 1171 1841; x_wconf 89' lang='lat' dir='ltr'><strong>nec</strong></span> <span class='ocrx_word' id='word_1_115' title='bbox 1231 1790 1379 1842; x_wconf 79' lang='lat' dir='ltr'><strong>auris</strong></span> <span class='ocrx_word' id='word_1_116' title='bbox 1437 1792 1711 1848; x_wconf 71' lang='lat' dir='ltr'><strong>audiverit</strong></span> <span class='ocrx_word' id='word_1_117' title='bbox 1752 1810 1855 1851; x_wconf 89' lang='lat' dir='ltr'><strong>nec</strong></span> <span class='ocrx_word' id='word_1_118' title='bbox 1896 1797 1951 1851; x_wconf 91' lang='lat' dir='ltr'><strong>in</strong></span> <span class='ocrx_word' id='word_1_119' title='bbox 2006 1813 2103 1852; x_wconf 89' lang='lat' dir='ltr'><strong>cor</strong></span> <span class='ocrx_word' id='word_1_120' title='bbox 2140 1799 2382 1856; x_wconf 81' lang='lat' dir='ltr'><strong>hominis</strong></span> 
     </span>
    </p>
   </div>
   <div class='ocr_carea' id='block_1_18' title="bbox 810 1878 2376 1959">
    <p class='ocr_par' dir='ltr' id='par_1_18' title="bbox 810 1878 2376 1959">
     <span class='ocr_line' id='line_1_18' title="bbox 810 1878 2376 1959; baseline 0.01 -29"><span class='ocrx_word' id='word_1_121' title='bbox 810 1878 1119 1934; x_wconf 77' lang='lat' dir='ltr'><strong>ascenderit</strong></span> <span class='ocrx_word' id='word_1_122' title='bbox 1156 1897 1277 1950; x_wconf 68' lang='lat' dir='ltr'><strong>qua:</strong></span> <span class='ocrx_word' id='word_1_123' title='bbox 1307 1887 1633 1953; x_wconf 75' lang='lat' dir='ltr'><strong>prmparavit</strong></span> <span class='ocrx_word' id='word_1_124' title='bbox 1668 1886 1811 1943; x_wconf 82' lang='lat' dir='ltr'><strong>Deus</strong></span> <span class='ocrx_word' id='word_1_125' title='bbox 1846 1889 2201 1959; x_wconf 79' lang='lat' dir='ltr'><strong>diligentibus</strong></span> <span class='ocrx_word' id='word_1_126' title='bbox 2232 1909 2312 1948; x_wconf 90' lang='lat' dir='ltr'><strong>se.</strong></span> <span class='ocrx_word' id='word_1_127' title='bbox 2357 1912 2376 1945; x_wconf 75' lang='grc' dir='ltr'><strong>ε</strong></span> 
     </span>
    </p>
   </div>
   <div class='ocr_carea' id='block_1_19' title="bbox 809 1968 2383 2040">
    <p class='ocr_par' dir='ltr' id='par_1_19' title="bbox 809 1968 2383 2040">
     <span class='ocr_line' id='line_1_19' title="bbox 809 1968 2383 2040; baseline 0.01 -18"><span class='ocrx_word' id='word_1_128' title='bbox 809 1968 934 2024; x_wconf 79' lang='lat' dir='ltr'><strong>l.h-o</strong></span> <span class='ocrx_word' id='word_1_129' title='bbox 991 1972 1151 2027; x_wconf 73' lang='lat' dir='ltr'><strong>docet</strong></span> <span class='ocrx_word' id='word_1_130' title='bbox 1190 1973 1451 2033; x_wconf 84' lang='lat' dir='ltr'><strong>Dominus</strong></span> <span class='ocrx_word' id='word_1_131' title='bbox 1494 1997 1508 2034; x_wconf 88' lang='lat'><strong>:</strong></span> <span class='ocrx_word' id='word_1_132' title='bbox 1556 1998 1575 2031; x_wconf 81' lang='grc' dir='ltr'><strong>ι</strong></span> <span class='ocrx_word' id='word_1_133' title='bbox 1611 1980 1818 2036; x_wconf 82' lang='lat' dir='ltr'><strong>C(elum</strong></span> <span class='ocrx_word' id='word_1_134' title='bbox 1873 1993 1926 2037; x_wconf 90' lang='lat' dir='ltr'><strong>et</strong></span> <span class='ocrx_word' id='word_1_135' title='bbox 1976 1993 2115 2039; x_wconf 87' lang='lat' dir='ltr'><strong>terra</strong></span> <span class='ocrx_word' id='word_1_136' title='bbox 2175 1986 2383 2040; x_wconf 88' lang='lat' dir='ltr'><strong>transi-</strong></span> 
     </span>
    </p>
   </div>
   <div class='ocr_carea' id='block_1_20' title="bbox 811 2066 2385 2147">
    <p class='ocr_par' dir='ltr' id='par_1_20' title="bbox 811 2066 2385 2147">
     <span class='ocr_line' id='line_1_20' title="bbox 811 2066 2385 2147; baseline 0.011 -29"><span class='ocrx_word' id='word_1_137' title='bbox 811 2066 981 2132; x_wconf 82' lang='lat' dir='ltr'><strong>bunt;</strong></span> <span class='ocrx_word' id='word_1_138' title='bbox 1012 2084 1028 2117; x_wconf 77' lang='grc' dir='ltr'><strong>ι</strong></span> <span class='ocrx_word' id='word_1_139' title='bbox 1061 2067 1419 2139; x_wconf 69' lang='lat' dir='ltr'><strong>prohibe-tune</strong></span> <span class='ocrx_word' id='word_1_140' title='bbox 1450 2070 1653 2131; x_wconf 78' lang='lat' dir='ltr'><strong>Paulus</strong></span> <span class='ocrx_word' id='word_1_141' title='bbox 1682 2089 1750 2130; x_wconf 89' lang='lat' dir='ltr'><strong>ne</strong></span> <span class='ocrx_word' id='word_1_142' title='bbox 1773 2075 1839 2130; x_wconf 87' lang='lat' dir='ltr'><strong>de</strong></span> <span class='ocrx_word' id='word_1_143' title='bbox 1871 2076 1955 2131; x_wconf 88' lang='lat' dir='ltr'><strong>his</strong></span> <span class='ocrx_word' id='word_1_144' title='bbox 1988 2094 2108 2147; x_wconf 65' lang='lat' dir='ltr'><strong>quin</strong></span> <span class='ocrx_word' id='word_1_145' title='bbox 2135 2080 2385 2137; x_wconf 89' lang='lat' dir='ltr'><strong>videntur</strong></span> 
     </span>
    </p>
   </div>
   <div class='ocr_carea' id='block_1_21' title="bbox 810 2156 2380 2239">
    <p class='ocr_par' dir='ltr' id='par_1_21' title="bbox 810 2156 2380 2239">
     <span class='ocr_line' id='line_1_21' title="bbox 810 2156 2380 2239; baseline 0.012 -30"><span class='ocrx_word' id='word_1_146' title='bbox 810 2156 1031 2213; x_wconf 72' lang='lat' dir='ltr'><strong>solliciti</strong></span> <span class='ocrx_word' id='word_1_147' title='bbox 1061 2159 1272 2230; x_wconf 85' lang='lat' dir='ltr'><strong>simus;</strong></span> <span class='ocrx_word' id='word_1_148' title='bbox 1305 2178 1429 2217; x_wconf 91' lang='lat' dir='ltr'><strong>nam</strong></span> <span class='ocrx_word' id='word_1_149' title='bbox 1462 2179 1583 2236; x_wconf 72' lang='lat' dir='ltr'><strong>qua:</strong></span> <span class='ocrx_word' id='word_1_150' title='bbox 1605 2168 1865 2224; x_wconf 88' lang='lat' dir='ltr'><strong>videntur</strong></span> <span class='ocrx_word' id='word_1_151' title='bbox 1890 2173 2210 2239; x_wconf 82' lang='lat' dir='ltr'><strong>temporalia</strong></span> <span class='ocrx_word' id='word_1_152' title='bbox 2234 2183 2380 2239; x_wconf 89' lang='lat' dir='ltr'><strong>sunt,</strong></span> 
     </span>
    </p>
   </div>
   <div class='ocr_carea' id='block_1_22' title="bbox 808 2257 2383 2321">
    <p class='ocr_par' dir='ltr' id='par_1_22' title="bbox 808 2257 2383 2321">
     <span class='ocr_line' id='line_1_22' title="bbox 808 2257 2383 2321; baseline 0.015 -23"><span class='ocrx_word' id='word_1_153' title='bbox 808 2265 932 2313; x_wconf 70' lang='lat' dir='ltr'><strong>qua:</strong></span> <span class='ocrx_word' id='word_1_154' title='bbox 961 2262 1140 2307; x_wconf 81' lang='lat' dir='ltr'><strong>autem</strong></span> <span class='ocrx_word' id='word_1_155' title='bbox 1172 2269 1280 2309; x_wconf 90' lang='lat' dir='ltr'><strong>non</strong></span> <span class='ocrx_word' id='word_1_156' title='bbox 1312 2257 1566 2312; x_wconf 83' lang='lat' dir='ltr'><strong>videntur</strong></span> <span class='ocrx_word' id='word_1_157' title='bbox 1603 2272 1804 2315; x_wconf 78' lang='lat' dir='ltr'><strong>aeterna</strong></span> <span class='ocrx_word' id='word_1_158' title='bbox 1839 2274 1986 2319; x_wconf 89' lang='lat' dir='ltr'><strong>sunt.</strong></span> <span class='ocrx_word' id='word_1_159' title='bbox 2037 2263 2140 2318; x_wconf 79' lang='lat' dir='ltr'><strong>Et:</strong></span> <span class='ocrx_word' id='word_1_160' title='bbox 2187 2284 2205 2317; x_wconf 83' lang='grc' dir='ltr'><strong>ι</strong></span> <span class='ocrx_word' id='word_1_161' title='bbox 2246 2266 2383 2321; x_wconf 71' lang='grc' dir='ltr'><strong>ϐωιί</strong></span> 
     </span>
    </p>
   </div>
   <div class='ocr_carea' id='block_1_23' title="bbox 808 2340 2381 2425">
    <p class='ocr_par' dir='ltr' id='par_1_23' title="bbox 808 2340 2381 2425">
     <span class='ocr_line' id='line_1_23' title="bbox 808 2340 2381 2425; baseline 0.01 -28"><span class='ocrx_word' id='word_1_162' title='bbox 808 2340 953 2399; x_wconf 83' lang='lat' dir='ltr'><strong>sicut</strong></span> <span class='ocrx_word' id='word_1_163' title='bbox 976 2344 1111 2400; x_wconf 91' lang='lat' dir='ltr'><strong>liber</strong></span> <span class='ocrx_word' id='word_1_164' title='bbox 1136 2347 1631 2419; x_wconf 84' lang='lat' dir='ltr'><strong>complicabuntur;</strong></span> <span class='ocrx_word' id='word_1_165' title='bbox 1654 2372 1672 2405; x_wconf 74' lang='grc' dir='ltr'><strong>ι</strong></span> <span class='ocrx_word' id='word_1_166' title='bbox 1697 2354 1943 2425; x_wconf 80' lang='lat' dir='ltr'><strong>dixitque</strong></span> <span class='ocrx_word' id='word_1_167' title='bbox 1969 2356 2191 2413; x_wconf 87' lang='lat' dir='ltr'><strong>Petrus:</strong></span> <span class='ocrx_word' id='word_1_168' title='bbox 2218 2360 2381 2415; x_wconf 66' lang='lat' dir='ltr'><strong>«Caeli</strong></span> 
     </span>
    </p>
   </div>
   <div class='ocr_carea' id='block_1_24' title="bbox 808 2436 2384 2511">
    <p class='ocr_par' dir='ltr' id='par_1_24' title="bbox 808 2436 2384 2511">
     <span class='ocr_line' id='line_1_24' title="bbox 808 2436 2384 2511; baseline 0.015 -27"><span class='ocrx_word' id='word_1_169' title='bbox 808 2436 1026 2506; x_wconf 80' lang='lat' dir='ltr'><strong>quidem</strong></span> <span class='ocrx_word' id='word_1_170' title='bbox 1062 2453 1260 2510; x_wconf 79' lang='lat' dir='ltr'><strong>magno</strong></span> <span class='ocrx_word' id='word_1_171' title='bbox 1286 2442 1518 2497; x_wconf 87' lang='lat' dir='ltr'><strong>stridore</strong></span> <span class='ocrx_word' id='word_1_172' title='bbox 1551 2446 1889 2511; x_wconf 87' lang='lat' dir='ltr'><strong>transibunt.</strong></span> <span class='ocrx_word' id='word_1_173' title='bbox 1932 2450 2199 2505; x_wconf 76' lang='lat' dir='ltr'><strong>elmnenta</strong></span> <span class='ocrx_word' id='word_1_174' title='bbox 2254 2469 2384 2507; x_wconf 80' lang='lat' dir='ltr'><strong>vero</strong></span> 
     </span>
    </p>
   </div>
   <div class='ocr_carea' id='block_1_25' title="bbox 808 2530 2383 2612">
    <p class='ocr_par' dir='ltr' id='par_1_25' title="bbox 808 2530 2383 2612">
     <span class='ocr_line' id='line_1_25' title="bbox 808 2530 2383 2612; baseline 0.013 -33"><span class='ocrx_word' id='word_1_175' title='bbox 808 2532 990 2590; x_wconf 71' lang='lat' dir='ltr'><strong>calore</strong></span> <span class='ocrx_word' id='word_1_176' title='bbox 1030 2530 1346 2600; x_wconf 81' lang='lat' dir='ltr'><strong>solventur;</strong></span> <span class='ocrx_word' id='word_1_177' title='bbox 1379 2542 1522 2590; x_wconf 88' lang='lat' dir='ltr'><strong>terra</strong></span> <span class='ocrx_word' id='word_1_178' title='bbox 1568 2545 1748 2593; x_wconf 91' lang='lat' dir='ltr'><strong>autem</strong></span> <span class='ocrx_word' id='word_1_179' title='bbox 1786 2550 1840 2595; x_wconf 92' lang='lat' dir='ltr'><strong>et</strong></span> <span class='ocrx_word' id='word_1_180' title='bbox 1869 2557 1991 2611; x_wconf 69' lang='lat' dir='ltr'><strong>quae</strong></span> <span class='ocrx_word' id='word_1_181' title='bbox 2023 2544 2073 2596; x_wconf 92' lang='lat' dir='ltr'><strong>in</strong></span> <span class='ocrx_word' id='word_1_182' title='bbox 2106 2544 2218 2612; x_wconf 87' lang='lat' dir='ltr'><strong>ipsa</strong></span> <span class='ocrx_word' id='word_1_183' title='bbox 2255 2558 2383 2600; x_wconf 92' lang='lat' dir='ltr'><strong>sunt</strong></span> 
     </span>
    </p>
   </div>
   <div class='ocr_carea' id='block_1_26' title="bbox 810 2631 2380 2705">
    <p class='ocr_par' dir='ltr' id='par_1_26' title="bbox 810 2631 2380 2705">
     <span class='ocr_line' id='line_1_26' title="bbox 810 2631 2380 2705; baseline 0.014 -32"><span class='ocrx_word' id='word_1_184' title='bbox 810 2635 973 2688; x_wconf 87' lang='lat' dir='ltr'><strong>opera</strong></span> <span class='ocrx_word' id='word_1_185' title='bbox 1026 2633 1350 2682; x_wconf 82' lang='lat' dir='ltr'><strong>cxnrentur.</strong></span> <span class='ocrx_word' id='word_1_186' title='bbox 1388 2646 1406 2678; x_wconf 75' lang='grc' dir='ltr'><strong>ι</strong></span> <span class='ocrx_word' id='word_1_187' title='bbox 1442 2631 1508 2683; x_wconf 75' lang='lat' dir='ltr'><strong>At</strong></span> <span class='ocrx_word' id='word_1_188' title='bbox 1566 2631 1651 2686; x_wconf 85' lang='lat' dir='ltr'><strong>itis</strong></span> <span class='ocrx_word' id='word_1_189' title='bbox 1696 2634 1951 2691; x_wconf 88' lang='lat' dir='ltr'><strong>omnibus</strong></span> <span class='ocrx_word' id='word_1_190' title='bbox 1991 2638 2380 2705; x_wconf 86' lang='lat' dir='ltr'><strong>dissolvendis,</strong></span> 
     </span>
    </p>
   </div>
   <div class='ocr_carea' id='block_1_27' title="bbox 808 2715 2383 2790">
    <p class='ocr_par' dir='ltr' id='par_1_27' title="bbox 808 2715 2383 2790">
     <span class='ocr_line' id='line_1_27' title="bbox 808 2715 2383 2790; baseline 0.013 -24"><span class='ocrx_word' id='word_1_191' title='bbox 808 2715 1003 2784; x_wconf 82' lang='lat' dir='ltr'><strong>quales</strong></span> <span class='ocrx_word' id='word_1_192' title='bbox 1026 2731 1126 2771; x_wconf 91' lang='lat' dir='ltr'><strong>nos</strong></span> <span class='ocrx_word' id='word_1_193' title='bbox 1150 2733 1273 2774; x_wconf 76' lang='lat' dir='ltr'><strong>esse</strong></span> <span class='ocrx_word' id='word_1_194' title='bbox 1300 2723 1558 2790; x_wconf 82' lang='lat' dir='ltr'><strong>oportet?</strong></span> <span class='ocrx_word' id='word_1_195' title='bbox 1580 2722 1831 2780; x_wconf 81' lang='lat' dir='ltr'><strong>Profecto</strong></span> <span class='ocrx_word' id='word_1_196' title='bbox 1864 2726 1917 2781; x_wconf 91' lang='lat' dir='ltr'><strong>in</strong></span> <span class='ocrx_word' id='word_1_197' title='bbox 1945 2740 2132 2783; x_wconf 88' lang='lat' dir='ltr'><strong>sancta</strong></span> <span class='ocrx_word' id='word_1_198' title='bbox 2158 2746 2383 2786; x_wconf 64' lang='lat' dir='ltr'><strong>convier-</strong></span> 
     </span>
    </p>
   </div>
   <div class='ocr_carea' id='block_1_28' title="bbox 811 2808 2382 2889">
    <p class='ocr_par' dir='ltr' id='par_1_28' title="bbox 811 2808 2382 2889">
     <span class='ocr_line' id='line_1_28' title="bbox 811 2808 2382 2889; baseline 0.012 -28"><span class='ocrx_word' id='word_1_199' title='bbox 811 2808 1027 2865; x_wconf 82' lang='lat' dir='ltr'><strong>satione</strong></span> <span class='ocrx_word' id='word_1_200' title='bbox 1077 2812 1450 2884; x_wconf 82' lang='lat' dir='ltr'><strong>operibusque</strong></span> <span class='ocrx_word' id='word_1_201' title='bbox 1486 2816 1720 2884; x_wconf 83' lang='lat' dir='ltr'><strong>pietatis‘</strong></span> <span class='ocrx_word' id='word_1_202' title='bbox 1754 2830 2135 2889; x_wconf 82' lang='lat' dir='ltr'><strong>exspectantes</strong></span> <span class='ocrx_word' id='word_1_203' title='bbox 2170 2824 2382 2880; x_wconf 87' lang='lat' dir='ltr'><strong>Domini</strong></span> 
     </span>
    </p>
   </div>
   <div class='ocr_carea' id='block_1_29' title="bbox 812 2898 2379 2979">
    <p class='ocr_par' dir='ltr' id='par_1_29' title="bbox 812 2898 2379 2979">
     <span class='ocr_line' id='line_1_29' title="bbox 812 2898 2379 2979; baseline 0.012 -27"><span class='ocrx_word' id='word_1_204' title='bbox 812 2901 984 2955; x_wconf 86' lang='lat' dir='ltr'><strong>nostri</strong></span> <span class='ocrx_word' id='word_1_205' title='bbox 1018 2898 1147 2957; x_wconf 80' lang='lat' dir='ltr'><strong>Jesu</strong></span> <span class='ocrx_word' id='word_1_206' title='bbox 1174 2903 1380 2960; x_wconf 81' lang='lat' dir='ltr'><strong>Christi</strong></span> <span class='ocrx_word' id='word_1_207' title='bbox 1412 2906 1729 2971; x_wconf 75' lang='lat' dir='ltr'><strong>adventum,</strong></span> <span class='ocrx_word' id='word_1_208' title='bbox 1759 2909 1828 2962; x_wconf 84' lang='lat' dir='ltr'><strong>de</strong></span> <span class='ocrx_word' id='word_1_209' title='bbox 1861 2926 1969 2979; x_wconf 85' lang='lat' dir='ltr'><strong>quo</strong></span> <span class='ocrx_word' id='word_1_210' title='bbox 1998 2928 2099 2966; x_wconf 94' lang='lat' dir='ltr'><strong>nos</strong></span> <span class='ocrx_word' id='word_1_211' title='bbox 2129 2928 2250 2969; x_wconf 84' lang='lat' dir='ltr'><strong>esse</strong></span> <span class='ocrx_word' id='word_1_212' title='bbox 2274 2917 2379 2970; x_wconf 81' lang='lat' dir='ltr'><strong>sul-</strong></span> 
     </span>
    </p>
   </div>
   <div class='ocr_carea' id='block_1_30' title="bbox 811 2992 2385 3064">
    <p class='ocr_par' dir='ltr' id='par_1_30' title="bbox 811 2992 2385 3064">
     <span class='ocr_line' id='line_1_30' title="bbox 811 2992 2385 3064; baseline 0.009 -19"><span class='ocrx_word' id='word_1_213' title='bbox 811 2992 992 3048; x_wconf 75' lang='lat' dir='ltr'><strong>liritos</strong></span> <span class='ocrx_word' id='word_1_214' title='bbox 1016 3003 1258 3064; x_wconf 83' lang='lat' dir='ltr'><strong>oportet.</strong></span> <span class='ocrx_word' id='word_1_215' title='bbox 1292 2995 1551 3063; x_wconf 64' lang='lat' dir='ltr'><strong>Quasnam</strong></span> <span class='ocrx_word' id='word_1_216' title='bbox 1596 3001 1739 3053; x_wconf 82' lang='lat' dir='ltr'><strong>enim</strong></span> <span class='ocrx_word' id='word_1_217' title='bbox 1794 3002 2001 3057; x_wconf 75' lang='lat' dir='ltr'><strong>utilitas</strong></span> <span class='ocrx_word' id='word_1_218' title='bbox 2030 3020 2095 3058; x_wconf 78' lang='lat' dir='ltr'><strong>ex</strong></span> <span class='ocrx_word' id='word_1_219' title='bbox 2142 3016 2385 3060; x_wconf 90' lang='lat' dir='ltr'><strong>contem-</strong></span> 
     </span>
    </p>
   </div>
   <div class='ocr_carea' id='block_1_31' title="bbox 814 3088 2380 3163">
    <p class='ocr_par' dir='ltr' id='par_1_31' title="bbox 814 3088 2380 3163">
     <span class='ocr_line' id='line_1_31' title="bbox 814 3088 2380 3163; baseline 0.011 -27"><span class='ocrx_word' id='word_1_220' title='bbox 814 3088 1052 3152; x_wconf 68' lang='lat' dir='ltr'><strong>[latiOne</strong></span> <span class='ocrx_word' id='word_1_221' title='bbox 1082 3100 1461 3145; x_wconf 87' lang='lat' dir='ltr'><strong>creaturarum</strong></span> <span class='ocrx_word' id='word_1_222' title='bbox 1482 3092 1506 3145; x_wconf 71' lang='grc'><strong><em>2</em></strong></span> <span class='ocrx_word' id='word_1_223' title='bbox 1525 3094 1803 3158; x_wconf 81' lang='lat' dir='ltr'><strong>Quantum</strong></span> <span class='ocrx_word' id='word_1_224' title='bbox 1831 3095 1952 3150; x_wconf 88' lang='lat' dir='ltr'><strong>inde</strong></span> <span class='ocrx_word' id='word_1_225' title='bbox 1970 3106 2147 3163; x_wconf 86' lang='lat' dir='ltr'><strong>turpet</strong></span> <span class='ocrx_word' id='word_1_226' title='bbox 2169 3101 2380 3154; x_wconf 85' lang='lat' dir='ltr'><strong>anima!</strong></span> 
     </span>
    </p>
   </div>
   <div class='ocr_carea' id='block_1_32' title="bbox 811 3175 2385 3246">
    <p class='ocr_par' dir='ltr' id='par_1_32' title="bbox 811 3175 2385 3246">
     <span class='ocr_line' id='line_1_32' title="bbox 811 3175 2385 3246; baseline 0.01 -17"><span class='ocrx_word' id='word_1_227' title='bbox 811 3175 1087 3243; x_wconf 81' lang='lat' dir='ltr'><strong>Quantum</strong></span> <span class='ocrx_word' id='word_1_228' title='bbox 1122 3179 1245 3235; x_wconf 85' lang='lat' dir='ltr'><strong>inde</strong></span> <span class='ocrx_word' id='word_1_229' title='bbox 1279 3184 1623 3238; x_wconf 81' lang='lat' dir='ltr'><strong>conteritur!</strong></span> <span class='ocrx_word' id='word_1_230' title='bbox 1658 3187 1762 3240; x_wconf 87' lang='lat' dir='ltr'><strong>nisi</strong></span> <span class='ocrx_word' id='word_1_231' title='bbox 1804 3188 1968 3241; x_wconf 89' lang='lat' dir='ltr'><strong>etiam</strong></span> <span class='ocrx_word' id='word_1_232' title='bbox 2004 3189 2131 3245; x_wconf 89' lang='lat' dir='ltr'><strong>inde</strong></span> <span class='ocrx_word' id='word_1_233' title='bbox 2169 3202 2385 3246; x_wconf 81' lang='lat' dir='ltr'><strong>crescat</strong></span> 
     </span>
    </p>
   </div>
   <div class='ocr_carea' id='block_1_33' title="bbox 814 3272 2387 3362">
    <p class='ocr_par' dir='ltr' id='par_1_33' title="bbox 814 3272 2387 3362">
     <span class='ocr_line' id='line_1_33' title="bbox 814 3272 2387 3362; baseline 0.011 -40"><span class='ocrx_word' id='word_1_234' title='bbox 814 3272 1494 3362; x_wconf 66' lang='lat' dir='ltr'><strong>presumptio,impiaque</strong></span> <span class='ocrx_word' id='word_1_235' title='bbox 1528 3280 1746 3348; x_wconf 81' lang='lat' dir='ltr'><strong>superbi</strong></span> <span class='ocrx_word' id='word_1_236' title='bbox 1780 3282 2127 3338; x_wconf 83' lang='lat' dir='ltr'><strong>tenebrarum</strong></span> <span class='ocrx_word' id='word_1_237' title='bbox 2159 3286 2387 3354; x_wconf 89' lang='lat' dir='ltr'><strong>spiritus</strong></span> 
     </span>
    </p>
   </div>
   <div class='ocr_carea' id='block_1_34' title="bbox 2494 785 4065 871">
    <p class='ocr_par' dir='ltr' id='par_1_34' title="bbox 2494 785 4065 871">
     <span class='ocr_line' id='line_1_34' title="bbox 2494 785 4065 871; baseline 0.01 -32"><span class='ocrx_word' id='word_1_238' title='bbox 2494 785 2692 859; x_wconf 80' lang='grc' dir='ltr'><strong>φθορᾷ,</strong></span> <span class='ocrx_word' id='word_1_239' title='bbox 2724 790 2869 845; x_wconf 88' lang='grc' dir='ltr'><strong>καθά</strong></span> <span class='ocrx_word' id='word_1_240' title='bbox 2902 808 3007 844; x_wconf 88' lang='grc' dir='ltr'><strong>που</strong></span> <span class='ocrx_word' id='word_1_241' title='bbox 3046 794 3140 847; x_wconf 74' lang='grc' dir='ltr'>καὶ</span> <span class='ocrx_word' id='word_1_242' title='bbox 3192 795 3405 858; x_wconf 77' lang='grc' dir='ltr'><strong>Παῦλος</strong></span> <span class='ocrx_word' id='word_1_243' title='bbox 3452 800 3584 867; x_wconf 74' lang='grc' dir='ltr'>περὶ</span> <span class='ocrx_word' id='word_1_244' title='bbox 3628 800 3819 854; x_wconf 88' lang='grc' dir='ltr'>τούτου</span> <span class='ocrx_word' id='word_1_245' title='bbox 3886 803 4065 871; x_wconf 81' lang='grc' dir='ltr'>φησὶ,</span> 
     </span>
    </p>
   </div>
   <div class='ocr_carea' id='block_1_35' title="bbox 2497 880 4063 963">
    <p class='ocr_par' dir='ltr' id='par_1_35' title="bbox 2497 880 4063 963">
     <span class='ocr_line' id='line_1_35' title="bbox 2497 880 4063 963; baseline 0.009 -32"><span class='ocrx_word' id='word_1_246' title='bbox 2497 898 2515 931; x_wconf 83' lang='grc' dir='ltr'><strong>ι</strong></span> <span class='ocrx_word' id='word_1_247' title='bbox 2554 880 2633 951; x_wconf 77' lang='grc' dir='ltr'><strong>Τῇ</strong></span> <span class='ocrx_word' id='word_1_248' title='bbox 2668 882 2779 950; x_wconf 86' lang='grc' dir='ltr'><strong>γὰρ</strong></span> <span class='ocrx_word' id='word_1_249' title='bbox 2832 886 3155 953; x_wconf 77' lang='grc' dir='ltr'><strong>ματαιότητι</strong></span> <span class='ocrx_word' id='word_1_250' title='bbox 3184 889 3215 955; x_wconf 77' lang='grc' dir='ltr'>ἡ</span> <span class='ocrx_word' id='word_1_251' title='bbox 3246 888 3425 951; x_wconf 85' lang='grc' dir='ltr'>κτίσις</span> <span class='ocrx_word' id='word_1_252' title='bbox 3479 891 3749 963; x_wconf 77' lang='grc' dir='ltr'>ὑπετάγη,</span> <span class='ocrx_word' id='word_1_253' title='bbox 3790 912 3806 943; x_wconf 75' lang='grc' dir='ltr'><strong>ι</strong></span> <span class='ocrx_word' id='word_1_254' title='bbox 3867 893 4063 961; x_wconf 82' lang='grc' dir='ltr'>λέγων,</span> 
     </span>
    </p>
   </div>
   <div class='ocr_carea' id='block_1_36' title="bbox 2495 973 4061 1047">
    <p class='ocr_par' dir='ltr' id='par_1_36' title="bbox 2495 973 4061 1047">
     <span class='ocr_line' id='line_1_36' title="bbox 2495 973 4061 1047; baseline 0.013 -25"><span class='ocrx_word' id='word_1_255' title='bbox 2495 989 2515 1021; x_wconf 85' lang='grc' dir='ltr'><strong>ε</strong></span> <span class='ocrx_word' id='word_1_256' title='bbox 2548 973 2646 1041; x_wconf 83' lang='grc' dir='ltr'>οὐχ</span> <span class='ocrx_word' id='word_1_257' title='bbox 2680 974 2904 1039; x_wconf 65' lang='grc' dir='ltr'>ἑκοῦσα,</span> <span class='ocrx_word' id='word_1_258' title='bbox 2936 977 3070 1030; x_wconf 83' lang='grc' dir='ltr'><strong>ἀλλά</strong></span> <span class='ocrx_word' id='word_1_259' title='bbox 3092 980 3179 1030; x_wconf 66' lang='grc' dir='ltr'><strong>διὰ</strong></span> <span class='ocrx_word' id='word_1_260' title='bbox 3206 982 3296 1032; x_wconf 76' lang='grc' dir='ltr'>τ³ιν</span> <span class='ocrx_word' id='word_1_261' title='bbox 3318 981 3664 1047; x_wconf 77' lang='grc' dir='ltr'>ὑποτάξαντα</span> <span class='ocrx_word' id='word_1_262' title='bbox 3694 986 3781 1038; x_wconf 68' lang='grc' dir='ltr'><strong>ἐπ’</strong></span> <span class='ocrx_word' id='word_1_263' title='bbox 3808 984 3986 1039; x_wconf 68' lang='grc' dir='ltr'>ἑλπίδι</span> <span class='ocrx_word' id='word_1_264' title='bbox 4015 1006 4061 1042; x_wconf 75' lang='grc' dir='ltr'>ι.</span> 
     </span>
    </p>
   </div>
   <div class='ocr_carea' id='block_1_37' title="bbox 2500 1053 4066 1148">
    <p class='ocr_par' dir='ltr' id='par_1_37' title="bbox 2500 1053 4066 1148">
     <span class='ocr_line' id='line_1_37' title="bbox 2500 1053 4066 1148; baseline 0.008 -33"><span class='ocrx_word' id='word_1_265' title='bbox 2500 1062 2562 1115; x_wconf 89' lang='lat'><strong>&#39;0</strong></span> <span class='ocrx_word' id='word_1_266' title='bbox 2594 1064 2651 1116; x_wconf 80' lang='grc' dir='ltr'><strong>δέ</strong></span> <span class='ocrx_word' id='word_1_267' title='bbox 2691 1082 2753 1133; x_wconf 88' lang='grc' dir='ltr'><strong>γε</strong></span> <span class='ocrx_word' id='word_1_268' title='bbox 2789 1067 3049 1131; x_wconf 82' lang='grc' dir='ltr'>ἀσύνετος</span> <span class='ocrx_word' id='word_1_269' title='bbox 3080 1053 3349 1141; x_wconf 83' lang='grc' dir='ltr'>Βαρλαάμ</span> <span class='ocrx_word' id='word_1_270' title='bbox 3378 1073 3501 1125; x_wconf 78' lang='grc' dir='ltr'>νοῦν</span> <span class='ocrx_word' id='word_1_271' title='bbox 3556 1076 3647 1127; x_wconf 51' lang='grc' dir='ltr'>τίον</span> <span class='ocrx_word' id='word_1_272' title='bbox 3683 1078 3757 1145; x_wconf 73' lang='grc' dir='ltr'>μὴ</span> <span class='ocrx_word' id='word_1_273' title='bbox 3794 1079 3921 1148; x_wconf 67' lang='grc' dir='ltr'>περὶ</span> <span class='ocrx_word' id='word_1_274' title='bbox 3955 1077 4066 1130; x_wconf 85' lang='grc' dir='ltr'><strong>τῶν</strong></span> 
     </span>
    </p>
   </div>
   <div class='ocr_carea' id='block_1_38' title="bbox 2492 1154 4069 1237">
    <p class='ocr_par' dir='ltr' id='par_1_38' title="bbox 2492 1154 4069 1237">
     <span class='ocr_line' id='line_1_38' title="bbox 2492 1154 4069 1237; baseline 0.01 -27"><span class='ocrx_word' id='word_1_275' title='bbox 2492 1158 2834 1229; x_wconf 82' lang='grc' dir='ltr'><strong>μαθημάτων</strong></span> <span class='ocrx_word' id='word_1_276' title='bbox 2891 1154 3001 1215; x_wconf 86' lang='grc' dir='ltr'><strong>τῶν</strong></span> <span class='ocrx_word' id='word_1_277' title='bbox 3056 1166 3321 1235; x_wconf 69' lang='grc' dir='ltr'>ἐντέχνων</span> <span class='ocrx_word' id='word_1_278' title='bbox 3374 1168 3554 1221; x_wconf 70' lang='grc' dir='ltr'>εἰδότα</span> <span class='ocrx_word' id='word_1_279' title='bbox 3615 1168 3740 1223; x_wconf 83' lang='grc' dir='ltr'><strong>νοῦν</strong></span> <span class='ocrx_word' id='word_1_280' title='bbox 3794 1172 3986 1237; x_wconf 79' lang='grc' dir='ltr'>ἀλογον</span> <span class='ocrx_word' id='word_1_281' title='bbox 4038 1174 4069 1225; x_wconf 72' lang='grc' dir='ltr'><em>ὁ</em></span> 
     </span>
    </p>
   </div>
   <div class='ocr_carea' id='block_1_39' title="bbox 2487 1248 4065 1329">
    <p class='ocr_par' dir='ltr' id='par_1_39' title="bbox 2487 1248 4065 1329">
     <span class='ocr_line' id='line_1_39' title="bbox 2487 1248 4065 1329; baseline 0.006 -24"><span class='ocrx_word' id='word_1_282' title='bbox 2487 1248 2717 1317; x_wconf 64' lang='lat' dir='ltr'><strong>sanam;</strong></span> <span class='ocrx_word' id='word_1_283' title='bbox 2740 1254 3005 1308; x_wconf 75' lang='grc' dir='ltr'><strong>ἀπεκάλει</strong></span> <span class='ocrx_word' id='word_1_284' title='bbox 3034 1260 3125 1310; x_wconf 69' lang='grc' dir='ltr'>καλ.</span> <span class='ocrx_word' id='word_1_285' title='bbox 3148 1259 3444 1317; x_wconf 71' lang='grc' dir='ltr'>σκοτεινὸν,</span> <span class='ocrx_word' id='word_1_286' title='bbox 3473 1262 3547 1329; x_wconf 78' lang='grc' dir='ltr'>μὴ</span> <span class='ocrx_word' id='word_1_287' title='bbox 3572 1259 3725 1323; x_wconf 84' lang='grc' dir='ltr'>εἰδὼς</span> <span class='ocrx_word' id='word_1_288' title='bbox 3752 1264 3779 1314; x_wconf 75' lang='grc' dir='ltr'>ὁ</span> <span class='ocrx_word' id='word_1_289' title='bbox 3812 1264 4065 1329; x_wconf 68' lang='grc' dir='ltr'>ματαιος,</span> 
     </span>
    </p>
   </div>
   <div class='ocr_carea' id='block_1_40' title="bbox 2487 1341 4068 1420">
    <p class='ocr_par' dir='ltr' id='par_1_40' title="bbox 2487 1341 4068 1420">
     <span class='ocr_line' id='line_1_40' title="bbox 2487 1341 4068 1420; baseline 0.009 -28"><span class='ocrx_word' id='word_1_290' title='bbox 2487 1341 2562 1404; x_wconf 86' lang='grc' dir='ltr'>ὡς</span> <span class='ocrx_word' id='word_1_291' title='bbox 2593 1345 2767 1395; x_wconf 82' lang='grc' dir='ltr'>ταῦτα</span> <span class='ocrx_word' id='word_1_292' title='bbox 2809 1346 2909 1412; x_wconf 72' lang='grc' dir='ltr'>μὶν</span> <span class='ocrx_word' id='word_1_293' title='bbox 2963 1346 3029 1399; x_wconf 84' lang='grc' dir='ltr'><strong>δι’</strong></span> <span class='ocrx_word' id='word_1_294' title='bbox 3060 1349 3228 1416; x_wconf 80' lang='grc' dir='ltr'>ἡμᾶς,</span> <span class='ocrx_word' id='word_1_295' title='bbox 3264 1350 3360 1401; x_wconf 79' lang='grc' dir='ltr'>καὶ</span> <span class='ocrx_word' id='word_1_296' title='bbox 3412 1350 3499 1403; x_wconf 78' lang='grc' dir='ltr'>ἵνα</span> <span class='ocrx_word' id='word_1_297' title='bbox 3555 1352 3625 1404; x_wconf 72' lang='grc' dir='ltr'><strong>τὰ</strong></span> <span class='ocrx_word' id='word_1_298' title='bbox 3651 1351 3759 1405; x_wconf 87' lang='grc' dir='ltr'>’τοῦ</span> <span class='ocrx_word' id='word_1_299' title='bbox 3814 1350 4068 1420; x_wconf 80' lang='grc' dir='ltr'>σώματος</span> 
     </span>
    </p>
   </div>
   <div class='ocr_carea' id='block_1_41' title="bbox 2440 1434 4066 1513">
    <p class='ocr_par' dir='ltr' id='par_1_41' title="bbox 2440 1434 4066 1513">
     <span class='ocr_line' id='line_1_41' title="bbox 2440 1434 4066 1513; baseline 0.007 -27"><span class='ocrx_word' id='word_1_300' title='bbox 2440 1505 2447 1512; x_wconf 38' lang='grc'><strong><em>.</em></strong></span> <span class='ocrx_word' id='word_1_301' title='bbox 2487 1434 2778 1503; x_wconf 76' lang='grc' dir='ltr'>διοικῆται,</span> <span class='ocrx_word' id='word_1_302' title='bbox 2808 1438 2901 1489; x_wconf 75' lang='grc' dir='ltr'><strong>καὶ</strong></span> <span class='ocrx_word' id='word_1_303' title='bbox 2932 1439 3010 1499; x_wconf 82' lang='grc' dir='ltr'><strong>είς</strong></span> <span class='ocrx_word' id='word_1_304' title='bbox 3043 1439 3243 1509; x_wconf 84' lang='grc' dir='ltr'>χρῆσιν</span> <span class='ocrx_word' id='word_1_305' title='bbox 3288 1435 3389 1494; x_wconf 80' lang='grc' dir='ltr'>ὦσι</span> <span class='ocrx_word' id='word_1_306' title='bbox 3426 1442 3524 1511; x_wconf 84' lang='grc' dir='ltr'>τῆς</span> <span class='ocrx_word' id='word_1_307' title='bbox 3579 1444 3863 1513; x_wconf 80' lang='grc' dir='ltr'>παρούσης</span> <span class='ocrx_word' id='word_1_308' title='bbox 3907 1446 4066 1513; x_wconf 78' lang='grc' dir='ltr'>ἡμῶν</span> 
     </span>
    </p>
   </div>
   <div class='ocr_carea' id='block_1_42' title="bbox 2488 1523 4067 1604">
    <p class='ocr_par' dir='ltr' id='par_1_42' title="bbox 2488 1523 4067 1604">
     <span class='ocr_line' id='line_1_42' title="bbox 2488 1523 4067 1604; baseline 0.006 -25"><span class='ocrx_word' id='word_1_309' title='bbox 2488 1523 2655 1595; x_wconf 77' lang='grc' dir='ltr'>ζωῆς,</span> <span class='ocrx_word' id='word_1_310' title='bbox 2688 1528 2853 1598; x_wconf 75' lang='grc' dir='ltr'>ἕτερα</span> <span class='ocrx_word' id='word_1_311' title='bbox 2878 1529 2923 1584; x_wconf 82' lang='grc' dir='ltr'><strong>δ’</strong></span> <span class='ocrx_word' id='word_1_312' title='bbox 2952 1532 3057 1583; x_wconf 75' lang='grc' dir='ltr'>είσὶ</span> <span class='ocrx_word' id='word_1_313' title='bbox 3088 1531 3157 1584; x_wconf 81' lang='grc' dir='ltr'>τὰ</span> <span class='ocrx_word' id='word_1_314' title='bbox 3191 1532 3298 1599; x_wconf 80' lang='grc' dir='ltr'>πρὸ</span> <span class='ocrx_word' id='word_1_315' title='bbox 3332 1534 3642 1604; x_wconf 75' lang='grc' dir='ltr'>καταδολῆς</span> <span class='ocrx_word' id='word_1_316' title='bbox 3666 1535 3871 1603; x_wconf 68' lang='grc' dir='ltr'>κόσμου</span> <span class='ocrx_word' id='word_1_317' title='bbox 3918 1538 4067 1604; x_wconf 77' lang='grc' dir='ltr'>ἡτοιο</span> 
     </span>
    </p>
   </div>
   <div class='ocr_carea' id='block_1_43' title="bbox 2489 1602 4063 1696">
    <p class='ocr_par' dir='ltr' id='par_1_43' title="bbox 2489 1602 4063 1696">
     <span class='ocr_line' id='line_1_43' title="bbox 2489 1602 4063 1696; baseline 0.007 -27"><span class='ocrx_word' id='word_1_318' title='bbox 2489 1619 2745 1687; x_wconf 84' lang='grc' dir='ltr'>μασμένα</span> <span class='ocrx_word' id='word_1_319' title='bbox 2773 1621 2903 1689; x_wconf 75' lang='grc' dir='ltr'>ἡμῖν</span> <span class='ocrx_word' id='word_1_320' title='bbox 2951 1623 3105 1694; x_wconf 71' lang='grc' dir='ltr'>παρὰ</span> <span class='ocrx_word' id='word_1_321' title='bbox 3132 1623 3225 1677; x_wconf 91' lang='grc' dir='ltr'><strong>τοῦ</strong></span> <span class='ocrx_word' id='word_1_322' title='bbox 3258 1624 3416 1691; x_wconf 86' lang='grc' dir='ltr'>Θεοῦ,</span> <span class='ocrx_word' id='word_1_323' title='bbox 3446 1602 3536 1688; x_wconf 45' lang='grc' dir='ltr'><strong>ὡς.</strong></span> <span class='ocrx_word' id='word_1_324' title='bbox 3557 1602 3720 1690; x_wconf 75' lang='grc' dir='ltr'>αὑτὸς</span> <span class='ocrx_word' id='word_1_325' title='bbox 3750 1602 3866 1696; x_wconf 59' lang='lat' dir='ltr'><strong>ipsi</strong></span> <span class='ocrx_word' id='word_1_326' title='bbox 3891 1602 4013 1680; x_wconf 70' lang='grc' dir='ltr'>τοτε</span> <span class='ocrx_word' id='word_1_327' title='bbox 4047 1644 4063 1660; x_wconf 87' lang='grc'><strong>·</strong></span> 
     </span>
    </p>
   </div>
   <div class='ocr_carea' id='block_1_44' title="bbox 2494 1708 4067 1791">
    <p class='ocr_par' dir='ltr' id='par_1_44' title="bbox 2494 1708 4067 1791">
     <span class='ocr_line' id='line_1_44' title="bbox 2494 1708 4067 1791; baseline 0.008 -30"><span class='ocrx_word' id='word_1_328' title='bbox 2494 1725 2513 1761; x_wconf 84' lang='grc' dir='ltr'><strong>ε</strong></span> <span class='ocrx_word' id='word_1_329' title='bbox 2537 1708 2726 1776; x_wconf 90' lang='grc' dir='ltr'>Δεῦτε,</span> <span class='ocrx_word' id='word_1_330' title='bbox 2748 1714 2796 1765; x_wconf 76' lang='lat' dir='ltr'><strong>oi</strong></span> <span class='ocrx_word' id='word_1_331' title='bbox 2824 1712 3195 1787; x_wconf 76' lang='grc' dir='ltr'>εὐλογημένοι</span> <span class='ocrx_word' id='word_1_332' title='bbox 3213 1716 3306 1768; x_wconf 91' lang='grc' dir='ltr'><strong>τοῦ</strong></span> <span class='ocrx_word' id='word_1_333' title='bbox 3337 1717 3549 1786; x_wconf 80' lang='grc' dir='ltr'><strong>Πατρός</strong></span> <span class='ocrx_word' id='word_1_334' title='bbox 3577 1735 3701 1788; x_wconf 85' lang='grc' dir='ltr'>μου,</span> <span class='ocrx_word' id='word_1_335' title='bbox 3727 1720 4067 1791; x_wconf 75' lang='grc' dir='ltr'>κληρονομή-</span> 
     </span>
    </p>
   </div>
   <div class='ocr_carea' id='block_1_45' title="bbox 2488 1800 4061 1877">
    <p class='ocr_par' dir='ltr' id='par_1_45' title="bbox 2488 1800 4061 1877">
     <span class='ocr_line' id='line_1_45' title="bbox 2488 1800 4061 1877; baseline 0.009 -28"><span class='ocrx_word' id='word_1_336' title='bbox 2488 1814 2617 1852; x_wconf 84' lang='grc' dir='ltr'>σατε</span> <span class='ocrx_word' id='word_1_337' title='bbox 2671 1800 2771 1871; x_wconf 77' lang='grc' dir='ltr'>τὴν</span> <span class='ocrx_word' id='word_1_338' title='bbox 2819 1805 3237 1875; x_wconf 73' lang='grc' dir='ltr'>ἡτοιμασμένην</span> <span class='ocrx_word' id='word_1_339' title='bbox 3268 1807 3398 1875; x_wconf 78' lang='grc' dir='ltr'>ὑμῖν</span> <span class='ocrx_word' id='word_1_340' title='bbox 3435 1807 3712 1877; x_wconf 81' lang='grc' dir='ltr'>βασιλείαν</span> <span class='ocrx_word' id='word_1_341' title='bbox 3746 1812 3853 1864; x_wconf 68' lang='grc' dir='ltr'><strong>ἀπὸ</strong></span> <span class='ocrx_word' id='word_1_342' title='bbox 3895 1828 4061 1863; x_wconf 83' lang='grc' dir='ltr'>κατα-</span> 
     </span>
    </p>
   </div>
   <div class='ocr_carea' id='block_1_46' title="bbox 2488 1891 4062 1972">
    <p class='ocr_par' dir='ltr' id='par_1_46' title="bbox 2488 1891 4062 1972">
     <span class='ocr_line' id='line_1_46' title="bbox 2488 1891 4062 1972; baseline 0.008 -30"><span class='ocrx_word' id='word_1_343' title='bbox 2488 1891 2652 1963; x_wconf 71' lang='grc' dir='ltr'>ϐολῆς</span> <span class='ocrx_word' id='word_1_344' title='bbox 2685 1896 2911 1963; x_wconf 72' lang='grc' dir='ltr'>κόσμου.</span> <span class='ocrx_word' id='word_1_345' title='bbox 2943 1916 2961 1948; x_wconf 77' lang='grc' dir='ltr'><strong>ι</strong></span> <span class='ocrx_word' id='word_1_346' title='bbox 3004 1899 3083 1952; x_wconf 90' lang='grc' dir='ltr'><strong>Τά</strong></span> <span class='ocrx_word' id='word_1_347' title='bbox 3112 1899 3166 1951; x_wconf 79' lang='grc' dir='ltr'>δὲ</span> <span class='ocrx_word' id='word_1_348' title='bbox 3200 1899 3299 1968; x_wconf 86' lang='grc' dir='ltr'>τῆς</span> <span class='ocrx_word' id='word_1_349' title='bbox 3323 1901 3599 1969; x_wconf 88' lang='grc' dir='ltr'>βασιλείας</span> <span class='ocrx_word' id='word_1_350' title='bbox 3620 1902 3830 1972; x_wconf 78' lang='grc' dir='ltr'><strong>ἐκείνης</strong></span> <span class='ocrx_word' id='word_1_351' title='bbox 3861 1903 4062 1969; x_wconf 62' lang='grc' dir='ltr'>ἀγαθὰ,</span> 
     </span>
    </p>
   </div>
   <div class='ocr_carea' id='block_1_47' title="bbox 2489 1985 4062 2061">
    <p class='ocr_par' dir='ltr' id='par_1_47' title="bbox 2489 1985 4062 2061">
     <span class='ocr_line' id='line_1_47' title="bbox 2489 1985 4062 2061; baseline 0.008 -25"><span class='ocrx_word' id='word_1_352' title='bbox 2489 1988 2625 2051; x_wconf 76' lang='grc' dir='ltr'>φησὶ</span> <span class='ocrx_word' id='word_1_353' title='bbox 2661 1985 2897 2050; x_wconf 86' lang='grc' dir='ltr'>Παῦλος,</span> <span class='ocrx_word' id='word_1_354' title='bbox 2925 1989 3173 2053; x_wconf 86' lang='grc' dir='ltr'>τοιαῦτα,</span> <span class='ocrx_word' id='word_1_355' title='bbox 3201 1991 3284 2043; x_wconf 87' lang='grc' dir='ltr'>ὄτι</span> <span class='ocrx_word' id='word_1_356' title='bbox 3320 2011 3339 2043; x_wconf 83' lang='grc' dir='ltr'><strong>ε</strong></span> <span class='ocrx_word' id='word_1_357' title='bbox 3390 1993 3702 2061; x_wconf 79' lang='grc' dir='ltr'>Ὀφθαλμὸς</span> <span class='ocrx_word' id='word_1_358' title='bbox 3755 1993 3928 2048; x_wconf 85' lang='grc' dir='ltr'>ταῦτα</span> <span class='ocrx_word' id='word_1_359' title='bbox 3964 1997 4062 2047; x_wconf 78' lang='grc' dir='ltr'>οὐκ</span> 
     </span>
    </p>
   </div>
   <div class='ocr_carea' id='block_1_48' title="bbox 2487 2074 4065 2154">
    <p class='ocr_par' dir='ltr' id='par_1_48' title="bbox 2487 2074 4065 2154">
     <span class='ocr_line' id='line_1_48' title="bbox 2487 2074 4065 2154; baseline 0.006 -25"><span class='ocrx_word' id='word_1_360' title='bbox 2487 2074 2617 2141; x_wconf 75' lang='grc' dir='ltr'>οἶδε,</span> <span class='ocrx_word' id='word_1_361' title='bbox 2653 2082 2745 2132; x_wconf 75' lang='grc' dir='ltr'>καὶ</span> <span class='ocrx_word' id='word_1_362' title='bbox 2773 2078 2865 2143; x_wconf 74' lang='grc' dir='ltr'>οὖς</span> <span class='ocrx_word' id='word_1_363' title='bbox 2903 2082 3003 2134; x_wconf 89' lang='grc' dir='ltr'><strong>ούκ</strong></span> <span class='ocrx_word' id='word_1_364' title='bbox 3034 2084 3257 2153; x_wconf 73' lang='grc' dir='ltr'>ἢκουσε,</span> <span class='ocrx_word' id='word_1_365' title='bbox 3309 2085 3404 2138; x_wconf 72' lang='grc' dir='ltr'>καὶ</span> <span class='ocrx_word' id='word_1_366' title='bbox 3466 2087 3557 2137; x_wconf 76' lang='grc' dir='ltr'><strong>ἐπὶ</strong></span> <span class='ocrx_word' id='word_1_367' title='bbox 3589 2087 3815 2154; x_wconf 79' lang='grc' dir='ltr'>καρδίαν</span> <span class='ocrx_word' id='word_1_368' title='bbox 3854 2086 4065 2154; x_wconf 80' lang='grc' dir='ltr'>ἀνθρώ-</span> 
     </span>
    </p>
   </div>
   <div class='ocr_carea' id='block_1_49' title="bbox 2488 2174 4064 2246">
    <p class='ocr_par' dir='ltr' id='par_1_49' title="bbox 2488 2174 4064 2246">
     <span class='ocr_line' id='line_1_49' title="bbox 2488 2174 4064 2246; baseline 0.006 -22"><span class='ocrx_word' id='word_1_369' title='bbox 2488 2187 2591 2225; x_wconf 83' lang='grc' dir='ltr'><strong>που</strong></span> <span class='ocrx_word' id='word_1_370' title='bbox 2623 2174 2723 2226; x_wconf 79' lang='grc' dir='ltr'>οὐκ</span> <span class='ocrx_word' id='word_1_371' title='bbox 2747 2174 2937 2244; x_wconf 83' lang='grc' dir='ltr'>ἀνέὀη.</span> <span class='ocrx_word' id='word_1_372' title='bbox 2969 2174 3004 2229; x_wconf 83' lang='grc' dir='ltr'><strong>ἀ</strong></span> <span class='ocrx_word' id='word_1_373' title='bbox 3040 2177 3340 2245; x_wconf 71' lang='grc' dir='ltr'>ἡτοίμασεν</span> <span class='ocrx_word' id='word_1_374' title='bbox 3386 2180 3413 2231; x_wconf 82' lang='grc' dir='ltr'><em>ὁ</em></span> <span class='ocrx_word' id='word_1_375' title='bbox 3460 2178 3595 2241; x_wconf 83' lang='grc' dir='ltr'>Θεδς</span> <span class='ocrx_word' id='word_1_376' title='bbox 3632 2182 3742 2239; x_wconf 76' lang='grc' dir='ltr'>τοῖς</span> <span class='ocrx_word' id='word_1_377' title='bbox 3775 2181 4064 2246; x_wconf 78' lang='grc' dir='ltr'>ἀγαπῶσιν</span> 
     </span>
    </p>
   </div>
   <div class='ocr_carea' id='block_1_50' title="bbox 2488 2264 4061 2342">
    <p class='ocr_par' dir='ltr' id='par_1_50' title="bbox 2488 2264 4061 2342">
     <span class='ocr_line' id='line_1_50' title="bbox 2488 2264 4061 2342; baseline 0.005 -25"><span class='ocrx_word' id='word_1_378' title='bbox 2488 2264 2647 2317; x_wconf 73' lang='grc' dir='ltr'>αὐτόν</span> <span class='ocrx_word' id='word_1_379' title='bbox 2686 2285 2729 2319; x_wconf 76' lang='grc' dir='ltr'>ι.</span> <span class='ocrx_word' id='word_1_380' title='bbox 2772 2268 2877 2319; x_wconf 65' lang='lat' dir='ltr'><strong>Ka‘.</strong></span> <span class='ocrx_word' id='word_1_381' title='bbox 2898 2268 2975 2320; x_wconf 85' lang='grc' dir='ltr'>ὃτι</span> <span class='ocrx_word' id='word_1_382' title='bbox 3007 2268 3035 2320; x_wconf 77' lang='grc' dir='ltr'><strong><em>ὁ</em></strong></span> <span class='ocrx_word' id='word_1_383' title='bbox 3076 2270 3305 2337; x_wconf 77' lang='grc' dir='ltr'>οὐρανὸς</span> <span class='ocrx_word' id='word_1_384' title='bbox 3342 2274 3489 2342; x_wconf 71' lang='grc' dir='ltr'>καὶὴ</span> <span class='ocrx_word' id='word_1_385' title='bbox 3519 2275 3587 2341; x_wconf 76' lang='grc' dir='ltr'>γῆ</span> <span class='ocrx_word' id='word_1_386' title='bbox 3627 2273 4061 2341; x_wconf 60' lang='grc' dir='ltr'>παρελεύσονται</span> 
     </span>
    </p>
   </div>
   <div class='ocr_carea' id='block_1_51' title="bbox 2486 2358 4064 2435">
    <p class='ocr_par' dir='ltr' id='par_1_51' title="bbox 2486 2358 4064 2435">
     <span class='ocr_line' id='line_1_51' title="bbox 2486 2358 4064 2435; baseline 0.004 -24"><span class='ocrx_word' id='word_1_387' title='bbox 2486 2358 2729 2411; x_wconf 76' lang='grc' dir='ltr'>διδάσκει</span> <span class='ocrx_word' id='word_1_388' title='bbox 2754 2360 2781 2410; x_wconf 82' lang='grc' dir='ltr'><strong>ὁ</strong></span> <span class='ocrx_word' id='word_1_389' title='bbox 2808 2360 3030 2430; x_wconf 81' lang='grc' dir='ltr'>Κύριος.</span> <span class='ocrx_word' id='word_1_390' title='bbox 3063 2363 3174 2414; x_wconf 81' lang='grc' dir='ltr'><strong>Καὶ</strong></span> <span class='ocrx_word' id='word_1_391' title='bbox 3202 2364 3263 2416; x_wconf 85' lang='grc' dir='ltr'><strong>ού</strong></span> <span class='ocrx_word' id='word_1_392' title='bbox 3292 2362 3374 2417; x_wconf 77' lang='grc' dir='ltr'>δεῖ</span> <span class='ocrx_word' id='word_1_393' title='bbox 3398 2366 3523 2433; x_wconf 76' lang='grc' dir='ltr'>περὶ</span> <span class='ocrx_word' id='word_1_394' title='bbox 3550 2364 3657 2418; x_wconf 82' lang='grc' dir='ltr'><strong>τῶν</strong></span> <span class='ocrx_word' id='word_1_395' title='bbox 3710 2364 4064 2435; x_wconf 82' lang='grc' dir='ltr'>βλεπομένων</span> 
     </span>
    </p>
   </div>
   <div class='ocr_carea' id='block_1_52' title="bbox 2486 2451 4061 2544">
    <p class='ocr_par' dir='ltr' id='par_1_52' title="bbox 2486 2451 4061 2544">
     <span class='ocr_line' id='line_1_52' title="bbox 2486 2451 4061 2544; baseline 0.005 -43"><span class='ocrx_word' id='word_1_396' title='bbox 2486 2453 2657 2519; x_wconf 75' lang='grc' dir='ltr'>ἡμᾶς,</span> <span class='ocrx_word' id='word_1_397' title='bbox 2695 2451 2904 2513; x_wconf 70' lang='grc' dir='ltr'>Παῦλος</span> <span class='ocrx_word' id='word_1_398' title='bbox 2939 2470 3094 2521; x_wconf 83' lang='grc' dir='ltr'>φησι,</span> <span class='ocrx_word' id='word_1_399' title='bbox 3137 2458 3431 2525; x_wconf 81' lang='grc' dir='ltr'>μεριμνᾷν.</span> <span class='ocrx_word' id='word_1_400' title='bbox 3467 2456 3548 2511; x_wconf 70' lang='grc' dir='ltr'><strong>Τὰ</strong></span> <span class='ocrx_word' id='word_1_401' title='bbox 3602 2456 3711 2527; x_wconf 76' lang='grc' dir='ltr'><strong>γὰρ</strong></span> <span class='ocrx_word' id='word_1_402' title='bbox 3751 2456 4061 2544; x_wconf 57' lang='grc' dir='ltr'>βλεπόμενα</span> 
     </span>
    </p>
   </div>
   <div class='ocr_carea' id='block_1_53' title="bbox 2487 2544 4063 2616">
    <p class='ocr_par' dir='ltr' id='par_1_53' title="bbox 2487 2544 4063 2616">
     <span class='ocr_line' id='line_1_53' title="bbox 2487 2544 4063 2616; baseline 0.004 -21"><span class='ocrx_word' id='word_1_403' title='bbox 2487 2544 2818 2613; x_wconf 78' lang='grc' dir='ltr'>πρόσκαιρα,</span> <span class='ocrx_word' id='word_1_404' title='bbox 2844 2546 2911 2596; x_wconf 66' lang='grc' dir='ltr'>τι</span> <span class='ocrx_word' id='word_1_405' title='bbox 2942 2546 2997 2598; x_wconf 75' lang='grc' dir='ltr'><strong>δὲ</strong></span> <span class='ocrx_word' id='word_1_406' title='bbox 3031 2546 3105 2615; x_wconf 84' lang='grc' dir='ltr'>μὴ</span> <span class='ocrx_word' id='word_1_407' title='bbox 3144 2547 3453 2616; x_wconf 70' lang='grc' dir='ltr'>βλεπόμενα</span> <span class='ocrx_word' id='word_1_408' title='bbox 3503 2549 3719 2603; x_wconf 79' lang='grc' dir='ltr'>αἰώνια.</span> <span class='ocrx_word' id='word_1_409' title='bbox 3756 2550 3863 2603; x_wconf 82' lang='lat' dir='ltr'><strong>Kal.</strong></span> <span class='ocrx_word' id='word_1_410' title='bbox 3917 2552 3944 2603; x_wconf 81' lang='grc' dir='ltr'><strong>ὀ</strong></span> <span class='ocrx_word' id='word_1_411' title='bbox 3973 2551 4063 2602; x_wconf 81' lang='grc' dir='ltr'>ού-</span> 
     </span>
    </p>
   </div>
   <div class='ocr_carea' id='block_1_54' title="bbox 2492 2638 4061 2711">
    <p class='ocr_par' dir='ltr' id='par_1_54' title="bbox 2492 2638 4061 2711">
     <span class='ocr_line' id='line_1_54' title="bbox 2492 2638 4061 2711; baseline 0.004 -24"><span class='ocrx_word' id='word_1_412' title='bbox 2492 2638 2651 2706; x_wconf 82' lang='grc' dir='ltr'>ρανδς</span> <span class='ocrx_word' id='word_1_413' title='bbox 2680 2638 3031 2708; x_wconf 76' lang='grc' dir='ltr'>είληθήσεται</span> <span class='ocrx_word' id='word_1_414' title='bbox 3063 2641 3138 2699; x_wconf 83' lang='grc' dir='ltr'>ὡς</span> <span class='ocrx_word' id='word_1_415' title='bbox 3186 2640 3410 2709; x_wconf 77' lang='grc' dir='ltr'>βιϐλίον.</span> <span class='ocrx_word' id='word_1_416' title='bbox 3475 2643 3579 2693; x_wconf 87' lang='lat' dir='ltr'><strong>Kal.</strong></span> <span class='ocrx_word' id='word_1_417' title='bbox 3611 2641 3817 2710; x_wconf 88' lang='grc' dir='ltr'>Πέτρος</span> <span class='ocrx_word' id='word_1_418' title='bbox 3872 2645 4061 2711; x_wconf 71' lang='grc' dir='ltr'>φησὶν,</span> 
     </span>
    </p>
   </div>
   <div class='ocr_carea' id='block_1_55' title="bbox 2496 2730 4064 2805">
    <p class='ocr_par' dir='ltr' id='par_1_55' title="bbox 2496 2730 4064 2805">
     <span class='ocr_line' id='line_1_55' title="bbox 2496 2730 4064 2805; baseline 0.004 -24"><span class='ocrx_word' id='word_1_419' title='bbox 2496 2750 2512 2780; x_wconf 84' lang='grc' dir='ltr'><strong>ι</strong></span> <span class='ocrx_word' id='word_1_420' title='bbox 2548 2730 2783 2801; x_wconf 80' lang='grc' dir='ltr'>Οὐρανοὶ</span> <span class='ocrx_word' id='word_1_421' title='bbox 2818 2732 2917 2799; x_wconf 74' lang='grc' dir='ltr'>μὲν</span> <span class='ocrx_word' id='word_1_422' title='bbox 2953 2732 3201 2802; x_wconf 62' lang='grc' dir='ltr'>ροιζηὸὒν</span> <span class='ocrx_word' id='word_1_423' title='bbox 3239 2734 3695 2801; x_wconf 75' lang='grc' dir='ltr'>παρελεύσονται,</span> <span class='ocrx_word' id='word_1_424' title='bbox 3741 2739 3979 2805; x_wconf 78' lang='grc' dir='ltr'>στοιχεῖα</span> <span class='ocrx_word' id='word_1_425' title='bbox 4006 2736 4064 2790; x_wconf 76' lang='grc' dir='ltr'><strong>δὲ</strong></span> 
     </span>
    </p>
   </div>
   <div class='ocr_carea' id='block_1_56' title="bbox 2486 2822 4061 2899">
    <p class='ocr_par' dir='ltr' id='par_1_56' title="bbox 2486 2822 4061 2899">
     <span class='ocr_line' id='line_1_56' title="bbox 2486 2822 4061 2899; baseline 0.004 -24"><span class='ocrx_word' id='word_1_426' title='bbox 2486 2823 2841 2892; x_wconf 82' lang='grc' dir='ltr'>καυσούμενα</span> <span class='ocrx_word' id='word_1_427' title='bbox 2898 2822 3261 2892; x_wconf 77' lang='grc' dir='ltr'>λυθήσονται·</span> <span class='ocrx_word' id='word_1_428' title='bbox 3300 2829 3395 2877; x_wconf 70' lang='grc' dir='ltr'><strong>καὶ</strong></span> <span class='ocrx_word' id='word_1_429' title='bbox 3444 2830 3513 2895; x_wconf 78' lang='grc' dir='ltr'>γῆ</span> <span class='ocrx_word' id='word_1_430' title='bbox 3548 2830 3640 2880; x_wconf 70' lang='grc' dir='ltr'><strong>καὶ</strong></span> <span class='ocrx_word' id='word_1_431' title='bbox 3687 2830 3756 2881; x_wconf 68' lang='grc' dir='ltr'><strong>τὰ</strong></span> <span class='ocrx_word' id='word_1_432' title='bbox 3807 2830 3865 2882; x_wconf 77' lang='grc' dir='ltr'><strong>έν</strong></span> <span class='ocrx_word' id='word_1_433' title='bbox 3921 2830 4061 2899; x_wconf 74' lang='grc' dir='ltr'>αὐτῇ</span> 
     </span>
    </p>
   </div>
   <div class='ocr_carea' id='block_1_57' title="bbox 2487 2916 4062 2990">
    <p class='ocr_par' dir='ltr' id='par_1_57' title="bbox 2487 2916 4062 2990">
     <span class='ocr_line' id='line_1_57' title="bbox 2487 2916 4062 2990; baseline 0.005 -23"><span class='ocrx_word' id='word_1_434' title='bbox 2487 2916 2665 2970; x_wconf 82' lang='grc' dir='ltr'>πάντα</span> <span class='ocrx_word' id='word_1_435' title='bbox 2692 2919 3126 2983; x_wconf 80' lang='grc' dir='ltr'>κατακαήσεται.</span> <span class='ocrx_word' id='word_1_436' title='bbox 3160 2936 3176 2968; x_wconf 75' lang='grc' dir='ltr'><strong>ι</strong></span> <span class='ocrx_word' id='word_1_437' title='bbox 3216 2918 3437 2971; x_wconf 77' lang='grc' dir='ltr'>Τούτων</span> <span class='ocrx_word' id='word_1_438' title='bbox 3458 2920 3512 2972; x_wconf 76' lang='grc' dir='ltr'><strong>δὲ</strong></span> <span class='ocrx_word' id='word_1_439' title='bbox 3542 2921 3759 2973; x_wconf 72' lang='grc' dir='ltr'>πάντων</span> <span class='ocrx_word' id='word_1_440' title='bbox 3782 2923 4062 2990; x_wconf 80' lang='grc' dir='ltr'>λυομένων</span> 
     </span>
    </p>
   </div>
   <div class='ocr_carea' id='block_1_58' title="bbox 2488 3007 4064 3083">
    <p class='ocr_par' dir='ltr' id='par_1_58' title="bbox 2488 3007 4064 3083">
     <span class='ocr_line' id='line_1_58' title="bbox 2488 3007 4064 3083; baseline 0.004 -23"><span class='ocrx_word' id='word_1_441' title='bbox 2488 3010 2762 3072; x_wconf 80' lang='grc' dir='ltr'>ποταποὺς</span> <span class='ocrx_word' id='word_1_442' title='bbox 2788 3010 2868 3062; x_wconf 78' lang='grc' dir='ltr'>δεῖ</span> <span class='ocrx_word' id='word_1_443' title='bbox 2900 3007 3039 3063; x_wconf 76' lang='grc' dir='ltr'>εἶναι</span> <span class='ocrx_word' id='word_1_444' title='bbox 3084 3012 3270 3079; x_wconf 76' lang='grc' dir='ltr'>ἡμᾶς;</span> <span class='ocrx_word' id='word_1_445' title='bbox 3314 3010 3404 3063; x_wconf 78' lang='grc' dir='ltr'>Ἐν</span> <span class='ocrx_word' id='word_1_446' title='bbox 3456 3012 3644 3080; x_wconf 77' lang='grc' dir='ltr'>ἁγίαις</span> <span class='ocrx_word' id='word_1_447' title='bbox 3695 3016 4064 3083; x_wconf 82' lang='grc' dir='ltr'>ἀναστροφαῖς</span> 
     </span>
    </p>
   </div>
   <div class='ocr_carea' id='block_1_59' title="bbox 2487 3102 4063 3175">
    <p class='ocr_par' dir='ltr' id='par_1_59' title="bbox 2487 3102 4063 3175">
     <span class='ocr_line' id='line_1_59' title="bbox 2487 3102 4063 3175; baseline 0.003 -21"><span class='ocrx_word' id='word_1_448' title='bbox 2487 3104 2581 3155; x_wconf 82' lang='grc' dir='ltr'>καὶ</span> <span class='ocrx_word' id='word_1_449' title='bbox 2637 3102 2967 3166; x_wconf 74' lang='grc' dir='ltr'>εὐσεϐείαις,</span> <span class='ocrx_word' id='word_1_450' title='bbox 3030 3102 3504 3171; x_wconf 80' lang='grc' dir='ltr'>ἀπεκδεχομένους</span> <span class='ocrx_word' id='word_1_451' title='bbox 3554 3110 3654 3173; x_wconf 76' lang='grc' dir='ltr'>τὴν</span> <span class='ocrx_word' id='word_1_452' title='bbox 3707 3105 3800 3157; x_wconf 84' lang='grc' dir='ltr'><strong>τοῦ</strong></span> <span class='ocrx_word' id='word_1_453' title='bbox 3855 3102 4063 3175; x_wconf 81' lang='grc' dir='ltr'>Κυρίου</span> 
     </span>
    </p>
   </div>
   <div class='ocr_carea' id='block_1_60' title="bbox 2488 3195 4064 3268">
    <p class='ocr_par' dir='ltr' id='par_1_60' title="bbox 2488 3195 4064 3268">
     <span class='ocr_line' id='line_1_60' title="bbox 2488 3195 4064 3268; baseline 0.003 -20"><span class='ocrx_word' id='word_1_454' title='bbox 2488 3196 2646 3265; x_wconf 79' lang='grc' dir='ltr'>ἡμῶν</span> <span class='ocrx_word' id='word_1_455' title='bbox 2692 3196 2868 3267; x_wconf 82' lang='grc' dir='ltr'>Ἰησοῦ</span> <span class='ocrx_word' id='word_1_456' title='bbox 2902 3196 3139 3262; x_wconf 82' lang='grc' dir='ltr'>Χριστοῦ</span> <span class='ocrx_word' id='word_1_457' title='bbox 3191 3199 3521 3267; x_wconf 76' lang='grc' dir='ltr'>παρουσίαν,</span> <span class='ocrx_word' id='word_1_458' title='bbox 3575 3202 3705 3267; x_wconf 72' lang='grc' dir='ltr'>περὶ</span> <span class='ocrx_word' id='word_1_459' title='bbox 3746 3195 3813 3267; x_wconf 82' lang='grc' dir='ltr'>ἦς</span> <span class='ocrx_word' id='word_1_460' title='bbox 3863 3199 3927 3268; x_wconf 75' lang='grc' dir='ltr'><strong>δὴ</strong></span> <span class='ocrx_word' id='word_1_461' title='bbox 3967 3202 4064 3252; x_wconf 71' lang='grc' dir='ltr'><strong>καὶ</strong></span> 
     </span>
    </p>
   </div>
   <div class='ocr_carea' id='block_1_61' title="bbox 2492 3288 4068 3363">
    <p class='ocr_par' dir='ltr' id='par_1_61' title="bbox 2492 3288 4068 3363">
     <span class='ocr_line' id='line_1_61' title="bbox 2492 3288 4068 3363; baseline -0.024 -16"><span class='ocrx_word' id='word_1_462' title='bbox 2492 3291 2801 3361; x_wconf 73' lang='grc' dir='ltr'>φροντίζειν</span> <span class='ocrx_word' id='word_1_463' title='bbox 2826 3292 2973 3360; x_wconf 70' lang='grc' dir='ltr'>ἡμᾶς</span> <span class='ocrx_word' id='word_1_464' title='bbox 3001 3288 3197 3359; x_wconf 82' lang='grc' dir='ltr'>χρεῶν.</span> <span class='ocrx_word' id='word_1_465' title='bbox 3258 3290 3324 3343; x_wconf 86' lang='grc' dir='ltr'>Τί</span> <span class='ocrx_word' id='word_1_466' title='bbox 3353 3291 3462 3360; x_wconf 62' lang='grc' dir='ltr'><strong>γὰρ</strong></span> <span class='ocrx_word' id='word_1_467' title='bbox 3517 3293 3575 3343; x_wconf 68' lang='grc' dir='ltr'><strong>τδ</strong></span> <span class='ocrx_word' id='word_1_468' title='bbox 3601 3292 3791 3360; x_wconf 41' lang='lat' dir='ltr'><strong>an)“</strong></span> <span class='ocrx_word' id='word_1_469' title='bbox 3848 3296 3911 3346; x_wconf 48' lang='grc' dir='ltr'><strong>ἐκ</strong></span> <span class='ocrx_word' id='word_1_470' title='bbox 3966 3294 4068 3363; x_wconf 62' lang='grc' dir='ltr'><strong>τῆς</strong></span> 
     </span>
    </p>
   </div>
   <div class='ocr_carea' id='block_1_62' title="bbox 813 3365 2570 3455">
    <p class='ocr_par' dir='ltr' id='par_1_62' title="bbox 813 3365 2570 3450">
     <span class='ocr_line' id='line_1_62' title="bbox 813 3365 2570 3450; baseline 0.012 -36"><span class='ocrx_word' id='word_1_471' title='bbox 813 3365 1000 3434; x_wconf 79' lang='lat' dir='ltr'><strong>opinio</strong></span> <span class='ocrx_word' id='word_1_472' title='bbox 1028 3368 1304 3423; x_wconf 84' lang='lat' dir='ltr'><strong>mentibus</strong></span> <span class='ocrx_word' id='word_1_473' title='bbox 1342 3369 1554 3427; x_wconf 86' lang='lat' dir='ltr'><strong>insanis</strong></span> <span class='ocrx_word' id='word_1_474' title='bbox 1584 3371 1879 3429; x_wconf 88' lang='lat' dir='ltr'><strong>inseratur.</strong></span> <span class='ocrx_word' id='word_1_475' title='bbox 1924 3376 2079 3442; x_wconf 86' lang='lat' dir='ltr'><strong>Quod</strong></span> <span class='ocrx_word' id='word_1_476' title='bbox 2116 3394 2221 3433; x_wconf 87' lang='lat' dir='ltr'><strong>non</strong></span> <span class='ocrx_word' id='word_1_477' title='bbox 2254 3380 2387 3450; x_wconf 62' lang='lat' dir='ltr'><strong>ipsa:</strong></span> <span class='ocrx_word' id='word_1_478' title='bbox 2413 3374 2455 3432; x_wconf 87' lang='lat' dir='ltr'><strong><em>C</em></strong></span> <span class='ocrx_word' id='word_1_479' title='bbox 2489 3384 2570 3437; x_wconf 79' lang='grc' dir='ltr'><strong>τῶ</strong></span> 
     </span>
    </p>
   </div>
   <div class='ocr_carea' id='block_1_63' title="bbox 2307 3365 4064 3455">
    <p class='ocr_par' dir='ltr' id='par_1_63' title="bbox 2307 3374 4064 3455">
     <span class='ocr_line' id='line_1_63' title="bbox 2307 3374 4064 3455; baseline 0.004 -23"><span class='ocrx_word' id='word_1_480' title='bbox 2307 3396 2387 3435; x_wconf 54' lang='lat' dir='ltr'><strong>usae</strong></span> <span class='ocrx_word' id='word_1_481' title='bbox 2413 3374 2455 3432; x_wconf 88' lang='lat' dir='ltr'><strong><em>C</em></strong></span> <span class='ocrx_word' id='word_1_482' title='bbox 2489 3384 2597 3437; x_wconf 90' lang='grc' dir='ltr'><strong>τῶν</strong></span> <span class='ocrx_word' id='word_1_483' title='bbox 2629 3385 2948 3452; x_wconf 66' lang='grc' dir='ltr'>κτισμάτων</span> <span class='ocrx_word' id='word_1_484' title='bbox 2978 3382 3208 3452; x_wconf 84' lang='grc' dir='ltr'>Θεωρίας</span> <span class='ocrx_word' id='word_1_485' title='bbox 3236 3385 3417 3449; x_wconf 49' lang='grc' dir='ltr'>,ποία</span> <span class='ocrx_word' id='word_1_486' title='bbox 3450 3384 3513 3436; x_wconf 74' lang='grc' dir='ltr'>ὲκ</span> <span class='ocrx_word' id='word_1_487' title='bbox 3555 3384 3759 3438; x_wconf 89' lang='grc' dir='ltr'>τούτων</span> <span class='ocrx_word' id='word_1_488' title='bbox 3789 3386 4064 3455; x_wconf 58' lang='lat' dir='ltr'><strong>ardeam;</strong></span> 
     </span>
    </p>
   </div>
   <div class='ocr_carea' id='block_1_64' title="bbox 816 3460 2387 3537">
    <p class='ocr_par' dir='ltr' id='par_1_64' title="bbox 816 3460 2387 3537">
     <span class='ocr_line' id='line_1_64' title="bbox 816 3460 2387 3537; baseline 0.012 -27"><span class='ocrx_word' id='word_1_489' title='bbox 816 3460 1019 3516; x_wconf 77' lang='lat' dir='ltr'><strong>faciunt</strong></span> <span class='ocrx_word' id='word_1_490' title='bbox 1044 3470 1309 3517; x_wconf 77' lang='lat' dir='ltr'><strong>creatura:</strong></span> <span class='ocrx_word' id='word_1_491' title='bbox 1334 3478 1457 3518; x_wconf 89' lang='lat' dir='ltr'><strong>cum</strong></span> <span class='ocrx_word' id='word_1_492' title='bbox 1482 3464 1638 3520; x_wconf 74' lang='lat' dir='ltr'><strong>bona:</strong></span> <span class='ocrx_word' id='word_1_493' title='bbox 1661 3466 1772 3521; x_wconf 86' lang='lat' dir='ltr'><strong>sint</strong></span> <span class='ocrx_word' id='word_1_494' title='bbox 1795 3474 1981 3537; x_wconf 91' lang='lat' dir='ltr'><strong>utpote</strong></span> <span class='ocrx_word' id='word_1_495' title='bbox 2006 3485 2037 3525; x_wconf 87' lang='lat' dir='ltr'><strong>a</strong></span> <span class='ocrx_word' id='word_1_496' title='bbox 2065 3472 2210 3526; x_wconf 88' lang='lat' dir='ltr'><strong>bono</strong></span> <span class='ocrx_word' id='word_1_497' title='bbox 2238 3489 2387 3528; x_wconf 89' lang='lat' dir='ltr'><strong>crea-</strong></span> 
     </span>
    </p>
   </div>
   <div class='ocr_carea' id='block_1_65' title="bbox 815 3555 2387 3632">
    <p class='ocr_par' dir='ltr' id='par_1_65' title="bbox 815 3555 2387 3632">
     <span class='ocr_line' id='line_1_65' title="bbox 815 3555 2387 3632; baseline 0.009 -26"><span class='ocrx_word' id='word_1_498' title='bbox 815 3563 955 3608; x_wconf 66' lang='lat' dir='ltr'><strong>turae</strong></span> <span class='ocrx_word' id='word_1_499' title='bbox 990 3555 1246 3621; x_wconf 66' lang='lat' dir='ltr'><strong>conditae,</strong></span> <span class='ocrx_word' id='word_1_500' title='bbox 1304 3560 1397 3610; x_wconf 88' lang='lat' dir='ltr'><strong>sed</strong></span> <span class='ocrx_word' id='word_1_501' title='bbox 1463 3558 1699 3613; x_wconf 89' lang='lat' dir='ltr'><strong>sollicita</strong></span> <span class='ocrx_word' id='word_1_502' title='bbox 1761 3576 1946 3616; x_wconf 87' lang='lat' dir='ltr'><strong>earum</strong></span> <span class='ocrx_word' id='word_1_503' title='bbox 1993 3564 2387 3632; x_wconf 84' lang='lat' dir='ltr'><strong>consideratio,</strong></span> 
     </span>
    </p>
   </div>
   <div class='ocr_carea' id='block_1_66' title="bbox 813 3649 2388 3726">
    <p class='ocr_par' dir='ltr' id='par_1_66' title="bbox 813 3649 2388 3726">
     <span class='ocr_line' id='line_1_66' title="bbox 813 3649 2388 3726; baseline 0.009 -29"><span class='ocrx_word' id='word_1_504' title='bbox 813 3660 978 3715; x_wconf 81' lang='lat' dir='ltr'><strong>quam</strong></span> <span class='ocrx_word' id='word_1_505' title='bbox 1037 3649 1467 3717; x_wconf 80' lang='lat' dir='ltr'><strong>contemplatum</strong></span> <span class='ocrx_word' id='word_1_506' title='bbox 1543 3660 1845 3719; x_wconf 83' lang='lat' dir='ltr'><strong>apostatam</strong></span> <span class='ocrx_word' id='word_1_507' title='bbox 1909 3654 2099 3709; x_wconf 90' lang='lat' dir='ltr'><strong>dicunt</strong></span> <span class='ocrx_word' id='word_1_508' title='bbox 2162 3657 2388 3726; x_wconf 90' lang='lat' dir='ltr'><strong>quidam</strong></span> 
     </span>
    </p>
   </div>
   <div class='ocr_carea' id='block_1_67' title="bbox 816 3739 2389 3817">
    <p class='ocr_par' dir='ltr' id='par_1_67' title="bbox 816 3739 2389 3817">
     <span class='ocr_line' id='line_1_67' title="bbox 816 3739 2389 3817; baseline 0.006 -25"><span class='ocrx_word' id='word_1_509' title='bbox 816 3739 1163 3803; x_wconf 87' lang='lat' dir='ltr'><strong>(sublimiore</strong></span> <span class='ocrx_word' id='word_1_510' title='bbox 1210 3741 1355 3795; x_wconf 86' lang='lat' dir='ltr'><strong>enim</strong></span> <span class='ocrx_word' id='word_1_511' title='bbox 1397 3745 1860 3812; x_wconf 88' lang='lat' dir='ltr'><strong>contemplatione</strong></span> <span class='ocrx_word' id='word_1_512' title='bbox 1900 3748 2098 3817; x_wconf 83' lang='lat' dir='ltr'><strong>dignus</strong></span> <span class='ocrx_word' id='word_1_513' title='bbox 2144 3763 2252 3802; x_wconf 90' lang='lat' dir='ltr'><strong>non</strong></span> <span class='ocrx_word' id='word_1_514' title='bbox 2285 3749 2389 3803; x_wconf 80' lang='lat' dir='ltr'><strong>fuit</strong></span> 
     </span>
    </p>
   </div>
   <div class='ocr_carea' id='block_1_68' title="bbox 818 3831 2388 3910">
    <p class='ocr_par' dir='ltr' id='par_1_68' title="bbox 818 3831 2388 3910">
     <span class='ocr_line' id='line_1_68' title="bbox 818 3831 2388 3910; baseline 0.006 -23"><span class='ocrx_word' id='word_1_515' title='bbox 818 3832 908 3887; x_wconf 91' lang='lat' dir='ltr'><strong>ille</strong></span> <span class='ocrx_word' id='word_1_516' title='bbox 954 3831 1027 3889; x_wconf 84' lang='lat' dir='ltr'><strong>ab</strong></span> <span class='ocrx_word' id='word_1_517' title='bbox 1084 3834 1244 3889; x_wconf 91' lang='lat' dir='ltr'><strong>initio</strong></span> <span class='ocrx_word' id='word_1_518' title='bbox 1272 3835 1667 3904; x_wconf 78' lang='lat' dir='ltr'><strong>gloriabundus</strong></span> <span class='ocrx_word' id='word_1_519' title='bbox 1715 3847 1768 3893; x_wconf 91' lang='lat' dir='ltr'><strong>et</strong></span> <span class='ocrx_word' id='word_1_520' title='bbox 1796 3839 2264 3897; x_wconf 84' lang='lat' dir='ltr'><strong>insolentissimus</strong></span> <span class='ocrx_word' id='word_1_521' title='bbox 2295 3843 2388 3910; x_wconf 92' lang='lat' dir='ltr'><strong>qui</strong></span> 
     </span>
    </p>
   </div>
   <div class='ocr_carea' id='block_1_69' title="bbox 818 3928 2391 4004">
    <p class='ocr_par' dir='ltr' id='par_1_69' title="bbox 818 3928 2391 4004">
     <span class='ocr_line' id='line_1_69' title="bbox 818 3928 2391 4004; baseline 0.009 -27"><span class='ocrx_word' id='word_1_522' title='bbox 818 3936 1001 3979; x_wconf 79' lang='lat' dir='ltr'><strong>tamen</strong></span> <span class='ocrx_word' id='word_1_523' title='bbox 1028 3932 1247 3981; x_wconf 77' lang='lat' dir='ltr'><strong>summo</strong></span> <span class='ocrx_word' id='word_1_524' title='bbox 1271 3928 1593 3999; x_wconf 75' lang='lat' dir='ltr'><strong>angelorum</strong></span> <span class='ocrx_word' id='word_1_525' title='bbox 1630 3933 1813 3986; x_wconf 84' lang='lat' dir='ltr'><strong>ordini</strong></span> <span class='ocrx_word' id='word_1_526' title='bbox 1839 3936 2115 4004; x_wconf 70' lang='lat' dir='ltr'><strong>praeerat),</strong></span> <span class='ocrx_word' id='word_1_527' title='bbox 2140 3933 2265 3989; x_wconf 88' lang='lat' dir='ltr'><strong>dum</strong></span> <span class='ocrx_word' id='word_1_528' title='bbox 2305 3937 2391 3990; x_wconf 88' lang='lat' dir='ltr'><strong>in-</strong></span> 
     </span>
    </p>
   </div>
   <div class='ocr_carea' id='block_1_70' title="bbox 818 4019 2388 4093">
    <p class='ocr_par' dir='ltr' id='par_1_70' title="bbox 818 4019 2388 4093">
     <span class='ocr_line' id='line_1_70' title="bbox 818 4019 2388 4093; baseline 0.008 -24"><span class='ocrx_word' id='word_1_529' title='bbox 818 4025 1030 4073; x_wconf 81' lang='lat' dir='ltr'><strong>tueretu</strong></span> <span class='ocrx_word' id='word_1_530' title='bbox 1041 4033 1067 4071; x_wconf 93' lang='lat' dir='ltr'><strong>r</strong></span> <span class='ocrx_word' id='word_1_531' title='bbox 1081 4019 1465 4088; x_wconf 80' lang='lat' dir='ltr'><strong>superbivisse,</strong></span> <span class='ocrx_word' id='word_1_532' title='bbox 1480 4037 1647 4092; x_wconf 86' lang='lat' dir='ltr'><strong>seque</strong></span> <span class='ocrx_word' id='word_1_533' title='bbox 1660 4024 1939 4093; x_wconf 82' lang='lat' dir='ltr'><strong>jactitasse</strong></span> <span class='ocrx_word' id='word_1_534' title='bbox 1958 4026 2157 4081; x_wconf 93' lang='lat' dir='ltr'><strong>thronu</strong></span> <span class='ocrx_word' id='word_1_535' title='bbox 2168 4043 2216 4080; x_wconf 91' lang='lat' dir='ltr'><strong>m</strong></span> <span class='ocrx_word' id='word_1_536' title='bbox 2230 4041 2388 4082; x_wconf 82' lang='lat' dir='ltr'><strong>suum</strong></span> 
     </span>
    </p>
   </div>
   <div class='ocr_carea' id='block_1_71' title="bbox 819 4111 2392 4191">
    <p class='ocr_par' dir='ltr' id='par_1_71' title="bbox 819 4111 2392 4191">
     <span class='ocr_line' id='line_1_71' title="bbox 819 4111 2392 4191; baseline 0.005 -24"><span class='ocrx_word' id='word_1_537' title='bbox 819 4126 987 4183; x_wconf 80' lang='lat' dir='ltr'><strong>super</strong></span> <span class='ocrx_word' id='word_1_538' title='bbox 1014 4111 1188 4169; x_wconf 87' lang='lat' dir='ltr'><strong>nubes</strong></span> <span class='ocrx_word' id='word_1_539' title='bbox 1203 4122 1257 4167; x_wconf 92' lang='lat' dir='ltr'><strong>et</strong></span> <span class='ocrx_word' id='word_1_540' title='bbox 1274 4122 1418 4169; x_wconf 87' lang='lat' dir='ltr'><strong>astra</strong></span> <span class='ocrx_word' id='word_1_541' title='bbox 1441 4118 1769 4185; x_wconf 87' lang='lat' dir='ltr'><strong>positurum,</strong></span> <span class='ocrx_word' id='word_1_542' title='bbox 1796 4119 2137 4191; x_wconf 88' lang='lat' dir='ltr'><strong>similemque</strong></span> <span class='ocrx_word' id='word_1_543' title='bbox 2159 4119 2277 4177; x_wconf 81' lang='lat' dir='ltr'><strong>fore.</strong></span> <span class='ocrx_word' id='word_1_544' title='bbox 2298 4121 2392 4176; x_wconf 80' lang='lat' dir='ltr'><strong>AI-</strong></span> 
     </span>
    </p>
   </div>
   <div class='ocr_carea' id='block_1_72' title="bbox 819 4205 2393 4282">
    <p class='ocr_par' dir='ltr' id='par_1_72' title="bbox 819 4205 2393 4282">
     <span class='ocr_line' id='line_1_72' title="bbox 819 4205 2393 4282; baseline 0.006 -23"><span class='ocrx_word' id='word_1_545' title='bbox 819 4206 1055 4271; x_wconf 87' lang='lat' dir='ltr'><strong>tissimo,</strong></span> <span class='ocrx_word' id='word_1_546' title='bbox 1072 4205 1165 4275; x_wconf 90' lang='lat' dir='ltr'><strong>qui</strong></span> <span class='ocrx_word' id='word_1_547' title='bbox 1181 4206 1521 4261; x_wconf 83' lang='lat' dir='ltr'><strong>Altissimqu</strong></span> <span class='ocrx_word' id='word_1_548' title='bbox 1538 4225 1643 4264; x_wconf 91' lang='lat' dir='ltr'><strong>non</strong></span> <span class='ocrx_word' id='word_1_549' title='bbox 1664 4214 2045 4282; x_wconf 73' lang='lat' dir='ltr'><strong>cognoscebat.</strong></span> <span class='ocrx_word' id='word_1_550' title='bbox 2064 4212 2220 4267; x_wconf 88' lang='lat' dir='ltr'><strong>Hunc</strong></span> <span class='ocrx_word' id='word_1_551' title='bbox 2240 4228 2393 4269; x_wconf 88' lang='lat' dir='ltr'><strong>meus</strong></span> 
     </span>
    </p>
   </div>
   <div class='ocr_carea' id='block_1_73' title="bbox 816 4297 2391 4369">
    <p class='ocr_par' dir='ltr' id='par_1_73' title="bbox 816 4297 2391 4369">
     <span class='ocr_line' id='line_1_73' title="bbox 816 4297 2391 4369; baseline 0.004 -18"><span class='ocrx_word' id='word_1_552' title='bbox 816 4297 998 4352; x_wconf 87' lang='lat' dir='ltr'><strong>omnis</strong></span> <span class='ocrx_word' id='word_1_553' title='bbox 1016 4311 1234 4367; x_wconf 87' lang='lat' dir='ltr'><strong>semper</strong></span> <span class='ocrx_word' id='word_1_554' title='bbox 1252 4299 1609 4369; x_wconf 80' lang='lat' dir='ltr'><strong>contemplari</strong></span> <span class='ocrx_word' id='word_1_555' title='bbox 1630 4302 1787 4356; x_wconf 90' lang='lat' dir='ltr'><strong>debet</strong></span> <span class='ocrx_word' id='word_1_556' title='bbox 1811 4302 1956 4356; x_wconf 89' lang='lat' dir='ltr'><strong>velut</strong></span> <span class='ocrx_word' id='word_1_557' title='bbox 1986 4312 2219 4358; x_wconf 85' lang='lat' dir='ltr'><strong>mentem</strong></span> <span class='ocrx_word' id='word_1_558' title='bbox 2236 4314 2391 4359; x_wconf 70' lang='lat' dir='ltr'><strong>mter-</strong></span> 
     </span>
    </p>
   </div>
   <div class='ocr_carea' id='block_1_74' title="bbox 819 4389 2391 4465">
    <p class='ocr_par' dir='ltr' id='par_1_74' title="bbox 819 4389 2391 4465">
     <span class='ocr_line' id='line_1_74' title="bbox 819 4389 2391 4465; baseline 0.004 -22"><span class='ocrx_word' id='word_1_559' title='bbox 819 4406 943 4443; x_wconf 90' lang='lat' dir='ltr'><strong>nam</strong></span> <span class='ocrx_word' id='word_1_560' title='bbox 968 4389 1181 4445; x_wconf 85' lang='lat' dir='ltr'><strong>Patrem</strong></span> <span class='ocrx_word' id='word_1_561' title='bbox 1206 4406 1331 4446; x_wconf 91' lang='lat' dir='ltr'><strong>cum</strong></span> <span class='ocrx_word' id='word_1_562' title='bbox 1353 4390 1533 4445; x_wconf 85' lang='lat' dir='ltr'><strong>Verbo</strong></span> <span class='ocrx_word' id='word_1_563' title='bbox 1554 4401 1609 4446; x_wconf 91' lang='lat' dir='ltr'><strong>et</strong></span> <span class='ocrx_word' id='word_1_564' title='bbox 1635 4392 1863 4463; x_wconf 87' lang='lat' dir='ltr'><strong>Spiritu,</strong></span> <span class='ocrx_word' id='word_1_565' title='bbox 1891 4406 1943 4449; x_wconf 92' lang='lat' dir='ltr'><strong>et</strong></span> <span class='ocrx_word' id='word_1_566' title='bbox 1966 4411 2089 4449; x_wconf 85' lang='lat' dir='ltr'><strong>eum</strong></span> <span class='ocrx_word' id='word_1_567' title='bbox 2113 4406 2391 4465; x_wconf 88' lang='lat' dir='ltr'><strong>appetere,</strong></span> 
     </span>
    </p>
   </div>
   <div class='ocr_carea' id='block_1_75' title="bbox 817 4483 2394 4558">
    <p class='ocr_par' dir='ltr' id='par_1_75' title="bbox 817 4483 2394 4558">
     <span class='ocr_line' id='line_1_75' title="bbox 817 4483 2394 4558; baseline 0.006 -24"><span class='ocrx_word' id='word_1_568' title='bbox 817 4495 981 4551; x_wconf 78' lang='lat' dir='ltr'><strong>atque</strong></span> <span class='ocrx_word' id='word_1_569' title='bbox 992 4483 1059 4537; x_wconf 91' lang='lat' dir='ltr'><strong>ad</strong></span> <span class='ocrx_word' id='word_1_570' title='bbox 1073 4499 1197 4539; x_wconf 90' lang='lat' dir='ltr'><strong>eum</strong></span> <span class='ocrx_word' id='word_1_571' title='bbox 1216 4494 1588 4539; x_wconf 88' lang='lat' dir='ltr'><strong>creaturarum</strong></span> <span class='ocrx_word' id='word_1_572' title='bbox 1606 4488 1865 4539; x_wconf 77' lang='lat' dir='ltr'><strong>factorem</strong></span> <span class='ocrx_word' id='word_1_573' title='bbox 1882 4489 2137 4541; x_wconf 91' lang='lat' dir='ltr'><strong>continua</strong></span> <span class='ocrx_word' id='word_1_574' title='bbox 2157 4502 2394 4558; x_wconf 87' lang='lat' dir='ltr'><strong>pr0pen-</strong></span> 
     </span>
    </p>
   </div>
   <div class='ocr_carea' id='block_1_76' title="bbox 818 4576 2395 4649">
    <p class='ocr_par' dir='ltr' id='par_1_76' title="bbox 818 4576 2395 4649">
     <span class='ocr_line' id='line_1_76' title="bbox 818 4576 2395 4649; baseline 0.006 -22"><span class='ocrx_word' id='word_1_575' title='bbox 818 4576 975 4630; x_wconf 81' lang='lat' dir='ltr'><strong>sione</strong></span> <span class='ocrx_word' id='word_1_576' title='bbox 996 4578 1237 4641; x_wconf 86' lang='lat' dir='ltr'><strong>tendere,</strong></span> <span class='ocrx_word' id='word_1_577' title='bbox 1252 4584 1306 4630; x_wconf 94' lang='lat' dir='ltr'><strong>et</strong></span> <span class='ocrx_word' id='word_1_578' title='bbox 1326 4592 1449 4631; x_wconf 88' lang='lat' dir='ltr'><strong>eum</strong></span> <span class='ocrx_word' id='word_1_579' title='bbox 1476 4578 1529 4632; x_wconf 90' lang='lat' dir='ltr'><strong>in</strong></span> <span class='ocrx_word' id='word_1_580' title='bbox 1552 4577 1769 4632; x_wconf 89' lang='lat' dir='ltr'><strong>silentio</strong></span> <span class='ocrx_word' id='word_1_581' title='bbox 1793 4579 2024 4633; x_wconf 86' lang='lat' dir='ltr'><strong>adorare</strong></span> <span class='ocrx_word' id='word_1_582' title='bbox 2043 4582 2395 4649; x_wconf 88' lang='lat' dir='ltr'><strong>quemadmo-</strong></span> 
     </span>
    </p>
   </div>
   <div class='ocr_carea' id='block_1_77' title="bbox 2490 3472 4065 3546">
    <p class='ocr_par' dir='ltr' id='par_1_77' title="bbox 2490 3472 4065 3546">
     <span class='ocr_line' id='line_1_77' title="bbox 2490 3472 4065 3546; baseline 0.002 -19"><span class='ocrx_word' id='word_1_583' title='bbox 2490 3474 2620 3527; x_wconf 86' lang='grc' dir='ltr'>ποία</span> <span class='ocrx_word' id='word_1_584' title='bbox 2644 3473 2823 3543; x_wconf 79' lang='grc' dir='ltr'>ψυχῆς</span> <span class='ocrx_word' id='word_1_585' title='bbox 2856 3472 3151 3543; x_wconf 78' lang='grc' dir='ltr'>συντρι6ή;</span> <span class='ocrx_word' id='word_1_586' title='bbox 3184 3475 3232 3525; x_wconf 79' lang='grc' dir='ltr'><strong>εί</strong></span> <span class='ocrx_word' id='word_1_587' title='bbox 3288 3474 3363 3542; x_wconf 75' lang='grc' dir='ltr'>μὴ</span> <span class='ocrx_word' id='word_1_588' title='bbox 3405 3475 3494 3526; x_wconf 69' lang='grc' dir='ltr'>καὶ</span> <span class='ocrx_word' id='word_1_589' title='bbox 3530 3473 3708 3538; x_wconf 81' lang='grc' dir='ltr'>οἴησιν</span> <span class='ocrx_word' id='word_1_590' title='bbox 3740 3477 4065 3546; x_wconf 84' lang='grc' dir='ltr'>προστίθησι</span> 
     </span>
    </p>
   </div>
   <div class='ocr_carea' id='block_1_78' title="bbox 2495 3566 4069 3637">
    <p class='ocr_par' dir='ltr' id='par_1_78' title="bbox 2495 3566 4069 3637">
     <span class='ocr_line' id='line_1_78' title="bbox 2495 3566 4069 3637; baseline 0.001 -16"><span class='ocrx_word' id='word_1_591' title='bbox 2495 3568 2717 3637; x_wconf 77' lang='grc' dir='ltr'>μᾶλλον.</span> <span class='ocrx_word' id='word_1_592' title='bbox 2745 3568 2840 3620; x_wconf 63' lang='grc' dir='ltr'><strong>καὶ⁵</strong></span> <span class='ocrx_word' id='word_1_593' title='bbox 2867 3570 2990 3628; x_wconf 88' lang='grc' dir='ltr'>ταῖς</span> <span class='ocrx_word' id='word_1_594' title='bbox 3022 3566 3131 3619; x_wconf 87' lang='grc' dir='ltr'><strong>τῶν</strong></span> <span class='ocrx_word' id='word_1_595' title='bbox 3162 3566 3416 3634; x_wconf 67' lang='grc' dir='ltr'>ἀφρόνων</span> <span class='ocrx_word' id='word_1_596' title='bbox 3460 3566 3660 3635; x_wconf 75' lang='grc' dir='ltr'>ψυχαῖς</span> <span class='ocrx_word' id='word_1_597' title='bbox 3688 3569 3787 3637; x_wconf 75' lang='grc' dir='ltr'>τὴν</span> <span class='ocrx_word' id='word_1_598' title='bbox 3819 3569 3914 3621; x_wconf 84' lang='grc' dir='ltr'><strong>τοῦ</strong></span> <span class='ocrx_word' id='word_1_599' title='bbox 3941 3587 4069 3622; x_wconf 82' lang='grc' dir='ltr'>σκο-</span> 
     </span>
    </p>
   </div>
   <div class='ocr_carea' id='block_1_79' title="bbox 2492 3658 4064 3731">
    <p class='ocr_par' dir='ltr' id='par_1_79' title="bbox 2492 3658 4064 3731">
     <span class='ocr_line' id='line_1_79' title="bbox 2492 3658 4064 3731; baseline -0.007 -17"><span class='ocrx_word' id='word_1_600' title='bbox 2492 3660 2671 3714; x_wconf 87' lang='grc' dir='ltr'>τεινοῦ</span> <span class='ocrx_word' id='word_1_601' title='bbox 2699 3659 2818 3721; x_wconf 80' lang='grc' dir='ltr'>νοὸς</span> <span class='ocrx_word' id='word_1_602' title='bbox 2842 3660 2936 3711; x_wconf 75' lang='grc' dir='ltr'><strong>καὶ</strong></span> <span class='ocrx_word' id='word_1_603' title='bbox 2954 3658 3306 3726; x_wconf 73' lang='grc' dir='ltr'>ὑπερηφάνου</span> <span class='ocrx_word' id='word_1_604' title='bbox 3329 3658 3574 3711; x_wconf 84' lang='grc' dir='ltr'>ἀντίθεον</span> <span class='ocrx_word' id='word_1_605' title='bbox 3600 3658 3827 3730; x_wconf 81' lang='grc' dir='ltr'>γνώμην</span> <span class='ocrx_word' id='word_1_606' title='bbox 3852 3662 4064 3731; x_wconf 82' lang='grc' dir='ltr'>ὲντίθη.</span> 
     </span>
    </p>
   </div>
   <div class='ocr_carea' id='block_1_80' title="bbox 2494 3751 4069 3825">
    <p class='ocr_par' dir='ltr' id='par_1_80' title="bbox 2494 3751 4069 3825">
     <span class='ocr_line' id='line_1_80' title="bbox 2494 3751 4069 3825; baseline 0 -20"><span class='ocrx_word' id='word_1_607' title='bbox 2494 3770 2599 3807; x_wconf 89' lang='grc' dir='ltr'>σιν.</span> <span class='ocrx_word' id='word_1_608' title='bbox 2629 3753 2703 3804; x_wconf 83' lang='grc' dir='ltr'><strong>Οὐ</strong></span> <span class='ocrx_word' id='word_1_609' title='bbox 2743 3752 2811 3803; x_wconf 75' lang='grc' dir='ltr'><strong>τὰ</strong></span> <span class='ocrx_word' id='word_1_610' title='bbox 2843 3753 3119 3821; x_wconf 88' lang='grc' dir='ltr'>κτίσματα</span> <span class='ocrx_word' id='word_1_611' title='bbox 3145 3752 3199 3804; x_wconf 71' lang='grc' dir='ltr'><strong>δὲ</strong></span> <span class='ocrx_word' id='word_1_612' title='bbox 3243 3751 3403 3805; x_wconf 90' lang='grc' dir='ltr'>τοῦτο</span> <span class='ocrx_word' id='word_1_613' title='bbox 3435 3756 3597 3815; x_wconf 80' lang='grc' dir='ltr'>ποιεῖ,</span> <span class='ocrx_word' id='word_1_614' title='bbox 3634 3754 3773 3806; x_wconf 70' lang='grc' dir='ltr'>καλὰ</span> <span class='ocrx_word' id='word_1_615' title='bbox 3826 3757 3936 3825; x_wconf 77' lang='grc' dir='ltr'><strong>γὰρ</strong></span> <span class='ocrx_word' id='word_1_616' title='bbox 3992 3756 4069 3819; x_wconf 79' lang='grc' dir='ltr'>ὼς</span> 
     </span>
    </p>
   </div>
   <div class='ocr_carea' id='block_1_81' title="bbox 2492 3844 4069 3919">
    <p class='ocr_par' dir='ltr' id='par_1_81' title="bbox 2492 3844 4069 3919">
     <span class='ocr_line' id='line_1_81' title="bbox 2492 3844 4069 3919; baseline 0.002 -21"><span class='ocrx_word' id='word_1_617' title='bbox 2492 3846 2587 3898; x_wconf 78' lang='grc' dir='ltr'>καὶ</span> <span class='ocrx_word' id='word_1_618' title='bbox 2621 3844 2789 3898; x_wconf 86' lang='grc' dir='ltr'>καλοῦ</span> <span class='ocrx_word' id='word_1_619' title='bbox 2837 3846 3135 3910; x_wconf 84' lang='grc' dir='ltr'>κτίσματα,</span> <span class='ocrx_word' id='word_1_620' title='bbox 3166 3844 3284 3897; x_wconf 86' lang='grc' dir='ltr'>ἀλλ’</span> <span class='ocrx_word' id='word_1_621' title='bbox 3340 3847 3373 3914; x_wconf 70' lang='grc' dir='ltr'>ἡ</span> <span class='ocrx_word' id='word_1_622' title='bbox 3413 3846 3704 3915; x_wconf 79' lang='grc' dir='ltr'>περίεργος</span> <span class='ocrx_word' id='word_1_623' title='bbox 3745 3848 3971 3917; x_wconf 78' lang='grc' dir='ltr'>Θεωρία,</span> <span class='ocrx_word' id='word_1_624' title='bbox 4001 3850 4069 3919; x_wconf 69' lang='grc' dir='ltr'>ἢν</span> 
     </span>
    </p>
   </div>
   <div class='ocr_carea' id='block_1_82' title="bbox 2493 3936 4069 4011">
    <p class='ocr_par' dir='ltr' id='par_1_82' title="bbox 2493 3936 4069 4011">
     <span class='ocr_line' id='line_1_82' title="bbox 2493 3936 4069 4011; baseline 0.003 -22"><span class='ocrx_word' id='word_1_625' title='bbox 2493 3937 2587 3989; x_wconf 73' lang='grc' dir='ltr'>καὶ</span> <span class='ocrx_word' id='word_1_626' title='bbox 2617 3937 2973 4007; x_wconf 80' lang='grc' dir='ltr'>θεωρήσαντα</span> <span class='ocrx_word' id='word_1_627' title='bbox 3005 3937 3096 3989; x_wconf 84' lang='grc' dir='ltr'>τὸν</span> <span class='ocrx_word' id='word_1_628' title='bbox 3121 3936 3435 4006; x_wconf 78' lang='grc' dir='ltr'>ἀποστάτην</span> <span class='ocrx_word' id='word_1_629' title='bbox 3484 3939 3618 4005; x_wconf 80' lang='grc' dir='ltr'>φασί</span> <span class='ocrx_word' id='word_1_630' title='bbox 3666 3956 3812 4002; x_wconf 89' lang='grc' dir='ltr'>τινες</span> <span class='ocrx_word' id='word_1_631' title='bbox 3847 3941 3929 4009; x_wconf 81' lang='grc' dir='ltr'>(οὐ</span> <span class='ocrx_word' id='word_1_632' title='bbox 3959 3942 4069 4011; x_wconf 82' lang='grc' dir='ltr'>γὰρ</span> 
     </span>
    </p>
   </div>
   <div class='ocr_carea' id='block_1_83' title="bbox 2493 4027 4071 4099">
    <p class='ocr_par' dir='ltr' id='par_1_83' title="bbox 2493 4027 4071 4099">
     <span class='ocr_line' id='line_1_83' title="bbox 2493 4027 4071 4099; baseline 0.002 -17"><span class='ocrx_word' id='word_1_633' title='bbox 2493 4029 2831 4099; x_wconf 78' lang='grc' dir='ltr'>ὑψηλοτέρας</span> <span class='ocrx_word' id='word_1_634' title='bbox 2853 4027 3052 4097; x_wconf 60' lang='grc' dir='ltr'><strong>⁴ἠξίωτο</strong></span> <span class='ocrx_word' id='word_1_635' title='bbox 3093 4027 3350 4098; x_wconf 80' lang='grc' dir='ltr'>θεωρίας,</span> <span class='ocrx_word' id='word_1_636' title='bbox 3381 4028 3476 4081; x_wconf 81' lang='grc' dir='ltr'>ἀπ’</span> <span class='ocrx_word' id='word_1_637' title='bbox 3508 4032 3685 4098; x_wconf 76' lang='grc' dir='ltr'>ἀρχῆς</span> <span class='ocrx_word' id='word_1_638' title='bbox 3737 4032 3814 4085; x_wconf 86' lang='grc' dir='ltr'><strong>ῶν</strong></span> <span class='ocrx_word' id='word_1_639' title='bbox 3853 4033 4071 4097; x_wconf 72' lang='grc' dir='ltr'>ἀλαζὼν</span> 
     </span>
    </p>
   </div>
   <div class='ocr_carea' id='block_1_84' title="bbox 2494 4119 4069 4191">
    <p class='ocr_par' dir='ltr' id='par_1_84' title="bbox 2494 4119 4069 4191">
     <span class='ocr_line' id='line_1_84' title="bbox 2494 4119 4069 4191; baseline 0.002 -16"><span class='ocrx_word' id='word_1_640' title='bbox 2494 4123 2589 4176; x_wconf 78' lang='grc' dir='ltr'>καὶ</span> <span class='ocrx_word' id='word_1_641' title='bbox 2649 4121 2983 4189; x_wconf 83' lang='grc' dir='ltr'>ὑπέροφρυς,</span> <span class='ocrx_word' id='word_1_642' title='bbox 3037 4120 3139 4187; x_wconf 82' lang='grc' dir='ltr'><strong>τῆς</strong></span> <span class='ocrx_word' id='word_1_643' title='bbox 3184 4119 3503 4183; x_wconf 87' lang='grc' dir='ltr'>τελευταίας</span> <span class='ocrx_word' id='word_1_644' title='bbox 3552 4122 3607 4174; x_wconf 79' lang='grc' dir='ltr'><strong>δὲ</strong></span> <span class='ocrx_word' id='word_1_645' title='bbox 3656 4124 3765 4175; x_wconf 83' lang='grc' dir='ltr'><strong>τῶν</strong></span> <span class='ocrx_word' id='word_1_646' title='bbox 3816 4124 4069 4191; x_wconf 80' lang='grc' dir='ltr'>ἀγγέλων</span> 
     </span>
    </p>
   </div>
   <div class='ocr_carea' id='block_1_85' title="bbox 2494 4209 4072 4283">
    <p class='ocr_par' dir='ltr' id='par_1_85' title="bbox 2494 4209 4072 4283">
     <span class='ocr_line' id='line_1_85' title="bbox 2494 4209 4072 4283; baseline 0 -17"><span class='ocrx_word' id='word_1_647' title='bbox 2494 4212 2710 4283; x_wconf 84' lang='grc' dir='ltr'>ὑπῆρχε</span> <span class='ocrx_word' id='word_1_648' title='bbox 2758 4209 2986 4279; x_wconf 82' lang='grc' dir='ltr'>τάξεως)</span> <span class='ocrx_word' id='word_1_649' title='bbox 3042 4209 3455 4278; x_wconf 80' lang='grc' dir='ltr'>ὑπερφρονῆσαι</span> <span class='ocrx_word' id='word_1_650' title='bbox 3516 4212 3573 4263; x_wconf 71' lang='grc' dir='ltr'>ἐν</span> <span class='ocrx_word' id='word_1_651' title='bbox 3624 4211 3700 4279; x_wconf 81' lang='grc' dir='ltr'>τῷ</span> <span class='ocrx_word' id='word_1_652' title='bbox 3756 4214 3909 4275; x_wconf 79' lang='grc' dir='ltr'>ίδείν,</span> <span class='ocrx_word' id='word_1_653' title='bbox 3974 4218 4072 4266; x_wconf 78' lang='grc' dir='ltr'>καὶ</span> 
     </span>
    </p>
   </div>
   <div class='ocr_carea' id='block_1_86' title="bbox 2495 4300 4068 4372">
    <p class='ocr_par' dir='ltr' id='par_1_86' title="bbox 2495 4300 4068 4372">
     <span class='ocr_line' id='line_1_86' title="bbox 2495 4300 4068 4372; baseline 0.001 -14"><span class='ocrx_word' id='word_1_654' title='bbox 2495 4306 2669 4358; x_wconf 81' lang='grc' dir='ltr'>θεῖναι</span> <span class='ocrx_word' id='word_1_655' title='bbox 2700 4300 3083 4372; x_wconf 81' lang='grc' dir='ltr'>καυχήσασθαι</span> <span class='ocrx_word' id='word_1_656' title='bbox 3126 4301 3311 4353; x_wconf 72' lang='grc' dir='ltr'>ιπάνω</span> <span class='ocrx_word' id='word_1_657' title='bbox 3359 4301 3469 4353; x_wconf 91' lang='grc' dir='ltr'><strong>τῶν</strong></span> <span class='ocrx_word' id='word_1_658' title='bbox 3515 4303 3752 4368; x_wconf 75' lang='grc' dir='ltr'>νεφελῶν</span> <span class='ocrx_word' id='word_1_659' title='bbox 3807 4307 3901 4358; x_wconf 81' lang='grc' dir='ltr'>καὶ</span> <span class='ocrx_word' id='word_1_660' title='bbox 3958 4308 4068 4359; x_wconf 90' lang='grc' dir='ltr'><strong>τῶν</strong></span> 
     </span>
    </p>
   </div>
   <div class='ocr_carea' id='block_1_87' title="bbox 2495 4392 4071 4466">
    <p class='ocr_par' dir='ltr' id='par_1_87' title="bbox 2495 4392 4071 4466">
     <span class='ocr_line' id='line_1_87' title="bbox 2495 4392 4071 4466; baseline 0.001 -17"><span class='ocrx_word' id='word_1_661' title='bbox 2495 4396 2715 4465; x_wconf 77' lang='grc' dir='ltr'>ἄστρων</span> <span class='ocrx_word' id='word_1_662' title='bbox 2776 4394 2869 4446; x_wconf 79' lang='grc' dir='ltr'>τὸν</span> <span class='ocrx_word' id='word_1_663' title='bbox 2925 4392 3116 4461; x_wconf 86' lang='grc' dir='ltr'>θρόνον</span> <span class='ocrx_word' id='word_1_664' title='bbox 3180 4392 3367 4455; x_wconf 84' lang='grc' dir='ltr'>αὐτοῦ,</span> <span class='ocrx_word' id='word_1_665' title='bbox 3428 4397 3523 4447; x_wconf 76' lang='grc' dir='ltr'>καὶ</span> <span class='ocrx_word' id='word_1_666' title='bbox 3553 4394 3738 4461; x_wconf 81' lang='grc' dir='ltr'>ὅμοιον</span> <span class='ocrx_word' id='word_1_667' title='bbox 3796 4393 3939 4450; x_wconf 86' lang='grc' dir='ltr'>εἶναι</span> <span class='ocrx_word' id='word_1_668' title='bbox 3992 4400 4071 4466; x_wconf 88' lang='grc' dir='ltr'>τῷ</span> 
     </span>
    </p>
   </div>
   <div class='ocr_carea' id='block_1_88' title="bbox 2506 4483 4072 4557">
    <p class='ocr_par' dir='ltr' id='par_1_88' title="bbox 2506 4483 4072 4557">
     <span class='ocr_line' id='line_1_88' title="bbox 2506 4483 4072 4557; baseline 0.023 -50"><span class='ocrx_word' id='word_1_669' title='bbox 2506 4487 2768 4556; x_wconf 57' lang='grc' dir='ltr'><strong>Ὑψίστῳ,</strong></span> <span class='ocrx_word' id='word_1_670' title='bbox 2811 4484 2886 4553; x_wconf 80' lang='grc' dir='ltr'>μὴ</span> <span class='ocrx_word' id='word_1_671' title='bbox 2920 4484 3096 4536; x_wconf 78' lang='grc' dir='ltr'>εἰδότα</span> <span class='ocrx_word' id='word_1_672' title='bbox 3125 4483 3217 4535; x_wconf 83' lang='grc' dir='ltr'>τὸν</span> <span class='ocrx_word' id='word_1_673' title='bbox 3250 4484 3537 4552; x_wconf 53' lang='grc' dir='ltr'>’Υψιστοι</span> <span class='ocrx_word' id='word_1_674' title='bbox 3594 4488 3690 4539; x_wconf 83' lang='grc' dir='ltr'>Ὃν</span> <span class='ocrx_word' id='word_1_675' title='bbox 3729 4487 3810 4539; x_wconf 79' lang='grc' dir='ltr'>δεί</span> <span class='ocrx_word' id='word_1_676' title='bbox 3841 4487 4072 4557; x_wconf 75' lang='grc' dir='ltr'>θεωρεῖν</span> 
     </span>
    </p>
   </div>
   <div class='ocr_carea' id='block_1_89' title="bbox 2499 4574 4069 4651">
    <p class='ocr_par' dir='ltr' id='par_1_89' title="bbox 2499 4574 4069 4651">
     <span class='ocr_line' id='line_1_89' title="bbox 2499 4574 4069 4651; baseline 0.002 -21"><span class='ocrx_word' id='word_1_677' title='bbox 2499 4577 2675 4631; x_wconf 84' lang='grc' dir='ltr'>πάντα</span> <span class='ocrx_word' id='word_1_678' title='bbox 2704 4576 2831 4629; x_wconf 85' lang='grc' dir='ltr'>νοῦν</span> <span class='ocrx_word' id='word_1_679' title='bbox 2849 4576 2937 4628; x_wconf 79' lang='grc' dir='ltr'>ἀεὶ</span> <span class='ocrx_word' id='word_1_680' title='bbox 2960 4575 3035 4639; x_wconf 85' lang='grc' dir='ltr'>ὡς</span> <span class='ocrx_word' id='word_1_681' title='bbox 3055 4574 3161 4644; x_wconf 81' lang='lat'><strong>50</strong></span> <span class='ocrx_word' id='word_1_682' title='bbox 3177 4575 3413 4645; x_wconf 68' lang='grc' dir='ltr'>ἄναρχον</span> <span class='ocrx_word' id='word_1_683' title='bbox 3434 4575 3561 4628; x_wconf 76' lang='grc' dir='ltr'>ὄντα</span> <span class='ocrx_word' id='word_1_684' title='bbox 3590 4576 3715 4630; x_wconf 88' lang='grc' dir='ltr'>νοῦν</span> <span class='ocrx_word' id='word_1_685' title='bbox 3739 4579 3832 4631; x_wconf 71' lang='grc' dir='ltr'><strong>τὸν</strong></span> <span class='ocrx_word' id='word_1_686' title='bbox 3851 4581 4069 4651; x_wconf 84' lang='grc' dir='ltr'>Πατέρα</span> 
     </span>
    </p>
   </div>
   <div class='ocr_carea' id='block_1_90' title="bbox 818 4667 2575 4765">
    <p class='ocr_par' dir='ltr' id='par_1_90' title="bbox 818 4668 2575 4765">
     <span class='ocr_line' id='line_1_90' title="bbox 818 4668 2575 4765; baseline 0 -43"><span class='ocrx_word' id='word_1_687' title='bbox 818 4668 947 4722; x_wconf 90' lang='lat' dir='ltr'><strong>dum</strong></span> <span class='ocrx_word' id='word_1_688' title='bbox 966 4670 1165 4738; x_wconf 84' lang='lat' dir='ltr'><strong>angeli;</strong></span> <span class='ocrx_word' id='word_1_689' title='bbox 1187 4668 1391 4740; x_wconf 84' lang='lat' dir='ltr'><strong>Deique</strong></span> <span class='ocrx_word' id='word_1_690' title='bbox 1405 4684 1567 4738; x_wconf 81' lang='lat' dir='ltr'><strong>opera</strong></span> <span class='ocrx_word' id='word_1_691' title='bbox 1588 4684 1836 4738; x_wconf 74' lang='lat' dir='ltr'><strong>quaenam</strong></span> <span class='ocrx_word' id='word_1_692' title='bbox 1855 4670 1965 4725; x_wconf 90' lang='lat' dir='ltr'><strong>sint</strong></span> <span class='ocrx_word' id='word_1_693' title='bbox 1983 4670 2211 4726; x_wconf 83' lang='lat' dir='ltr'><strong>intuitus</strong></span> <span class='ocrx_word' id='word_1_694' title='bbox 2228 4671 2391 4727; x_wconf 87' lang='lat' dir='ltr'><strong>homo</strong></span> <span class='ocrx_word' id='word_1_695' title='bbox 2417 4705 2469 4765; x_wconf 64' lang='grc' dir='ltr'><strong>β</strong></span> <span class='ocrx_word' id='word_1_696' title='bbox 2499 4670 2575 4723; x_wconf 44' lang='lat' dir='ltr'><strong>abi</strong></span> 
     </span>
    </p>
   </div>
   <div class='ocr_carea' id='block_1_91' title="bbox 2312 4667 4069 4765">
    <p class='ocr_par' dir='ltr' id='par_1_91' title="bbox 2312 4667 4069 4765">
     <span class='ocr_line' id='line_1_91' title="bbox 2312 4667 4069 4765; baseline 0 -39"><span class='ocrx_word' id='word_1_697' title='bbox 2312 4689 2391 4727; x_wconf 86' lang='lat' dir='ltr'><strong>mo</strong></span> <span class='ocrx_word' id='word_1_698' title='bbox 2417 4705 2469 4765; x_wconf 64' lang='grc' dir='ltr'><strong>β</strong></span> <span class='ocrx_word' id='word_1_699' title='bbox 2499 4670 2595 4765; x_wconf 68' lang='grc' dir='ltr'>σὺν</span> <span class='ocrx_word' id='word_1_700' title='bbox 2622 4669 2702 4736; x_wconf 85' lang='grc' dir='ltr'><strong>τῷ</strong></span> <span class='ocrx_word' id='word_1_701' title='bbox 2722 4670 2890 4765; x_wconf 38' lang='grc' dir='ltr'>μόγῳ</span> <span class='ocrx_word' id='word_1_702' title='bbox 2937 4670 3031 4765; x_wconf 80' lang='grc' dir='ltr'>καὶ</span> <span class='ocrx_word' id='word_1_703' title='bbox 3082 4667 3384 4765; x_wconf 71' lang='grc' dir='ltr'>Πνεύματι,</span> <span class='ocrx_word' id='word_1_704' title='bbox 3419 4668 3511 4765; x_wconf 60' lang='grc' dir='ltr'><strong>καλ</strong></span> <span class='ocrx_word' id='word_1_705' title='bbox 3548 4670 3727 4765; x_wconf 63' lang='grc' dir='ltr'><strong>ΔπρδςΔ</strong></span> <span class='ocrx_word' id='word_1_706' title='bbox 3750 4671 3913 4765; x_wconf 83' lang='grc' dir='ltr'>αὑτὸν</span> <span class='ocrx_word' id='word_1_707' title='bbox 3975 4675 4069 4765; x_wconf 61' lang='grc' dir='ltr'>τὴν</span> 
     </span>
    </p>
   </div>
   <div class='ocr_carea' id='block_1_92' title="bbox 821 4759 2578 4834">
    <p class='ocr_par' dir='ltr' id='par_1_92' title="bbox 821 4759 2578 4834">
     <span class='ocr_line' id='line_1_92' title="bbox 821 4759 2578 4834; baseline -0.001 -19"><span class='ocrx_word' id='word_1_708' title='bbox 821 4764 979 4816; x_wconf 84' lang='lat' dir='ltr'><strong>debet</strong></span> <span class='ocrx_word' id='word_1_709' title='bbox 995 4761 1293 4817; x_wconf 84' lang='lat' dir='ltr'><strong>secundum</strong></span> <span class='ocrx_word' id='word_1_710' title='bbox 1312 4762 1533 4832; x_wconf 82' lang='lat' dir='ltr'><strong>angelos</strong></span> <span class='ocrx_word' id='word_1_711' title='bbox 1550 4776 1735 4831; x_wconf 84' lang='lat' dir='ltr'><strong>agere,</strong></span> <span class='ocrx_word' id='word_1_712' title='bbox 1750 4776 1942 4831; x_wconf 85' lang='lat' dir='ltr'><strong>nempe</strong></span> <span class='ocrx_word' id='word_1_713' title='bbox 1961 4779 2082 4817; x_wconf 90' lang='lat' dir='ltr'><strong>eum</strong></span> <span class='ocrx_word' id='word_1_714' title='bbox 2103 4764 2320 4834; x_wconf 85' lang='lat' dir='ltr'><strong>hymnis</strong></span> <span class='ocrx_word' id='word_1_715' title='bbox 2335 4776 2390 4820; x_wconf 93' lang='lat' dir='ltr'><strong>et</strong></span> <span class='ocrx_word' id='word_1_716' title='bbox 2418 4759 2448 4765; x_wconf 68' lang='grc'><strong>⁷</strong></span> <span class='ocrx_word' id='word_1_717' title='bbox 2498 4761 2578 4831; x_wconf 72' lang='lat' dir='ltr'><strong>[qn</strong></span> 
     </span>
    </p>
   </div>
   <div class='ocr_carea' id='block_1_93' title="bbox 2311 4759 4068 4834">
    <p class='ocr_par' dir='ltr' id='par_1_93' title="bbox 2311 4759 4068 4831">
     <span class='ocr_line' id='line_1_93' title="bbox 2311 4759 4068 4831; baseline 0.004 -21"><span class='ocrx_word' id='word_1_718' title='bbox 2311 4776 2390 4820; x_wconf 63' lang='grc' dir='ltr'>εει</span> <span class='ocrx_word' id='word_1_719' title='bbox 2418 4759 2448 4765; x_wconf 66' lang='grc'><strong>⁷</strong></span> <span class='ocrx_word' id='word_1_720' title='bbox 2498 4761 2686 4831; x_wconf 79' lang='grc' dir='ltr'>ῑφεσιν</span> <span class='ocrx_word' id='word_1_721' title='bbox 2719 4760 2885 4831; x_wconf 73' lang='grc' dir='ltr'>ἔχειν,</span> <span class='ocrx_word' id='word_1_722' title='bbox 2925 4762 3016 4813; x_wconf 79' lang='grc' dir='ltr'>καὶ</span> <span class='ocrx_word' id='word_1_723' title='bbox 3050 4759 3189 4830; x_wconf 78' lang='grc' dir='ltr'>πρὸς</span> <span class='ocrx_word' id='word_1_724' title='bbox 3222 4760 3385 4811; x_wconf 76' lang='grc' dir='ltr'>αὑτὸν</span> <span class='ocrx_word' id='word_1_725' title='bbox 3421 4761 3509 4813; x_wconf 73' lang='grc' dir='ltr'>ἀεὶ</span> <span class='ocrx_word' id='word_1_726' title='bbox 3538 4761 3939 4825; x_wconf 84' lang='grc' dir='ltr'>ἀνατείνεσθαι,</span> <span class='ocrx_word' id='word_1_727' title='bbox 3974 4764 4068 4817; x_wconf 78' lang='grc' dir='ltr'><strong>τὸν</strong></span> 
     </span>
    </p>
   </div>
   <div class='ocr_carea' id='block_1_94' title="bbox 821 4851 2394 4919">
    <p class='ocr_par' dir='ltr' id='par_1_94' title="bbox 821 4851 2394 4919">
     <span class='ocr_line' id='line_1_94' title="bbox 821 4851 2394 4919; baseline 0.003 -14"><span class='ocrx_word' id='word_1_728' title='bbox 821 4851 1073 4907; x_wconf 89' lang='lat' dir='ltr'><strong>laudibus</strong></span> <span class='ocrx_word' id='word_1_729' title='bbox 1093 4852 1393 4909; x_wconf 86' lang='lat' dir='ltr'><strong>celebrare.</strong></span> <span class='ocrx_word' id='word_1_730' title='bbox 1425 4852 1517 4907; x_wconf 72' lang='lat' dir='ltr'><strong>Ait</strong></span> <span class='ocrx_word' id='word_1_731' title='bbox 1551 4853 1733 4909; x_wconf 87' lang='lat' dir='ltr'><strong>enim:</strong></span> <span class='ocrx_word' id='word_1_732' title='bbox 1766 4871 1785 4903; x_wconf 77' lang='grc' dir='ltr'><strong>ι</strong></span> <span class='ocrx_word' id='word_1_733' title='bbox 1821 4853 2053 4919; x_wconf 84' lang='lat' dir='ltr'><strong>Quando</strong></span> <span class='ocrx_word' id='word_1_734' title='bbox 2082 4854 2223 4908; x_wconf 80' lang='lat' dir='ltr'><strong>facta</strong></span> <span class='ocrx_word' id='word_1_735' title='bbox 2264 4866 2394 4910; x_wconf 86' lang='lat' dir='ltr'><strong>sunt</strong></span> 
     </span>
    </p>
   </div>
   <div class='ocr_carea' id='block_1_95' title="bbox 822 4945 2392 5015">
    <p class='ocr_par' dir='ltr' id='par_1_95' title="bbox 822 4945 2392 5015">
     <span class='ocr_line' id='line_1_95' title="bbox 822 4945 2392 5015; baseline 0.001 -16"><span class='ocrx_word' id='word_1_736' title='bbox 822 4953 993 5011; x_wconf 88' lang='lat' dir='ltr'><strong>astra,</strong></span> <span class='ocrx_word' id='word_1_737' title='bbox 1022 4945 1423 5000; x_wconf 82' lang='lat' dir='ltr'><strong>laudabantme</strong></span> <span class='ocrx_word' id='word_1_738' title='bbox 1460 4959 1592 5001; x_wconf 80' lang='lat' dir='ltr'><strong>voce</strong></span> <span class='ocrx_word' id='word_1_739' title='bbox 1616 4960 1810 5015; x_wconf 86' lang='lat' dir='ltr'><strong>magna</strong></span> <span class='ocrx_word' id='word_1_740' title='bbox 1843 4952 2033 5001; x_wconf 80' lang='lat' dir='ltr'><strong>Omnes</strong></span> <span class='ocrx_word' id='word_1_741' title='bbox 2070 4947 2247 5015; x_wconf 80' lang='lat' dir='ltr'><strong>angeli</strong></span> <span class='ocrx_word' id='word_1_742' title='bbox 2288 4947 2392 5001; x_wconf 90' lang='lat' dir='ltr'><strong>mei</strong></span> 
     </span>
    </p>
   </div>
   <div class='ocr_carea' id='block_1_96' title="bbox 825 5035 2398 5107">
    <p class='ocr_par' dir='ltr' id='par_1_96' title="bbox 825 5035 2398 5107">
     <span class='ocr_line' id='line_1_96' title="bbox 825 5035 2398 5107; baseline 0.002 -17"><span class='ocrx_word' id='word_1_743' title='bbox 825 5039 1151 5107; x_wconf 82' lang='lat' dir='ltr'><strong>hytnnisque</strong></span> <span class='ocrx_word' id='word_1_744' title='bbox 1181 5037 1474 5091; x_wconf 83' lang='lat' dir='ltr'><strong>ornabant.</strong></span> <span class='ocrx_word' id='word_1_745' title='bbox 1516 5054 1534 5087; x_wconf 74' lang='grc' dir='ltr'><strong>ι</strong></span> <span class='ocrx_word' id='word_1_746' title='bbox 1564 5035 1792 5092; x_wconf 77' lang='lat' dir='ltr'><strong>Vidcn‘?</strong></span> <span class='ocrx_word' id='word_1_747' title='bbox 1822 5037 2117 5091; x_wconf 86' lang='lat' dir='ltr'><strong>humilitati</strong></span> <span class='ocrx_word' id='word_1_748' title='bbox 2164 5048 2312 5100; x_wconf 87' lang='lat' dir='ltr'><strong>sunt.</strong></span> <span class='ocrx_word' id='word_1_749' title='bbox 2343 5050 2398 5093; x_wconf 88' lang='lat' dir='ltr'><strong>et</strong></span> 
     </span>
    </p>
   </div>
   <div class='ocr_carea' id='block_1_97' title="bbox 822 5127 2395 5199">
    <p class='ocr_par' dir='ltr' id='par_1_97' title="bbox 822 5127 2395 5199">
     <span class='ocr_line' id='line_1_97' title="bbox 822 5127 2395 5199; baseline -0.003 -13"><span class='ocrx_word' id='word_1_750' title='bbox 822 5131 1008 5186; x_wconf 82' lang='lat' dir='ltr'><strong>statim</strong></span> <span class='ocrx_word' id='word_1_751' title='bbox 1035 5131 1102 5185; x_wconf 93' lang='lat' dir='ltr'><strong>ad</strong></span> <span class='ocrx_word' id='word_1_752' title='bbox 1133 5129 1651 5199; x_wconf 85' lang='lat' dir='ltr'><strong>contemplationem</strong></span> <span class='ocrx_word' id='word_1_753' title='bbox 1707 5138 1761 5183; x_wconf 87' lang='lat' dir='ltr'><strong>et</strong></span> <span class='ocrx_word' id='word_1_754' title='bbox 1803 5129 2251 5196; x_wconf 78' lang='lat' dir='ltr'><strong>gloriﬁcatiouem</strong></span> <span class='ocrx_word' id='word_1_755' title='bbox 2302 5127 2395 5182; x_wconf 89' lang='lat' dir='ltr'><strong>Dei</strong></span> 
     </span>
    </p>
   </div>
   <div class='ocr_carea' id='block_1_98' title="bbox 824 5201 2395 5292">
    <p class='ocr_par' dir='ltr' id='par_1_98' title="bbox 824 5201 2395 5292">
     <span class='ocr_line' id='line_1_98' title="bbox 824 5201 2395 5292; baseline -0.003 -14"><span class='ocrx_word' id='word_1_756' title='bbox 824 5201 1055 5280; x_wconf 77' lang='lat' dir='ltr'><strong>mentem</strong></span> <span class='ocrx_word' id='word_1_757' title='bbox 1095 5231 1412 5287; x_wconf 78' lang='lat' dir='ltr'><strong>erexerunt,</strong></span> <span class='ocrx_word' id='word_1_758' title='bbox 1462 5223 1724 5292; x_wconf 79' lang='lat' dir='ltr'><strong>quoniam</strong></span> <span class='ocrx_word' id='word_1_759' title='bbox 1784 5220 1901 5290; x_wconf 85' lang='lat' dir='ltr'><strong>ipse</strong></span> <span class='ocrx_word' id='word_1_760' title='bbox 1932 5222 2176 5275; x_wconf 89' lang='lat' dir='ltr'><strong>omnium</strong></span> <span class='ocrx_word' id='word_1_761' title='bbox 2213 5219 2395 5275; x_wconf 87' lang='lat' dir='ltr'><strong>Domi-</strong></span> 
     </span>
    </p>
   </div>
   <div class='ocr_carea' id='block_1_99' title="bbox 828 5314 2398 5389">
    <p class='ocr_par' dir='ltr' id='par_1_99' title="bbox 828 5314 2398 5389">
     <span class='ocr_line' id='line_1_99' title="bbox 828 5314 2398 5389; baseline -0.003 -18"><span class='ocrx_word' id='word_1_762' title='bbox 828 5333 967 5386; x_wconf 86' lang='lat' dir='ltr'><strong>nus;</strong></span> <span class='ocrx_word' id='word_1_763' title='bbox 1003 5332 1176 5389; x_wconf 87' lang='lat' dir='ltr'><strong>neque</strong></span> <span class='ocrx_word' id='word_1_764' title='bbox 1214 5324 1431 5387; x_wconf 86' lang='lat' dir='ltr'><strong>propter</strong></span> <span class='ocrx_word' id='word_1_765' title='bbox 1458 5330 1606 5379; x_wconf 90' lang='lat' dir='ltr'><strong>eum,</strong></span> <span class='ocrx_word' id='word_1_766' title='bbox 1644 5314 1740 5368; x_wconf 88' lang='lat' dir='ltr'><strong>sed</strong></span> <span class='ocrx_word' id='word_1_767' title='bbox 1777 5324 1994 5383; x_wconf 81' lang='lat' dir='ltr'><strong>propter</strong></span> <span class='ocrx_word' id='word_1_768' title='bbox 2035 5329 2154 5381; x_wconf 90' lang='lat' dir='ltr'><strong>nos,</strong></span> <span class='ocrx_word' id='word_1_769' title='bbox 2192 5324 2253 5368; x_wconf 92' lang='lat' dir='ltr'><strong>ut</strong></span> <span class='ocrx_word' id='word_1_770' title='bbox 2294 5330 2398 5367; x_wconf 92' lang='lat' dir='ltr'><strong>no-</strong></span> 
     </span>
    </p>
   </div>
   <div class='ocr_carea' id='block_1_100' title="bbox 825 5407 2391 5480">
    <p class='ocr_par' dir='ltr' id='par_1_100' title="bbox 825 5407 2391 5480">
     <span class='ocr_line' id='line_1_100' title="bbox 825 5407 2391 5480; baseline -0.005 -12"><span class='ocrx_word' id='word_1_771' title='bbox 825 5423 940 5469; x_wconf 87' lang='lat' dir='ltr'><strong>stra</strong></span> <span class='ocrx_word' id='word_1_772' title='bbox 970 5418 1227 5480; x_wconf 88' lang='lat' dir='ltr'><strong>regantur</strong></span> <span class='ocrx_word' id='word_1_773' title='bbox 1260 5423 1489 5479; x_wconf 84' lang='lat' dir='ltr'><strong>corpora</strong></span> <span class='ocrx_word' id='word_1_774' title='bbox 1530 5407 1766 5462; x_wconf 75' lang='lat' dir='ltr'><strong>visibilis</strong></span> <span class='ocrx_word' id='word_1_775' title='bbox 1828 5407 2094 5471; x_wconf 84' lang='lat' dir='ltr'><strong>condidit,</strong></span> <span class='ocrx_word' id='word_1_776' title='bbox 2142 5408 2391 5462; x_wconf 89' lang='lat' dir='ltr'><strong>invisibi-</strong></span> 
     </span>
    </p>
   </div>
   <div class='ocr_carea' id='block_1_101' title="bbox 825 5494 2399 5570">
    <p class='ocr_par' dir='ltr' id='par_1_101' title="bbox 825 5494 2399 5570">
     <span class='ocr_line' id='line_1_101' title="bbox 825 5494 2399 5570; baseline -0.004 -11"><span class='ocrx_word' id='word_1_777' title='bbox 825 5506 897 5559; x_wconf 76' lang='lat' dir='ltr'><strong>lia</strong></span> <span class='ocrx_word' id='word_1_778' title='bbox 929 5512 1111 5557; x_wconf 88' lang='lat' dir='ltr'><strong>autem</strong></span> <span class='ocrx_word' id='word_1_779' title='bbox 1142 5511 1200 5556; x_wconf 93' lang='lat' dir='ltr'><strong>ut</strong></span> <span class='ocrx_word' id='word_1_780' title='bbox 1233 5503 1429 5557; x_wconf 82' lang='lat' dir='ltr'><strong>animis</strong></span> <span class='ocrx_word' id='word_1_781' title='bbox 1479 5500 1685 5555; x_wconf 88' lang='lat' dir='ltr'><strong>nostris</strong></span> <span class='ocrx_word' id='word_1_782' title='bbox 1722 5494 2033 5570; x_wconf 71' lang='lat' dir='ltr'><strong>proﬁciant.</strong></span> <span class='ocrx_word' id='word_1_783' title='bbox 2066 5500 2197 5566; x_wconf 57' lang='lat' dir='ltr'><strong>Quae.</strong></span> <span class='ocrx_word' id='word_1_784' title='bbox 2232 5500 2399 5568; x_wconf 85' lang='lat' dir='ltr'><strong>igitur</strong></span> 
     </span>
    </p>
   </div>
   <div class='ocr_carea' id='block_1_102' title="bbox 828 5592 2399 5663">
    <p class='ocr_par' dir='ltr' id='par_1_102' title="bbox 828 5592 2399 5663">
     <span class='ocr_line' id='line_1_102' title="bbox 828 5592 2399 5663; baseline -0.004 -9"><span class='ocrx_word' id='word_1_785' title='bbox 828 5599 1040 5655; x_wconf 87' lang='lat' dir='ltr'><strong>utilitas</strong></span> <span class='ocrx_word' id='word_1_786' title='bbox 1105 5599 1149 5651; x_wconf 83' lang='lat' dir='ltr'><strong>si</strong></span> <span class='ocrx_word' id='word_1_787' title='bbox 1205 5595 1272 5649; x_wconf 89' lang='lat' dir='ltr'><strong>de</strong></span> <span class='ocrx_word' id='word_1_788' title='bbox 1330 5593 1415 5649; x_wconf 89' lang='lat' dir='ltr'><strong>his</strong></span> <span class='ocrx_word' id='word_1_789' title='bbox 1464 5594 1914 5663; x_wconf 89' lang='lat' dir='ltr'><strong>corruptibilibus</strong></span> <span class='ocrx_word' id='word_1_790' title='bbox 1963 5592 2185 5647; x_wconf 89' lang='lat' dir='ltr'><strong>solliciti</strong></span> <span class='ocrx_word' id='word_1_791' title='bbox 2227 5592 2399 5647; x_wconf 89' lang='lat' dir='ltr'><strong>simus</strong></span> 
     </span>
    </p>
   </div>
   <div class='ocr_carea' id='block_1_103' title="bbox 829 5685 2403 5764">
    <p class='ocr_par' dir='ltr' id='par_1_103' title="bbox 829 5685 2403 5764">
     <span class='ocr_line' id='line_1_103' title="bbox 829 5685 2403 5764; baseline -0.004 -19"><span class='ocrx_word' id='word_1_792' title='bbox 829 5708 953 5764; x_wconf 67' lang='lat' dir='ltr'><strong>quae</strong></span> <span class='ocrx_word' id='word_1_793' title='bbox 979 5688 1329 5745; x_wconf 86' lang='lat' dir='ltr'><strong>studentibus</strong></span> <span class='ocrx_word' id='word_1_794' title='bbox 1382 5703 1490 5743; x_wconf 91' lang='lat' dir='ltr'><strong>non</strong></span> <span class='ocrx_word' id='word_1_795' title='bbox 1548 5698 1801 5756; x_wconf 87' lang='lat' dir='ltr'><strong>prosunt,</strong></span> <span class='ocrx_word' id='word_1_796' title='bbox 1858 5686 1961 5740; x_wconf 90' lang='lat' dir='ltr'><strong>nisi</strong></span> <span class='ocrx_word' id='word_1_797' title='bbox 2020 5685 2143 5755; x_wconf 91' lang='lat' dir='ltr'><strong>quis</strong></span> <span class='ocrx_word' id='word_1_798' title='bbox 2196 5686 2287 5737; x_wconf 84' lang='lat' dir='ltr'><strong>illa</strong></span> <span class='ocrx_word' id='word_1_799' title='bbox 2314 5700 2403 5739; x_wconf 90' lang='lat' dir='ltr'><strong>so-</strong></span> 
     </span>
    </p>
   </div>
   <div class='ocr_carea' id='block_1_104' title="bbox 829 5776 2403 5852">
    <p class='ocr_par' dir='ltr' id='par_1_104' title="bbox 829 5776 2403 5852">
     <span class='ocr_line' id='line_1_104' title="bbox 829 5776 2403 5852; baseline -0.007 -11"><span class='ocrx_word' id='word_1_800' title='bbox 829 5786 1111 5841; x_wconf 88' lang='lat' dir='ltr'><strong>lummodo</strong></span> <span class='ocrx_word' id='word_1_801' title='bbox 1153 5782 1407 5852; x_wconf 77' lang='lat' dir='ltr'><strong>inspiciat</strong></span> <span class='ocrx_word' id='word_1_802' title='bbox 1458 5790 1518 5835; x_wconf 93' lang='lat' dir='ltr'><strong>ut</strong></span> <span class='ocrx_word' id='word_1_803' title='bbox 1572 5779 1678 5834; x_wconf 87' lang='lat' dir='ltr'><strong>Deo</strong></span> <span class='ocrx_word' id='word_1_804' title='bbox 1724 5780 1929 5849; x_wconf 88' lang='lat' dir='ltr'><strong>gratias</strong></span> <span class='ocrx_word' id='word_1_805' title='bbox 1985 5788 2039 5831; x_wconf 92' lang='lat' dir='ltr'><strong>et</strong></span> <span class='ocrx_word' id='word_1_806' title='bbox 2087 5776 2273 5830; x_wconf 88' lang='lat' dir='ltr'><strong>laudes</strong></span> <span class='ocrx_word' id='word_1_807' title='bbox 2305 5777 2403 5830; x_wconf 84' lang='lat' dir='ltr'><strong>tri-</strong></span> 
     </span>
    </p>
   </div>
   <div class='ocr_carea' id='block_1_105' title="bbox 832 5868 2399 5943">
    <p class='ocr_par' dir='ltr' id='par_1_105' title="bbox 832 5868 2399 5943">
     <span class='ocr_line' id='line_1_105' title="bbox 832 5868 2399 5943; baseline -0.006 -12"><span class='ocrx_word' id='word_1_808' title='bbox 832 5881 986 5943; x_wconf 86' lang='lat' dir='ltr'><strong>huat,</strong></span> <span class='ocrx_word' id='word_1_809' title='bbox 1027 5885 1085 5932; x_wconf 93' lang='lat' dir='ltr'><strong>ut</strong></span> <span class='ocrx_word' id='word_1_810' title='bbox 1116 5877 1294 5932; x_wconf 88' lang='lat' dir='ltr'><strong>solent</strong></span> <span class='ocrx_word' id='word_1_811' title='bbox 1327 5873 1525 5936; x_wconf 84' lang='lat' dir='ltr'><strong>sancti.</strong></span> <span class='ocrx_word' id='word_1_812' title='bbox 1562 5882 1618 5927; x_wconf 90' lang='lat' dir='ltr'><strong>et</strong></span> <span class='ocrx_word' id='word_1_813' title='bbox 1665 5872 1834 5927; x_wconf 85' lang='lat' dir='ltr'><strong>David</strong></span> <span class='ocrx_word' id='word_1_814' title='bbox 1888 5870 2033 5926; x_wconf 88' lang='lat' dir='ltr'><strong>istud</strong></span> <span class='ocrx_word' id='word_1_815' title='bbox 2073 5876 2303 5924; x_wconf 85' lang='lat' dir='ltr'><strong>testatur</strong></span> <span class='ocrx_word' id='word_1_816' title='bbox 2344 5868 2399 5921; x_wconf 90' lang='lat' dir='ltr'><strong>in</strong></span> 
     </span>
    </p>
   </div>
   <div class='ocr_carea' id='block_1_106' title="bbox 833 5959 2400 6039">
    <p class='ocr_par' dir='ltr' id='par_1_106' title="bbox 833 5959 2400 6039">
     <span class='ocr_line' id='line_1_106' title="bbox 833 5959 2400 6039; baseline -0.009 -14"><span class='ocrx_word' id='word_1_817' title='bbox 833 5972 1020 6026; x_wconf 89' lang='lat' dir='ltr'><strong>multis</strong></span> <span class='ocrx_word' id='word_1_818' title='bbox 1049 5960 1459 6039; x_wconf 70' lang='lat' dir='ltr'><strong>psalmis&#39;opcra</strong></span> <span class='ocrx_word' id='word_1_819' title='bbox 1518 5964 1611 6020; x_wconf 89' lang='lat' dir='ltr'><strong>Dei</strong></span> <span class='ocrx_word' id='word_1_820' title='bbox 1661 5962 2028 6033; x_wconf 67' lang='lat' dir='ltr'><strong>praedicando.</strong></span> <span class='ocrx_word' id='word_1_821' title='bbox 2094 5959 2189 6015; x_wconf 84' lang='lat' dir='ltr'><strong>ille</strong></span> <span class='ocrx_word' id='word_1_822' title='bbox 2220 5966 2400 6013; x_wconf 89' lang='lat' dir='ltr'><strong>autem</strong></span> 
     </span>
    </p>
   </div>
   <div class='ocr_carea' id='block_1_107' title="bbox 834 6052 2399 6136">
    <p class='ocr_par' dir='ltr' id='par_1_107' title="bbox 834 6052 2399 6136">
     <span class='ocr_line' id='line_1_107' title="bbox 834 6052 2399 6136; baseline -0.008 -16"><span class='ocrx_word' id='word_1_823' title='bbox 834 6064 1151 6136; x_wconf 60' lang='lat' dir='ltr'><strong>immundus</strong></span> <span class='ocrx_word' id='word_1_824' title='bbox 1186 6062 1300 6119; x_wconf 68' lang='lat' dir='ltr'><strong>haec</strong></span> <span class='ocrx_word' id='word_1_825' title='bbox 1336 6060 1559 6117; x_wconf 87' lang='lat' dir='ltr'><strong>omnino</strong></span> <span class='ocrx_word' id='word_1_826' title='bbox 1592 6060 1795 6116; x_wconf 83' lang='lat' dir='ltr'><strong>oblitus</strong></span> <span class='ocrx_word' id='word_1_827' title='bbox 1826 6056 2137 6113; x_wconf 65' lang='lat' dir='ltr'><strong>Graecorum</strong></span> <span class='ocrx_word' id='word_1_828' title='bbox 2170 6052 2399 6124; x_wconf 76' lang='lat' dir='ltr'><strong>ineptius</strong></span> 
     </span>
    </p>
   </div>
   <div class='ocr_carea' id='block_1_108' title="bbox 2496 4851 4071 4925">
    <p class='ocr_par' dir='ltr' id='par_1_108' title="bbox 2496 4851 4071 4925">
     <span class='ocr_line' id='line_1_108' title="bbox 2496 4851 4071 4925; baseline 0.001 -18"><span class='ocrx_word' id='word_1_829' title='bbox 2496 4856 2729 4925; x_wconf 79' lang='grc' dir='ltr'>ποιητὴν</span> <span class='ocrx_word' id='word_1_830' title='bbox 2780 4853 2894 4905; x_wconf 90' lang='grc' dir='ltr'><strong>τῶν</strong></span> <span class='ocrx_word' id='word_1_831' title='bbox 2942 4855 3281 4920; x_wconf 82' lang='grc' dir='ltr'>κτισμάτων.</span> <span class='ocrx_word' id='word_1_832' title='bbox 3339 4852 3433 4905; x_wconf 71' lang='grc' dir='ltr'>καὶ</span> <span class='ocrx_word' id='word_1_833' title='bbox 3490 4851 3738 4917; x_wconf 76' lang='grc' dir='ltr'>δοξάζειν</span> <span class='ocrx_word' id='word_1_834' title='bbox 3791 4856 4071 4925; x_wconf 84' lang='grc' dir='ltr'>ἀσιγήτως</span> 
     </span>
    </p>
   </div>
   <div class='ocr_carea' id='block_1_109' title="bbox 2495 4942 4067 5012">
    <p class='ocr_par' dir='ltr' id='par_1_109' title="bbox 2495 4942 4067 5012">
     <span class='ocr_line' id='line_1_109' title="bbox 2495 4942 4067 5012; baseline -0.001 -12"><span class='ocrx_word' id='word_1_835' title='bbox 2495 4947 2658 5000; x_wconf 73' lang='grc' dir='ltr'>αὑτὸν</span> <span class='ocrx_word' id='word_1_836' title='bbox 2686 4944 2761 5007; x_wconf 84' lang='grc' dir='ltr'><strong>ὡς</strong></span> <span class='ocrx_word' id='word_1_837' title='bbox 2777 4946 2826 4997; x_wconf 77' lang='grc' dir='ltr'>οἱ</span> <span class='ocrx_word' id='word_1_838' title='bbox 2857 4944 3100 5012; x_wconf 80' lang='grc' dir='ltr'>ἄγγελοι,</span> <span class='ocrx_word' id='word_1_839' title='bbox 3126 4944 3221 4995; x_wconf 73' lang='grc' dir='ltr'>καὶ</span> <span class='ocrx_word' id='word_1_840' title='bbox 3246 4942 3388 4995; x_wconf 85' lang='grc' dir='ltr'><strong>κατά</strong></span> <span class='ocrx_word' id='word_1_841' title='bbox 3420 4943 3547 5005; x_wconf 78' lang='grc' dir='ltr'>τοὺς</span> <span class='ocrx_word' id='word_1_842' title='bbox 3571 4944 3837 5009; x_wconf 78' lang='grc' dir='ltr'>ἀγγέλους</span> <span class='ocrx_word' id='word_1_843' title='bbox 3867 4948 4067 5012; x_wconf 79' lang='grc' dir='ltr'>ποιεῖν,</span> 
     </span>
    </p>
   </div>
   <div class='ocr_carea' id='block_1_110' title="bbox 2497 5031 4071 5105">
    <p class='ocr_par' dir='ltr' id='par_1_110' title="bbox 2497 5031 4071 5105">
     <span class='ocr_line' id='line_1_110' title="bbox 2497 5031 4071 5105; baseline 0.001 -18"><span class='ocrx_word' id='word_1_844' title='bbox 2497 5035 2806 5105; x_wconf 87' lang='grc' dir='ltr'>θεωροῦντα</span> <span class='ocrx_word' id='word_1_845' title='bbox 2833 5034 2953 5086; x_wconf 88' lang='grc' dir='ltr'>τίνα</span> <span class='ocrx_word' id='word_1_846' title='bbox 2984 5035 3051 5085; x_wconf 75' lang='grc' dir='ltr'>τὰ</span> <span class='ocrx_word' id='word_1_847' title='bbox 3072 5032 3166 5085; x_wconf 91' lang='grc' dir='ltr'><strong>τοῦ</strong></span> <span class='ocrx_word' id='word_1_848' title='bbox 3196 5031 3331 5085; x_wconf 80' lang='grc' dir='ltr'>Θεοῦ</span> <span class='ocrx_word' id='word_1_849' title='bbox 3361 5034 3658 5102; x_wconf 82' lang='grc' dir='ltr'>κτίσματα,</span> <span class='ocrx_word' id='word_1_850' title='bbox 3688 5035 3877 5103; x_wconf 75' lang='grc' dir='ltr'>ὑμνεῖν</span> <span class='ocrx_word' id='word_1_851' title='bbox 3907 5038 4071 5090; x_wconf 81' lang='grc' dir='ltr'>αὑτὸν</span> 
     </span>
    </p>
   </div>
   <div class='ocr_carea' id='block_1_111' title="bbox 2498 5126 4063 5197">
    <p class='ocr_par' dir='ltr' id='par_1_111' title="bbox 2498 5126 4063 5197">
     <span class='ocr_line' id='line_1_111' title="bbox 2498 5126 4063 5197; baseline 0 -15"><span class='ocrx_word' id='word_1_852' title='bbox 2498 5135 2592 5182; x_wconf 69' lang='grc' dir='ltr'>καὶ</span> <span class='ocrx_word' id='word_1_853' title='bbox 2610 5130 2931 5195; x_wconf 79' lang='grc' dir='ltr'>δοξολογεῖν.</span> <span class='ocrx_word' id='word_1_854' title='bbox 2963 5128 3125 5180; x_wconf 81' lang='grc' dir='ltr'>«Ὅτε</span> <span class='ocrx_word' id='word_1_855' title='bbox 3157 5146 3175 5178; x_wconf 78' lang='grc' dir='ltr'><strong>ε</strong></span> <span class='ocrx_word' id='word_1_856' title='bbox 3201 5126 3333 5196; x_wconf 72' lang='grc' dir='ltr'>γὰρ,</span> <span class='ocrx_word' id='word_1_857' title='bbox 3360 5126 3545 5195; x_wconf 74' lang='grc' dir='ltr'>φησὶν,</span> <span class='ocrx_word' id='word_1_858' title='bbox 3578 5146 3596 5179; x_wconf 79' lang='grc' dir='ltr'><strong>ι</strong></span> <span class='ocrx_word' id='word_1_859' title='bbox 3628 5128 3846 5193; x_wconf 78' lang='grc' dir='ltr'>ἐγένετο</span> <span class='ocrx_word' id='word_1_860' title='bbox 3868 5128 4063 5197; x_wconf 78' lang='grc' dir='ltr'>ἄστρα,</span> 
     </span>
    </p>
   </div>
   <div class='ocr_carea' id='block_1_112' title="bbox 2496 5217 4068 5292">
    <p class='ocr_par' dir='ltr' id='par_1_112' title="bbox 2496 5217 4068 5292">
     <span class='ocr_line' id='line_1_112' title="bbox 2496 5217 4068 5292; baseline 0 -20"><span class='ocrx_word' id='word_1_861' title='bbox 2496 5221 2696 5292; x_wconf 74' lang='grc' dir='ltr'>ᾔνεσαν</span> <span class='ocrx_word' id='word_1_862' title='bbox 2721 5237 2785 5290; x_wconf 87' lang='grc' dir='ltr'><strong>με</strong></span> <span class='ocrx_word' id='word_1_863' title='bbox 2830 5221 2977 5289; x_wconf 71' lang='grc' dir='ltr'>φωνῇ</span> <span class='ocrx_word' id='word_1_864' title='bbox 3046 5217 3260 5290; x_wconf 80' lang='grc' dir='ltr'>μεγάλῃ</span> <span class='ocrx_word' id='word_1_865' title='bbox 3294 5218 3495 5281; x_wconf 79' lang='grc' dir='ltr'>πάντες</span> <span class='ocrx_word' id='word_1_866' title='bbox 3553 5219 3777 5286; x_wconf 80' lang='grc' dir='ltr'>ἄγγελοί</span> <span class='ocrx_word' id='word_1_867' title='bbox 3837 5237 3939 5287; x_wconf 88' lang='grc' dir='ltr'><strong>μου</strong></span> <span class='ocrx_word' id='word_1_868' title='bbox 3972 5220 4068 5274; x_wconf 74' lang='grc' dir='ltr'>καὶ</span> 
     </span>
    </p>
   </div>
   <div class='ocr_carea' id='block_1_113' title="bbox 2501 5310 4070 5382">
    <p class='ocr_par' dir='ltr' id='par_1_113' title="bbox 2501 5310 4070 5382">
     <span class='ocr_line' id='line_1_113' title="bbox 2501 5310 4070 5382; baseline 0 -17"><span class='ocrx_word' id='word_1_869' title='bbox 2501 5312 2769 5382; x_wconf 74' lang='grc' dir='ltr'>ὕμνησαν.</span> <span class='ocrx_word' id='word_1_870' title='bbox 2804 5331 2822 5363; x_wconf 77' lang='grc' dir='ltr'><strong>ι</strong></span> <span class='ocrx_word' id='word_1_871' title='bbox 2866 5312 3077 5381; x_wconf 79' lang='grc' dir='ltr'>Ὀρᾷς;</span> <span class='ocrx_word' id='word_1_872' title='bbox 3112 5310 3575 5377; x_wconf 83' lang='grc' dir='ltr'>Τεταπείνωνται,</span> <span class='ocrx_word' id='word_1_873' title='bbox 3636 5316 3733 5364; x_wconf 71' lang='grc' dir='ltr'>καὶ</span> <span class='ocrx_word' id='word_1_874' title='bbox 3780 5312 3916 5381; x_wconf 83' lang='grc' dir='ltr'>πρὸς</span> <span class='ocrx_word' id='word_1_875' title='bbox 3970 5312 4070 5380; x_wconf 83' lang='grc' dir='ltr'>τὴν</span> 
     </span>
    </p>
   </div>
   <div class='ocr_carea' id='block_1_114' title="bbox 2500 5400 4070 5471">
    <p class='ocr_par' dir='ltr' id='par_1_114' title="bbox 2500 5400 4070 5471">
     <span class='ocr_line' id='line_1_114' title="bbox 2500 5400 4070 5471; baseline -0.003 -14"><span class='ocrx_word' id='word_1_876' title='bbox 2500 5404 2595 5457; x_wconf 87' lang='grc' dir='ltr'><strong>τοῦ</strong></span> <span class='ocrx_word' id='word_1_877' title='bbox 2632 5402 2769 5456; x_wconf 89' lang='grc' dir='ltr'>Θεοῦ</span> <span class='ocrx_word' id='word_1_878' title='bbox 2828 5401 3063 5471; x_wconf 84' lang='grc' dir='ltr'>θεωρίαν</span> <span class='ocrx_word' id='word_1_879' title='bbox 3093 5403 3189 5455; x_wconf 80' lang='grc' dir='ltr'>καὶ</span> <span class='ocrx_word' id='word_1_880' title='bbox 3241 5400 3552 5468; x_wconf 81' lang='grc' dir='ltr'>δοξολογίαν</span> <span class='ocrx_word' id='word_1_881' title='bbox 3583 5402 3745 5465; x_wconf 79' lang='grc' dir='ltr'>εὐθὺς</span> <span class='ocrx_word' id='word_1_882' title='bbox 3798 5404 3891 5454; x_wconf 86' lang='grc' dir='ltr'>τδν</span> <span class='ocrx_word' id='word_1_883' title='bbox 3942 5401 4070 5454; x_wconf 86' lang='grc' dir='ltr'>νοῦν</span> 
     </span>
    </p>
   </div>
   <div class='ocr_carea' id='block_1_115' title="bbox 2500 5490 4069 5561">
    <p class='ocr_par' dir='ltr' id='par_1_115' title="bbox 2500 5490 4069 5561">
     <span class='ocr_line' id='line_1_115' title="bbox 2500 5490 4069 5561; baseline -0.002 -16"><span class='ocrx_word' id='word_1_884' title='bbox 2500 5494 2757 5560; x_wconf 59' lang='grc' dir='ltr'>ἔστησαν</span> <span class='ocrx_word' id='word_1_885' title='bbox 2788 5492 2870 5544; x_wconf 83' lang='grc' dir='ltr'>ὅτι</span> <span class='ocrx_word' id='word_1_886' title='bbox 2900 5491 2994 5543; x_wconf 83' lang='grc' dir='ltr'>καὶ</span> <span class='ocrx_word' id='word_1_887' title='bbox 3024 5490 3186 5552; x_wconf 72' lang='grc' dir='ltr'>αὐτὸς</span> <span class='ocrx_word' id='word_1_888' title='bbox 3222 5494 3449 5542; x_wconf 83' lang='grc' dir='ltr'>πάντων</span> <span class='ocrx_word' id='word_1_889' title='bbox 3476 5492 3865 5561; x_wconf 74' lang='grc' dir='ltr'>παραγωγεὺς,</span> <span class='ocrx_word' id='word_1_890' title='bbox 3889 5490 3985 5542; x_wconf 82' lang='grc' dir='ltr'>καὶ</span> <span class='ocrx_word' id='word_1_891' title='bbox 4007 5492 4069 5543; x_wconf 85' lang='grc' dir='ltr'>οὐ</span> 
     </span>
    </p>
   </div>
   <div class='ocr_carea' id='block_1_116' title="bbox 2500 5581 4068 5651">
    <p class='ocr_par' dir='ltr' id='par_1_116' title="bbox 2500 5581 4068 5651">
     <span class='ocr_line' id='line_1_116' title="bbox 2500 5581 4068 5651; baseline -0.003 -15"><span class='ocrx_word' id='word_1_892' title='bbox 2500 5584 2565 5637; x_wconf 78' lang='grc' dir='ltr'><strong>δι’</strong></span> <span class='ocrx_word' id='word_1_893' title='bbox 2598 5583 2763 5636; x_wconf 76' lang='grc' dir='ltr'>αὑτὸν</span> <span class='ocrx_word' id='word_1_894' title='bbox 2799 5583 2865 5634; x_wconf 80' lang='grc' dir='ltr'>τὰ</span> <span class='ocrx_word' id='word_1_895' title='bbox 2895 5582 3193 5649; x_wconf 87' lang='grc' dir='ltr'>κτίσματα,</span> <span class='ocrx_word' id='word_1_896' title='bbox 3226 5582 3357 5634; x_wconf 74' lang='grc' dir='ltr'>ἀλλὰ</span> <span class='ocrx_word' id='word_1_897' title='bbox 3380 5581 3445 5635; x_wconf 78' lang='grc' dir='ltr'><strong>δι’</strong></span> <span class='ocrx_word' id='word_1_898' title='bbox 3477 5584 3648 5651; x_wconf 73' lang='grc' dir='ltr'>ἡμᾶς,</span> <span class='ocrx_word' id='word_1_899' title='bbox 3678 5583 3761 5634; x_wconf 84' lang='grc' dir='ltr'>ἵνα</span> <span class='ocrx_word' id='word_1_900' title='bbox 3799 5582 4068 5651; x_wconf 79' lang='grc' dir='ltr'>κυϐερνᾶ-</span> 
     </span>
    </p>
   </div>
   <div class='ocr_carea' id='block_1_117' title="bbox 2501 5673 4071 5745">
    <p class='ocr_par' dir='ltr' id='par_1_117' title="bbox 2501 5673 4071 5745">
     <span class='ocr_line' id='line_1_117' title="bbox 2501 5673 4071 5745; baseline -0.003 -14"><span class='ocrx_word' id='word_1_901' title='bbox 2501 5696 2589 5731; x_wconf 85' lang='grc' dir='ltr'><strong>ται</strong></span> <span class='ocrx_word' id='word_1_902' title='bbox 2624 5675 2781 5745; x_wconf 79' lang='grc' dir='ltr'>ὴμῶν</span> <span class='ocrx_word' id='word_1_903' title='bbox 2809 5674 2876 5727; x_wconf 84' lang='grc' dir='ltr'>τὰ</span> <span class='ocrx_word' id='word_1_904' title='bbox 2914 5678 3158 5744; x_wconf 84' lang='grc' dir='ltr'>σώματα.</span> <span class='ocrx_word' id='word_1_905' title='bbox 3194 5676 3274 5728; x_wconf 77' lang='grc' dir='ltr'><strong>Τὰ</strong></span> <span class='ocrx_word' id='word_1_906' title='bbox 3330 5676 3385 5729; x_wconf 64' lang='grc' dir='ltr'><strong>δὲ</strong></span> <span class='ocrx_word' id='word_1_907' title='bbox 3413 5674 3554 5744; x_wconf 75' lang='grc' dir='ltr'>ὑπὲρ</span> <span class='ocrx_word' id='word_1_908' title='bbox 3573 5676 3681 5727; x_wconf 90' lang='grc' dir='ltr'><strong>τῶν</strong></span> <span class='ocrx_word' id='word_1_909' title='bbox 3704 5674 3892 5744; x_wconf 80' lang='grc' dir='ltr'>ψυχῶν</span> <span class='ocrx_word' id='word_1_910' title='bbox 3913 5673 4071 5743; x_wconf 79' lang='grc' dir='ltr'>ἡμῶν</span> 
     </span>
    </p>
   </div>
   <div class='ocr_carea' id='block_1_118' title="bbox 2503 5764 4073 5840">
    <p class='ocr_par' dir='ltr' id='par_1_118' title="bbox 2503 5764 4073 5840">
     <span class='ocr_line' id='line_1_118' title="bbox 2503 5764 4073 5840; baseline -0.003 -15"><span class='ocrx_word' id='word_1_911' title='bbox 2503 5770 2868 5840; x_wconf 84' lang='grc' dir='ltr'>ἀκατανόητα.</span> <span class='ocrx_word' id='word_1_912' title='bbox 2901 5768 2998 5831; x_wconf 85' lang='grc' dir='ltr'>Τίς</span> <span class='ocrx_word' id='word_1_913' title='bbox 3053 5764 3143 5821; x_wconf 83' lang='grc' dir='ltr'>οὖν</span> <span class='ocrx_word' id='word_1_914' title='bbox 3178 5768 3210 5837; x_wconf 72' lang='grc' dir='ltr'><strong>ἡ</strong></span> <span class='ocrx_word' id='word_1_915' title='bbox 3248 5766 3411 5835; x_wconf 88' lang='grc' dir='ltr'>χρεία</span> <span class='ocrx_word' id='word_1_916' title='bbox 3473 5768 3740 5837; x_wconf 75' lang='grc' dir='ltr'>μεριμνᾷν</span> <span class='ocrx_word' id='word_1_917' title='bbox 3802 5768 3928 5834; x_wconf 71' lang='grc' dir='ltr'>περὶ</span> <span class='ocrx_word' id='word_1_918' title='bbox 3964 5768 4073 5821; x_wconf 88' lang='grc' dir='ltr'><strong>τῶν</strong></span> 
     </span>
    </p>
   </div>
   <div class='ocr_carea' id='block_1_119' title="bbox 2504 5858 4070 5934">
    <p class='ocr_par' dir='ltr' id='par_1_119' title="bbox 2504 5858 4070 5934">
     <span class='ocr_line' id='line_1_119' title="bbox 2504 5858 4070 5934; baseline -0.004 -18"><span class='ocrx_word' id='word_1_919' title='bbox 2504 5861 2782 5934; x_wconf 79' lang='grc' dir='ltr'>φθαρτῶν,</span> <span class='ocrx_word' id='word_1_920' title='bbox 2817 5862 2912 5915; x_wconf 72' lang='grc' dir='ltr'>καὶ</span> <span class='ocrx_word' id='word_1_921' title='bbox 2945 5861 3112 5931; x_wconf 83' lang='grc' dir='ltr'>μηδὲν</span> <span class='ocrx_word' id='word_1_922' title='bbox 3144 5858 3499 5926; x_wconf 84' lang='grc' dir='ltr'>ὠφελούντων</span> <span class='ocrx_word' id='word_1_923' title='bbox 3547 5860 3603 5911; x_wconf 85' lang='grc' dir='ltr'>ὲν</span> <span class='ocrx_word' id='word_1_924' title='bbox 3634 5858 3712 5927; x_wconf 85' lang='grc' dir='ltr'>τῷ</span> <span class='ocrx_word' id='word_1_925' title='bbox 3760 5861 4070 5922; x_wconf 80' lang='grc' dir='ltr'>κατανοεῖν,</span> 
     </span>
    </p>
   </div>
   <div class='ocr_carea' id='block_1_120' title="bbox 2505 5950 4070 6026">
    <p class='ocr_par' dir='ltr' id='par_1_120' title="bbox 2505 5950 4070 6026">
     <span class='ocr_line' id='line_1_120' title="bbox 2505 5950 4070 6026; baseline -0.004 -17"><span class='ocrx_word' id='word_1_926' title='bbox 2505 5960 2553 6009; x_wconf 87' lang='grc' dir='ltr'><strong>εί</strong></span> <span class='ocrx_word' id='word_1_927' title='bbox 2588 5956 2661 6026; x_wconf 83' lang='grc' dir='ltr'>μή</span> <span class='ocrx_word' id='word_1_928' title='bbox 2694 5972 2777 6017; x_wconf 91' lang='grc' dir='ltr'><strong>τις</strong></span> <span class='ocrx_word' id='word_1_929' title='bbox 2804 5954 3160 6017; x_wconf 70' lang='grc' dir='ltr'>κατανοήσειε</span> <span class='ocrx_word' id='word_1_930' title='bbox 3193 5950 3389 6021; x_wconf 78' lang='grc' dir='ltr'>μικρὸν</span> <span class='ocrx_word' id='word_1_931' title='bbox 3408 5950 3495 6003; x_wconf 81' lang='grc' dir='ltr'><strong>διὰ</strong></span> <span class='ocrx_word' id='word_1_932' title='bbox 3518 5952 3685 6019; x_wconf 74' lang='grc' dir='ltr'>μόνην</span> <span class='ocrx_word' id='word_1_933' title='bbox 3715 5950 4070 6020; x_wconf 81' lang='grc' dir='ltr'>εὐχαριστίαν</span> 
     </span>
    </p>
   </div>
   <div class='ocr_carea' id='block_1_121' title="bbox 2507 6043 4065 6115">
    <p class='ocr_par' dir='ltr' id='par_1_121' title="bbox 2507 6043 4065 6115">
     <span class='ocr_line' id='line_1_121' title="bbox 2507 6043 4065 6115; baseline -0.005 -12"><span class='ocrx_word' id='word_1_934' title='bbox 2507 6049 2641 6103; x_wconf 83' lang='grc' dir='ltr'>Θεοῦ</span> <span class='ocrx_word' id='word_1_935' title='bbox 2669 6050 2763 6103; x_wconf 75' lang='grc' dir='ltr'>καὶ</span> <span class='ocrx_word' id='word_1_936' title='bbox 2792 6046 3117 6115; x_wconf 78' lang='grc' dir='ltr'>δοξολογίαν,</span> <span class='ocrx_word' id='word_1_937' title='bbox 3152 6045 3227 6109; x_wconf 84' lang='grc' dir='ltr'>ὡς</span> <span class='ocrx_word' id='word_1_938' title='bbox 3258 6046 3353 6099; x_wconf 79' lang='grc' dir='ltr'>καὶ</span> <span class='ocrx_word' id='word_1_939' title='bbox 3396 6046 3506 6109; x_wconf 69' lang='grc' dir='ltr'>τοίς</span> <span class='ocrx_word' id='word_1_940' title='bbox 3538 6044 3711 6111; x_wconf 78' lang='grc' dir='ltr'>ἁγίοις</span> <span class='ocrx_word' id='word_1_941' title='bbox 3750 6043 3869 6107; x_wconf 78' lang='grc' dir='ltr'>ἔθος</span> <span class='ocrx_word' id='word_1_942' title='bbox 3913 6045 4029 6097; x_wconf 75' lang='grc' dir='ltr'>ἐστί</span> <span class='ocrx_word' id='word_1_943' title='bbox 4046 6057 4065 6111; x_wconf 61' lang='grc' dir='ltr'><em>λ</em></span> 
     </span>
    </p>
   </div>
  </div>
