4450 6708
788 474 895 541 219

1616 488 2003 546 SYMEONIS
2035 487 2790 550 TIIESSALONICENSIS
2832 491 3189 554 ARCIIIEP.

3934 492 4039 557 2’20

788 593 1083 647 confitetur
1124 592 1400 662 quoniam
1429 597 1709 652 veritatem
1748 600 2041 653 annuntiat
2089 602 2359 667 istamque
2391 604 2429 656 A
2464 600 2545 665 γὴ’

2293 615 2359 651 ue
2391 604 2429 656 Α
2464 600 2584 665 γὴν,
2611 602 2637 651 ὀ
2673 601 2981 669 ἀρχιερεὺς,
3025 622 3041 653 ι
3098 603 3447 671 Ἐμφύσησον
3476 603 3645 672 αὐτῷ,
3685 621 3702 654 ι
3730 603 3885 673 φησὶ,
3916 623 4038 657 τον-

789 693 1005 747 oportet
1060 700 1241 737 coram
1293 687 1499 755 angelis
1582 698 1635 741 et
1694 689 2005 745 hominibus
2067 692 2359 759 praedicare.

789 785 1059 840 perquam
1089 775 1272 831 salvus
1298 779 1419 845 erit,
1452 778 1726 851 Deumque
1749 786 2122 839 universorum
2148 801 2357 838 annun-

790 864 928 915 tiarc
949 874 1131 930 aperte
1152 874 1233 921 est
1263 872 1657 936 necessarium,
1691 876 2211 931 consubstantialem
2235 878 2358 933 dico

794 949 1111 1007 Trinitatem
1134 966 1187 1011 et
1220 956 1395 1012 solum
1427 961 1519 1029 qui
1559 972 1640 1017 est
1668 961 1853 1029 Deum,
1890 969 1981 1018 sed
2015 975 2071 1021 et
2117 969 2277 1021 unius
2327 985 2356 1023 a

796 1039 1058 1098 Trinitate
1079 1046 1240 1101 Verbi
1296 1048 1389 1106 Dei
1425 1051 1622 1106 factam
1652 1066 1872 1124 propter
1930 1074 2027 1113 nos
2063 1076 2092 1114 e
2137 1058 2357 1127 Virgine

793 1131 1241 1194 incarnationem.
1267 1139 1378 1197 Hoc
1404 1144 1565 1212 igitur
1584 1157 1662 1199 ter
1688 1146 1849 1212 facto,
1870 1160 1923 1204 et
1951 1162 2234 1220 postquam
2277 1163 2358 1206 ter

788 1238 1007 1280 rursum
1034 1229 1390 1301 interrogatus
1416 1235 1655 1293 :Fateris
1681 1238 1999 1295 Christum?
2024 1252 2105 1298 ter
2131 1260 2355 1312 respon-

790 1315 870 1369 tlit
905 1332 969 1370 ex
1026 1322 1186 1375 corde
1225 1331 1277 1376 et
1308 1323 1475 1380 dixit:
1508 1346 1526 1378 ι
1554 1327 1807 1383 Fatcmur
1849 1348 1995 1396 eum,
2032 1353 2049 1385 ι
2115 1336 2353 1404 pontifex

789 1408 975 1462 altlit:
1034 1429 1053 1461 ι
1091 1411 1151 1465 Et
1210 1414 1373 1469 adora
1445 1432 1591 1473 eum.
1628 1439 1645 1471 ι
1694 1420 1757 1475 Et
1804 1424 2227 1492 signatuscruce
2261 1445 2355 1495 per

791 1514 1008 1551 manum
1034 1502 1171 1569 ejus,
1194 1507 1337 1570 quod
1359 1506 1557 1561 Christi
1577 1509 1973 1565 confessionem
1998 1526 2257 1569 connotat
2303 1530 2355 1571 et

789 1589 1041 1645 manifest
1061 1593 1305 1657 itionem,
1332 1606 1615 1664 postquam
1635 1610 1713 1653 ter
1735 1602 2037 1657 adoravcrit
2064 1610 2353 1663 ostendens

786 1681 1102 1737 servitutem
1128 1693 1183 1737 et
1213 1702 1394 1741 veram
1419 1702 1543 1741 cum
1597 1692 1938 1747 confessione
1963 1697 2349 1766 obedientiam,

790 1772 858 1825 ιιι
882 1775 1146 1830 orientem
1177 1782 1529 1848 convertitur,
1556 1794 1609 1838 et
1642 1785 1907 1840 benedicit
1926 1788 2163 1856 pontifex
2189 1788 2352 1844 Deum

791 1864 885 1926 qui
948 1868 1061 1920 vult
1094 1883 1285 1926 omnes
1334 1872 1516 1954 salvos
1567 1876 1729 1943 fieri;
1803 1879 1881 1932 sic
1939 1882 2081 1933 enim
2143 1892 2354 1949 oportet

2463 690 2641 740 τέστιν
2666 691 2729 741 ὲκ
2769 691 2866 759 τῆς
2898 693 3121 761 καρδίας
3154 694 3479 765 ἀπόρριψον,
3525 697 3617 747 καὶ
3668 696 3773 748 ἀπὸ
3814 696 4038 764 καρδίας

2462 778 2747 847 ἁθέτησον,
2808 782 2901 833 καὶ
2957 784 3317 853 καταίσχυνω
3346 786 3438 837 τὸν
3472 787 3686 857 ἔχθρόν.
3721 788 3828 840 Καὶ
3882 788 4039 838 τοῦτο

2463 873 2693 925 ποιεῖται
2715 872 2833 940 τρὶς
2868 872 2954 924 διὰ
2987 874 3046 926 τὸ
3068 876 3308 942 ἀσφαλὲς
3336 880 3432 945 τῆς
3454 879 3734 948 ἀποταγῆς
3759 879 3849 931 τοῦ
3875 896 4040 947 πονη-

2463 963 2578 1030 ροῦ,
2612 965 2705 1015 καὶ
2736 966 2815 1025 είς
2847 965 3006 1030 δόξαν
3033 967 3127 1019 τοῦ
3162 970 3220 1019 ὲν
3250 966 3439 1039 Τριάδι
3485 971 3647 1037 μόνου
3687 972 3820 1024 Θεοῦ
3856 972 4031 1039 ἡμῶν,

2456 1056 2549 1107 τοῦ
2580 1056 2974 1121 καταϐαλόντος
2999 1061 3090 1110 τὸν
3119 1062 3373 1131 πονηρόν.
3402 1058 3563 1118 ἶἘῐτα
3591 1067 3811 1131 στρέφει
3847 1063 4036 1117 τοῦτον

2458 1149 2598 1200 κατὰ
2626 1150 2893 1212 ἀνατολάς
2916 1168 2931 1183 ο
2964 1153 3097 1221 πρὸς
3132 1154 3192 1205 τὸ
3216 1154 3333 1220 φῶς
3395 1154 3503 1221 γὰρ
3552 1155 3741 1221 ἀνάγει
3794 1154 3900 1207 ἀπὸ
3942 1155 4037 1207 τοῦ

2459 1236 2703 1303 σκότους,
2738 1242 2831 1291 καὶ
2864 1240 2925 1290 ὲκ
2951 1239 3043 1292 τοῦ
3071 1240 3301 1309 ψεύδους
3329 1242 3464 1311 πρὸς
3489 1243 3893 1313 τὴνόλήθειαν.
3927 1244 4038 1296 Καί

2459 1330 2984 1397 φησινόάρχιερεύς
3024 1348 3037 1361 ⁸
3085 1350 3103 1382 ι
3143 1333 3302 1393 Εἰπὲ,
3365 1335 3477 1387 Kal
3527 1336 3905 1401 συντάσσομαι
3958 1334 4035 1403 τῷ

2456 1419 2700 1487 Χριστῷ,
2730 1424 2821 1474 καὶ
2851 1423 3094 1476 πιστεύω
3120 1426 3197 1484 είς
3218 1424 3313 1476 ἕνα
3335 1425 3466 1478 Θεὸν
3492 1426 3708 1495 Πατέρα
3732 1428 4037 1493 παντοκρά-

2454 1528 2611 1579 τορα,
2652 1530 2670 1564 s
2711 1516 2803 1565 καὶ
2834 1515 2900 1566 τὰ
2934 1515 3083 1579 ἐξῆς.
3137 1519 3225 1568 Δεῖ
3273 1518 3381 1587 γὰρ
3427 1518 3592 1570 αὖτὸν
3646 1518 3704 1569 τὸ
3759 1519 4037 1586 τρισήλιςν

2453 1600 2710 1669 καθαρῶς
2741 1604 3143 1672 ἀνομολογῆσαι
3176 1607 3310 1671 νεῶς,
3336 1606 3410 1667 ὡς
3449 1607 3513 1658 ἂν
3573 1609 3664 1659 καὶ
3720 1612 3786 1676 τῇ
3835 1609 4033 1676 καρδῐα

2452 1690 2668 1757 δέξηται
2694 1692 2789 1761 τὴν
2819 1693 3024 1762 Mqu
3057 1696 3245 1749 alzoﬁ.
3282 1698 3391 1765 Τὴν
3447 1698 3740 1765 ὁμολογίαν
3797 1699 3893 1752 οὖν
3939 1698 4034 1751 τοῦ

2454 1780 2600 1842 ίεροῦ
2631 1784 2906 1847 Συμϐόλου
2940 1788 3119 1838 πᾶσαν
3146 1787 3415 1854 λαμπρῶς
3460 1788 3537 1857 τῷ
3568 1790 3800 1856 στόματι
3861 1789 4033 1856 λέγει.

2456 1872 2563 1924 Kal
2590 1874 2747 1925 τοῦτο
2798 1880 3029 1928 ποιεῖται
3088 1877 3228 1946 τρὶς,
3294 1878 3529 1943 βεδαιῶν
3570 1882 3671 1946 τὴν
3722 1882 4033 1949 ὁμολογίαν,

785 1956 851 2009 tle
901 1959 1157 2016 omnibus
1200 1950 1414 2028 gratias.
1464 1982 1644 2035 agere,
1679 1977 1734 2022 et
1796 1972 2092 2037 pra-scrtim
2147 1974 2212 2026 de
2250 1976 2350 2028 bo-
2384 1950 2425 2002 Β
2455 1962 2542 2029 al“

2278 1991 2350 2027 ,(ι-
2384 1950 2425 2002 Β
2455 1962 2571 2029 ἅμα
2600 1964 2653 2014 δὲ
2690 1966 2780 2015 καὶ
2812 1966 2890 2023 εἰς
2933 1966 3117 2031 τιμὴν,
3153 1967 3227 2027 ὡς
3261 1969 3564 2036 είρήκατιεν
3630 1970 3726 2037 τῆς
3776 1987 4035 2038 τρισυττο-

789 2051 992 2103 minum
1035 2054 1228 2107 salute.
1288 2056 1351 2110 Et
1397 2057 1468 2111 ita
1520 2061 1828 2129 suscipiens
1873 2064 2045 2129 ipsum
2096 2068 2353 2119 catechu-

791 2156 1004 2195 mennm
1030 2158 1124 2211 per
1148 2160 1367 2201 manum
1402 2151 1559 2219 quasi
1600 2152 1864 2220 perditum
1906 2156 2211 2221 inveniens,
2268 2159 2351 2211 in-

787 2234 1023 2289 troducit
1061 2236 1113 2292 in
1147 2240 1429 2308 templum,
1494 2257 1686 2312 nempe
1718 2244 1863 2300 velut
1899 2245 1953 2300 in
2001 2250 2198 2304 cmlum
2269 2253 2349 2307 vel

786 2326 839 2381 in
893 2331 1227 2399 paradisum,
1292 2342 1604 2389 monstrans
1667 2351 1868 2393 seemn
1936 2340 2000 2392 ad
2058 2340 2348 2397 Dominum

781 2420 873 2487 qui
908 2422 1167 2479 amiserat
1210 2422 1487 2479 reducere.
1528 2423 1797 2483 Gaudium
1836 2444 1963 2485 vero
1996 2432 2350 2491 manifestans

784 2524 896 2578 quo
923 2526 1047 2568 cum
1106 2513 1313 2583 angelis
1340 2515 1536 2587 gaudet
1567 2516 1634 2571 de
1663 2530 1947 2589 peccatore
1979 2525 2347 2590 paenitentiam

783 2613 1015 2669 agente:
1054 2622 1072 2655 ι
1111 2603 1319 2673 Gaude,
1351 2610 1527 2676 gratia
1558 2609 1734 2679 plena,
1768 2629 1786 2663 ι
1851 2614 1926 2667 ait
1973 2617 2265 2681 cantando,
2296 2628 2350 2674 et

785 2690 1107 2759 ingreditur.
1150 2693 1272 2762 Ipsa
1318 2697 1463 2750 enim
1506 2708 1591 2753 est
1618 2713 1780 2754 causa
1829 2702 2083 2757 salutaris
2128 2704 2346 2771 ιαειίιίαι,

789 2790 940 2849 porta
957 2784 1256 2851 salutifera,
1288 2801 1410 2855 qua
1435 2788 1662 2843 salutem
1697 2790 1853 2846 nobis
1876 2793 2229 2862 dispensavit,
2258 2813 2351 2853 te-

785 2891 1011 2946 ramque
1043 2878 1149 2933 Deo
1178 2878 1418 2934 laetitiam
1442 2879 1673 2936 Verbum
1704 2883 1872 2939 Deum
1898 2900 1965 2939 ex
1997 2887 2111 2955 ipsa
2158 2888 2338 2943 incar-

786 2975 970 3019 natum
996 2976 1188 3023 sancto
1208 2978 1262 3023 et
1289 2969 1529 3039 virgineo
1552 2980 1707 3037 partu
1765 2975 1951 3044 genuit
1999 2977 2064 3029 ad
2100 2988 2343 3034 nostram

785 3055 1252 3114 instaurationem.
1282 3057 1508 3130 Insuper
1535 3061 1842 3119 Simeonem
1874 3066 2114 3125 referens
2168 3072 2346 3139 ponti-

786 3147 869 3201 fex
935 3149 1155 3204 adducit
1209 3151 1263 3203 in
1321 3162 1668 3220 conspectum
1728 3154 1917 3212 altaris
1989 3158 2342 3229 baptizatum,

780 3237 1025 3293 izilieans
1084 3256 1143 3293 se
1192 3255 1316 3294 eum
1364 3240 1597 3308 offerre;
1646 3243 1801 3308 jubet
1854 3250 2019 3302 etiam
2084 3252 2233 3305 illum
2259 3262 2408 3347 terC

785 3330 953 3385 Deum
1007 3332 1252 3393 adorare,
1278 3334 1536 3402 quoniam
1576 3335 1628 3388 in
1659 3337 1889 3404 gratiam
1923 3339 2011 3392 Dei
2052 3343 2211 3397 rediit
2247 3362 2341 3414 per

782 3424 1190 3479 conversionem
1212 3427 1669 3493 quemadmodum
1694 3430 1785 3483 ille
1816 3431 2101 3499 prodigus.
2130 3449 2339 3489 necnon

784 3510 850 3562 ad
878 3510 1196 3579 dignitatem
1234 3512 1325 3565 filii
1357 3523 1412 3567 et
1463 3516 1529 3568 ad
1562 3516 2055 3586 incorruptionem,
2110 3523 2339 3589 primatu

786 3602 1023 3668 Spiritus
1050 3604 1271 3669 stolam,
1299 3620 1408 3673 quo
1451 3608 1690 3661 nondum
1728 3610 1921 3663 melius
1958 3620 2012 3663 et
2064 3616 2342 3668 excellen-

788 3694 893 3747 tius
943 3696 1205 3761 pervenit,
1235 3710 1329 3763 per
1374 3695 1616 3752 divinum
1644 3698 1931 3767 baptisma.
1970 3700 2074 3756 Sed
2111 3715 2167 3758 ut
2192 3716 2339 3761 certa

785 3782 855 3836 sit
875 3785 1160 3838 conversio
1179 3793 1232 3839 et
1262 3786 1555 3845 confessio.
1588 3803 1908 3856 sponsorem
1941 3808 2157 3861 quoque
2188 3808 2342 3851 vocat

783 3877 1043 3946 pontifex,
1068 3893 1228 3945 quem
1261 3878 1409 3946 iubet
1466 3888 1549 3935 ter
1578 3882 1747 3936 altare
1776 3885 2003 3938 adorare
2034 3888 2086 3939 in
2120 3905 2224 3954 quo
2251 3890 2341 3943 lia-

788 3967 919 4020 tsitat
938 3965 1097 4030 Deus,
1123 3968 1247 4021 hinc
1266 3967 1647 4022 demonstrans
1668 3985 1727 4023 se
1753 3970 1909 4024 fidem
1934 3974 2063 4027 dare
2095 3984 2206 4029 tute
2231 3993 2342 4030 ser-

783 4056 941 4110 vandi
990 4058 1042 4110 in
1104 4057 1205 4111 fide
1254 4058 1447 4125 piaque
1501 4061 1911 4115 conversatione
1983 4063 2338 4133 baptizatum.

785 4148 913 4201 liein
938 4148 982 4202 si
1014 4147 1193 4202 infans
1214 4148 1428 4217 quidem
1460 4146 1623 4203 fuerit
1680 4149 2068 4219 baptizandus,
2111 4156 2341 4209 inclina.

784 4249 871 4293 tus
896 4240 1039 4292 hunc
1068 4239 1294 4309 suscipit
1324 4254 1553 4308 sponsor
1592 4256 1778 4295 coram
1826 4245 1995 4301 sacris
2025 4244 2233 4300 foribus
2260 4248 2341 4316 ja-

780 4340 1017 4395 ceutem,
1046 4331 1193 4385 velut
1243 4346 1275 4386 e
1324 4334 1576 4388 manibus
1603 4334 1826 4389 Christi.
1874 4335 1930 4389 Si
1963 4352 2090 4391 vero
2129 4350 2341 4393 aetatem

784 4422 962 4485 habet,
993 4421 1319 4489 baptizatum
1340 4437 1371 4475 e
1393 4437 1555 4476 manu
1583 4424 1799 4491 accipit,
1827 4426 1967 4479 idem
1998 4428 2338 4497 significans,

783 4527 973 4581 nempe
1000 4528 1057 4567 se
1085 4526 1207 4566 eum
1254 4528 1285 4566 a
1324 4512 1543 4568 Christo
1574 4515 1870 4584 suscipere,
1911 4527 1967 4571 et
2008 4520 2155 4587 quod
2206 4535 2343 4588 praes

2457 2054 2654 2105 atitou
2684 2054 2969 2121 Θεότητος.
3020 2057 3308 2125 Ὁμολογεῖ
3338 2060 3391 2111 δὲ
3418 2059 3577 2111 τοῦτο
3608 2061 3880 2129 φανερῶς,
3914 2061 4036 2113 ἐπεὶ

2452 2141 2553 2207 τὴν
2573 2141 2835 2209 ἀλήθειαν
2866 2146 3223 2211 καταγγέλλει
3254 2162 3267 2176 ο
3299 2149 3391 2199 καὶ
3420 2148 3499 2199 ὅτι
3528 2146 3757 2200 ἐνώπιον
3786 2149 4039 2216 ἀγγέλων

2451 2228 2650 2283 δεῖκαὶ
2676 2232 2982 2301 ἀνθρώπων
3008 2237 3210 2307 ταύτην
3234 2240 3554 2308 κηρύσσειν,
3583 2240 3650 2294 δι’
3687 2234 3754 2312 ἧς
3786 2242 3882 2294 καὶ
3925 2258 4033 2295 σω·

2454 2323 2696 2393 θήσεται.
2726 2325 2832 2377 Καὶ
2870 2326 2961 2379 τὸν
2986 2326 3122 2381 Θεὸν
3149 2329 3257 2383 τῶν
3286 2331 3426 2383 ὅλων
3472 2333 3875 2401 καταγγέλλειν
3927 2332 4035 2403 χρὴ

2452 2417 2760 2488 παρρησίᾳ,
2804 2416 2902 2485 τὴν
2934 2421 3224 2488 όμοούσιόν
3252 2439 3396 2491 φημι
3446 2423 3676 2492 τριάδα,
3725 2424 3817 2477 τὸν
3874 2425 4037 2492 μόνον

2450 2505 2617 2567 δντως
2641 2507 2767 2560 ὅντα
2791 2508 2945 2573 Θεὸν,
2969 2511 3106 2563 ἀλλὰ
3140 2514 3236 2565 καὶ
3257 2514 3351 2566 τοῦ
3388 2516 3506 2578 ἑνὸς
3532 2515 3633 2583 τῆς
3670 2515 3904 2584 Τριάδος
3932 2516 4036 2570 τοῦ

2448 2597 2586 2651 Θεοῦ
2616 2600 2794 2668 Λόγου
2818 2602 2917 2671 τὴν
2942 2603 3082 2673 ὑπὲρ
3108 2607 3266 2673 ἡμῶν
3298 2610 3362 2660 ἐκ
3414 2608 3697 2674 Παρθένου
3728 2608 4033 2677 σάρκωσιν.

2452 2687 2623 2741 Τοῦτο
2650 2686 2744 2744 οὖν
2775 2694 3148 2763 ποιησαμένου
3175 2696 3316 2765 τρὶς,
3351 2699 3444 2749 καὶ
3481 2696 3850 2767 ἐρωτηθέντος
3875 2696 4037 2761 αὖθις

2448 2778 2588 2848 τρὶς,
2630 2800 2647 2831 ι
2693 2782 2976 2847 Συνετάξω
3016 2784 3094 2853 τῷ
3150 2787 3407 2855 Χριστῷ;
3439 2804 3457 2837 ι
3498 2785 3594 2839 καὶ
3642 2786 4037 2855 ἀποκριθέντος

2449 2871 2567 2939 τρὶς
2601 2873 2663 2925 εκ
2686 2874 2934 2942 καρδίας,
2970 2876 3065 2928 καὶ
3090 2877 3397 2945 είρηκότος,
3436 2896 3455 2929 ι
3499 2876 3885 2946 Συνεταξάμην
3932 2881 4037 2930 αἱ.-

2446 2962 2545 3034 τῷ,
2592 2982 2609 3016 ι
2644 2966 2671 3018 ό
2699 2964 2987 3035 ἀρχιερεύς
3020 2983 3175 3037 φησι,
3209 2986 3227 3018 s
3264 2969 3370 3019 Kal
3402 2967 3782 3039 προσκύνησον
3806 2968 3978 3036 αὐτῷ,
4008 2988 4028 3022 s

2448 3056 2540 3107 καὶ
2567 3057 3013 3125 σφραγισαμένου
3047 3057 3267 3125 σταυρῷ
3317 3059 3404 3112 διὰ
3437 3059 3535 3128 τῆς
3599 3059 3781 3129 χειρὸς
3837 3061 4028 3127 αὐτοῦ,

2447 3146 2476 3197 δ
2512 3146 2611 3215 τὴν
2634 3147 2726 3200 τοῦ
2752 3147 2990 3217 Χριστοῦ
3034 3150 3325 3215 ὁμολογίαν
3371 3150 3521 3217 δηλοῖ
3560 3149 3656 3203 καὶ
3705 3149 4029 3219 σημείωσιν,

2450 3240 2543 3290 καὶ
2589 3242 3070 3309 προσκυνήσαντος
3119 3242 3260 3308 τρὶς,
3312 3242 3719 3307 ἐνδεικνυμένου
3776 3240 3877 3309 τὴν
3913 3240 4033 3292 δου-

2444 3328 2612 3391 λείαν,
2637 3330 2732 3381 καὶ
2764 3330 2859 3398 τὴν
2889 3331 3066 3399 ἀληθῆ
3098 3334 3234 3397 μετὰ
3268 3331 3366 3397 τῆς
3387 3330 3683 3397 ὁμολογίας
3714 3331 4021 3400 ὑποταγὴν,

2447 3422 2739 3489 στρέφεται
2776 3422 2911 3491 πρὸς
2945 3424 3227 3487 ἀνατολὰς,
3266 3426 3361 3475 καὶ
3396 3424 3611 3491 εὖλογεῖ
3668 3423 3761 3475 τὸν
3820 3424 3952 3476 Θεὸν
3992 3424 4021 3475 ὁ

2446 3510 2732 3579 ἀρχιερεὺς
2765 3514 2858 3564 τὶν
2888 3514 3098 3576 πάντας
3124 3515 3361 3583 σωθῆναι
3414 3514 3655 3567 Θέλοντα.
3692 3514 3848 3567 Οὕτω
3918 3514 4028 3584 γὰρ

2443 3598 2521 3650 δεῖ
2551 3601 2888 3668 εὐχαριστεῖν
2920 3603 3015 3652 ἐπὶ
3046 3605 3200 3667 πᾶσι,
3236 3605 3330 3654 καὶ
3364 3605 3569 3669 μᾶλλον
3589 3608 3652 3674 τῇ
3677 3605 3787 3657 τῶν
3817 3604 4031 3675 ἀνθρώ-

2446 3706 2563 3741 πων
2591 3692 2854 3762 σωτηρία.
2886 3694 2995 3745 Kal
3019 3693 3161 3745 οὕτω
3197 3697 3476 3762 κρατήσας
3502 3697 3665 3747 αὐτὸν
3707 3697 3799 3748 τὸν
3855 3713 4029 3765 κατη-

2444 3778 2705 3847 χούμενον
2735 3782 2833 3849 τῆς
2872 3786 3049 3850 χειρὸς
3080 3782 3155 3844 ὡς
3192 3786 3283 3836 τὸν
3318 3784 3639 3837 ἀπολωλότα
3672 3785 3876 3855 εὑρὼν,
3911 3788 4029 3838 είσο

2447 3871 2571 3937 ἁγει
2608 3872 2687 3933 είς
2740 3871 2832 3924 τὸν
2859 3873 3006 3937 ναὸν,
3031 3875 3103 3935 ὡς
3128 3874 3207 3935 είς
3252 3877 3343 3927 τὸν
3398 3876 3629 3945 οὐρανὸν
3673 3876 3939 3946 δηλονότι,
3994 3876 4026 3945 ἢ

2444 3962 2534 4013 τὸν
2558 3964 2903 4031 παραδείσον,
2934 3966 3165 4030 δεικνὺς,
3201 3970 3276 4030 ὼς
3348 3970 3653 4035 προσφέρει
3712 3967 3901 4029 τοῦτον
3951 3968 4029 4036 τῷ

2444 4055 2809 4109 ἀπολωλεκότι
2831 4057 3087 4129 δεσπότῃ.
3119 4061 3233 4125 Τὴν
3256 4062 3429 4129 χαρὰν
3459 4060 3513 4112 δὲ
3550 4060 3751 4126 δηλῶν,
3787 4060 3855 4126 ἢν
3890 4061 4028 4127 μετὰ

2443 4144 2551 4197 τῶν
2585 4147 2831 4213 ἀγγέλων
2890 4150 3069 4219 χαίρει
3125 4151 3217 4203 ἐπὶ
3280 4149 3631 4219 μετανοοῦντι
3694 4149 4024 4217 ἁμαρτωλ’ἷ’.

2452 4254 2469 4285 ι
2500 4236 2692 4306 Χαῖρε,
2720 4242 3161 4308 κεχαριτωμένη,
3202 4260 3219 4291 ι
3272 4243 3438 4309 φησιν
3469 4241 3681 4305 ὑμνῶν,
3719 4244 3813 4292 καὶ
3846 4241 4026 4309 είσὲρ-

2444 4343 2615 4395 χεται.
2647 4328 2794 4397 Αὕτη
2819 4332 2927 4398 γὰρ
2957 4332 2988 4398 ἡ
3020 4332 3243 4401 ἀπαρχὴ
3270 4332 3368 4400 τῆς
3413 4333 3685 4402 σωτηρίου
3754 4333 3955 4400 χαρᾶς.
3993 4334 4023 4400 ἡ

2449 4420 2711 4487 σωτήριος
2743 4422 2906 4487 πύλη,
2940 4423 2971 4488 ὴ
3005 4424 3101 4490 τὴν
3140 4424 3411 4489 σωτηρίαν
3434 4424 3564 4489 ἡμῖν
3587 4425 4018 4489 οἰκονομήσασα,

2448 4510 2541 4561 καὶ
2564 4510 2663 4577 τὴν
2681 4511 2853 4580 ἀληθῆ
2878 4514 3055 4582 χαρὰν
3082 4512 3161 4580 τῷ
3187 4514 3397 4582 κόσμῳ,
3431 4514 3521 4565 τὸν
3550 4513 3682 4565 Θεὸν
3736 4514 3907 4579 Λόγον
3939 4531 4027 4565 σε·

783 4604 927 4656 illius
962 4602 1138 4656 factus
1183 4610 1267 4657 est
1304 4618 1433 4674 erga
1466 4604 1769 4671 Christum,
1803 4606 2207 4677 spiritualisque
2235 4612 2339 4665 erit
2374 4610 2416 4665 ι)
2451 4617 2540 4669 σαί

2270 4612 2339 4665 τίι
2374 4610 2416 4665 ι)
2451 4602 2803 4670 σαρκωμένον
2832 4601 2891 4665 ἐξ
2928 4604 3096 4671 αὐτῆς
3122 4604 3435 4672 γεννήσασα
3461 4603 3634 4669 ἁγίως
3666 4620 3725 4655 τε
3751 4605 3843 4654 καὶ
3878 4620 4022 4669 παρ-

780 4695 899 4763 cjus
917 4701 1087 4764 pater.
1104 4692 1260 4749 llnde
1278 4694 1427 4750 illum
1445 4696 1781 4763 prehendens
1805 4698 2021 4753 adducit
2042 4700 2108 4753 ad
2128 4716 2339 4756 sacram

782 4789 1042 4857 piscinam
1089 4788 1383 4841 ostendens
1414 4786 1685 4840 initiatum
1726 4787 1980 4855 libenter,
2016 4801 2336 4847 nouantem

778 4877 831 4933 vi
860 4879 1116 4933 accedere
1147 4878 1215 4931 ad
1252 4877 1599 4948 baptismum,
1634 4880 1795 4935 ducet
1838 4882 2000 4934 etiam
2052 4883 2118 4935 ad
2176 4892 2341 4940 testes

781 4970 984 5024 scilicet
1015 4969 1191 5039 primo
1216 4979 1271 5023 et
1320 4971 1588 5039 pracipue
1624 4972 1816 5036 Deum,
1878 4974 2077 5027 deinde
2120 4974 2341 5043 pontifi-

780 5076 895 5114 cem
917 5070 972 5115 et
990 5060 1263 5116 adstantes
1284 5061 1466 5116 fideles
1487 5062 1581 5130 qui
1599 5077 1789 5115 omnes
1808 5072 1933 5116 sunt
1955 5065 2339 5132 mysteriorum

782 5163 965 5217 testes,
998 5154 1174 5223 ipsum
1223 5153 1389 5207 etiam
1452 5167 1775 5221 sponsorem
1795 5170 1918 5208 eum
1958 5158 2337 5222 adducentem,

779 5253 833 5299 et
861 5245 1158 5315 prcsertitn
1182 5244 1398 5298 divinos
1442 5244 1935 5313 sanctissimosque
2000 5247 2218 5315 angelos
2246 5249 2341 5317 qui

781 5332 1123 5388 invisibiliter
1147 5331 1344 5387 adsunt
1374 5341 1427 5385 et
1457 5330 1706 5385 lztantur
1767 5332 1835 5386 de
1897 5334 2075 5388 salute
2131 5335 2342 5389 divina-

781 5440 887 5491 que
920 5424 1174 5492 baptizati
1207 5424 1260 5476 in
1292 5423 1493 5492 spiritu
1524 5423 1805 5479 nativitate
1841 5426 2101 5494 illumque
2145 5428 2197 5480 in
2233 5444 2343 5483 cte-

782 5518 850 5573 lis
895 5516 1229 5577 adscribunt,
1266 5517 1375 5583 jam
1425 5514 1723 5570 familiares
1770 5527 1823 5569 et
1880 5519 2036 5571 amici
2094 5517 2220 5573 facti
2274 5522 2343 5573 ab

780 5612 1162 5664 emundatioue
1214 5624 1279 5662 ex
1334 5608 1519 5661 divino
1560 5610 1774 5663 lavacro
1807 5609 2027 5662 obtenta
2064 5622 2115 5664 et
2171 5628 2343 5679 ungu-

781 5704 890 5758 enti
913 5701 1209 5771 signaculo.
1234 5699 1359 5754 Ideo
1388 5702 1749 5754 necessarium
1795 5711 1877 5754 est
1909 5709 2039 5754 tunc
2074 5716 2197 5754 cum
2232 5707 2343 5770 pie-

786 5804 970 5850 tatect
1005 5794 1200 5863 gaudio
1236 5796 1423 5845 adesse
1457 5792 1640 5845 fideles
1694 5792 1803 5845 fere
1856 5808 2065 5855 omnes,
2112 5801 2165 5846 et
2224 5809 2339 5846 cre-

781 5889 912 5942 dere
964 5884 1186 5954 angi-los
1240 5882 1453 5936 adstare
1512 5882 1604 5952 qui
1659 5883 1907 5938 lictantur
1956 5882 2021 5935 de
2057 5890 2340 5951 peccatore

2449 4692 2674 4754 θενικῶς
2700 4695 2778 4754 είς
2802 4695 3075 4763 ἡμετέραν
3102 4694 3421 4747 ἀνάπλασιν.
3456 4696 3563 4746 Kal
3590 4694 3657 4745 si
3678 4695 3771 4746 τοῦ
3799 4693 4023 4763 Συμεὼν

2444 4784 2501 4837 δι
2534 4785 2783 4836 ἐκτυπῶν
2813 4788 2839 4837 ό
2870 4787 3179 4854 ἀρχιερεὺς,
3215 4789 3481 4853 προσάγει
3515 4785 3610 4837 τοῦ
3634 4786 4019 4855 θυσιαστηρίου

2446 4874 2677 4927 ενὼπιον
2708 4877 2798 4927 τὸν
2836 4875 3252 4945 βαπτιζόμενον,
3286 4877 3480 4944 δηλῶν,
3510 4876 3587 4938 ὡς
3639 4876 3720 4928 ὅτι
3759 4877 4022 4946 προσέφε-

2447 4982 2529 5036 ρε.
2566 4966 2671 5019 Kal
2702 4970 2848 5019 ποιεῖ
2884 4966 3073 5019 τοῦτον
3132 4968 3251 5031 τρὶς
3309 4967 3684 5034 προσκυνῆσαι
3737 4966 3855 5035 Θεῷ
3890 4983 3905 4998 ⁸
3938 4968 4021 5020 ὅτι

2446 5058 2543 5111 καὶ
2590 5057 2959 5125 κατήλλακται
3003 5058 3080 5126 τῷ
3119 5056 3235 5125 Θεῷ
3288 5057 3355 5109 δι’
3419 5060 3772 5126 επιστροφῆς,
3831 5056 4022 5126 ὥσπερ

2445 5147 2650 5207 ἐκεῖνος
2678 5148 2705 5199 ό
2735 5146 2964 5211 ἄσωτος,
2990 5148 3082 5198 καὶ
3119 5146 3256 5218 πρὸς
3275 5148 3373 5216 τὴν
3399 5148 3671 5200 υἱοθεσίαν
3697 5151 3789 5200 καὶ
3811 5149 4021 5217 ἀφθαρ-

2447 5238 2568 5289 σίαν
2604 5237 2703 5306 τὴν
2739 5236 2959 5307 πρώτην
2993 5239 3189 5307 στολὴν
3218 5239 3311 5291 τοῦ
3341 5241 3679 5308 Πνεῦματος,
3706 5241 3832 5292 ὅσον
3865 5238 4019 5291 οὔπω

2446 5333 2668 5400 ἔρχεται
2696 5332 2956 5398 μειζόνως
2981 5349 3039 5384 τε
3071 5334 3164 5385 καὶ
3194 5333 3541 5402 κρειττόνως,
3585 5334 3673 5385 διὰ
3716 5331 3811 5384 τοῦ
3872 5333 4017 5383 θείου

2447 5421 2843 5491 βαπτίσματος.
2878 5423 2994 5473 ’Ὶνα
3025 5423 3079 5475 δὲ
3108 5424 3200 5475 καὶ
3227 5426 3260 5491 ὴ
3288 5425 3591 5492 ἐπιστροφὴ
3642 5424 3732 5474 καὶ
3765 5424 3798 5491 ἡ
3830 5422 4017 5488 ὁμολο-

2445 5516 2569 5578 γίαν
2592 5512 2837 5582 ἀσφαλὴς
2867 5508 2921 5585 ᾖ,
2956 5516 3049 5567 καὶ
3071 5517 3161 5566 τὸν
3186 5515 3443 5583 ἀνάδοχον
3468 5516 3619 5566 καλεί
3648 5516 3676 5565 ὁ
3701 5514 4013 5582 ἀρχιερεύς.

2448 5606 2555 5657 Kal
2588 5607 2960 5673 προσκυνῆσαι
3011 5606 3130 5675 τρὶς
3191 5607 3335 5670 λέγει
3381 5606 3457 5674 τῷ
3516 5604 3907 5672 θυσιαστηρίῳ,
3959 5606 4017 5653 ἐν

2443 5690 2595 5765 ᾧπερ
2620 5700 2756 5748 οἰκεῖ
2784 5700 2812 5747 ὀ
2838 5698 2989 5759 Θεὸς,
3017 5698 3100 5748 διὰ
3130 5698 3316 5749 τούτου
3352 5697 3547 5765 δηλῶν,
3578 5696 3649 5755 ὡς
3692 5695 3846 5757 λόγον
3881 5710 4017 5758 παρ-

2446 5790 2577 5855 έχει,
2615 5789 2845 5855 φυλάξαι
2878 5790 3133 5856 ἀσφαλῶς
3163 5791 3219 5842 ὲν
3250 5792 3311 5859 τῇ
3346 5790 3524 5841 πίστει
3552 5788 3639 5840 καὶ
3689 5790 3755 5853 τῇ
3803 5783 4017 5837 εὐσεϐεῖ

2448 5880 2687 5949 πολιτεία
2742 5882 2831 5932 τὸν
2892 5880 3304 5950 βαπτιζόμῖνον.
3356 5878 3488 5933 Εἶτα
3548 5880 3595 5932 εἰ
3650 5878 3746 5947 μὲν
3814 5874 4015 5943 βρέφος
