4416 6724
447 593 550 652 259

1043 705 1399 777 κεοΑΛ.ικ

445 837 513 893 Τί
561 838 663 893 rd’
701 853 720 888 ι
776 837 1055 907 Ὡμοιώθη
1209 840 1497 903 ,βασιλεία
1570 842 1689 897 τῶν
1742 843 2015 911 οὐρανῶν

1137 927 1275 970 υμῃ.
1304 927 1324 960 s

1137 927 1275 977 υμῃ.
1304 927 1324 960 s

450 1038 453 1041 μ
514 1001 605 1071 Μὴ
662 1001 919 1054 ἀποσείου
988 1000 1044 1054 δὲ
1104 1002 1204 1070 τὴν
1244 1001 1422 1070 ζύμην
1482 1006 1579 1074 τῆς
1614 998 2013 1077 ἀφθαρσίποῇ

443 1089 700 1159 ὡμοιώθη
758 1093 791 1158 ἡ
839 1090 1085 1160 βασιλεία
1114 1092 1220 1145 τῶν
1252 1093 1518 1161 οὐρανῶν,
1553 1094 1640 1148 διὰ
1670 1095 1729 1147 τὸ
1754 1097 2010 1163 συνάγειν

443 1197 500 1234 τε
540 1172 634 1234 καί
661 1182 814 1235 ἑνοῦν
844 1183 1012 1253 ἑαυτῇ
1046 1184 1139 1236 καὶ
1189 1184 1435 1237 ἀλλοιοῦν
1464 1186 1522 1236 ὲν
1553 1186 1719 1255 ἑαυτῇ
1765 1188 1892 1251 τοὺς
1933 1189 2010 1256 τῷ

443 1273 572 1340 θείῳ
624 1273 937 1343 κηρύγματι
994 1274 1374 1343 πειθομένους.
1415 1278 1519 1329 Ἦν
1540 1277 1605 1346 δὴ
1650 1281 1744 1331 καὶ
1782 1279 1941 1346 γυνὴ,
1974 1282 2008 1349 ἡ

452 1362 749 1431 Ἐκκλησία
792 1364 888 1416 τοῦ
939 1363 1338 1436 ύπερουρανίου
1371 1366 1629 1434 νυμφίον,
1657 1366 1895 1438 ἔκρυψεν
1930 1371 2012 1431 είς

444 1450 675 1518 ἀλεύρου
708 1451 847 1504 σάτα
873 1452 1024 1518 τρία,
1079 1454 1179 1515 τὰς
1213 1455 1321 1507 τῶν
1350 1454 1675 1525 σωζομένων
1721 1459 1871 1525 τρεῖς
1913 1460 2011 1511 τά-

443 1536 575 1602 ξεις,
611 1539 812 1594 δούλων
836 1543 928 1595 καὶ
962 1542 1215 1612 μισθίων,
1253 1544 1350 1598 καὶ
1378 1545 1533 1609 υἱῶν,
1565 1548 1661 1601 καὶ
1695 1548 1804 1600 τῶν
1835 1550 1893 1603 ἑν
1915 1551 2011 1615 γά-

444 1646 531 1698 μῳ
560 1630 985 1699 σωφρονούντων
1010 1649 1071 1686 τε
1103 1633 1196 1687 καὶ
1224 1635 1535 1704 παρθένων,
1567 1636 1674 1700 ἕως
1699 1637 1760 1691 οῦ
1792 1639 2009 1707 ἐζυμώ-

442 1718 510 1787 θη
540 1720 663 1773 ὅλον
718 1724 775 1774 ἑν
801 1726 868 1792 τῇ
904 1724 1196 1779 ἀναστάσει
1247 1726 1346 1795 τῆς
1398 1727 1495 1781 τοῦ
1540 1729 1681 1784 θεοῦ
1732 1730 2013 1799 βασιλείαις

442 1809 690 1874 ἀξιωθεν,
743 1815 776 1882 ἡ
811 1815 905 1866 καὶ
951 1814 1075 1877 τοὺς
1133 1817 1241 1887 πρὸ
1271 1816 1364 1871 τοῦ
1394 1818 1562 1887 νόμον
1598 1821 1865 1884 δικαίους,
1916 1824 2012 1877 καὶ

442 1900 565 1961 τοὺς
599 1901 739 1953 κατὰ
771 1901 936 1970 νόμον
990 1905 1084 1958 καὶ
1137 1907 1195 1958 ιν
1246 1910 1312 1977 τῇ
1346 1908 1531 1977 χάριτι
1584 1913 2007 1982 συναθροίσασα.

446 1991 513 2043 Ὀ
541 1990 604 2058 δὴ
630 1994 724 2043 καὶ
756 1994 789 2063 ή
818 1993 980 2064 χάρις
1004 1995 1102 2049 τοῦ
1136 1997 1471 2067 Εύαγγελίου
1506 2004 1807 2057 τετίλεκεν.
1838 2005 2011 2069 Δύτδς

440 2083 548 2152 γὰρ
573 2083 601 2133 ό
626 2084 835 2154 Σωτὴρ,
870 2086 1045 2155 ὴθεία
1069 2087 1239 2151 ὅντως
1270 2098 1363 2143 καὶ
1397 2092 1756 2164 καθαρωτάτη
1790 2094 1959 2166 ζύμη,
1986 2100 2015 2150 ό
2045 2080 2089 2135 Β

440 2176 533 2227 καὶ
565 2176 729 2243 ἄρτος
758 2178 857 2246 τῆς
885 2176 1050 2247 ζωῆς,
1085 2181 1178 2233 καὶ
1212 2180 1465 2247 βασιλεὺς
1508 2184 1584 2237 ὢν
1619 2186 1858 2250 αἰώνιος,
1890 2188 2015 2251 τούς

439 2280 497 2317 τε
527 2265 633 2332 πρὸ
660 2265 823 2333 νόμου
859 2270 953 2321 καὶ
980 2271 1108 2333 τοὺς
1156 2271 1217 2323 ἐν
1250 2274 1400 2343 νόμῳ
1431 2276 1739 2343 σαρκωθεὶς
1764 2319 1779 2343 ,
1814 2276 1906 2329 καὶ
1934 2279 2016 2342 είς

438 2358 531 2407 τὸν
562 2358 766 2425 κόσμον
819 2360 989 2413 ἐλθὼν
1020 2362 1213 2427 ἔσωσε,
1246 2365 1357 2418 τῶν
1409 2366 1627 2436 δεσμῶν
1657 2369 2014 2440 ἀφαρπάσας,

439 2447 534 2497 καὶ
565 2449 678 2508 τοῖς
702 2448 782 2510 είς
812 2450 976 2502 αὐτὸν
1000 2454 1357 2507 πιστεύσασιν
1389 2456 1621 2526 ἥνωσεν.
1647 2460 1745 2521 Ὃς
1768 2460 1893 2512 κατ’
1924 2460 2018 2513 ἀλ-

439 2538 531 2589 λον
564 2539 728 2593 πάλιν
780 2542 984 2594 σκοπὸν
1033 2542 1110 2606 ὡς
1165 2546 1315 2615 ζύμη
1370 2547 1589 2617 καθαρά
1633 2566 1693 2603 τε
1743 2552 1837 2604 καὶ
1865 2551 2016 2616 ζῶσα

438 2630 778 2698 κρύπτεταιο
814 2628 928 2685 οἷον
958 2636 1024 2703 τῇ
1063 2634 1258 2706 λογικῇ
1300 2638 1478 2691 κτίσει
1536 2639 1705 2693 αὐτοῦ
1764 2644 1905 2697 κατὰ
1954 2645 2017 2697 το

438 2721 614 2789 παρὸν
634 2721 911 2790 ἀναλόγως
948 2741 976 2777 τ
984 2726 1188 2794 ρισσῶς
1208 2728 1587 2801 διαιρουμένη,
1624 2734 1738 2796 τοῖς
1762 2733 2017 2803 ἀγγέλοις

437 2814 659 2885 δηλαδὴ,
692 2817 923 2880 καὶτοῖς
947 2818 1125 2885 ἁγίοις
1163 2822 1277 2883 τοῖς
1301 2821 1617 2887 ἀπελθοῦσι,
1652 2827 1749 2878 καὶ
1778 2830 1891 2889 τοῖς
1927 2846 2017 2880 πι-

438 2904 721 2960 στεύωσιν
748 2908 828 2972 είς
857 2908 1021 2963 αὑτὸν
1048 2912 1140 2963 καὶ
1164 2910 1329 2973 ζῶσιν
1356 2913 1512 2981 ἡμῖν,
1545 2913 1649 2975 ἕως
1674 2908 1735 2967 οὗ
1758 2914 2016 2987 ιζυμώθη

438 2999 578 3062 δλον,
610 2999 910 3065 ὲξαναστάν
936 3000 1057 3056 ὅλον
1085 3002 1156 3055 δι’
1177 3002 1365 3066 αὑτοῦ,
1399 3003 1493 3057 καὶ
1510 3004 1570 3057 ἓν
1594 3005 1743 3059 ἀπαν
1768 3008 2015 3075 γεγονὸς,

441 3088 823 3158 μετασχούσης
848 3089 1014 3143 αὐτοῦ
1043 3092 1143 3159 τῆς
1173 3089 1356 3161 δόξης,
1389 3093 1491 3161 τῆς
1530 3108 1592 3146 τε
1619 3093 1730 3148 τῶν
1768 3097 2016 3163 ἀγγέλων

437 3178 603 3231 αὑτοῦ
633 3180 728 3233 καὶ
753 3180 852 3250 τῆς
876 3181 1157 3252 ἡμετέρας
1201 3182 1440 3251 φύσεως.

1020 3316 1438 3385 κεψΑΑ.ιΑκ

438 3443 599 3498 Amr!
650 3444 720 3500 ἂν
750 3446 831 3513 τῷ
885 3453 1063 3528 νόμῳ.
1084 3448 1201 3517 μὲν
1223 3450 1462 3528 -ἇζυμοι
1492 3452 1681 3523 ἄρτοι,
1720 3457 1793 3511 ἐν
1836 3458 1906 3512 δὲ
1939 3457 2012 3528 τῇ
2045 3402 2088 3459 C

988 3518 1184 3585 χάριτι
1214 3518 1474 3589 ἓνζυμοι.

515 3593 647 3658 Ἐσο
669 3604 762 3660 οῦν
802 3608 896 3661 καὶ
919 3608 1082 3672 αὐτὸς
1107 3610 1459 3680 ιζυμωμένος
1484 3616 1542 3667 ιν
1572 3616 1654 3686 τῷ
1682 3618 1895 3689 Κυρίῳ,
1922 3622 2015 3675 καὶ

437 3695 537 3763 τῆς
571 3696 747 3765 ζύμης
774 3698 1043 3761 σπούδαζε
1078 3696 1216 3752 εἶναι
1250 3702 1347 3771 τῆς
1378 3704 1659 3772 βασιλείας
1709 3708 1821 3761 τῶν
1855 3712 2016 3781 ούρα-

439 3787 569 3849 νῶν,
593 3788 686 3839 καὶ
718 3789 794 3857 μὴ
826 3790 889 3841 ὲκ
917 3790 1023 3844 τῶν
1054 3791 1283 3859 ἀζύμων
1314 3794 1497 3864 ἀρτων
1526 3798 1723 3852 σπεῦδε
1760 3802 2014 3869 μετέχειν

436 3877 546 3929 τῶν
578 3879 817 3947 νομικῶν
838 3894 853 3911 ’
887 3881 967 3932 ὃτι
988 3882 1017 3932 ό
1041 3881 1205 3951 νόμος
1246 3888 1373 3939 σκιά
1401 3890 1517 3941 ἐστι
1556 3892 1650 3942 καὶ
1680 3891 1844 3944 είκὼν
1878 3892 2018 3962 ἄψυ-

440 3983 530 4035 Xo;
560 3968 656 4020 καὶ
686 3968 746 4022 ού
781 3969 967 4032 ζῶσα·
1010 3972 1102 4024 καὶ
1152 3973 1243 4028 διά
1300 3975 1459 4030 τοῦτο
1522 3979 1597 4041 ὡς
1634 3982 1863 4050 νεκροὺς
1922 3985 2017 4037 καὶ

441 4060 689 4123 σκιώδεις
725 4061 850 4123 τοὺς
879 4062 1125 4131 ἀζύμους
1159 4068 1408 4135 προεῖχεν
1436 4068 1663 4137 ἄρτους,
1715 4072 1765 4123 οἳ
1801 4076 1893 4126 καὶ
1917 4075 2017 4144 οὐχ

441 4153 627 4216 ἁπλῶς
658 4154 908 4221 ἐλέγοντο
956 4157 1134 4226 ἄρτοι,
1170 4158 1289 4211 ἀλλ’
1323 4161 1545 4230 ἄζυμοι,
1584 4166 1643 4216 τὸ
1673 4165 1827 4235 ἀρτοι
1880 4171 2019 4223 κατὰ

445 4246 680 4315 μετοχὴν
714 4248 807 4300 καὶ
841 4248 1033 4317 κλῆσιν
1090 4251 1305 4319 ἔχοντες
1352 4254 1544 4325 μόνην.
1605 4256 1712 4311 Καὶ
1759 4261 2018 4325 κοινωνὸς

439 4337 532 4389 too
585 4338 680 4405 τῆς
716 4338 962 4407 μεγάλης
991 4340 1085 4393 τοῦ
1117 4342 1450 4411 Μελχισεδὲκ
1485 4346 1696 4410 θυσίας.
1750 4342 1818 4421 ἧς
1854 4350 2018 4421 ἄρτος

440 4429 541 4480 ούκ
570 4428 781 4496 ἀζυμος
808 4430 901 4483 καὶ
931 4425 1095 4494 οἶνος,
1129 4435 1395 4502 προοίμια
1428 4436 1525 4504 τῆς
1552 4438 1646 4490 τοῦ
1678 4441 2019 4509 Μελχισεδὲκ

440 4518 632 4586 καινῆς
658 4517 872 4582 θυσίας,
908 4520 1001 4573 τοῦ
1036 4522 1254 4575 αἰωνίου
1306 4525 1400 4576 καὶ
1424 4526 1657 4596 ἀληθοῦς
1683 4530 2018 4600 Μελχισεδὲκ

443 4608 538 4658 καὶ
599 4608 901 4677 ἀρχιερέως
955 4610 1115 4678 μόνου
1170 4612 1343 4683 Ἰησοῦ
1378 4615 1640 4685 Χριστοῦ,
1673 4620 1801 4689 περὶ
1829 4616 1889 4675 οῦ
1926 4625 2019 4692 γέ-

1641 588 1738 650 DE
1777 590 2015 651 SACRA
2075 589 2471 651 LITURGIA.

3574 575 3681 645 2⁸70

2718 697 2951 761 CAPUT
2982 694 3091 755 XC.

2120 846 2249 913 Quis
2272 863 2453 900 sensus
2501 850 2771 901 rerborum
2798 846 3123 913 Naturam.
3150 839 3237 891 '53.
3273 850 3286 888 :
3334 854 3351 886 ι
3389 832 3570 889 Simile
3607 844 3686 887 est

2465 932 2681 987 regnum
2719 916 2960 969 caelorum
2997 911 3268 978 fermento.
3306 924 3324 955 ι

2187 1030 2261 1085 Ne
2293 1031 2506 1099 rejicias
2570 1030 2893 1083 lermentum
2960 1023 3408 1093 incorrttpliunis,
3472 1021 3559 1075 cui
3607 1020 3683 1074 si-

2115 1123 2239 1176 mile
2292 1130 2379 1175 est
2426 1137 2648 1189 regnum
2700 1121 2987 1181 ccelornm,
3023 1131 3088 1171 eo
3133 1114 3278 1184 quod
3311 1128 3493 1168 secum
3529 1113 3683 1165 uniat

2113 1224 2165 1268 et
2207 1215 2455 1265 immutet
2499 1228 2592 1267 eos
2623 1212 2712 1281 qui
2760 1211 2958 1263 divina:
3008 1205 3381 1278 praedicationi
3418 1202 3680 1258 obediunt

2114 1305 2259 1374 quod
2319 1304 2641 1357 fermentum
2688 1300 2904 1356 mulier.
2961 1297 3200 1352 Ecclesia
3234 1292 3480 1349 ccelestis
3510 1307 3677 1360 spon-

2113 1395 2181 1457 si,
2241 1394 2525 1448 abscondit
2573 1394 2624 1447 in
2658 1384 2844 1445 farina“.
2867 1391 2999 1444 satis
3026 1388 3224 1451 tribus.
3260 1400 3448 1441 eorum
3482 1397 3679 1461 nempe

2112 1487 2206 1557 qui
2242 1485 2542 1545 salvantur,
2584 1484 2758 1538 tribus
2796 1480 3102 1537 ordinibus.
3138 1488 3421 1533 servorum
3461 1484 3514 1528 et
3539 1487 3678 1527 mer-

2112 1576 2476 1637 cenariorum,
2510 1573 2769 1636 ﬁliorum,
2814 1581 2869 1627 et
2933 1571 3214 1640 virginum
3247 1568 3303 1622 in
3357 1565 3562 1635 nuptiis
3592 1579 3683 1617 sn-

2114 1667 2403 1738 pientipm,
2448 1666 2623 1719 donec
2675 1664 3061 1721 fermentatum
3090 1670 3177 1716 est
3197 1668 3368 1715 totum
3408 1658 3462 1712 in
3490 1671 3675 1712 resur-

2119 1760 2380 1821 rectione,
2406 1772 2572 1828 regno
2594 1756 2687 1811 Dei
2707 1756 2930 1825 dignum
2960 1753 3242 1817 habitum;
3270 1752 3415 1820 quod
3446 1762 3675 1817 regnum

2114 1862 2166 1903 et
2188 1864 2282 1905 eos
2299 1850 2392 1919 qui
2416 1857 2540 1901 ante
2557 1848 2726 1915 legem
2742 1847 2875 1915 justi
2903 1854 3081 1908 erant,
3101 1851 3157 1897 et
3172 1856 3265 1895 eos
3287 1839 3381 1909 qui
3399 1838 3453 1892 in
3469 1837 3607 1908 lege.
3627 1847 3683 1890 οι

2114 1953 2210 1992 eos
2244 1939 2337 2006 qui
2375 1937 2427 1990 in
2454 1935 2648 2004 gratia,
2671 1934 3037 2004 congregavit.
3061 1932 3215 1998 Quod
3245 1930 3463 2001 quidem
3500 1928 3668 1983 Evan-

2117 2027 2238 2097 gelii
2278 2025 2448 2096 gratia
2493 2025 2740 2095 perfecit.
2790 2024 2907 2093 Ipse
2934 2025 3079 2078 enim
3113 2023 3387 2085 Salvator,
3433 2021 3677 2074 divinum

2119 2117 2684 2188 perfectissimumque
2708 2113 3055 2176 fermentum,
3078 2120 3131 2167 et
3152 2115 3307 2181 panis
3328 2112 3473 2174 vitae,
3505 2122 3559 2166 et
3584 2126 3677 2163 rex

2114 2220 2375 2271 aeternus,
2401 2216 2453 2263 et
2481 2222 2574 2263 eos
2618 2208 2711 2277 qui
2743 2216 2871 2262 ante
2892 2207 3068 2276 legem
3106 2216 3159 2260 et
3198 2220 3293 2260 eos
3328 2205 3421 2273 qui
3456 2204 3509 2259 in
3541 2204 3677 2273 lege.

2116 2297 2433 2352 incarnatus
2460 2303 2514 2349 et
2546 2295 2599 2349 in
2627 2297 2887 2349 mundum
2950 2294 3248 2363 ingressus,
3272 2291 3529 2355 salva‘vit.
3561 2292 3683 2347 illos

2126 2387 2363 2442 vinculis
2391 2387 2691 2455 abripiens.
2748 2396 2801 2441 et
2826 2387 2945 2441 illos
2967 2402 3090 2440 cum
3129 2387 3197 2441 iis
3227 2387 3319 2452 qui
3364 2386 3417 2438 in
3471 2400 3531 2440 se
3561 2400 3682 2439 cre-

2122 2477 2363 2532 diderint
2405 2477 2606 2542 univit,
2660 2475 2752 2545 qui
2804 2475 2858 2530 in
2925 2476 3093 2529 alium
3138 2477 3375 2545 .quidem
3429 2489 3682 2545 scopum.

2118 2575 2378 2637 tanquam
2438 2582 2634 2637 purum
2694 2575 2748 2622 et
2778 2566 2963 2620 vivum
3015 2565 3350 2621 fermentum
3395 2565 3688 2621 abscondi-

2117 2668 2230 2725 tur,
2264 2660 2517 2715 rationali
2542 2669 2808 2715 creatura
2846 2661 3099 2730 prasenti
3143 2669 3394 2730 tempore
3450 2660 3690 2729 triplici-

2116 2761 2199 2805 ter
2254 2750 2514 2815 divisum,
2558 2752 2769 2821 angelis
2824 2766 3045 2820 nempe,
3076 2752 3284 2806 sanctis
3314 2750 3408 2820 qui
3483 2751 3687 2805 mortui

2116 2850 2265 2903 sunt,
2296 2848 2351 2894 et
2377 2840 2443 2894 iis
2476 2840 2568 2909 qui
2600 2838 2656 2894 in
2688 2838 2866 2909 ipsum
2902 2840 3139 2895 credunt
3192 2841 3462 2911 nobisque
3494 2842 3689 2896 viven-

2119 2931 2306 2994 tibus;
2359 2930 2534 2986 donec
2588 2929 2972 2984 ferntentatum
3024 2932 3095 2985 sit
3123 2939 3325 2997 totum,
3384 2946 3682 3003 resurgens

2118 3037 2217 3092 per
2269 3021 2447 3092 ipsum
2481 3029 2536 3075 et
2595 3028 2767 3075 totum
2835 3018 2968 3074 illud
3034 3035 3203 3074 unum
3234 3021 3512 3088 eﬂ‘ectum,
3552 3037 3680 3098 cum

2117 3111 2292 3181 ipsius
2327 3109 2513 3180 gloriae
2536 3107 2822 3180 particeps
2853 3108 2957 3165 erit
2976 3117 3033 3164 et
3059 3111 3379 3180 angelorum
3412 3121 3608 3167 natura
3631 3123 3688 3169 es

2117 3210 2328 3257 ιιοειιι.

2702 3334 2932 3393 CAPUT
2966 3337 3098 3394 XCI.

2121 3444 2301 3511 Quare
2330 3442 2426 3499 sub
2453 3446 2562 3516 lege
2577 3448 3268 3526 ροηδείηΙρι-ιιιειιισιίεεεί
3294 3453 3390 3507 sub
3415 3452 3689 3526 Evangelii

2624 3518 2797 3583 gratia
2828 3518 3129 3585 fermentati
3148 3522 3174 3575 .’

2187 3624 2316 3681 Esto
2340 3625 2503 3698 igitur
2529 3637 2582 3681 et
2611 3638 2664 3681 tu
2700 3629 2753 3684 in
2779 3630 3002 3687 Christo
3047 3634 3430 3702 fermentatus,
3462 3649 3516 3693 et
3546 3655 3686 3696 cura

2124 3726 2182 3770 ut
2208 3721 2360 3785 regni
2385 3721 2643 3773 cwlornm
2678 3721 2925 3779 fermenti
2952 3727 3030 3781 sis
3064 3730 3359 3800 particeps.
3415 3730 3598 3803 Neque
3618 3751 3686 3788 rx

2117 3810 2329 3879 azymis
2402 3810 2536 3882 legis
2595 3814 2830 3882 panibus
2880 3826 3088 3886 partem
3140 3820 3364 3877 habeas.
3427 3823 3566 3889 Quia
3597 3828 3683 3881 lex

2121 3902 2315 3953 umbra
2342 3911 2505 3957 estet
2538 3902 2719 3973 imago
2774 3920 2878 3960 non
2940 3910 3178 3966 animata
3229 3928 3329 3968 nec
3385 3916 3590 3971 virens.
3629 3918 3689 3971 lli

2124 3991 2268 4053 ideo.
2306 4002 2360 4045 ιιι
2412 4005 2679 4061 mortuos,
2713 4006 2766 4052 et
2802 4015 2982 4055 meras
3012 4001 3231 4070 ﬁguras,
3268 4019 3489 4075 azymos
3520 4010 3689 4076 panes

2122 4081 2375 4147 habebat,
2432 4086 2523 4153 qui
2577 4102 2685 4142 non
2744 4090 3069 4159 simpliciter
3119 4110 3290 4165 panes
3342 4098 3690 4163 dicebantur.

2119 4172 2214 4225 sed
2244 4176 2441 4243 azymi,
2474 4178 2629 4243 pultis
2678 4185 3055 4239 tantummodo
3088 4200 3183 4254 per
3215 4189 3689 4259 participationem

2122 4276 2317 4315 nomen
2370 4265 2687 4321 retinentes.
2773 4269 3057 4341 Particeps
3104 4284 3223 4330 esto
3288 4281 3471 4347 magni
3542 4281 3688 4337 illius

2120 4354 2515 4411 Melchisedech
2548 4361 2822 4422 sacriiicii.
2860 4364 3019 4429 cujus
3077 4368 3234 4434 panis
3280 4384 3389 4423 non
3430 4386 3682 4441 azymus,

2119 4456 2173 4501 et
2230 4449 2436 4511 vinum,
2498 4453 2762 4520 prommia
2805 4456 2929 4508 novi
2972 4454 3368 4515 Melchisedech
3401 4464 3684 4525 sacriﬁcii.

2119 4544 2172 4589 et
2228 4539 2417 4591 retenti
2474 4542 2672 4594 cineri
2738 4542 3135 4601 Melchisedech
3200 4560 3254 4603 et
3289 4552 3459 4606 solius
3492 4552 3687 4609 Ponti-

2121 4625 2240 4681 ﬁcis
2292 4626 2421 4683 Jesu
2464 4629 2692 4685 Christi.
2743 4634 2816 4688 Dc
2847 4650 2958 4705 quo
3022 4640 3288 4706 scriptum
3342 4654 3464 4699 est:
3527 4662 3546 4697 ι
3607 4634 3687 4701 τὶι

440 4713 685 4766 γραπται
712 4738 727 4763 ,
790 4718 807 4753 ι
844 4702 915 4755 Σὺ
972 4697 1022 4755 εἰ
1056 4705 1233 4772 ἱερεὺς
1279 4709 1359 4770 είς
1410 4710 1504 4762 τὸν
1552 4711 1722 4765 αίῶνα
1758 4717 1899 4769 κατά
1926 4718 2023 4788 τὴν
2049 4729 2100 4789 ι)
2127 4733 2184 4771 es

1942 4718 2186 4789 :ipDes
2238 4720 2493 4774 sacerdos
2574 4723 2628 4777 in
2712 4735 2974 4781 aeternum
3049 4734 3351 4788 secundum
3431 4736 3686 4791 ordinem

437 4789 592 4853 τάξιν
623 4790 977 4859 Μελχισεδέκ.
1013 4811 1031 4844 s
1065 4794 1128 4847 Εί
1158 4794 1203 4847 δ’
1229 4798 1330 4849 οὐκ
1360 4798 1661 4869 ἐθελήσεις,
1710 4806 1841 4869 ίαως
1872 4808 2009 4875 μετά

438 4882 547 4933 τῶν
571 4882 798 4953 ἀζύμων
848 4886 942 4938 καὶ
977 4886 1149 4955 ἀμνὸν
1200 4888 1395 4957 ἄλογον
1447 4891 1649 4959 θύσεις,
1713 4899 1809 4949 καὶ
1869 4898 2013 4952 κατά

454 4972 737 5036 Ἰουδαίους
803 4975 1071 5044 μεθέξεις.
1105 4979 1139 5047 ἢ
1196 4983 1289 5034 καὶ
1348 4987 1734 5053 συνεορτάσεις
1785 4990 2007 5053 αὐτοῖς’

440 5063 537 5115 καὶ
553 5064 622 5115 τὰ
650 5063 837 5133 ἄζυμα
863 5066 938 5129 ὡς
976 5068 1125 5132 ξένια
1159 5068 1327 5141 λήψῃ,
1363 5073 1391 5126 ὂ
1432 5079 1545 5138 τοῖς
1577 5080 1730 5146 ὲμοίς
1763 5080 2007 5151 Πατρέσι

440 5157 613 5239 ποιεῖν
646 5155 1049 5225 ἀπηγόρευται’
1078 5158 1111 5227 ἢ
1137 5164 1229 5213 καὶ
1262 5166 1647 5239 περιτμηθησῃ
1677 5172 1771 5221 καὶ
1805 5174 2008 5224 6166a-

436 5235 643 5308 τίσειςο
674 5247 830 5298 τοῦτο
878 5248 987 5315 γαρ
1033 5250 1329 5305 ἀκόλουθον
1354 5270 1366 5283 ⁸
1400 5257 1523 5308 ἐπεὶ
1561 5235 1672 5310 ίκΞι
1699 5259 1853 5312 οὐδὲν
1888 5260 2006 5327 βδε-

437 5338 629 5389 λυκτόν
658 5352 774 5390 σοι·
833 5342 1107 5403 κοινωνεῖς
1158 5344 1265 5410 γὰρ
1300 5346 1393 5400 καὶ
1424 5350 1705 5416 τραπέζης
1744 5352 2005 5416 πολλάκις

437 5429 549 5488 τοις
587 5427 858 5491 Ἰουδαίοις
888 5443 902 5458 ·
937 5430 1031 5481 καὶ
1065 5434 1239 5501 μικρὰ
1255 5450 1337 5496 τις
1372 5435 1602 5506 διαφορὰ
1632 5439 1839 5492 τούτων
1867 5442 2006 5512 πρὸς

440 5518 503 5570 σε
530 5517 641 5570 τῶν
680 5518 976 5573 θεοκτόνων
1004 5524 1097 5573 καὶ
1129 5523 1321 5578 ἀθέων.
1365 5526 1504 5580 Ἀλλ’
1532 5530 1661 5597 ἡμῖν
1693 5531 1847 5583 οὐδὲν
1894 5550 2006 5587 κοιο

439 5607 528 5660 νδν
558 5610 691 5678 πρὸς
723 5609 940 5673 αύτούς.
970 5629 989 5663 ι
1028 5613 1138 5667 Καὶ
1185 5615 1251 5666 τὰ
1292 5616 1495 5685 ἀρχαία
1543 5620 1855 5689 παρῆλθεν·
1894 5626 2004 5677 ίδοὺ

438 5700 628 5765 γέγονε
652 5700 721 5753 τα
750 5700 925 5753 πάντα
946 5703 1127 5767 καινὰ,
1168 5720 1188 5754 s
1234 5703 1333 5774 βοᾷ
1380 5706 1589 5772 Παῦλος
1610 5724 1625 5739 ·
1665 5712 1757 5763 καὶ⁸
1782 5712 1857 5774 ὡς
1886 5715 2007 5769 ἀντὶ

440 5793 739 5859 περιτομῆς
775 5790 1059 5862 βάπτισμα
1087 5797 1221 5864 ἡμῖν
1250 5801 1385 5863 ἐστι,
1418 5809 1508 5856 καὶ
1534 5806 1655 5855 ἀντὶ
1674 5808 1864 5869 θυσίας
1890 5809 1985 5859 ἀλό

439 5897 537 5947 γου
569 5884 597 5932 ὀ
654 5882 822 5949 ἀμνὸς
865 5882 958 5934 τοῦ
1004 5884 1165 5949 Θεοῦ,
1225 5890 1320 5941 καὶ
1352 5892 1474 5945 ἀντὶ
1505 5893 1733 5965 ἀζύμων
1764 5898 1944 5965 ἄρτων
1975 5903 2003 5953 ό

436 5971 666 6038 ενςυμος
690 5971 785 6038 τῆς
814 5971 1091 6039 βασιλείας
1120 5974 1213 6031 τοῦ
1241 5980 1500 6047 Χριστοῦ,
1533 5986 1587 6047 ὃς
1613 5988 1761 6039 ἐστιν
1783 5989 1811 6041 ὀ
1842 5990 2003 6058 ᾶρῑος

2116 4808 2532 4867 lelchisedech.
2589 4834 2606 4861 ι
2682 4817 2833 4881 Quod
2877 4820 2919 4872 si
2968 4822 3128 4881 nolis.
3180 4824 3320 4879 forte
3358 4842 3483 4882 cum
3558 4820 3686 4901 az);-

2114 4900 2216 4953 mis
2274 4912 2327 4955 et
2380 4917 2577 4972 agnum
2645 4904 3015 4965 irrationalem
3065 4913 3395 4981 inunolahis,
3459 4926 3513 4972 ct
3563 4900 3687 4975 cum

2110 4988 2313 5045 Iudicis
2367 4995 2837 5066 participationem
2920 5002 3194 5069 habebis,
3281 5018 3375 5062 aut
3435 5024 3560 5065 cum
3621 5013 3689 5068 iis

2113 5081 2251 5136 festa
2304 5084 2605 5142 celebrahis
2634 5104 2649 5153 ;
2684 5098 2775 5142 aut
2825 5106 3036 5171 azyma,
3092 5104 3350 5167 tanquam
3408 5104 3687 5174 peregrina

2110 5173 2362 5241 accipies.
2388 5191 2495 5243 quo
2522 5178 2653 5233 meis
2685 5177 2936 5237 Patribus
2971 5184 3317 5243 interdictum
3346 5203 3467 5259 est;
3493 5173 3556 5249 et,
3576 5195 3685 5250 εἰε-

2099 5268 2449 5333 cumcideris,
2482 5278 2535 5323 et
2554 5268 2788 5326 Sahbntzt
2816 5275 3159 5333 observahis.
3193 5280 3246 5335 Id
3299 5284 3445 5340 enim
3490 5302 3683 5343 consc-

2108 5371 2281 5425 qnens
2297 5367 2397 5412 est.
2415 5358 2479 5413 Et
2499 5362 2632 5415 nihil
2654 5366 2918 5430 horrebis,
2936 5383 3059 5421 cum
3081 5370 3147 5423 iis
3165 5379 3681 5447 mensanccumbes;

2108 5458 2162 5503 ct
2212 5464 2398 5517 parum
2424 5452 2672 5509 intererit
2696 5458 2837 5512 inter
2875 5469 2927 5513 te
2956 5470 3012 5515 et
3041 5463 3139 5517 hos
3173 5462 3272 5519 Dei
3305 5468 3682 5527 interfectores

2107 5550 2160 5595 et
2184 5543 2401 5613 impios.
2421 5542 2525 5601 Sed
2550 5548 2705 5601 nobis
2732 5550 2987 5604 nihilcum
3019 5553 3084 5608 iis
3108 5568 3394 5613 commune
3422 5572 3527 5616 est.
3558 5581 3577 5615 ι
3616 5563 3684 5619 Et

2110 5641 2292 5687 vetera
2317 5636 2649 5691 transierunt
2694 5654 2707 5691 :
2759 5654 2883 5694 ecce
2915 5657 3052 5696 nova
3082 5643 3221 5700 facta
3263 5660 3384 5703 sunt
3416 5654 3619 5716 onmia.
3651 5651 3677 5707 ἰ

2110 5725 2366 5779 inclamat
2428 5728 2646 5783 Paulus.
2676 5732 2738 5785 Et
2779 5735 3235 5801 quemadmodum
3267 5757 3363 5807 pro
3390 5744 3680 5801 circumci-

2108 5816 2262 5871 sione
2304 5820 2461 5874 nohis
2495 5831 2578 5876 est
2610 5823 2934 5890 baptismus,
2966 5840 3134 5899 etpro
3164 5834 3533 5892 inunolatione
3554 5844 3680 5909 agni

2109 5905 2459 5974 irrationalis,
2493 5912 2606 5980 ipse
2626 5916 2807 5981 Agnus
2828 5916 2944 5977 Dei,
2969 5920 3038 5973 ita
3058 5936 3155 5989 pro
3173 5929 3378 5995 azymis
3423 5905 3678 5997 panibus.

2112 5998 2270 6067 panis
2306 6002 2455 6071 regni
2478 6004 2720 6059 cwlcstis
2749 6017 2801 6061 ct
2830 6007 3057 6076 Christi,
3083 6016 3173 6081 qui
3206 6027 3288 6072 cst
3317 6021 3473 6085 palus
3505 6021 3677 6089 vivus,
