4416 6726
398 508 497 570 ἳθἹ

1620 506 1714 563 DE
1755 503 1992 562 SACBA
2026 503 2417 567 LITUBGIA.

3557 510 3663 575 293

400 654 530 717 ξεως
554 662 568 677 ⁶
606 648 742 717 μετὰ
760 648 816 703 δέ
842 646 1063 708 τούτους
1104 646 1207 716 πρὸ
1237 645 1344 697 τῶν
1395 642 1557 714 ίερῶν
1597 643 1779 695 πυλῶν
1810 641 1980 699 ἄλλοι.
2016 641 2055 699 Δ
2092 643 2144 695 ni

1915 658 1980 699 οι.
2016 641 2055 699 Δ
2092 643 2179 697 nis
2243 643 2479 714 liturgici
2508 644 2745 701 diaconi.
2785 646 2917 704 Post
2982 649 3129 718 ipsos
3162 660 3342 704 autem
3412 650 3503 703 alii
3562 654 3659 719 qui

398 743 741 799 ὕποδιάκονοί
798 758 877 803 τε,
936 739 1030 792 καὶ
1077 738 1174 791 σὺν
1244 737 1429 798 αὐτοῖς
1485 735 1862 803 άναγνώσταις
1923 735 1969 785 οί

398 831 635 900 ὺμνῳδοί
661 846 674 860 ο
712 824 950 898 μεθ”οῦς
1033 824 1189 878 πάλιν
1223 822 1572 877 κοινωνοῦσιν
1601 825 1648 876 οἱ
1674 821 1765 875 τοῦ
1804 840 1969 891 μονα-

395 921 552 991 χικοῦ
580 920 860 988 σχήματος
879 958 892 981 ,
923 914 997 978 ὡς
1029 914 1355 983 προέχοντες
1384 914 1477 967 τοῦ
1514 914 1667 966 λαοῦ.
1694 915 1801 966 Καὶ
1834 914 1970 981 μετὰ

394 1013 613 1073 τούτους
663 1009 802 1063 κατά
832 1007 984 1074 τάξιν
1042 1002 1198 1069 αὖθις
1248 1007 1296 1058 οί
1328 1006 1525 1059 λαῖκοί.
1568 1006 1699 1058 Οὐδὲ
1740 1006 1847 1074 γὰρ
1881 1006 1969 1056 καὶ

393 1102 537 1157 οὗτοι
570 1103 770 1162 πάντες
803 1098 1018 1167 ἐπίσης.
1049 1097 1112 1149 Ol
1142 1095 1241 1163 μὲν
1275 1094 1384 1163 γάρ
1408 1093 1589 1154 καλῶς
1620 1094 1887 1158 ἵστανται,
1919 1096 1967 1146 oi

365 1195 447 1250 ’δὲ
483 1189 868 1263 μετανοοῦντες
900 1190 1057 1241 εἰσιν.
1122 1189 1189 1241 ’Δ
1241 1182 1306 1256 δὴ
1370 1186 1547 1240 πάντα
1592 1185 1824 1275 ἑκάστου
1848 1185 1970 1269 τῶν

394 1284 731 1354 μετεχόντων
760 1279 894 1333 Θεοῦ
937 1280 1034 1349 τήν
1080 1295 1139 1330 τε
1166 1278 1321 1342 τάξιν
1366 1278 1519 1347 δηλοῖ
1553 1278 1648 1331 καὶ
1679 1275 1965 1340 ἀνάϐασιν,

393 1375 563 1429 καὶτὸ
590 1372 843 1442 ἁρμόδιον
874 1370 965 1423 καὶ
990 1370 1200 1439 πρέπον
1228 1370 1325 1439 τῆς
1362 1370 1664 1430 κοινωνίας.
1711 1366 1771 1422 Ὀ
1793 1370 1970 1420 ἀσπαο

393 1466 528 1535 σμδς
578 1466 635 1518 δὲ
669 1468 766 1516 σὺν
806 1464 871 1533 τῇ
905 1461 1165 1532 ὁμολογίαι⁵
1204 1462 1301 1528 τῆς
1333 1460 1605 1521 πίστεως,
1634 1459 1729 1529 τὴν
1761 1459 1852 1510 ἐπὶ
1902 1460 1967 1529 τῇ

389 1558 653 1629 ὁμολογίᾳ
682 1557 775 1610 τοῦ
797 1556 933 1608 Θεοῦ
972 1552 1290 1624 συμφωνίαν
1318 1554 1412 1605 καὶ
1439 1553 1537 1623 τὴν
1564 1553 1787 1621 εἰρήνην
1821 1550 1971 1619 δηλοῖ

391 1653 486 1705 καὶ
518 1651 617 1721 τὴν
646 1649 888 1718 ἀγάπην.
945 1647 1097 1699 Μετὰ
1148 1645 1203 1699 δέ
1235 1662 1295 1712 γε
1334 1645 1425 1697 τὸν
1474 1642 1766 1711 ἀσπασμὸν
1799 1643 1832 1712 ἠ
1860 1642 1968 1695 τῶν

394 1740 709 1811 μυστηρίων
780 1740 1061 1809 ἱερουργία
1095 1740 1159 1807 τῇ
1210 1736 1493 1807 ἐπικλήσει
1520 1735 1614 1789 τοῦ
1656 1734 1969 1803 Πνεῦματος

390 1832 622 1900 γίνεται.
660 1830 785 1881 Ὀτι
825 1829 921 1899 μία
952 1829 984 1897 ἡ
1022 1828 1255 1895 δύναμις
1294 1827 1394 1893 τῆς
1448 1826 1702 1897 Τριάδος,
1750 1823 1966 1878 καὶτοῦ

394 1924 522 1977 Υξοῦ
574 1921 971 1991 σαρκωθέντος,
1003 1922 1031 1972 6
1072 1919 1261 1989 Πατὴρ
1286 1918 1522 1972 εὐδοκῶν
1560 1912 1652 1989 ἦν,
1685 1918 1714 1970 6
1739 1916 1867 1978 Υίδς
1910 1916 1967 1968 δὲ

392 2015 733 2085 αὑτουργῶν,
775 2016 871 2067 καὶ
900 2014 960 2066 τδ
989 2013 1210 2081 Πνεῦμα
1256 2012 1554 2082 συνεργοῦν
1595 2010 1657 2064 τὸ
1680 2010 1967 2084 πανάγιον.

389 2107 543 2162 Μετὰ
566 2107 620 2159 δὲ
648 2106 748 2177 τὴν
781 2104 1095 2175 ἱερουργίαν
1130 2105 1167 2170 η
1193 2103 1333 2173 ὑπὲρ
1374 2104 1631 2156 ἁπάντων
1661 2102 1969 2171 ἀνάμνησις

388 2202 475 2255 διὰ
501 2200 562 2253 τὸ
585 2197 931 2268 σωτηριῶδες
958 2197 1058 2265 τῆς
1105 2195 1314 2257 θυσίας.
1363 2196 1468 2247 Καὶ
1501 2194 1609 2245 τῶν
1648 2193 1819 2261 ἁγίων
1846 2192 1901 2243 δὲ
1934 2192 1968 2257 ἡ

390 2289 746 2361 άνακήρυξις,
794 2289 876 2342 ὁτι
926 2285 1231 2340 συνέπαθον
1272 2285 1441 2354 αὐτῷ,
1470 2286 1566 2337 καὶ
1594 2285 1688 2337 νῦν
1719 2282 1972 2346 συνδοξα-

391 2386 595 2450 ζονται.
642 2381 966 2450 Ἐξαιρὲτως
1016 2378 1073 2432 δὲ
1114 2381 1148 2448 ἡ
1202 2380 1303 2447 τῆς
1337 2379 1617 2445 Παναγίας
1676 2376 1769 2429 καὶ
1802 2375 1972 2446 μόνης

390 2478 657 2530 Θεοτόκου
690 2474 1018 2542 ἀνάμνησις,
1046 2473 1129 2526 ὅτι
1167 2471 1263 2524 καὶ⁵
1302 2470 1397 2524 νῦν
1432 2469 1524 2523 καὶ
1554 2468 1677 2521 τότε
1710 2467 1769 2519 τὸ
1794 2466 1971 2519 κοινόν

391 2570 509 2620 ἐστι
535 2565 733 2626 παντὸς
765 2563 972 2630 κόσμου
1035 2561 1304 2631 σωτήριον
1328 2576 1341 2590 ·
1385 2562 1451 2630 ἣν
1484 2558 1579 2612 καὶ
1613 2559 1811 2620 πάντες
1843 2560 1968 2608 dva-

393 2656 657 2727 μνοῦμεν,
693 2655 819 2707 ἐπεὶ
860 2653 954 2705 καὶ
988 2650 1056 2705 δι’
1086 2650 1262 2719 αὐτῆς
1308 2650 1407 2717 τὴν
1449 2649 1725 2719 σωτηρίαν
1757 2647 1967 2710 ἐλπίζο-

394 2766 514 2818 μεν.
542 2749 695 2801 Min
723 2742 780 2799 δὲ
813 2744 913 2816 τὴν
948 2744 1172 2814 μνήμην
1221 2742 1479 2796 ἁπάντων
1510 2743 1543 2811 ὴ
1574 2740 1788 2806 αἴτησις
1822 2740 1971 2809 παρὰ

391 2838 484 2894 τοῦ
518 2837 820 2908 ἀρχιερέως
862 2835 1052 2905 ὥσπερ
1087 2833 1505 2903 ἐπισφράγισμα
1549 2833 1657 2885 τῶν
1703 2833 1971 2898 αἰτήσεων

392 2930 648 2997 ἀπασῶν,
671 2930 811 2982 ὥστε
836 2927 1019 2981 δοῦναι
1054 2927 1112 2979 ἐν
1143 2926 1224 2978 ἑνὶ
1249 2925 1480 2995 στόματι
1511 2926 1603 2978 καὶ
1638 2924 1740 2994 μιᾷ
1774 2923 1972 2994 καρδία

394 3022 560 3079 αὐτὸν
592 3020 838 3087 δοξάζειν
870 3020 961 3073 τὸν
988 3020 1051 3073 ἐν
1084 3018 1277 3089 Τριάδι
1304 3015 1456 3082 Θεὸν,
1494 3019 1589 3069 καὶ
1614 3016 1680 3070 τά
1728 3016 1849 3086 ἐλέη
1875 3016 1971 3070 τοῦ

396 3114 773 3187 σαρκωθέντος
828 3112 923 3167 καὶ
963 3111 1215 3174 τυθέντος
1247 3110 1388 3178 ὑπὲρ
1424 3108 1579 3178 ἡμῶν
1615 3109 1710 3162 καὶ
1762 3110 1974 3180 ίερουρο

392 3210 656 3283 γηθέντος
678 3210 772 3262 καὶ
800 3205 1160 3277 προκειμένου
1201 3202 1376 3274 Ἰησοῦ
1419 3202 1654 3271 Χριστοῦ
1679 3201 1770 3254 τοῦ
1802 3201 1969 3271 μεγάο

2074 743 2220 788 stant
2277 743 2403 788 ante
2459 732 2603 789 fores
2662 751 2869 801 sacras,
2920 737 3352 808 suinaconique
3404 755 3468 793 ac
3525 755 3653 795 cum

2073 824 2209 893 ipsis
2245 824 2538 879 lectoribus
2571 835 2847 879 cantores.
2880 825 3009 883 Post
3039 828 3174 883 istos
3232 830 3371 884 dona
3402 846 3651 885 commu-

2076 914 2261 968 nicant
2292 914 2341 968 lii
2368 916 2461 984 qui
2490 925 2618 969 sunt
2651 918 2941 972 monastici
2979 927 3171 979 status.
3233 931 3488 989 tanquam
3547 935 3644 990 pit-

2073 1006 2255 1073 pulum
2291 1007 2675 1082 prrecetlentes.
2739 1007 2801 1061 Et
2842 1019 2963 1077 post
3004 1009 3161 1073 istos,
3193 1012 3498 1065 secundum
3559 1029 3647 1065 ore

2070 1096 2273 1161 dinem,
2308 1098 2502 1150 iterum
2540 1098 2657 1153 laici
2693 1117 2705 1164 ;
2781 1115 2885 1153 non
2916 1100 3058 1154 enim
3126 1112 3179 1155 ct
3212 1101 3263 1156 lii
3298 1112 3425 1156 sunt
3452 1118 3645 1157 mures

2070 1189 2389 1259 aqualiter;
2445 1190 2539 1243 alii
2572 1205 2802 1259 namque
2851 1192 3239 1247 honorabiliter
3267 1193 3504 1258 adstant,
3562 1197 3650 1249 alii

2073 1293 2201 1333 vero
2254 1280 2578 1348 pmnitentes
2610 1290 2779 1336 sunt:
2816 1298 2938 1353 quae
2966 1293 3161 1339 cuncta
3216 1286 3649 1356 uniuscujusque

2072 1373 2592 1428 connnunieantium
2658 1373 2766 1429 Deo
2824 1376 3071 1429 ordinem
3129 1385 3183 1430 et
3236 1368 3647 1440 ascensionem,

2070 1469 2124 1515 et
2175 1446 2623 1528 concinnitatem,
2680 1476 2734 1519 et
2792 1468 3225 1522 convenientiam
3299 1470 3645 1523 communio-

2072 1552 2158 1607 nis
2209 1555 2518 1609 ostendunt.
2580 1556 2921 1624 Amplexatio
2957 1574 3080 1612 cum
3118 1558 3240 1613 ﬁdei
3281 1560 3633 1616 confessiOne

2071 1645 2422 1700 concordiam
2463 1657 2518 1701 et
2578 1663 2761 1718 pacem
2818 1659 2872 1703 et.
2919 1650 3262 1721 dilectionem
3314 1651 3369 1706 in
3423 1652 3640 1708 e0nl'es-

2071 1734 2225 1789 sione
2283 1734 2376 1790 Dei
2402 1736 2695 1806 signiﬁcat.
2754 1737 2885 1793 Post
2953 1749 3132 1793 autem
3190 1740 3644 1809 amplexationem

2073 1836 2456 1896 mysteriorum
2493 1832 2737 1899 operatio
2784 1847 2941 1886 sacra
2974 1833 3033 1887 ﬁt
3062 1833 3409 1890 invocatione
3466 1831 3644 1903 Spiri-

2076 1924 2200 1983 tus;
2254 1922 2509 1988 quoniam
2541 1938 2648 1976 una
2705 1934 2788 1978 est
2820 1935 3062 1994 potestas
3091 1926 3399 1987 Trinitatis.
3431 1936 3485 1982 et
3518 1943 3645 1983 cum

2075 2006 2245 2061 Filius
2268 2024 2397 2064 caro
2444 2010 2619 2067 factus
2676 2024 2782 2079 est,
2809 2013 2970 2071 Pater
3007 2026 3125 2071 erat
3172 2018 3523 2083 benevolens,
3560 2017 3649 2072 Fi-

2074 2096 2178 2152 lius
2231 2114 2410 2154 autem
2446 2118 2540 2170 per
2574 2118 2632 2158 se
2690 2120 2878 2173 agens.
2903 2116 2956 2161 et
2987 2105 3226 2174 Spiritus
3263 2117 3488 2161 sanctus
3520 2101 3646 2161 coo-

2076 2204 2291 2259 perans.
2322 2190 2446 2246 Post
2475 2208 2688 2248 sacram
2709 2197 3079 2266 operationem
3107 2198 3164 2252 ﬁt
3193 2214 3357 2267 super
3390 2198 3645 2252 omnibus

2074 2280 2336 2335 memoria
2401 2293 2618 2353 prepter
2654 2276 2907 2341 virtutem
2965 2287 3159 2341 hostia:
3188 2287 3555 2351 salutiferam,
3592 2298 3650 2341 et

2075 2380 2390 2427 sanctorum
2455 2376 2809 2443 praeconium,
2869 2393 2933 2432 eo
2960 2379 3106 2447 quod
3161 2393 3287 2433 cum
3348 2382 3467 2449 ipso
3498 2382 3643 2448 passi

2075 2470 2223 2526 sunt,
2279 2472 2332 2517 et
2410 2479 2555 2519 nunc
2626 2452 3146 2536 congloriﬁcantur';
3204 2476 3258 2521 et
3318 2468 3652 2523 excellenter

2074 2554 2435 2609 sanctissima;
2503 2555 2783 2626 unicavque
2856 2556 3099 2626 Deiparte
3163 2558 3487 2623 recordatio,
3516 2574 3653 2626 quo-

2075 2646 2217 2697 niam
2241 2656 2294 2699 et
2318 2660 2458 2700 nunc
2486 2657 2539 2701 et
2570 2656 2697 2702 tunc
2744 2650 3051 2703 communis
3080 2659 3166 2705 est
3205 2649 3352 2705 salus
3406 2650 3650 2706 uuivt-rsi

2074 2735 2282 2801 tnundi,
2312 2752 2475 2806 quam
2502 2738 2666 2791 etiam
2689 2754 2879 2795 omnes
2901 2742 3263 2808 celebramus,
3284 2757 3349 2797 co
3376 2743 3520 2814 quod
3556 2759 3653 2814 per

2075 2828 2245 2895 ipsam
2279 2844 2561 2898 speramus
2592 2831 2847 2887 salutem.
2892 2832 3020 2889 Post
3048 2834 3293 2888 omnium
3330 2835 3649 2889 memoriam

2074 2920 2251 2973 oratiu
2280 2920 2338 2973 ﬁt
2366 2935 2394 2973 a
2428 2920 2983 2994 poutillce,tanquam
3038 2926 3284 2979 omnium
3337 2925 3648 2981 orationum

2074 3013 2333 3081 sigillum,
2384 3023 2441 3068 ut
2499 3018 2578 3070 sic
2636 3016 2795 3070 detur
2850 3017 2902 3071 in
2957 3031 3067 3072 uno
3115 3032 3212 3073 ore
3241 3032 3458 3095 unoque
3486 3018 3651 3073 corde

2077 3106 2252 3175 ipsum
2284 3106 2591 3175 gloriﬁcare
2627 3106 2793 3162 Deum
2826 3108 2878 3161 in
2912 3106 3179 3175 Trinitate
3196 3118 3565 3175 constantem,
3595 3118 3650 3163 et

2076 3196 2455 3252 miserationes
2489 3198 2611 3267 ejus
2664 3198 2757 3266 qui
2811 3215 2908 3270 pro
2974 3200 3132 3255 nobis
3192 3199 3533 3263 incarnatus,
3592 3211 3649 3255 et

392 3305 485 3356 λου
517 3300 652 3356 Θεοῦ
681 3295 820 3353 εἶναι
852 3300 1081 3353 πάντοτε
1120 3295 1240 3365 μεθ’
1268 3295 1443 3365 ἡμῶν.
1485 3295 1716 3346 Ἔπειτα
1744 3294 1840 3364 τὴν
1870 3294 1966 3361 τῆς
1992 3298 2038 3361 C
2076 3286 2136 3340 im

1903 3294 1966 3361 ἧς
1992 3298 2038 3361 C
2076 3286 2404 3353 immolatus,
2438 3296 2490 3343 et
2519 3292 2569 3342 iu
2593 3290 2861 3344 sacriﬁcio
2881 3291 3125 3353 ‘oblatus,
3174 3289 3643 3355 Jesus-Cltristus,

394 3394 669 3456 υίοθεσίας
720 3392 880 3463 χάριν
911 3390 969 3442 ἐν
1016 3390 1149 3457 ἡμῖν
1194 3386 1222 3439 ὁ
1282 3385 1547 3455 ίεράρχης
1581 3383 1970 3453 προσεύχεται,

395 3486 490 3541 καὶ
512 3484 805 3550 ἐξαιτεῐται
828 3478 1230 3548 καταξιωθῆναι
1249 3478 1413 3547 ἡμᾶς,
1436 3476 1592 3546 112
1612 3474 1698 3529 διὰ
1718 3472 1811 3526 τοῦ
1833 3472 1973 3526 κατὰ

396 3580 560 3645 φύσιν
605 3573 737 3628 Υίοῦ
765 3574 865 3644 ἤδη
898 3571 1195 3637 τεθυμένον
1219 3570 1326 3631 τοῖς
1379 3567 1698 3636 μυστηρίοις
1719 3564 1815 3617 καὶ⁸
1846 3579 1973 3633 προ·-

396 3669 679 3737 κειμὲνου,
714 3665 899 3719 καλεῖν
942 3663 1091 3731 ἡμᾶς
1133 3660 1372 3728 Πατέρα,
1410 3660 1534 3719 τοὺς
1557 3657 1717 3726 φύσει
1744 3655 1975 3723 κτίσμα-

398 3763 468 3816 τά
498 3777 553 3812 τε
591 3759 684 3811 καὶ
707 3757 947 3820 δούλους,
980 3754 1071 3805 τὸν
1125 3752 1259 3803 Θεδν
1310 3751 1400 3803 τὸν
1446 3748 1787 3817 ἐπουράνιον.
1820 3744 1974 3799 Μετὰ

400 3850 458 3903 δὲ
502 3849 601 3918 τὴν
640 3845 945 3915 προσευχὴν
976 3844 1069 3897 καὶ
1123 3842 1222 3912 τὴν
1268 3842 1492 3911 είρήνην
1547 3840 1643 3893 καὶ
1672 3840 1773 3907 τὴν
1800 3839 1977 3891 κλίσιν

402 3942 499 4010 τῆς
531 3937 793 4007 κεφαλῆς,
847 3936 882 3990 ἃ.
915 3935 979 4003 δὴ
1015 3934 1111 4004 τὴν
1142 3933 1276 4001 πρὸς
1315 3932 1445 3984 Θεὸν
1491 3930 1732 3984 δουλείαν
1760 3928 1977 3997 δηλοῦσι

404 4034 496 4085 καὶ
524 4015 739 4094 ἕνωσιν,
765 4031 799 4099 ἡ
832 4028 924 4080 τοῦ
961 4027 1247 4095 ζωηφόρου
1291 4026 1464 4094 ἄρτου
1506 4023 1710 4091 γίνεται
1746 4021 1974 4091 ὕψωσιε,

402 4124 572 4193 αὐτὴν
605 4121 853 4175 τυποῦσα
903 4119 1001 4188 την
1032 4116 1355 4185 ὑπὲρηὴμῶν
1403 4114 1498 4167 τοῦ
1532 4114 1784 4183 Σωτῆρος
1814 4112 1977 4165 σταύ-

406 4230 571 4284 ρωσιν
594 4230 607 4243 °
650 4213 745 4264 irai
776 4210 836 4263 τὸ
862 4208 1023 4263 αὑτὸν
1050 4206 1143 4259 τὸν
1174 4205 1410 4275 Χριστὸν
1431 4204 1625 4268 ἐλθεῖν,
1662 4204 1756 4255 καὶ
1780 4198 1976 4254 ἑαυτοῦ

401 4307 535 4375 ἡμῖν
571 4301 913 4374 μεταδοῦναι,
946 4301 1027 4352 ὅτι
1055 4299 1149 4351 καὶ
1189 4290 1344 4359 οὗτός
1373 4298 1520 4348 ἐστιν
1566 4297 1594 4349 ὁ
1642 4294 1781 4362 ὑπὲρ
1822 4293 1977 4364 ἡμῶν

407 4395 764 4466 σταυρωθεὶς,
788 4393 882 4445 καὶ
906 4391 1069 4443 αὑτὸν
1092 4389 1361 4465 δείκνυσιν
1379 4389 1510 4457 ἡμῖν
1542 4386 1817 4454 μυστικῶς
1840 4384 1979 4455 ὑπὲρ

400 4488 559 4557 ἡμῶν
580 4485 902 4539 πεπονθότα.
952 4483 1040 4534 Διὸ
1091 4482 1185 4534 καὶ
1249 4498 1266 4531 ι
1303 4480 1685 4548 Προσέχωμεν,
1727 4497 1744 4530 ι
1789 4478 1975 4548 ἑκδοᾷ,

400 4580 542 4631 ὥστε
575 4577 774 4644 γνῶναι
814 4575 959 4642 ἡμᾶς
987 4572 1046 4624 τὸ
1098 4572 1417 4640 μυστήριον.
1462 4568 1570 4621 Καὶ
1608 4567 1821 4633 ἐπάγει,
1855 4584 1873 4616 ι
1897 4566 1975 4617 Τὰ

403 4670 571 4737 ’Ἅγια
599 4668 709 4729 τοῖς
742 4666 917 4733 ἁγίοις
939 4680 950 4691 ·
987 4683 1003 4713 ι
1039 4661 1231 4731 δηλῶν,
1270 4660 1341 4722 ὼς
1374 4662 1400 4711 ὁ
1433 4656 1761 4728 σταυρωθεὶς
1799 4656 1972 4722 ἅγιος,

402 4761 498 4811 καὶ
534 4759 584 4810 oi
629 4757 820 4809 τούτου
860 4756 1077 4823 μέτοχοι
1128 4751 1275 4817 ἅγιοι
1329 4749 1637 4816 ὀφείλουσιν
1666 4742 1827 4807 εἶναι,
1881 4745 1975 4796 καὶ

403 4853 586 4903 πίστει
620 4848 819 4909 πάντες
848 4846 1065 4915 βοῶσιν,
1112 4861 1130 4894 ι
1165 4837 1259 4904 Εἷς
1295 4842 1471 4907 ἆγιος,
1520 4836 1597 4901 είς
1628 4837 1828 4906 Κύριος
1872 4836 1975 4905 ἰη-

405 4940 535 5003 σοῦς
566 4939 818 5008 Χριστδς,
849 4956 867 4989 ι
916 4937 1011 5005 τὴν
1042 4933 1335 5003 ὁμολογίαν
1366 4932 1638 4999 λέγοντες,
1671 4929 1791 4998 ἦτις
1821 4926 1974 4980 ἔσται

402 5035 499 5086 καὶ
526 5035 582 5083 ἐν
629 5031 706 5100 τῷ
742 5028 1010 5100 μέλλοντι,
1036 5029 1110 5083 ὠς
1140 5024 1344 5085 Παῦλὸς
1385 5040 1536 5092 φησι.
1569 5021 1668 5073 Διὰ
1705 5020 1814 5088 γὰρ
1849 5019 1971 5071 τού-

402 5142 496 5175 του
522 5120 615 5173 τοῦ
662 5118 980 5190 μονογενοῦς
1010 5115 1143 5169 Υίοῦ
1172 5116 1557 5185 σαρκωθέντος
1599 5114 1691 5166 καί
1735 5127 1980 5179 σταυρω-

403 5217 586 5275 θέντος
619 5211 962 5281 ἡγιάσθημέν
1004 5226 1064 5261 τε
1129 5209 1225 5261 καὶ
1274 5207 1367 5258 τοῦ
1428 5206 1661 5258 θανάτου
1702 5202 1980 5273 ἐρῥύσθη-

407 5324 528 5376 μεν,
582 5306 676 5356 καὶ
734 5301 835 5371 τῆς
898 5300 1194 5360 ἀθανασίας
1238 5300 1545 5366 ἐτύχομεν*
1603 5296 1661 5356 ὃς
1717 5296 1812 5346 καὶ
1858 5294 1979 5345 τότε

404 5398 556 5448 ἐσται
590 5396 719 5462 ἡμῖν
747 5389 949 5460 θεωρία
972 5407 1029 5442 τε
1051 5392 1143 5441 καὶ
1180 5388 1499 5449 ἀπόλαυσις,
1519 5386 1601 5438 ὅτι
1635 5384 1981 5452 ἀπεθάνομεν

405 5488 670 5555 πρότερον
729 5484 845 5552 μὲν,
882 5480 1085 5549 ἱσοθεῖᾳ
1122 5479 1439 5540 κλαπέντες,
1476 5479 1570 5529 καὶ
1607 5477 1755 5546 παρὰ
1787 5475 1975 5544 καιρὸν

406 5580 662 5633 ἀθάνατοι
722 5577 816 5627 καὶ
847 5572 957 5625 θεοὶ
984 5572 1236 5639 γενέσθαι
1280 5568 1595 5639 ζητοῦντες,
1628 5570 1935 5635 γεγόναμεν
1957 5583 1971 5597 ·

407 5670 503 5720 νῦν
524 5669 579 5720 δὲ
607 5667 930 5733 ἀνέστημεν,
967 5664 1057 5715 καὶ
1105 5663 1307 5730 ζῶμεν,
1354 5662 1447 5713 καὶ
1477 5658 1612 5711 Θεοῦ
1676 5660 1975 5728 μετέχομεν

404 5760 513 5812 τῶν
546 5758 808 5826 χαρίτων,
839 5756 931 5807 καὶ
965 5754 1074 5806 θεοί
1109 5754 1294 5821 ἐσμεν,
1330 5752 1405 5815 ὡς
1432 5753 1541 5803 τῶν
1579 5754 1641 5818 τῇ
1671 5752 1977 5821 παραϐάσει

405 5851 658 5903 ἐναντίων
715 5847 809 5899 νῦν
864 5846 1191 5913 γεγονότων,
1245 5845 1339 5897 τοῦ
1402 5844 1536 5896 Θεοῦ
1599 5844 1975 5913 σαρκωθέντος

404 5943 497 5995 το]
533 5938 800 5993 ἀθανάτου
830 5936 967 6005 ὑπὲρ
1000 5936 1157 6003 ἡμῶν
1179 5974 1192 5997 ,
1223 5935 1313 5988 καὶ
1348 5934 1535 5989 δούλου
1576 5936 1789 6004 μορφὴν
1822 5938 1971 5990 ἐνδυ-

730 6037 995 6096 ΡΑτιιυι..
1056 6030 1170 6088 Gn.
1215 6026 1383 6086 CLV.

2076 3392 2300 3446 magnus
2350 3378 2509 3443 Deus,
2569 3396 2783 3451 semper
2835 3397 2958 3435 esse
3044 3382 3331 3436 nobiscum
3394 3382 3648 3438 intendit.

2077 3467 2270 3522 Postea
2319 3469 2597 3524 ﬁliationis
2650 3470 2882 3541 gratiam
2941 3472 2993 3525 in
3037 3471 3191 3525 nobis
3216 3471 3333 3525 ﬁeri
3389 3483 3649 3540 precatur

2076 3559 2335 3614 sacerdos
2368 3571 2663 3630 exoratque
2687 3577 2781 3615 nos
2821 3561 2935 3616 ﬁeri
2965 3561 3159 3631 dignos
3190 3577 3286 3631 per
3318 3562 3514 3617 Filium
3548 3579 3645 3616 na-

2078 3647 2305 3701 turalem
2336 3647 2447 3716 jam
2492 3648 2829 3703 immolatum
2882 3649 3260 3719 acjacentem,
3316 3658 3375 3706 ut
3404 3667 3503 3707 uos
3559 3668 3654 3705 vo-

2076 3750 2262 3791 cemus
2304 3738 2539 3804 Patrem,
2578 3754 2675 3792 nos
2704 3738 2795 3808 qui
2850 3748 3043 3793 natura
3072 3756 3261 3796 sumus
3290 3753 3560 3797 creatura:
3586 3758 3650 3798 ac

2078 3828 2239 3892 servi,
2278 3828 2442 3883 Deum
2472 3831 2563 3899 qui
2590 3831 2642 3885 in
2665 3835 2818 3888 cmlis
2844 3843 2949 3889 est.
2990 3835 3116 3889 Post
3150 3835 3292 3889 lianc
3320 3845 3501 3890 autem
3530 3851 3651 3892 ora-

2078 3920 2279 3974 tionem
2304 3932 2353 3975 et
2374 3935 2558 3995 pacem
2584 3933 2633 3978 et
2655 3925 2848 3993 capitis
2884 3925 3312 3991 inclinationem,
3339 3942 3459 3995 qua:
3480 3929 3651 3983 servi-

2081 4020 2245 4065 tutem
2265 4027 2327 4067 ac
2353 4014 2605 4067 unionem
2631 4015 2695 4068 ad
2717 4014 2885 4069 Deum
2906 4016 3238 4086 signiﬁcant,
3260 4016 3457 4072 viviﬁci
3494 4021 3649 4087 panis

2080 4103 2137 4156 ﬁt
2158 4103 2406 4169 clevatio,
2428 4107 2599 4174 ipsam
2619 4107 2859 4175 ﬁgurans
2882 4123 2981 4177 pro
3015 4110 3172 4164 nobis
3196 4110 3497 4166 Salvatoris
3525 4125 3652 4167 cru-

2078 4194 2412 4260 ciﬁxiouetn,
2466 4210 2676 4251 necnon
2739 4198 2920 4267 ipsum
2974 4199 3255 4256 Christum
3310 4204 3548 4270 venisse,
3588 4219 3652 4259 ac

2080 4288 2430 4356 semetipsum
2486 4288 2777 4345 tradidisse
2832 4306 2930 4360 pro
2991 4292 3190 4346 nobis:
3248 4294 3366 4361 ipse
3418 4309 3651 4365 namque

2078 4388 2163 4432 est
2213 4379 2305 4448 qui
2351 4393 2451 4448 pro
2509 4380 2661 4435 nobis
2731 4382 3028 4437 cruciﬁxus
3088 4393 3192 4448 est,
3228 4392 3283 4438 et
3338 4385 3516 4454 ipsum
3559 4389 3651 4444 illa

2081 4469 2236 4522 nobis
2282 4471 2518 4523 ostendit
2549 4472 2775 4542 mystice
2824 4486 2923 4540 pro
2980 4474 3137 4527 nobis
3197 4488 3437 4545 passum.
3496 4475 3653 4531 ideo-

2081 4574 2186 4627 que
2238 4578 2256 4611 ι
2292 4560 2643 4616 Advertamus
2678 4580 2697 4612 ι
2759 4563 2976 4627 clamat,
3031 4576 3089 4619 ut
3147 4581 3271 4641 nos.
3302 4567 3653 4624 intendamus

2085 4651 2398 4719 mysterium
2426 4666 2439 4715 ;
2474 4658 2526 4705 et
2557 4652 2744 4706 addit:
2774 4670 2792 4703 ι
2817 4651 3018 4707 Sancta
3049 4657 3253 4710 sanctis
3282 4676 3301 4708 ι
3333 4657 3653 4729 signiﬁcans

2084 4740 2227 4811 quod
2266 4741 2557 4796 cruciﬁxus
2599 4753 2682 4797 cst
2720 4753 2942 4798 sanctus
2978 4754 3033 4799 et
3072 4745 3147 4799 illi
3190 4747 3279 4816 qui
3309 4758 3458 4819 sunt,
3482 4751 3655 4819 ipsius

2082 4834 2396 4902 participes,
2439 4834 2637 4887 debent
2664 4848 2787 4888 esse
2818 4836 3036 4901 sancti;
3078 4846 3132 4890 et
3173 4852 3360 4893 Omnes
3403 4838 3506 4893 ﬁde
3536 4842 3653 4895 cla-

2083 4934 2233 4979 mant
2260 4942 2275 4978 :
2304 4943 2323 4976 ι
2360 4925 2508 4982 Unus
2538 4936 2775 4989 sanctus,
2804 4942 2943 4981 unus
2975 4928 3263 4993 Dominus,
3308 4928 3467 4985 Iesus
3493 4930 3654 4985 Chri-

2082 5026 2221 5081 Stus,
2250 5035 2267 5067 ι
2294 5015 2691 5071 confessionem
2725 5019 2989 5083 dicentes,
3012 5034 3153 5088 quae,
3174 5022 3316 5075 sicut
3334 5023 3410 5075 ait
3430 5022 3653 5085 Paulus.

2079 5108 2181 5160 erit
2216 5108 2268 5159 in
2294 5108 2492 5160 s-.eculo
2530 5109 2715 5161 futuro
2754 5125 2768 5162 :
2808 5124 2903 5178 per
2944 5111 3088 5164 hunc
3124 5113 3268 5166 enim
3310 5113 3649 5183 unigenitum

2080 5196 2275 5251 Filium
2310 5198 2649 5251 incarnatum
2698 5208 2752 5252 et
2803 5200 3124 5255 cruciﬁxum
3177 5203 3499 5258 sanctilicati
3558 5220 3653 5259 suo

2082 5305 2226 5353 mus,
2258 5298 2312 5343 et
2339 5305 2365 5340 τι
2398 5295 2571 5342 morte
2599 5304 2789 5345 sumus
2814 5292 3045 5355 liberati,
3077 5293 3651 5365 immortalitatemque

2080 5382 2460 5442 obtinuimus;
2498 5392 2554 5435 et
2587 5382 2675 5435 ille
2704 5392 2834 5436 tunc
2884 5383 3041 5437 nobis
3072 5387 3177 5437 erit
3228 5386 3469 5456 jucunda
3512 5389 3651 5442 visio

2087 5488 2295 5529 necnon
2322 5471 2529 5526 fruitio.
2566 5471 2698 5525 Nam
2733 5478 2928 5527 mortui
2956 5476 3175 5543 quidem
3209 5477 3432 5539 fuimus.
3470 5493 3653 5547 aequa-

2086 5564 2291 5617 litatem
2329 5579 2449 5617 cuin
2499 5563 2607 5617 Deo
2645 5565 3034 5634 subripieutcs,
3072 5578 3128 5621 et
3163 5580 3359 5637 praeter
3390 5580 3651 5640 opportu-

2087 5660 2310 5712 nitatem
2367 5658 2704 5713 immortales
2756 5670 2809 5713 et
2862 5661 2936 5715 dii
2991 5663 3104 5715 ﬁeri
3144 5672 3491 5732 quaerentes;
3545 5665 3656 5718 nati

2086 5764 2213 5801 vero
2248 5762 2439 5802 sumus
2488 5763 2652 5815 nunc,
2685 5758 2847 5817 atque
2898 5752 3239 5805 surreximus
3291 5767 3354 5805 ac
3406 5752 3657 5817 vivimus,

2085 5849 2137 5894 ct
2176 5840 2264 5893 Dei
2298 5841 2590 5907 gratiarum
2626 5856 2816 5896 sumus
2859 5844 3172 5912 partit-ipes,
3202 5852 3459 5909 Lmquam
3513 5860 3614 5900 eou
3638 5876 3656 5885 -

2089 5933 2273 5989 trariis
2311 5934 2699 6001 traugressioui
2732 5952 2875 5991 nunc
2915 5936 3091 5994 factis.
3117 5952 3239 5988 cum
3272 5936 3412 5989 licus
3439 5938 3661 5992 immur—

3214 6024 3281 6087 lu
