4468 6784
791 539 893 601 3H

1647 534 1944 595 SYMEON
1962 536 2026 594 IS
2069 534 2815 597 THESSALONICENSIS
2871 532 3068 593 ARCH
3083 531 3221 591 IEP.

3932 520 4031 579 3!2

788 668 892 704 non
929 650 1213 717 insignitos
1246 650 1490 721 expellit.
1517 649 1647 703 Nam
1682 664 1805 702 cum
1839 648 1995 703 debet
2028 665 2359 706 c0usecrare
2389 658 2431 710 Α
2466 668 2552 718 σφι

2265 658 2431 710 areA
2466 652 2740 719 σφραγῖδα
2792 652 2943 719 ἱερὰν
2997 650 3241 717 ἔχοντας.
3308 641 3526 711 Ἐπειδὴ
3582 640 3689 707 γὰρ
3745 635 4029 701 καθ-εροῦν

783 743 1027 807 domum,
1059 750 1410 795 consecratos
1475 740 1638 793 etiam
1674 740 1995 794 sacerdotali
2046 743 2359 797 charactere

782 840 1013 887 cunctos
1074 839 1286 899 oportet
1344 832 1535 885 adesse
1584 831 2005 901 ministrar‘eque
2060 832 2357 886 secundum

789 921 1216 989 uniuscujusque
1256 928 1483 983 statum,
1526 937 1632 974 non
1692 932 1870 975 autem
1907 938 1971 977 ex
2004 913 2191 977 ordine
2219 922 2357 977 laico

782 1028 1107 1081 quemquam
1154 1032 1167 1065 ι
1200 1013 1349 1067 intus
1384 1012 1527 1065 enim
1562 1014 1653 1083 qui
1686 1015 1977 1080 reperitur,
2015 1028 2171 1067 sacer
2199 1015 2357 1069 debet

781 1120 901 1159 esse
929 1106 1193 1168 minister,
1230 1105 1370 1159 sicut
1399 1113 1454 1159 et
1482 1120 1636 1159 sacra
1671 1106 1863 1159 domus
1902 1113 1983 1158 est
2012 1121 2131 1173 qua:
2153 1108 2357 1161 sancti-

784 1198 996 1250 licatur.
1036 1196 1263 1266 Propter
1290 1196 1394 1251 hoc
1431 1197 1597 1265 igitur
1629 1197 1917 1264 exiguntur
1971 1196 2116 1260 laici,
2180 1199 2355 1252 donec

782 1295 1163 1341 consecratum
1195 1288 1267 1342 sit
1307 1289 1593 1357 templum,
1628 1297 1881 1354 tanquam
1916 1287 1979 1340 ad
2042 1289 2212 1344 altare
2248 1304 2352 1343 non

783 1379 1137 1448 pertinentes.

1380 1467 1606 1523 CAPUT
1662 1473 1774 1527 CV.

1188 1562 1359 1626 Quare
1388 1571 1527 1615 mota
1557 1574 1920 1631 exportantur.

858 1651 1105 1721 Exigitur
1142 1661 1324 1705 autem
1350 1653 1515 1706 etiam
1544 1669 1575 1707 e
1610 1655 1805 1721 templo
1834 1658 2198 1724 quodcunque
2232 1670 2351 1709 mo-

783 1745 908 1807 bile,
940 1743 1195 1814 quoniam
1234 1744 1595 1813 quodcunque
1643 1746 1842 1799 mobile
1892 1754 2131 1799 mutatur
2160 1746 2228 1799 ab
2258 1745 2352 1798 ali-

784 1844 891 1898 quo
920 1844 1131 1884 necnon
1170 1828 1520 1896 transfertur,
1588 1831 1763 1901 ipsum
1839 1848 1965 1886 vero
2024 1834 2181 1888 debet
2229 1848 2355 1888 esse

782 1930 928 1976 recte
953 1922 1213 1991 positum,
1244 1936 1343 1975 nec
1367 1936 1605 1990 unquam
1665 1922 1719 1975 in
1782 1922 1868 1977 his
1933 1938 2054 1991 qua:
2106 1924 2351 1977 continet

784 2014 969 2067 subire
996 2016 1371 2070 mutationem.
1400 2000 1529 2069 Iden
1560 2030 1729 2069 sacrze
1785 2014 2055 2085 imagines
2113 2031 2355 2085 vasaque

786 2120 940 2159 sacra
968 2115 1021 2160 et
1046 2107 1251 2175 reliqua
1287 2122 1408 2177 qua:
1438 2107 1561 2161 loco
1600 2107 1861 2161 dimoveri
1900 2115 2151 2176 possunt,
2208 2108 2355 2162 foras

785 2197 1097 2266 exiguntur,
1153 2208 1301 2251 utea
1358 2213 1476 2267 quae
1543 2209 1789 2253 constant
1831 2206 1884 2250 et
1936 2212 2038 2251 non
2094 2202 2355 2253 movenda

786 2296 917 2341 sunt
955 2289 1007 2341 in
1044 2289 1163 2357 ipso
1196 2289 1630 2343 sanctiticentur.
1670 2286 1733 2340 Et
1780 2287 1857 2342 sic
1885 2286 2068 2356 janua:
2098 2288 2357 2343 claudun-

788 2389 900 2431 tur.
932 2376 1138 2433 leuiii
1169 2380 1316 2432 enim
1342 2380 1450 2446 jam
1485 2377 1547 2431 tit
1579 2377 1855 2446 sanctique
1888 2378 2125 2447 Spiritus
2191 2379 2357 2433 adve-

788 2469 865 2521 nit
896 2468 1156 2537 potentia.
1189 2467 1316 2522 ideo
1345 2470 1493 2522 solus
1541 2468 1632 2536 qui
1664 2468 1729 2523 de
1756 2469 1898 2523 caalo
1956 2479 2101 2535 sunt,
2167 2469 2218 2523 id
2250 2480 2354 2536 est,

788 2568 1137 2613 censeeratos
1163 2568 1374 2628 oportet
1399 2557 1607 2619 adesse.
1632 2572 1730 2613 uec
1759 2559 1924 2613 ullum
1953 2560 2117 2614 alium
2142 2562 2309 2615 videri
2343 2578 2359 2618 :

788 2660 975 2706 sancta
1002 2666 1237 2721 namque
1261 2652 1468 2707 sanctis
1503 2661 1932 2720 consecrataque
1966 2653 2164 2717 sacris,
2189 2654 2362 2707 donec

791 2742 1059 2812 completa
1094 2744 1247 2807 sint;
1307 2754 1363 2795 et
1392 2753 1521 2796 tunc
1582 2759 1673 2812 per
1708 2743 2183 2813 participationem
2239 2744 2361 2797 aliis

793 2832 955 2886 etiam
987 2832 1402 2900 permittuntur,
1473 2848 1581 2886 non
1641 2840 1819 2886 tamen
1878 2833 2209 2893 immediate,
2266 2832 2360 2886 sed

792 2939 886 2989 per
921 2924 1197 2992 complura
1238 2924 1429 2976 aulaea.
1463 2921 1829 2992 lngredientes
1857 2925 2000 2977 enim
2035 2936 2219 2995 postea
2245 2938 2363 2978 om-

793 3031 890 3069 nes
921 3014 1042 3069 laici
1100 3014 1306 3077 ﬁdeles,
1362 3022 1415 3067 et
1461 3028 1583 3067 cum
1632 3016 1764 3081 ipsis
1806 3018 2147 3081 pmnitentes,
2195 3032 2363 3070 unus-

796 3105 1027 3173 quisque
1095 3106 1374 3174 proprium
1408 3112 1639 3172 occupat
1668 3105 1865 3157 locum.
1896 3106 2145 3159 Attamen
2174 3119 2364 3160 omnes

792 3205 946 3249 extra
974 3196 1348 3249 sanctuarium
1376 3206 1681 3250 remanent.
1736 3194 1950 3251 Clansis
1992 3197 2173 3265 itaque
2233 3211 2359 3264 pro-

2466 744 2651 811 μέλλει
2683 742 2773 794 τὸν
2813 739 2981 801 οἷκον,
3029 741 3120 792 καὶ
3157 736 3600 806 καθιερωμένους
3636 734 3699 801 τῇ
3743 730 3838 797 τῆς
3874 730 4030 794 ἱερω-

2464 834 2633 901 σύνης
2666 832 2923 900 σφραγῖδι
2962 833 3169 892 πάντας
3193 828 3396 896 ὀφείλει
3428 827 3681 893 παρεῖναι
3708 821 3802 874 καὶ
3834 821 4032 885 ὑπηρε-

2459 928 2574 977 τεῖν
2606 923 2886 989 ἀναλόγως
2920 919 3173 983 ἕκαστον,
3207 921 3303 971 καὶ
3341 919 3412 985 μή
3445 934 3567 967 τινα
3604 916 3711 967 τῶν
3744 914 3799 964 ὲν
3831 912 4033 970 λαῖκοίς

2460 1013 2834 1081 τεταγμένων,
2872 1011 3080 1079 ,ἐπειδὴ
3118 1026 3226 1078 περ
3258 1010 3286 1060 6
3316 1006 3561 1075 εὑρεθεὶς
3596 1006 3742 1065 ἐντὸς
3773 998 3911 1055 εἶναι
3944 1002 4031 1054 καὶ

2464 1105 2610 1175 ίερδς
2648 1104 2925 1173 ὑπηρέτης
2956 1102 3159 1171 ὀφείλει
3195 1096 3355 1159 εἶναι,
3386 1096 3459 1157 ὡς
3504 1096 3595 1147 καὶ
3655 1094 3798 1163 ἱερὸς
3834 1090 3981 1154 οἶκος
4008 1092 4033 1141 6

2460 1196 2962 1264 καθαγιαζόμενοςσ
3016 1193 3302 1259 ἐξάγονται
3377 1190 3557 1240 τοίνυν
3611 1186 3658 1237 οί
3717 1185 3898 1237 λαῖκοὶ
3949 1183 4033 1233 διὰ

2460 1284 2642 1349 τοῦτο,
2674 1284 2830 1353 ἄχρις
2880 1282 3035 1351 117
3068 1282 3132 1334 ἀν
3164 1279 3398 1349 ἀγιασθῇ
3448 1279 3475 1330 6
3504 1276 3649 1340 ναὸς,
3686 1275 3760 1335 ὡς
3808 1273 3903 1326 καὶ
3942 1272 4032 1325 τοῦ

2462 1376 2857 1444 Θυσιαστηρίου
2888 1374 3044 1435 ὄντες
3071 1374 3250 1434 ἐκτός.

3050 1463 3300 1517 ΚΕΦΑΛ.
3328 1462 3445 1516 PE'.

2746 1558 2909 1610 Διατί
2954 1554 3275 1623 ἐξάγονται
3312 1555 3380 1607 τὰ
3416 1554 3758 1621 κινούμενα.

2544 1648 2828 1715 Ἐξάγεται
2855 1646 2908 1699 δὲ
2938 1649 3029 1699 καὶ
3058 1648 3167 1698 πᾶν
3196 1644 3515 1713 κινούμενον
3535 1644 3626 1696 τοῦ
3651 1642 3804 1704 ναοῦ,
3827 1642 3906 1695 ὅτι
3932 1640 4034 1691 πᾶν

2458 1740 2773 1809 κινούμενον
2818 1739 2921 1790 ὑπό
2963 1754 3107 1800 τινος
3156 1736 3469 1805 μεταϐαίνει
3514 1736 3609 1787 καὶ
3662 1732 4031 1803 μετατίθεται.

2462 1832 2632 1890 Αὐτὸς
2669 1831 2724 1884 δὲ
2776 1829 2981 1896 ὀφείλει
3013 1828 3200 1897 ἄρτιος
3234 1825 3391 1892 εἶναι,
3429 1828 3524 1879 καὶ
3556 1826 3825 1895 μηδέποτε
3872 1839 4035 1892 μετα-

2462 1921 2753 1992 κινηθῆναι
2797 1922 2907 1973 τῶν
2946 1922 3003 1972 ὲν
3037 1919 3204 1989 αὐτῷ.
3251 1920 3342 1972 Διὸ
3378 1920 3472 1970 καὶ
3500 1918 3707 1979 είκόνες
3740 1916 3911 1981 ἅγιαι,
3944 1915 4033 1966 καὶ

2461 2012 2631 2082 σκεύη
2668 2013 2810 2081 ἱερὰ,
2852 2012 2947 2065 καὶ
2974 2012 3135 2064 λοιπά
3164 2008 3350 2079 χώραν
3393 2009 3583 2076 ἔχοντα
3632 2004 4030 2074 μετατίθεσθαι,

2460 2106 2741 2173 ἐξάγονται
2776 2104 2898 2169 ἔξω,
2934 2106 3023 2157 ἵνα
3054 2105 3120 2155 τὰ
3149 2102 3359 2155 ἑστῶτα
3387 2101 3480 2153 καὶ
3514 2100 3775 2168 μέλλοντα
3807 2098 4032 2165 ἀκίνητα

2459 2196 2599 2250 εἶναι
2656 2201 2713 2249 ὲν
2766 2197 2915 2265 αὑτῴ
2970 2197 3337 2263 καθαγιασοῇ.
3391 2194 3500 2245 Καὶ
3550 2191 3723 2250 οὕτως
3779 2191 3831 2241 αἱ
3871 2188 4031 2239 πύλαι

2462 2292 2749 2344 κλείονται.
2790 2289 3031 2357 Οὐρανὸς
3074 2288 3181 2358 γὰρ
3214 2287 3424 2352 γίνεται
3477 2286 3600 2354 ἤδη,
3637 2285 3733 2337 καὶ
3780 2280 4029 2349 [Ινεύμα-

2459 2400 2548 2445 τος
2584 2382 2743 2448 ἁγίου
2798 2380 3051 2446 ἐπιφοιτᾷ
3087 2377 3337 2447 δύναμις.
3375 2374 3466 2427 Διὸ
3511 2374 3616 2443 χρὴ
3673 2372 3869 2441 μόνους
3910 2369 4031 2429 τοὺς

2461 2472 2556 2525 τοῦ
2592 2468 2824 2540 οὐρανοῦ
2852 2463 3011 2532 εἶναι,
3039 2468 3165 2529 τοὺς
3200 2466 3529 2535 ίερωμένους
3559 2462 3781 2531 δηλαδὴ,
3807 2461 3900 2514 καὶ
3935 2476 4035 2527 μη-

2464 2567 2587 2616 δένα
2620 2563 2778 2615 ἄλλον
2823 2562 2975 2630 ὀρᾷν.
3026 2560 3107 2611 Τά
3144 2560 3252 2626 γὰρ
3306 2558 3432 2623 ᾶγια
3463 2558 3574 2617 τοῖς
3610 2556 3806 2621 ἁγίοις,
3845 2553 3938 2605 καὶ
3968 2552 4031 2602 τὰ

2462 2654 2811 2725 ἀφιερωμὲνα
2865 2655 2978 2713 τοῖς
3032 2652 3219 2719 ἱεροῖς,
3261 2650 3366 2710 ἕως
3422 2648 3738 2710 τελεσθῶσι,
3774 2648 3867 2698 καὶ
3915 2644 4031 2696 τότε

2463 2747 2603 2799 κατά
2638 2743 2871 2812 μετοχὴν
2916 2742 3009 2795 καὶ
3038 2744 3147 2803 τοῖς
3180 2740 3361 2801 ἄλλοις
3397 2739 3694 2806 παρέχεται
3722 2753 3732 2765 ·
3769 2735 3906 2803 πλὴν
3936 2736 4033 2802 ἑμ-

2466 2838 2669 2906 μέσως,
2702 2836 2794 2886 καὶ
2828 2834 2926 2885 οὐκ
2958 2831 3204 2900 ἀμέσως,
3245 2830 3340 2882 καὶ
3380 2830 3465 2880 διὰ
3519 2826 4036 2895 παραπετασμάτων

2463 2928 2646 2980 τινῶν.
2676 2925 3063 2994 Εἰσερχόμενοι
3098 2923 3205 2991 γὰρ
3234 2922 3370 2989 μετὰ
3402 2921 3569 2973 ταῦτα
3605 2921 3653 2970 υἱ
3685 2919 3867 2969 itaiin
3902 2917 4037 2968 πάν-

2465 3040 2555 3085 τες
2584 3022 2788 3085 πιστοὶ,
2816 3022 2909 3071 καὶ
2940 3018 3034 3070 σὺν
3070 3018 3254 3080 αὐτοῖς
3284 3017 3331 3068 οί
3361 3012 3773 3085 μετανοοῦντες,
3809 3012 4035 3069 ἕκαστος

2466 3118 2554 3168 τὸν
2616 3116 2817 3166 οἰκεῖον
2878 3111 3141 3180 λαμϐάνει
3223 3110 3409 3161 τόπον.
3465 3108 3655 3175 Ὅμως
3726 3106 3782 3157 δὲ
3841 3103 4035 3163 πάντες

2467 3206 2623 3267 ἐκτός
2663 3207 2768 3257 εἰσι
2817 3203 2911 3255 τοῦ
2958 3201 3106 3268 ἱεροῦ
3158 3202 3422 3270 βήματος.
3467 3199 3810 3266 κλειομένων
3862 3197 4036 3248 τοίνυν

744 3265 765 3295 ⁸
796 3297 980 3353 ptcrea
1007 3286 1217 3354 jauuis,
1260 3287 1423 3341 Deum
1463 3287 1735 3341 benetlicit
1798 3287 2040 3357 pontifex
2071 3304 2086 3353 ;
2129 3297 2183 3341 et
2218 3287 2359 3341 facta
2390 3319 2433 3376 ο
2468 3315 2508 3350 τ.

2247 3298 2359 3341 acta
2390 3319 2433 3376 ο
2468 3298 2575 3350 τῶν
2631 3295 2811 3364 Θυρῶν
2859 3294 2945 3345 διὰ
2990 3291 3184 3352 ταῦτα,
3218 3292 3429 3356 εὐλογεῖ
3487 3290 3578 3340 τὸν
3619 3288 3750 3340 Θεὸν
3795 3289 3822 3339 6
3858 3288 4011 3354 ἀρχιε

794 3377 1027 3445 'l‘risagii
1045 3378 1353 3447 precatione
1376 3393 1585 3431 necnon
1603 3379 1847 3432 oratione
1871 3398 1888 3429 ι
1914 3378 2076 3433 Pater
2104 3390 2307 3443 noster,
2336 3397 2353 3429 ι

796 3472 920 3532 post
968 3467 1341 3519 recitationem
1376 3474 1429 3519 et
1451 3465 1926 3534 gloriﬁcationem,
1990 3470 2138 3523 addit
2186 3472 2365 3539 ponti-

801 3558 887 3610 t’ex
915 3556 1220 3611 orationem
1265 3575 1278 3611 :
1320 3576 1337 3609 ι
1375 3557 1604 3612 Domine
1633 3556 1776 3612 Deus
1813 3567 2019 3620 noster,
2050 3559 2141 3627 qui
2169 3570 2361 3614 cuncta

799 3642 1005 3705 facis,»
1047 3642 1225 3712 ipsum
1253 3642 1423 3697 Dium
1476 3660 1711 3699 exorans
1773 3654 1833 3699 ut
1892 3646 1983 3699 ﬁat
2033 3648 2363 3717 principium

799 3733 1002 3801 operis,
1027 3742 1081 3787 et
1107 3734 1213 3803 ipsi
1244 3732 1378 3788 {erat
1411 3736 1742 3804 prmsidium.

1356 3913 1583 3969 CAPUT
1645 3915 1776 3969 CVI.

939 4004 1113 4069 Quare
1146 4008 1483 4059 ceromasticc
1513 4015 1563 4059 et
1590 4014 1828 4060 aromata
1864 4007 2198 4062 adhibentur.

867 4094 931 4148 Et
960 4106 1240 4166 assumpto
1270 4110 1415 4163 vase,
1449 4097 1536 4151 ubi
1580 4105 1662 4151 est
1708 4100 2060 4153 ceromastice
2106 4116 2211 4154 una
2244 4116 2367 4155 cum

797 4187 1154 4253 aromatibus,
1201 4189 1380 4256 qualia
1435 4189 1672 4254 myrrha,
1721 4189 1837 4243 aloe
1866 4198 1920 4243 et
1977 4200 2191 4256 caetera,
2248 4207 2369 4261 qua!

800 4288 990 4332 Cuncta
1025 4279 1356 4346 sepulturam
1385 4280 1683 4333 Saluatoris
1710 4282 1992 4350 ﬁgurant“
2026 4284 2283 4351 quoniam
2319 4293 2372 4337 et

802 4371 1109 4439 sepulcrum
1141 4382 1668 4440 monumentumque
1721 4386 1874 4425 sacra
1928 4387 2115 4427 mensa
2153 4374 2369 4444 ﬁgurat,

799 4463 944 4515 sicut
972 4471 1026 4516 et
1059 4477 1183 4516 cera
1243 4472 1403 4531 atque
1437 4464 1701 4517 mastiche
1756 4472 2012 4533 tauquam
2049 4463 2371 4533 glutinantia

804 4560 1030 4621 propter
1059 4553 1440 4607 necessitatem
1481 4552 1808 4606 adhibentur
1839 4563 1892 4607 et
1926 4564 2184 4623 tanquam
2236 4570 2372 4609 con-

2467 3388 2613 3460 pati;.
2647 3389 2755 3439 Καὶ
2792 3384 3105 3456 προσευχῆς
3150 3384 3443 3451 γινομένης
3472 3381 3565 3433 τοῦ
3595 3379 3920 3449 Τρισαγίου,
3949 3380 4037 3429 καὶ

2465 3483 2580 3547 τοῦ,
2635 3481 2823 3549 Πάτερ
2873 3479 3063 3548 ἡμῶν,
3100 3477 3237 3547 μετά
3290 3476 3349 3529 τὸ
3388 3475 3704 3543 ὲκφωνῆσαι
3750 3476 3841 3525 καὶ
3887 3473 4036 3535 δοξά-

2468 3591 2579 3636 σαι,
2629 3574 2795 3640 εὐχὴν
2837 3572 3077 3637 ἐπιλέγει
3133 3571 3161 3621 6
3208 3567 3517 3636 ἀρχιερεὺς,
3563 3582 3581 3615 ι
3622 3566 3793 3630 Κύριε
3848 3565 3876 3616 6
3909 3562 4037 3622 Θεὸς

2466 3661 2625 3729 ἡμῶν
2652 3663 2679 3712 ὁ
2712 3662 2888 3713 πάντα
2919 3660 3119 3712 ποιῶν·
3162 3676 3179 3709 s
3222 3656 3475 3725 δεόμενος
3532 3656 3697 3707 αὑτὸν
3764 3654 3854 3705 τὸν
3900 3651 4030 3704 Θεθιν

2464 3751 2718 3820 γενέσθαι
2785 3751 2961 3820 ἀρχὴν
3030 3749 3123 3802 τοῦ
3184 3748 3344 3816 ἔργου
3408 3747 3498 3799 καὶ
3563 3742 4037 3798 συναντιλαβέσθαι

2468 3843 2637 3913 αὐτῷ.

2996 3961 2998 3963 >
3046 3932 3297 3985 ΚΕΦΑΛ.
3334 3930 3469 3998 Ρςκ

2672 4024 2833 4078 Διατί
2860 4027 3287 4092 κηρωμαστίχη
3318 4038 3381 4075 τε
3412 4022 3509 4076 καὶ
3538 4021 3834 4089 ἀρώματα.

2540 4116 2651 4169 Καὶ
2688 4114 2978 4182 λαόόμενος
3025 4112 3117 4163 τοῦ
3152 4113 3391 4179 ἀγγείου,
3424 4111 3549 4163 ἔνθα
3581 4115 3612 4180 ἡ
3646 4114 4037 4181 κηρωμαστίχη

2474 4209 2612 4277 μετά
2666 4205 2775 4257 τῶν
2831 4204 3140 4271 ἀρωμάτων
3185 4205 3355 4265 ἐστὶν,
3401 4198 3513 4254 οἷον
3562 4203 3807 4271 σμύρνης
3849 4218 3907 4252 τε
3948 4203 4038 4253 καὶ

2474 4299 2659 4365 ἀλώης
2690 4296 2783 4349 καὶ
2816 4295 2921 4347 τῶν
2955 4294 3179 4358 λοιπῶν,
3211 4294 3246 4346 ἀ
3278 4295 3453 4347 πάντα
3484 4293 3581 4361 τὴν
3616 4295 3792 4360 ταφὴν
3842 4293 4037 4344 εἰκονί-

2472 4388 2625 4450 ζουσι
2664 4385 2759 4439 τοῦ
2795 4384 3065 4454 Σωτῆρος,
3095 4384 3176 4435 ὅτι
3207 4385 3298 4435 καὶ
3326 4385 3418 4434 τὸν
3439 4378 3607 4449 τάιρον
3636 4384 3729 4436 καὶ
3759 4385 3819 4435 τὸ
3852 4385 4036 4451 μνῆμα

2472 4480 2506 4545 ή
2533 4478 2654 4547 ίερά
2691 4477 2943 4539 είκονίζει
2974 4474 3242 4544 τράπεζα,
3274 4475 3346 4536 ὡς
3381 4474 3473 4527 καὶ
3500 4476 3527 4526 6
3551 4475 3717 4544 κηρὸς
3750 4476 3901 4544 καὶὴ
3938 4491 4038 4542 μα-

2480 4570 2636 4637 στίχη
2670 4569 2765 4620 καὶ
2792 4568 2865 4630 ὡς
2902 4566 3192 4634 κολλητικὰ
3240 4566 3327 4617 διὰ
3379 4566 3476 4633 τὴν
3507 4566 3695 4634 χρείαν
3738 4568 4035 4632 είσάγεται,

803 4644 1045 4713 junctiva
1070 4646 1523 4712 connectivaque,
1584 4652 1801 4712 propter
1844 4642 2047 4699 Christi
2102 4660 2275 4713 usque
2304 4646 2369 4700 ad
2403 4654 2447 4709 ι)
2480 4660 2567 4712 καὶ

2272 4670 2275 4694 ί
2304 4646 2369 4700 ad
2403 4654 2447 4709 ι)
2480 4660 2574 4712 καὶ
2608 4659 2681 4721 ὡς
2706 4656 2943 4711 ἑνωτικά
2969 4657 3023 4709 δὲ
3052 4658 3145 4709 καὶ
3172 4655 3480 4717 συνδέοντα,
3510 4655 3597 4708 διὰ
3631 4658 3729 4726 τὴν
3767 4656 3861 4709 τοῦ
3903 4658 4036 4725 Χρι-

817 4742 1043 4787 mortem
1069 4748 1198 4802 erga
1258 4746 1359 4785 nos
1412 4731 1758 4785 dilectionem
1811 4740 1864 4783 ct
1921 4732 2199 4795 unionem,
2252 4733 2366 4787 haec

801 4823 1041 4877 infundit
1067 4825 1117 4877 in
1144 4824 1461 4891 ,columnas,
1516 4822 1602 4875 vel
1664 4822 1993 4885 columnam,
2051 4824 2133 4878 vel
2193 4825 2363 4878 basim

804 4916 1040 4984 propriis
1078 4915 1352 4978 manibus,
1385 4913 1478 4968 Dei
1522 4912 1833 4982 signiﬁcans
1880 4928 2041 4982 Opus,
2069 4914 2275 4968 addens
2308 4926 2367 4969 ut

807 5009 860 5058 in
894 5007 1218 5076 baptismate
1242 5006 1562 5072 cazterisque
1586 5004 1963 5067 sacramentis,
1996 5022 2015 5055 ι
2057 5002 2114 5056 1η
2148 5007 2367 5060 nomine

805 5095 1000 5158 l‘atris,
1050 5106 1105 5149 et
1144 5094 1370 5157 Filii,et
1422 5094 1660 5162 Spiritus
1707 5096 1921 5159 sancti;
1957 5113 1975 5146 ι
2035 5096 2363 5164 principium

802 5190 947 5242 enim
988 5197 1041 5243 et
1075 5190 1198 5243 tiuis
1231 5199 1316 5244 est
1336 5189 1515 5244 omnis
1565 5189 1687 5241 boni
1740 5187 1997 5243 Trinitas.
2062 5190 2121 5243 Et
2184 5206 2213 5245 a
2263 5192 2366 5244 mi-

804 5278 996 5333 nistris
1044 5279 1221 5333 infusa
1264 5278 1495 5348 plurima
1555 5280 1913 5333 ceromastice
1978 5272 2385 5350 paululumque.

804 5366 1143 5435 relrigcrata,
1207 5377 1455 5421 cantores
1509 5368 1726 5436 quidem
1798 5378 1998 5421 canunt
2033 5374 2297 5438 psalmum
2348 5392 2361 5426 :

807 5476 824 5507 ι
858 5457 1117 5510 Exaltabo
1146 5466 1219 5521 te,
1240 5457 1377 5511 Deus
1407 5474 1619 5524 meusp
1650 5467 1701 5513 et
1723 5459 1863 5512 hunc
1893 5478 1936 5511 ιι
1978 5462 2231 5517 Dominus
2270 5480 2364 5533 pa-

806 5552 911 5605 scit
934 5565 1037 5615 me,
1072 5570 1090 5603 ι
1131 5553 1183 5603 in
1219 5551 1443 5619 gloriam
1474 5552 1587 5604 Dei.
1609 5550 1855 5605 Pontifex
1884 5563 2061 5606 autem
2094 5557 2364 5611 auxilian-

812 5644 956 5695 tibus
982 5644 1082 5696 sibi
1116 5643 1478 5711 przesentihus
1533 5644 1800 5712 episc0pis
1823 5655 1875 5699 et
1906 5649 2286 5703 sacerdotibus
2313 5661 2365 5704 et

804 5734 1039 5796 caeteris,
1105 5735 1273 5786 sumit
1328 5748 1567 5787 mensam
1645 5746 1697 5787 et
1747 5753 1907 5805 super
1969 5739 2126 5793 bases
2180 5741 2361 5807 ponit,

808 5829 1031 5879 ﬁrmans
1063 5840 1180 5877 eam
1212 5835 1373 5893 atque
1396 5826 1698 5882 stabilieus.
1736 5828 1796 5879 La
1849 5841 2031 5898 postea
2095 5832 2366 5886 benedicit

809 5917 997 5970 Deum.
1025 5915 1247 5986 Oportet
1275 5918 1419 5972 enim
1456 5919 1602 5972 illum
1638 5919 1958 5976 benedicere
1994 5938 2154 5991 super
2187 5926 2360 5979 omni-

2470 4748 2596 4802 στοῦ
2646 4749 2774 4817 ἄχρι
2805 4748 2897 4801 καὶ
2928 4746 3157 4800 Θανάτου
3190 4746 3326 4817 πρὸς
3352 4747 3498 4813 ἡμᾶς
3533 4747 3755 4816 ἀγάπην
3784 4748 3874 4798 καὶ
3904 4748 4037 4798 ἑνω-

2471 4854 2576 4900 σιν,
2607 4838 2787 4906 ὲκχὲει
2816 4836 2987 4888 ταῦτα
3016 4838 3125 4897 τοῖς
3151 4834 3346 4896 κίοσιν,
3372 4836 3405 4901 ἢ
3431 4834 3507 4903 τῷ
3533 4837 3694 4899 κίονι,
3716 4837 3747 4905 ἢ
3771 4836 3846 4905 τῷ
3872 4836 4036 4905 βωμῷ

2469 4928 2701 4987 οἰκείαις
2732 4928 2911 4994 χερσὶ,
2943 4926 3004 4977 τὸ
3053 4925 3214 4993 ἔργον
3249 4925 3424 4993 δηλῶν
3461 4925 3554 4978 τοῦ
3587 4926 3745 4989 Θεοῦ,
3771 4928 4035 4995 ἐπιλέγων

2468 5018 2541 5072 ὡς
2578 5018 2671 5071 ἐπὶ
2722 5017 2814 5069 τοῦ
2870 5016 3246 5085 βαπτίσματος
3295 5017 3387 5068 καὶ
3434 5016 3539 5067 τῶν
3571 5017 3745 5068 ἄλλων
3783 5018 4031 5081 τελετῶν,

2476 5127 2493 5155 ι
2536 5109 2626 5170 εἰς
2659 5108 2718 5160 τὸ
2765 5108 2937 5175 ὄνομα
2984 5106 3074 5157 τοῦ
3119 5106 3350 5175 ΙΙατρὸς,
3377 5107 3466 5157 καὶ
3502 5108 3594 5158 τοῦ
3624 5106 3775 5173 Υίοῦ,
3818 5107 4031 5160 καὶτοῦ

2470 5199 2623 5265 ἁγίου
2683 5197 3017 5264 Πνεύματος.
3058 5213 3075 5246 ι
3136 5196 3303 5265 Ἀρχὴ
3355 5197 3463 5262 γὰρ
3508 5197 3601 5248 καὶ
3641 5198 3790 5259 τέλος
3833 5200 4032 5260 παντὸς

2469 5290 2675 5355 ἀγαθοῦ
2712 5291 2744 5357 ἡ
2777 5289 2964 5356 Τριάς.
2999 5288 3109 5339 Καὶ
3141 5288 3243 5339 ὑπὸ
3270 5288 3375 5339 τῶν
3406 5288 3692 5355 ὑπηρετῶν
3723 5288 3821 5356 τῆς
3855 5290 4033 5341 πλείο-

2468 5396 2555 5440 νος
2578 5378 2906 5445 ἐκχεομένης
2927 5376 3368 5444 κηρωμαστίχης,
3389 5378 3478 5427 καὶ
3503 5378 3694 5446 μικρὸν
3711 5378 4032 5445 ψυχρανθείο

2471 5486 2589 5537 σης,
2616 5471 2662 5519 oi
2691 5468 2885 5536 ψάλται
2918 5468 3015 5535 μὲν
3040 5468 3299 5534 ψάλλουσι
3348 5468 3584 5536 ψαλμὸν,
3619 5470 3697 5534 τὸ,
3740 5489 3756 5520 ι
3804 5470 4029 5537 ’Υψὼσω

2470 5578 2552 5624 σε,
2580 5563 2607 5611 6
2645 5560 2775 5612 Θεός
2827 5576 2948 5627 μου,
2982 5577 2999 5609 ι
3040 5559 3229 5621 καὶτὸ,
3268 5577 3285 5609 ι
3329 5559 3525 5627 Κύριος
3566 5562 3835 5628 ποιμαίνει
3872 5579 3961 5625 με,
4004 5580 4021 5614 ι

2470 5655 2545 5714 είς
2578 5650 2884 5716 δοξολογίοιν
2923 5650 3079 5703 Θεοῦ.
3129 5648 3186 5702 Ὀ
3235 5653 3523 5720 ἀρχιερεὺς
3560 5653 3636 5714 δὲ,
3670 5654 4026 5722 συναντιλαμ-

2469 5742 2779 5808 ϐανομένων
2835 5740 2983 5806 αὐτῷ
3029 5744 3119 5792 καὶ
3152 5742 3259 5793 τῶν
3291 5745 3685 5810 συμπαρόντων
3719 5746 4028 5797 ἐπισκόπων

2468 5838 2562 5887 καὶ.
2597 5834 2785 5903 ἱερέων
2811 5835 2901 5885 καὶ
2930 5834 3151 5897 λοιπῶν,
3186 5835 3449 5902 λαμὸἀνει
3480 5837 3577 5905 τὴν
3602 5837 3895 5904 τράπεζαν,
3935 5840 4026 5889 καὶ

2469 5927 2680 5994 τίθησιν
2739 5924 2827 5974 ἐπὶ
2877 5925 2980 5975 τῶν
3021 5925 3233 5990 κιόνων,
3264 5925 3695 5994 ἀσφαλιζόμενος
3725 5926 3892 5995 αὐτὴν
3926 5927 4019 5979 καὶ
