4450 6730
343 532 451 615 32t

1610 539 1704 598 DE
1741 539 1979 599 SACRO
2016 540 2168 600 ΤΕΜ
2183 542 2338 602 PLO.

3499 549 3603 613 322

346 633 557 706 πάντας
592 644 819 706 πιστοὺς
852 642 1014 698 τοῦτο
1050 643 1257 709 nam;
1290 662 1477 715 φησιν,
1526 666 1544 699 t
1589 648 1777 715 Ὑμεῖς
1806 652 1926 703 ὲδστε
1958 662 2003 728 Α
2034 653 2100 705 ad

1843 668 1926 703 πε
1958 662 2003 728 Α
2034 653 2100 705 ad
2150 670 2339 709 omnes
2387 653 2573 711 ﬁdeles
2626 656 2726 711 hoc
2784 658 2911 713 ait:
2953 679 2970 711 ι
3035 662 3144 725 Vos
3199 664 3331 718 estis
3399 647 3600 735 corpus

344 738 505 807 σῶμα
547 732 783 805 Χριστοῦ
814 738 909 789 καὶ
939 737 1078 805 μέλη
1108 738 1173 789 lx
1204 738 1428 807 μέρους,
1477 740 1658 811 πολλῷ
1686 759 1749 809 γε
1784 746 1920 812 μᾶλ-

340 829 435 880 λον
469 826 626 896 σῶμα
678 826 917 895 Χριστοῦ
970 828 1065 882 καὶ
1103 828 1238 899 μέλη
1291 831 1507 886 ἔσονται
1554 837 1602 887 οἱ
1649 835 1789 908 ὑπὲρ
1824 839 1924 905 τῆς

341 920 503 986 δόξης
551 919 743 971 τούτου
790 919 1182 988 ἠγωνισμένοι,
1218 922 1313 975 καὶ
1357 922 1448 975 τὸν
1478 924 1708 979 θάνατον
1756 928 1923 981 αὑτοῦ

347 1010 743 1081 μιμησάμενοι.

434 1090 437 1095 λ
912 1124 1353 1185 KEtAA.tuzz

342 1216 507 1269 Διατι
533 1214 602 1270 ἐκ
650 1219 917 1273 παλαιοῦ
959 1221 1113 1344 ναὲῦ
1142 1226 1228 1288 εις
1257 1224 1364 1277 τὸν
1389 1225 1533 1279 νέον
1559 1227 1632 1281 τὰ
1659 1228 1925 1295 λείψανα

986 1310 1027 1344 ω
1063 1309 1285 1344 θοι-ται.

983 1309 1285 1359 φερονται.

415 1372 507 1428 Διὸ
535 1379 630 1430 καὶ
659 1381 800 1446 μετὰ
832 1385 1172 1453 προπομπῆς
1206 1384 1303 1437 καὶ
1334 1386 1700 1456 θυμιαμάτων
1728 1391 1924 1458 φώτων

344 1482 402 1516 τε
439 1467 534 1521 καὶ
569 1468 753 1537 ὓμνων
785 1473 849 1524 ὲκ
891 1474 1251 1545 παλαιοτέρου
1304 1483 1751 1549 προηγιασμένου
1794 1485 1923 1537 ναοῦ

344 1561 425 1621 είς
454 1561 548 1613 τὸν
596 1562 715 1617 νέον
746 1566 998 1632 ἄγονται,
1044 1569 1356 1634 δεικνύντος
1402 1573 1495 1626 τοῦ
1545 1573 1730 1641 ἔργου,
1766 1576 1847 1627 ὅτι
1876 1576 1925 1628 οἱ

348 1654 449 1719 μὲν
485 1654 632 1720 ἆγιοι
675 1656 763 1708 άεί
794 1660 898 1709 εἰσι
932 1660 1070 1727 μετὰ
1112 1662 1209 1714 τοῦ
1242 1663 1376 1715 Θεοῦ
1403 1680 1416 1693 ο
1448 1666 1688 1731 γίνονται
1740 1667 1798 1718 ὁὶ
1830 1668 1923 1720 καὶ

346 1745 472 1813 μεθ’
522 1741 702 1815 ἡμῶν,
753 1750 897 1803 καθὰ
943 1752 971 1803 6
1004 1752 1260 1822 Χριστός.
1316 1756 1427 1807 Καὶ
1474 1757 1925 1828 ἑγκαινιςομένης

344 1836 443 1904 τῆς
474 1838 639 1891 αὐτοῦ
687 1842 910 1910 χάριτος
956 1846 1015 1896 ἐν
1045 1848 1197 1915 ἡμῖν,
1235 1850 1328 1900 καὶ
1362 1848 1511 1902 οὗτοι
1546 1851 1642 1901 σὺν
1671 1854 1805 1920 ἡμῖν
1836 1854 1922 1920 γί-

348 1944 553 1983 νονται.
606 1932 717 1983 Καὶ
766 1934 957 2005 ὥσπερ
1012 1938 1151 1989 κατά
1196 1939 1449 2011 διαδοχὴν
1508 1945 1539 2010 ἠ
1589 1944 1747 2012 χάρις
1786 1946 1923 2013 πρὸς

2026 739 2229 797 Christi
2274 754 2329 798 et
2390 746 2633 799 membra
2671 748 2739 801 de
2802 752 3067 817 membro,
3132 770 3147 803 ι
3201 756 3370 809 multo
3421 758 3600 824 magis

2024 830 2225 887 Christi
2249 848 2446 904 corpus
2474 846 2635 890 erunt
2684 851 2740 893 et
2765 843 3031 908 membra,
3086 846 3174 913 qui
3228 857 3450 917 propter
3479 848 3599 917 ejus

2026 922 2249 992 gloriam
2271 937 2635 993 certaverunt,
2668 931 2950 1004 ipsiusque
2978 945 3205 990 mortem
3230 938 3428 994 inritati
3449 951 3597 1007 sunt.

2592 1130 2818 1185 CAPUT
2850 1134 2934 1187 CX
2951 1134 3058 1191 νη.

2028 1216 2136 1273 Cur
2178 1235 2241 1272 ex
2287 1222 2503 1289 antiquo
2531 1224 2719 1291 templo
2740 1225 2799 1278 'iu
2825 1243 3010 1280 novum
3036 1240 3313 1297 portentur
3340 1234 3595 1305 reliquias.

2098 1376 2221 1429 Ideo
2274 1394 2394 1432 cum
2452 1395 2669 1450 pompa,
2735 1385 3165 1451 tlturiﬁcatione,
3214 1388 3513 1446 luminibus
3544 1403 3600 1446 et

2029 1467 2245 1537 hymnis
2276 1471 2341 1523 ex
2367 1474 2672 1541 antiquiore
2724 1476 2926 1545 templo
2951 1479 3101 1545 prius
3159 1494 3482 1537 consecrato
3545 1484 3600 1537 iu

2033 1574 2230 1612 novum
2270 1573 2579 1629 portantur,
2612 1582 2773 1635 Opere
2816 1570 3179 1640 significante,
3209 1574 3353 1641 quod
3423 1578 3600 1629 sancti

2029 1650 2245 1717 quidem
2271 1669 2485 1722 semper
2512 1673 2633 1709 eum
2673 1657 2781 1711 Deo
2820 1662 3135 1723 suut,tﬁunt
3190 1675 3373 1718 autem
3435 1668 3598 1719 etiam

2030 1745 2338 1809 nobiscum,
2378 1748 2592 1801 sicutet
2630 1749 2922 1817 Christus;
2957 1762 3009 1806 et
3054 1752 3181 1807 cum
3220 1757 3513 1811 innovatur
3545 1759 3599 1812 in

2030 1837 2188 1891 nobis
2216 1839 2385 1905 ipsius
2434 1842 2631 1909 gratia,
2664 1844 2827 1898 simul
2867 1845 2957 1899 i3ti
2992 1848 3278 1902 uobiscqu
3343 1861 3490 1904 sunt.
3536 1852 3599 1906 Et

2029 1934 2491 1998 quemadmodum
2528 1950 2619 2001 per
2642 1938 2991 1994 t~aditiouem
3017 1942 3085 1992 ad
3117 1956 3213 1996 nos
3231 1944 3404 2013 gratia
3432 1946 3597 2007 venit,

345 2021 518 2089 ἡμᾶς.
550 2022 627 2085 ὡς
661 2027 769 2078 ἀπὸ
804 2028 898 2080 τοῦ
933 2028 1182 2098 Σωτῆρος
1211 2033 1298 2087 διὰ
1345 2010 1454 2086 τῶν
1483 2010 1797 2088 ἀποστόλων
1832 2010 1926 2089 ιιαὶ
1959 2010 1998 2064 Β
2031 2031 2102 2075 ι³¹

1840 2010 1926 2089 ,ραι
1959 2010 1998 2064 Β
2031 2031 2288 2090 tauquam
2324 2040 2353 2077 a
2391 2026 2676 2080 Salvatore
2711 2046 2805 2097 per
2849 2036 3130 2101 apostolos
3172 2047 3597 2092 etsuccessores

344 2114 457 2168 τῶν
486 2117 748 2187 διαδόχων
775 2120 939 2175 αὑτοῦ
972 2124 1131 2194 ἄχρις
1156 2127 1188 2191 ἡ
1199 2126 1317 2194 μῶν
1339 2126 1559 2197 ἔρχεται
1582 2129 1670 2182 διὰ
1693 2130 1791 2199 τῆς
1811 2146 1925 2197 χιι-

349 2210 618 2276 ροτονίας,
641 2211 786 2265 οὕτω
818 2215 907 2267 καὶ
928 2217 1016 2270 διὰ
1047 2217 1155 2270 τῶν
1180 2220 1412 2287 πρῶτων
1448 2222 1588 2273 ναῶν
1628 2222 1706 2284 είς
1737 2223 1927 2273 νεωτέ-

349 2313 475 2365 ρους
504 2302 663 2362 ναούς
686 2318 701 2333 ο
737 2304 813 2366 ὼς
842 2307 935 2357 καὶ
960 2307 1021 2359 τὸ
1065 2308 1234 2376 μύρον
1263 2311 1350 2363 διὰ
1378 2310 1472 2364 τοῦ
1515 2312 1689 2382 μύρου
1715 2315 1801 2366 διὰ
1828 2312 1922 2366 τοῦ

345 2392 713 2458 κεχρισμένου
736 2393 1121 2466 θυσιαστηρίου
1147 2399 1467 2469 τελούμενον
1488 2414 1501 2430 ο
1534 2402 1595 2454 ἐκ
1624 2401 1812 2453 τούτου
1842 2402 1919 2454 δι-

341 2478 694 2552 δασκομένων
716 2487 893 2555 ἡμῶν,
920 2489 996 2553 ὡς
1026 2492 1123 2560 οὐχ
1145 2494 1305 2561 ἡμεῖς
1323 2492 1416 2562 ἀφ’
1440 2493 1615 2563 ἡμῶν,
1637 2494 1797 2564 ἀλλ’ἢ
1823 2495 1923 2564 χά-

346 2592 431 2643 ρις
462 2576 555 2629 τοῦ
603 2579 920 2649 Πνεύματος
953 2586 1187 2653 ἐνεργεῖ,
1221 2587 1345 2656 ἥτις
1407 2589 1513 2643 ἀπὸ
1551 2587 1644 2641 τοῦ
1672 2590 1923 2660 Σωτῆρος

341 2666 503 2735 ἡμῶν
545 2669 621 2732 ὡς
650 2674 831 2741 πηγῆς
870 2676 1205 2747 ἀρξαμένης,
1237 2680 1323 2732 διὰ
1377 2680 1486 2732 τῶν
1526 2681 1784 2751 μαθητῶν
1826 2682 1924 2734 αύ-

343 2759 439 2812 τοῦ
474 2762 564 2813 καὶ
596 2763 707 2815 τῶν
750 2768 891 2820 κατὰ
925 2771 1155 2835 καιροὺς
1205 2771 1467 2842 Πατέρων
1497 2774 1577 2837 είς
1622 2775 1769 2844 ἡμᾶς
1804 2776 1924 2844 ἐλή-

341 2852 491 2907 λυθε.
536 2854 647 2907 Καὶ
678 2858 882 2921 μᾶλλον
912 2862 971 2911 τὸ
1004 2862 1245 2929 ἀσφαλὲς
1274 2867 1370 2917 καὶ
1421 2864 1636 2935 βέϐαιον
1676 2864 1872 2933 ἔχομεν
1902 2882 1917 2897 ·

341 2947 423 2999 ὄτι
449 2948 546 3016 οὐχ
580 2950 713 3017 ἡμῖν
747 2950 1083 3021 θαρροῦμεν,
1132 2956 1268 3008 ἀλλὰ
1305 2960 1368 3027 τῇ
1404 2958 1493 3011 διὰ
1519 2960 1629 3011 τῶν
1660 2961 1919 3031 Πατέρων

339 3037 437 3089 τοῦ
477 3038 798 3109 Πνεύματος
831 3044 1037 3112 χάριτι,
1073 3046 1147 3108 ὡς
1180 3048 1273 3100 καὶ
1301 3048 1332 3116 ἡ
1364 3050 1495 3120 εύχὴ
1540 3050 1697 3105 τοῦτό
1728 3069 1913 3122 φησιν,

345 3148 363 3181 t
404 3130 848 3203 Εὐχαριστοῦμὲν
884 3152 987 3199 σοι,
1024 3138 1281 3205 λέγουσα,
1314 3141 1395 3193 ὅτι
1429 3142 1496 3212 ἢν
1530 3144 1749 3211 ἐξέχεας
1815 3145 1914 3214 χὰ-

343 3238 431 3288 ριν
456 3222 548 3275 ὲπὶ
578 3225 705 3285 τοὺς
737 3226 929 3293 ἁγίους
962 3246 1055 3281 σου
1082 3231 1417 3294 ἀποστόλους
1441 3234 1539 3287 καὶ
1570 3236 1697 3297 τοὺς
1734 3236 1915 3299 όσίους

339 3313 501 3382 ἡμῶν
534 3317 808 3386 Πατέρας,
854 3320 1096 3387 ἠξίωσας
1128 3323 1221 3374 καὶ
1256 3324 1451 3393 μέχρις
1490 3326 1647 3393 ⁴ἡμῶν
1681 3328 1787 3379 τῶν
1820 3346 1915 3381 τα-

338 3406 541 3459 πεινῶν
574 3408 831 3462 ὲκτείναι.
878 3428 896 3462 ι
922 3412 1189 3478 Λέγονται
1244 3414 1300 3466 δὲ
1353 3417 1445 3468 καὶ
1478 3417 1913 3488 εὐχαριστήριοι,

334 3496 411 3560 ὡς
438 3498 765 3569 είρήκαμεν,
796 3502 877 3565 είς
930 3504 1022 3556 τὸν
1055 3505 1287 3558 παλαιὸν
1324 3507 1454 3560 ναὸν
1499 3509 1651 3576 παρὰ
1686 3510 1780 3563 τοῦ
1812 3515 1915 3579 ἁρ-

334 3592 568 3660 χιερέως
615 3593 798 3663 εὐχαὶ,
852 3595 946 3650 καὶ
999 3594 1161 3665 ὕμνοι
1209 3598 1334 3652 καθ’
1372 3600 1491 3653 όδὺν
1538 3601 1774 3671 ᾅδονται,
1823 3603 1917 3656 καὶ

336 3685 491 3749 φῶτα
530 3685 623 3738 καὶ
672 3674 998 3756 θυμιάματα
1044 3692 1124 3753 είς
1156 3692 1325 3761 τιμὴν
1375 3692 1483 3745 τῶν
1518 3694 1689 3759 ἁγίων
1744 3710 1917 3761 προσ-

336 3777 586 3847 φέρεται.
645 3780 753 3832 Καὶ
806 3782 975 3848 ἐγγὺς
1028 3782 1123 3835 τοῦ
1179 3785 1297 3837 νέου
1354 3786 1488 3838 ναοῦ
1540 3786 1801 3850 πολλάκις
1831 3789 1911 3849 τὸ,

340 3886 361 3921 ε
403 3869 540 3933 Δόξα
565 3887 667 3935 σοι,
706 3870 910 3941 Χριστὲ
935 3874 963 3925 6
990 3872 1146 3939 Θεὸς,
1187 3894 1206 3926 ι
1238 3875 1477 3943 λέγεται,
1511 3880 1590 3939 εἰς
1623 3880 1789 3948 τιμὴν
1820 3882 1915 3932 αύ-

331 3959 456 4023 τοῦ,
498 3962 593 4012 καὶ
618 3959 727 4013 τῶν
755 3962 1075 4015 ἀποστόλων
1106 3966 1200 4018 καὶ
1236 3967 1346 4019 τῶν
1394 3968 1688 4038 μαρτύρων
1718 3970 1913 4035 αὑτοῦ,

334 4050 430 4104 καὶ
456 4049 615 4115 δόξαν
641 4051 741 4118 τῆς
768 4053 929 4120 ἁγίας
962 4056 1208 4125 Τριάδος,
1241 4058 1273 4127 ἢ
1306 4055 1571 4127 κήρυγμα
1592 4060 1697 4114 τῶν
1721 4062 1911 4130 ἁγίων.

898 4164 1150 4221 ΚΕΦΑΛ.
1193 4166 1343 4222 PlH'.

330 4257 496 4310 Διατί
527 4256 830 4311 κλείονται
860 4259 920 4310 αι
958 4258 1167 4391 πὲέαι,
1223 4261 1322 4313 καὶ
1382 4259 1448 4314 τὸ
1481 4261 1686 4333 ’Δρατε
1738 4262 1911 4327 πύλας

1080 4344 1227 4383 εται.

1080 4344 1227 4383 εται.

403 4418 755 4481 Εἰσελθόντος
785 4419 842 4471 δὲ
893 4419 988 4472 τοῦ
1035 4422 1340 4491 ἀρχιερέως
1378 4423 1474 4476 τὸν
1514 4425 1765 4496 νάρθηκα
1816 4429 1910 4481 τοῦ

328 4508 453 4561 νέου
479 4506 631 4573 ναοῦ,
658 4510 713 4560 αἱ
747 4507 894 4562 ἔνδον
924 4511 1160 4579 μεγάλαι
1185 4513 1353 4566 πύλαι
1379 4515 1672 4583 κλείονται,
1703 4522 1797 4573 καὶ
1826 4524 1907 4590 τὸ,

335 4620 355 4651 ι
404 4602 606 4670 ’Ἄρατε
638 4600 813 4663 πύλας
839 4601 1040 4667 ἔξωθέν
1086 4621 1146 4656 τε
1189 4608 1283 4660 καὶ⁵
1316 4608 1538 4675 ἔσωθεν,
1575 4630 1592 4663 ι
1625 4612 1908 4682 ψάλλεται,

2028 2114 2150 2182 ejus
2183 2118 2247 2167 ad
2284 2133 2379 2172 nos
2419 2134 2593 2188 usque
2629 2138 2723 2191 per
2773 2126 3177 2181 ordinationem
3245 2133 3598 2199 transmissa,

2029 2209 2105 2261 sic
2137 2212 2300 2264 etiam
2334 2228 2429 2280 per
2465 2216 2687 2282 antiqua
2722 2217 2786 2268 ad
2833 2223 3137 2275 recentiora
3178 2226 3407 2293 templa;
3456 2228 3599 2281 sicut

2029 2312 2081 2354 et
2122 2305 2337 2372 myrrha
2372 2322 2467 2374 per
2493 2310 2767 2378 myrrham
2795 2320 2846 2364 et
2868 2312 3146 2368 iuuuctum
3170 2316 3339 2371 altare
3357 2320 3599 2373 sanctiﬁ-

2028 2405 2205 2450 catttr.
2254 2398 2327 2450 Ex
2380 2401 2480 2452 hoc
2514 2404 2807 2456 edocemur
2854 2410 2995 2475 quod
3047 2422 3153 2462 non
3200 2425 3301 2465 nos
3336 2420 3596 2478 tanquam

2027 2504 2053 2541 a
2091 2489 2267 2554 nobis,
2303 2496 2394 2545 sed
2430 2494 2600 2559 gratia
2634 2492 2873 2561 Spiritus
2901 2486 3176 2567 operatur,
3203 2518 3321 2571 qua:
3344 2519 3372 2557 a
3406 2504 3596 2562 Salva-

2026 2592 2139 2637 tore
2170 2598 2361 2659 nostro
2394 2588 2538 2639 velut
2589 2602 2615 2639 a
2653 2592 2828 2653 primo
2868 2590 3032 2658 fonte,
3100 2611 3193 2664 per
3231 2598 3402 2666 ipsius
3427 2599 3598 2651 disci-

2028 2676 2183 2743 pulos
2215 2687 2269 2730 et
2296 2679 2445 2745 juxta
2484 2688 2726 2749 tempora
2762 2698 2856 2752 per
2890 2682 3103 2749 Patres,
3144 2688 3208 2741 ad
3266 2706 3366 2744 nos
3430 2691 3593 2744 venit.

2024 2768 2089 2821 Et
2120 2770 2189 2823 ita
2224 2772 2394 2842 magis
2445 2774 2672 2828 ﬁrmiter
2718 2786 2771 2829 et
2812 2780 3114 2847 magistuto
3164 2791 3407 2850 stamus;
3463 2799 3597 2852 quo-

2024 2862 2168 2915 niam
2201 2877 2304 2914 non
2339 2862 2389 2914 iu
2424 2865 2602 2928 nobis,
2634 2867 2726 2919 sed
2764 2867 2815 2919 in
2846 2882 2906 2919 ea
2933 2885 3050 2933 qua:
3078 2886 3171 2938 per
3215 2871 3401 2928 Patres
3451 2878 3596 2930 veuit

2024 2956 2263 3025 Spiritus
2304 2958 2473 3025 gratia
2512 2958 2864 3025 conﬁdimus,
2912 2962 3053 3017 sicut
3080 2973 3131 3017 et
3195 2967 3371 3020 oratio
3413 2968 3589 3024 dicit:

2026 3049 2269 3103 «Gratias
2293 3050 2504 3119 agimus
2530 3052 2645 3117 tibi,
2673 3055 2816 3121 quod
2835 3070 2995 3123 quam
3026 3071 3190 3125 super
3210 3070 3430 3114 sanctos
3456 3076 3592 3130 apo-

2020 3142 2189 3196 stolus
2222 3151 2344 3196 tuos
2368 3152 2419 3194 et
2445 3158 2610 3211 super
2639 3155 2857 3199 sanctos
2888 3148 3073 3200 l’alres
3102 3160 3320 3204 nostros
3345 3151 3591 3207 iufudisti

2020 3237 2272 3302 gratiam,
2308 3251 2481 3304 usque
2512 3238 2578 3289 ad
2602 3253 2701 3292 nos
2739 3239 2976 3293 humiles
3016 3247 3309 3297 extendere
3338 3246 3590 3312 dignatus

2019 3343 2095 3383 es.
2140 3348 2157 3379 ι
2194 3328 2461 3383 Dicuntur
2484 3343 2662 3384 autem
2693 3335 2992 3401 gratiarum
3042 3351 3250 3403 preces,
3284 3349 3343 3391 ut
3376 3340 3585 3408 przfati

2020 3435 2232 3482 sumus,
2257 3420 2311 3473 iu
2349 3424 2515 3475 veteri
2548 3425 2747 3491 templo
2807 3442 2901 3494 per
2928 3428 3259 3494 pontificem.
3287 3440 3338 3483 et
3400 3433 3586 3501 hymni

2018 3512 2319 3563 secundum
2353 3512 2453 3564 iter
2489 3523 2786 3576 canuntur,
2822 3516 3135 3586 luminaque
3169 3534 3231 3572 ac
3268 3519 3487 3574 incensa
3526 3524 3579 3575 iu

2017 3599 2279 3655 honorem
2307 3616 2615 3658 sanctorum
2652 3606 3025 3670 proferuntur.
3064 3608 3125 3661 Et
3157 3626 3350 3679 preper
3379 3629 3580 3666 novum

2016 3696 2273 3761 templum
2306 3711 2448 3765 saepe
2475 3698 2702 3751 dicitur:
2734 3697 2944 3753 «Gloria
2973 3700 3323 3762 tibi,Christe
3356 3706 3531 3770 Dens;
3562 3726 3582 3759 ι

2018 3787 2069 3838 in
2126 3787 2294 3854 ipsius
2329 3789 2587 3843 honorem
2644 3799 2697 3844 et
2755 3795 3124 3861 apostolorqu
3170 3804 3224 3851 et
3286 3808 3583 3869 martyrum

2017 3875 2209 3943 ipsius,
2236 3888 2288 3930 et
2325 3879 2377 3932 in
2410 3890 2615 3934 saneta:
2645 3879 2927 3939 Trinitatis
2971 3886 3224 3955 gloriam,
3264 3897 3319 3945 et
3346 3890 3399 3944 in
3424 3906 3582 3946 sanc-

2017 3976 2194 4021 torum
2236 3987 2447 4040 praecon
2480 3990 2593 4029 unt.

2559 4162 2790 4234 CAPLT
2841 4180 3073 4241 CXVHL

2013 4258 2191 4324 Quare
2229 4263 2552 4357 el'aqda'ptu'r
2591 4278 2929 4357 sacr¢e_ozdis
2985 4284 3143 4357 fores,
3194 4286 3580 4357 accinamrque

2223 4334 2547 4405 illudtPsul.
2584 4358 2740 4408 xxut,
2772 4345 2848 4413 7),
2878 4334 3363 4421 Attollite'portas:

2083 4423 2219 4478 Cum
2255 4439 2434 4483 autem
2467 4430 2535 4484 ad
2572 4435 2693 4489 novi
2758 4441 2939 4507 templi
2986 4447 3280 4500 nartheceu
3350 4448 3578 4505 advenit

2009 4518 2278 4585 pontifex,
2337 4523 2627 4583 interiores
2660 4545 2875 4599 magnae
2930 4533 3113 4601 janute
3153 4539 3501 4608 clauduntur,
3525 4554 3581 4596 et

2010 4610 2182 4664 istud:
2212 4630 2230 4663 ι
2251 4614 2496 4670 Attollite
2510 4630 2716 4688 portas,
2742 4641 2759 4672 ι
2787 4625 3017 4682 abintus
3034 4637 3408 4687 etcxtrorsutn
3427 4635 3580 4689 caui-

328 4691 414 4743 ὅτι
446 4690 538 4742 τὸν
592 4688 829 4758 Χριστὸν
861 4693 1127 4746 τυποῦσιν
1170 4696 1220 4746 οί
1274 4696 1575 4769 μάρτυρες,
1620 4701 1716 4755 καὶ
1745 4702 1907 4767 αὐτὸς
1934 4705 1989 4766 D
2016 4713 2085 4757 tm

1823 4705 1907 4767 τὸς
1934 4705 1989 4766 D
2016 4713 2148 4769 tur;
2200 4709 2457 4775 quoniam
2498 4711 2703 4767 Christi
2755 4727 2941 4785 typum
2982 4731 3180 4788 gerunt
3234 4735 3504 4797 martyres
3526 4738 3580 4783 et

327 4783 357 4833 6
388 4781 680 4849 ἀρχιερεύς
706 4796 722 4812 ο
751 4784 780 4835 6
801 4782 857 4834 δὲ
880 4783 1006 4846 ναὸς
1034 4785 1125 4837 τὸν
1156 4787 1409 4856 ούρανόν.
1448 4792 1515 4843 Ἀ
1544 4793 1728 4847 τοίνυν
1753 4796 1811 4849 ὲν
1830 4796 1908 4865 τῷ

327 4872 657 4940 ἀνέρχεσθαι
710 4873 967 4941 ὑπεράνω
1014 4892 1128 4928 των
1156 4880 1403 4949 οὐρανῶν
1449 4884 1671 4952 ἄγγελοι
1702 4886 1909 4957 ἐμελῴ-

328 4964 477 5026 δουν,
512 4964 587 5027 ὥς
623 4983 791 5036 φησιν
819 4968 848 5019 6
876 4968 1019 5027 θεῖος
1052 4970 1236 5034 Δασὶδ,
1277 4975 1450 5027 ταῦτα
1478 4977 1574 5030 καὶ
1605 4978 1700 5031 νῦν
1732 4980 1905 5048 μελῳ-

326 5054 524 5121 δεῖται,
573 5055 685 5107 τῶν
738 5059 898 5127 ίερῶν
951 5063 1323 5132 εἰσαγομένων
1381 5066 1670 5134 λειψάνων.
1730 5070 1790 5123 Ὀ
1848 5071 1903 5123 δὲ

327 5145 641 5214 ἀρχιερεὺς,
701 5152 943 5218 τάπητος
1001 5148 1156 5216 αὖθις
1205 5156 1681 5224 εύτρεπισθέντος,
1732 5162 1903 5214 κλίνει

326 5236 388 5288 τὸ
422 5238 550 5303 γόνυ
584 5238 663 5308 τῷ
692 5241 784 5291 τοῦ
831 5243 1065 5311 ούρανοῦ
1099 5247 1364 5319 Δεσπότῃ,
1402 5251 1495 5301 καὶ
1524 5250 1765 5319 εὔχεται.
1797 5255 1903 5307 Καὶ

326 5328 580 5396 ἐπιφέρει
626 5328 725 5397 τὴν
779 5332 946 5399 εὐχὴν
996 5337 1097 5402 τῆς
1154 5337 1394 5403 εἰσόδου,
1456 5340 1901 5412 συλλειτουργοὺς

326 5420 811 5489 προσκαλούμενος
865 5426 957 5474 καὶ
1010 5427 1379 5491 συνεισιόντας
1437 5431 1727 5498 ἀγγέλους.
1791 5436 1900 5487 Καὶ

323 5505 471 5559 οὕτω
520 5510 841 5577 σφραγίζων
873 5512 971 5573 τὰς
997 5513 1091 5564 τοῦ
1139 5514 1266 5567 ναοῦ
1297 5516 1470 5578 πύλας
1520 5522 1617 5569 καὶ
1643 5520 1896 5586 ἀνοίγων,

323 5598 401 5661 ὡς
432 5602 645 5662 είς,τὸν
700 5604 930 5671 οὐρανὸν
966 5604 1216 5671 εἴσεισιν,
1271 5608 1345 5670 ὼς
1392 5609 1479 5660 διὰ.
1512 5610 1606 5661 τοῦ
1662 5612 1896 5678 μεγάλου

320 5689 418 5741 τοῦ
458 5691 667 5759 [ἰατρὸς
699 5694 975 5761 μάρτυρος
1018 5696 1194 5763 Ἰησοῦ
1234 5698 1472 5764 Χριστοῦ
1504 5700 1599 5768 τῆς
1646 5702 1896 5769 οὐρανίου

323 5780 533 5848 σκηνῆς
582 5783 973 5852 διανοιχθείσης
1012 5786 1162 5854 ἡμῖν.
1211 5790 1318 5840 Καὶ
1352 5791 1616 5842 είσοδεύει
1646 5795 1672 5844 ὁ
1704 5797 1897 5863 ἀρχιε-

324 5871 449 5937 psi);
508 5872 604 5923 σὺν
634 5876 745 5934 τοῖς
796 5876 909 5925 τῶν
962 5876 1132 5942 ἁγίων
1184 5881 1459 5946 λειψάοις
1507 5885 1599 5933 καὶ
1634 5883 1712 5951 τῷ
1765 5883 1895 5953 θείῳ

320 5961 659 6031 Εὐάγγελίῳ.
701 5966 1038 6031 Ἀκολούθως
1073 5968 1178 6035 ἄρα
1212 5973 1303 6022 καὶ
1331 5974 1386 6024 ἐν
1411 5975 1475 6042 τῇ
1501 5974 1767 6044 ἑρμηνεία
1794 5975 1892 6045 τῆς

2013 4797 2129 4867 ipse
2169 4802 2432 4887 pontifex,
2465 4807 2725 4875 templum
2755 4824 2886 4863 vero
2913 4812 3135 4867 caelum.
3162 4814 3294 4880 Qua:
3348 4821 3578 4887 proinde

2009 4880 2273 4944 cauebant
2307 4894 2509 4963 angeli,
2540 4897 2683 4952 sicut
2709 4898 2783 4952 ait
2827 4900 2986 4956 divus
3018 4904 3205 4966 David,
3254 4880 3374 4960 cum
3411 4925 3577 4979 super

2009 4979 2229 5048 angelos
2260 4984 2607 5049 conscendit.
2648 4986 2761 5041 haec
2800 4989 2963 5043 etiam
3012 4981 3155 5045 nunc
3183 4995 3576 5064 concinuntur,

2008 5071 2182 5125 sacris
2247 5072 2679 5141 ingredientibus
2750 5081 3014 5149 reliquiis.
3065 5084 3318 5141 Pontifex
3367 5104 3571 5157 autem,

2008 5169 2185 5229 tapete
2210 5180 2425 5219 rursum
2463 5167 2745 5237 disposito,
2778 5171 3009 5228 Domino
3048 5179 3171 5231 (ιωιί
3206 5195 3378 5249 genua
3407 5183 3574 5240 flectit

2003 5262 2055 5306 et
2086 5263 2225 5306 orat.
2259 5255 2323 5308 Et
2346 5258 2581 5325 applicat
2622 5262 2918 5319 orationem
2948 5267 3223 5334 introitus,
3256 5288 3575 5344 cooperato-

2004 5358 2090 5395 res
2118 5354 2171 5397 et
2203 5347 2431 5403 comites
2468 5349 2743 5406 advocans
2806 5358 3045 5423 angelos.
3098 5362 3161 5413 Et
3222 5363 3292 5416 ita
3344 5368 3572 5435 signans

2003 5436 2186 5503 templi
2206 5437 2405 5505 jauuas
2455 5449 2509 5493 et
2533 5445 2797 5510 aperiens,
2831 5456 3086 5517 tauquam
3123 5452 3175 5505 in
3222 5456 3419 5509 malum
3491 5459 3570 5512 itt—

2000 5526 2265 5591 greditur,
2302 5537 2357 5580 ut
2402 5544 2495 5596 per
2546 5548 2797 5601 magumn
2851 5537 3023 5592 Patris
3054 5552 3347 5613 martyrem
3382 5546 3567 5603 Jesum

1997 5615 2277 5669 Christum
2311 5620 2431 5672 coeli
2490 5622 2851 5679 tabernaculo
2924 5632 3083 5685 nobis
3125 5639 3361 5689 recluso.
3402 5637 3569 5693 Intrat

2000 5708 2240 5775 pontifex
2270 5724 2393 5765 cum
2430 5723 2746 5769 sanctorum
2800 5720 3044 5789 reliquiis
3086 5735 3137 5779 et
3176 5727 3357 5782 divino
3392 5728 3569 5786 Evan-

1998 5800 2156 5867 gelio.
2181 5802 2353 5857 Porro
2413 5806 2772 5863 confortniter
2838 5813 2892 5864 in
2928 5816 3270 5883 expositione
3336 5821 3570 5892 liturgiaa

1996 5890 2200 5943 dictum
2230 5900 2332 5954 est,
2369 5894 2511 5960 quod
2543 5896 2753 5963 primus
2805 5900 3055 5955 introitus
3103 5890 3563 5965 reSurrectiouem

1996 5991 2049 6036 et
2109 5984 2480 6039 ascensionem
2533 5986 2834 6045 Salvatoris
2894 5992 3125 6065 figurat;
3200 6000 3568 6073 clausumque
