4408 6774
447 572 553 637 ἐ33

1515 544 1614 639 οε
1646 577 1918 638 sscms
1952 579 2640 649 ORDINATIONIBUS.

3595 589 3700 663 ιιι

439 690 673 760 χείλεσιν
698 689 861 758 ίεροίς
890 688 984 743 καὶ
1009 690 1384 761 ἡγιασμένοις,
1405 689 1531 762 χθὲς
1560 691 1659 760 ἥδη
1689 690 1785 742 καὶ
1816 690 1937 744 καθ’
1961 691 2020 753 ἡν
2049 694 2089 749 Α
2124 707 2180 746 sa

1961 691 2020 753 ἡ-
2049 694 2089 749 Α
2124 693 2298 750 sacris
2331 708 2382 750 et
2427 672 2803 775 sanctiﬁcatis,
2839 670 2959 771 qua
2986 700 3093 773 jam
3131 696 3247 755 heri
3273 708 3327 754 et
3368 715 3698 770 unoquoque

444 780 618 851 μόραν
647 784 710 851 τῇ
749 783 952 851 φρικτῇ
990 781 1369 851 προσψαύουσι
1402 783 1679 850 κοινωνίᾳ.
1725 780 1886 833 Ἀλλὰ
1924 780 2017 833 καὶ

440 858 753 944 καθημένου
779 874 869 926 τοῦ
903 874 1169 943 βασιλέως
1216 856 1571 945 παρίσταται.
1622 875 1806 927 Ταῦτα
1838 877 1885 927 εἰ
1918 875 2016 942 μὲν

444 964 658 1032 ίδιώτης
688 962 755 1036 ἦν
783 966 913 1018 ἔδει·
950 956 1073 1017 ἐπεὶ
1112 966 1225 1031 καὶ,
1277 986 1294 1017 ι
1328 966 1433 1019 Τὸν
1460 966 1686 1036 βασιλέα
1738 969 1955 1035 τιμᾶτε,
1992 984 2008 1017 ι

441 1056 606 1127 φησὶν
632 1058 659 1107 δ
730 1057 1052 1119 Ἀπόστολος
1077 1075 1089 1088 ·
1143 1060 1191 1110 εί
1236 1058 1293 1111 δὲ
1323 1057 1562 1128 Χριστοῦ
1595 1058 1885 1127 ἀρχιερεὺς
1922 1058 2017 1109 καὶ

438 1149 530 1203 τὸν
559 1149 726 1202 τόπον
758 1148 851 1201 τοῦ
877 1150 1114 1219 Χριστοῦ
1150 1152 1514 1221 κεκτημένος,
1550 1151 1612 1203 οὐ
1640 1152 1721 1203 δεῖ
1764 1151 1905 1203 οὓτω
1929 1151 2014 1217 γίο

439 1240 648 1295 νεσθαι’
673 1245 753 1299 είς
788 1243 1024 1311 Χριστθιν
1053 1242 1161 1311 γὰρ
1200 1244 1488 1313 ἀνατρέχει
1522 1246 1556 1313 ἡ
1590 1233 1783 1312 ἀτιμία
1805 1260 1817 1273 ο
1845 1244 1928 1296 ὅτι
1954 1246 2015 1295 οὐ

437 1334 546 1386 τῶν
590 1334 799 1385 πολλῶν
822 1314 903 1395 εἷς
934 1337 1101 1397 ἐστιν,
1148 1331 1419 1387 ἁλ)ὰ“τῶν
1469 1336 1887 1404 ἀφιερωμένων,
1921 1336 2017 1387 καὶ

436 1426 547 1478 τῶν
574 1430 674 1493 τήν
703 1426 1072 1498 ἀποστολικὴν
1103 1428 1523 1497 πῖουτησάντων
1558 1426 1811 1494 δύναμιν.
1855 1428 2016 1481 ’Λλλὰ

438 1514 634 1571 ταῦτα.
660 1515 719 1567 οὐ
752 1514 1008 1567 τοσοῦτον
1040 1510 1149 1568 άπὸ
1177 1515 1284 1567 τῶν
1307 1516 1596 1585 βασιλέων,
1636 1518 1759 1569 ὅσον
1787 1516 1893 1568 ἀπὸ
1922 1533 2016 1567 κσ-

436 1604 622 1657 λάκων
675 1606 984 1674 ἀνθρώπων
1032 1609 1249 1674 γέγονε,
1305 1610 1766 1676 παραπεισάντων
1818 1608 2016 1667 αὐτοὺς

434 1693 805 1763 ἀνθρωπίνοις
830 1696 1013 1765 λόγοις
1044 1700 1286 1766 ἐνεργεῖν
1314 1698 1407 1750 καὶ
1441 1696 1509 1748 τὰ
1540 1696 1732 1763 μείζω,
1756 1695 1893 1747 ὥστε
1922 1698 2017 1750 καὶ

441 1786 798 1856 προσισάζειν
829 1790 1187 1852 ἐπισκόπους,
1215 1790 1309 1842 καὶ
1344 1789 1661 1856 μεταθέσεις
1695 1791 1883 1841 ποιεῖν.
1917 1789 2018 1841 Βα-

441 1878 565 1933 σαίί
596 1880 687 1933 τὸν
714 1882 1228 1954 κεχειροτονημένον
1266 1882 1343 1951 τῷ
1373 1882 1651 1948 ﬂuitant
1700 1880 1866 1947 τῆσδε
1922 1881 2018 1948 τῆς

454 1968 782 2036 Ἐκκλησίας
820 1970 1078 2038 ποιμένα,
1130 1970 1321 2039 ἐτέρας
1380 1970 1614 2037 ποιμένα
1657 1968 2017 2021 καθίστασθαι

2123 786 2211 841 ιΙίε
2245 791 2589 844 tremendam
2624 792 3063 847 communionem
3099 794 3395 862 attingunt,
3432 808 3539 847 non
3579 804 3698 846 tan-

2124 886 2237 933 tum
2272 882 2546 936 serviliter
2569 884 2867 949 osculatur,
2892 884 2984 939 sed
3014 885 3178 939 etiam
3212 884 3423 940 sedenti
3462 884 3697 951 impera-

2121 973 2225 1024 tori
2263 976 2463 1025 atlstat.
2493 974 2547 1026 Si
2582 974 2789 1043 privata
2824 990 3052 1044 persona
3100 984 3267 1037 esset,
3305 976 3421 1030 hac
3476 975 3694 1043 quidem

2122 1062 2343 1116 sic-ﬂeri
2372 1073 2667 1132 oporteret,
2692 1054 2815 1119 cum
2844 1066 3043 1122 dixerit
3067 1067 3386 1133 Apostolus:
3427 1084 3445 1118 ι
3495 1063 3695 1132 Regem

2123 1152 2411 1210 honorate.
2460 1176 2476 1205 ι
2522 1157 2575 1210 Si
2610 1154 2737 1212 vero
2767 1157 2965 1212 Christi
2995 1166 3081 1213 est
3110 1157 3426 1226 episcopos,
3449 1167 3503 1210 et
3541 1153 3701 1208 Chri-

2122 1246 2190 1299 sti
2220 1245 2401 1299 locum
2434 1257 2643 1324 tenens,
2677 1248 2754 1304 sic
2792 1250 2905 1304 ﬁeri
2942 1266 3050 1305 non
3099 1258 3315 1320 oportet
3346 1264 3359 1314 ;
3416 1248 3469 1301 in
3532 1246 3697 1299 Chri-

2123 1342 2265 1385 stum
2296 1334 2439 1386 enim
2475 1336 3004 1407 recurritjdede'cus,
3037 1338 3296 1407 quoniam
3326 1352 3433 1391 non
3467 1350 3496 1388 e
3536 1335 3699 1401 vulgo

2123 1421 2211 1475 ille
2259 1433 2365 1486 est,
2399 1427 2504 1505 sed
2562 1443 2593 1480 e
2649 1428 2897 1495 personis
2951 1430 3311 1490 consecratis,
3343 1436 3397 1481 et
3439 1427 3698 1495 virtutem

2122 1516 2480 1582 apostolicam
2512 1521 2738 1589 copiose
2771 1521 3184 1589 possidentibus
3234 1518 3434 1572 Verum
3460 1516 3561 1569 ista
3592 1530 3698 1568 non

2122 1616 2232 1658 tam
2262 1607 2328 1659 ab
2361 1608 2788 1675 imperatoribus
2819 1628 2984 1680 quam
3014 1612 3083 1665 ab
3128 1609 3509 1664 adulatoribus
3538 1605 3702 1671 linnt,

2122 1698 2213 1763 qui
2255 1711 2351 1750 eos
2384 1699 2639 1754 humanis
2676 1703 2856 1756 verbis
2892 1702 3025 1755 l'alsu
3068 1698 3425 1769 persuasione
3458 1712 3702 1785 cupimu-

2123 1796 2247 1839 vent
2300 1788 2366 1841 ad
2421 1790 2627 1859 majora
2685 1792 3131 1859 perpetrandum,
3174 1791 3248 1843 ita
3284 1800 3345 1844 ut
3376 1788 3611 1842 audeant
3647 1795 3702 1842 et

2122 1893 2450 1947 promovere
2489 1883 2799 1949 episcopos.
2828 1892 2882 1937 et
2918 1883 3305 1937 translationes
3357 1881 3559 1936 facere.
3602 1882 3706 1933 Pa-

2126 1972 2240 2037 p:e!
2276 1972 2588 2025 ordinanun
2640 1989 2734 2041 per
2771 1974 3034 2043 Spiritum
3085 1986 3335 2029 sanctum
3384 1972 3550 2044 hujus
3604 1971 3705 2025 Ec-

439 2061 593 2125 παρὰ
627 2062 738 2114 τῶν
789 2062 865 2131 μὴ
907 2061 1140 2131 ἐχόντων
1174 2065 1273 2131 τὴν
1308 2062 1406 2128 τῆς
1454 2061 1756 2133 ἱερωσύνης
1788 2059 2021 2129 δυνάμιν
2056 2056 2093 2109 Β
2124 2060 2180 2114 cl

1979 2077 2021 2112 ιν
2056 2056 2093 2109 Β
2124 2060 2309 2114 clesia'.
2350 2076 2626 2131 pasuorem
2661 2065 2731 2117 ab
2760 2066 2825 2118 iis
2873 2066 3131 2119 constitui
3165 2066 3394 2121 a'tcrius
3425 2072 3720 2133 pastorem.

439 2152 532 2204 καὶ
587 2152 896 2222 ἐνέργειαν,
962 2153 1060 2207 καὶ
1115 2153 1268 2222 παρὰ
1316 2154 1546 2223 γνώμην
1619 2151 1713 2206 τοῦ
1768 2152 2020 2214 Πνεύμα-

437 2258 530 2307 τος
573 2242 590 2297 ι

959 2331 1242 2412 ἠοΑΑ.
1285 2358 1470 2413 ΣκΑο.

443 2470 574 2524 ὀτι
594 2470 667 2524 οὐ
697 2470 789 2541 δεῖ
810 2470 952 2537 τοὺς
985 2461 1139 2525 κατὰ
1171 2474 1410 2539 κόσμον
1449 2471 1748 2541 ἄρχοντας
1796 2473 1866 2527 τὰ
1896 2473 2021 2535 Ιερὰ

510 2540 876 2611 οἰκειοῦσθαι
908 2585 921 2606 ,
953 2542 1425 2611 καὶᾲλογίζεσθαι
1455 2540 1792 2611 κερδαίνειν
1811 2544 1879 2596 ἐκ
1904 2542 2023 2597 τῶν

510 2608 987 2679 dar-areaeer
1018 2608 1099 2675 τῷ
1126 2608 1272 2677 Θεῷ.

511 2700 573 2753 El
599 2700 678 2753 δεῖ
725 2701 862 2770 πρὸς
904 2701 1198 2772 οίκοδομὴν
1254 2701 1598 2774 καταστῆναι
1650 2707 1795 2775 ’πρὸς
1849 2708 2023 2775 μείζω

438 2790 623 2859 πόλιν,
655 2792 810 2862 παρὰ
843 2793 937 2844 τοῦ
968 2793 1285 2860 Πνεύματος
1318 2794 1473 2848 ἐσται
1502 2796 1682 2859 τοῦτο,
1709 2799 1838 2865 παρ’
1874 2793 1934 2851 οῦ
1959 2800 2022 2867 δὴ

442 2885 538 2940 καὶ
563 2884 1029 2954 κεχειροτόνηται,
1053 2886 1114 2938 οὐ
1145 2886 1303 2955 παρὰ
1327 2886 1429 2955 τῆς
1454 2889 1726 2956 κοσμικῆς
1752 2889 2022 2952 ἐξουσίας.

454 2976 618 3030 Ἀλλὰ
649 2977 745 3030 καὶ
772 2976 1180 3047 καθηγούμενοι
1212 2978 1423 3048 ἀνδρῶν
1460 2979 1744 3047 μοναστῶν
1776 2982 1869 3034 καὶ
1906 2982 2025 3051 Θεῷ

444 3070 890 3138 καθιερωμένων,
926 3070 1022 3123 καὶ
1043 3070 1229 3138 ψυχῶν
1248 3071 1429 3139 χάριτι
1453 3069 1590 3123 Θεοῦ
1656 3071 2022 3140 προεστῶτες,

441 3162 586 3215 οῦτω
631 3161 783 3232 παρὰ
814 3161 875 3214 τὸ
925 3160 1020 3215 τοῦ
1060 3162 1377 3232 Πνεύματος
1412 3161 1627 3231 θέλημα
1678 3162 1867 3213 πολλοὶ
1921 3163 2025 3216 δεί-

444 3268 670 3307 κνυνται
698 3271 712 3287 ο
753 3255 850 3306 καὶ
876 3253 1066 3307 λύουσι
1101 3254 1197 3307 καὶ
1245 3252 1533 3324 δεσμοῦσι,
1583 3254 1835 3316 λαϐόντες
1868 3255 2026 3310 τοῦτο

446 3348 596 3417 παρὰ
610 3345 721 3397 τῶν
741 3344 817 3413 μὴ
838 3344 1115 3398 λαϐόντων
1136 3346 1233 3413 τὴν
1262 3344 1357 3396 τοῦ
1391 3345 1731 3414 χαρίσματος
1766 3346 1939 3413 δύναμ
1953 3362 2023 3398 ινο

442 3439 539 3491 καὶ
559 3436 997 3508 χειροτονοῦνται
1024 3435 1117 3487 καὶ
1144 3419 1355 3488 πολλῶν
1380 3424 1630 3509 ἀρκοῦσι,
1663 3437 1830 3502 μηδὲν
1860 3454 2023 3506 φρον-

443 3528 683 3594 τίζοντες
710 3528 848 3589 ὅλως
878 3527 987 3579 τῶν
1034 3529 1267 3597 ἐχόντων
1299 3527 1361 3579 τὸ
1400 3527 1665 3598 χάρισμα.
1711 3528 1802 3580 Διὸ
1831 3529 1922 3580 καὶ
1956 3528 2024 3580 τὰ

444 3618 832 3689 συντρίμματα
863 3615 1022 3686 ἡμῶν
1062 3616 1237 3669 πολλὰ
1265 3617 1480 3683 γέγονε,
1520 3618 1614 3668 καὶ
1654 3616 2023 3688 ἐσμικρύνθη-

446 3727 571 3779 μεν,
600 3708 695 3762 καὶ
715 3707 989 3773 όλιγοστοὶ
1020 3705 1173 3772 παρά
1203 3705 1382 3758 πάντα
1420 3706 1485 3757 τὰ
1520 3705 1647 3775 ἔθνη
1688 3705 2020 3774 γεγόναμεν’

443 3800 538 3853 καὶ
574 3800 665 3870 βίᾳ
693 3798 1037 3851 σπευδόντων
1064 3797 1173 3850 τῶν
1229 3798 1305 3867 μὴ
1336 3797 1687 3861 καθηκόντων
1740 3796 1933 3866 ἄρχειν
1967 3814 2025 3850 τε

447 3894 541 3947 καὶ
578 3890 944 3961 ἐφάπτεσθαι,
1005 3888 1374 3957 κατάρχουσιν
1400 3886 1558 3956 ἡμῶν
1614 3887 1665 3938 ol
1702 3886 1974 3956 ἀλλότριοι
2008 3902 2023 3918 ·

447 3984 633 4039 καὶτὰ
667 3985 740 4054 μὴ
776 3982 901 4051 φίλα
928 3981 1065 4034 Θεοῦ
1086 3979 1405 4043 ποιούντων,
1432 3979 1481 4030 oi
1521 3977 1707 4047 ἐχθροὶ
1742 3978 1899 4046 ἡμῶν
1935 3980 2027 4031 καὶ

446 4074 541 4129 τοῦ
572 4075 708 4127 Θεοῦ
738 4072 1051 4132 ἀκολούθως
1098 4072 1229 4140 ἡμῖν
1264 4068 1784 4138 κατεπεμὸαίνουσι.
1823 4070 1931 4122 Καὶ
1962 4071 2027 4122 τὰ

452 4169 575 4238 ἱερὰ
604 4166 971 4235 οίκειούμενοι
1008 4166 1102 4217 καὶ
1128 4163 1460 4229 κοινοῦντες,
1495 4163 1558 4213 ἐκ
1606 4162 1715 4215 τῶν
1751 4162 2029 4215 ἀνατεθει-

453 4262 629 4330 μένων
665 4260 745 4329 τῷ
776 4258 897 4326 Θεῷ
948 4256 1293 4324 λογιζόμενοι
1349 4254 1471 4321 (φεῦ
1500 4254 1541 4323 ι)
1603 4253 1928 4323 κερδαίνειν.
1962 4257 2029 4308 τὰ

450 4350 559 4404 tam
589 4349 749 4419 ἡμῶν
769 4346 1160 4413 ἀπωλέσαμεν·
1180 4343 1274 4396 καὶ
1303 4342 1645 4413 καρποῦνται
1674 4342 1743 4393 τὰ
1763 4343 2028 4411 ἡμέτερα,

642 4440 737 4493 καὶ
765 4440 975 4491 ἔδονται
1007 4435 1239 4489 ἐνώπιον
1266 4436 1422 4505 ἡμῶν
1442 4434 1491 4486 oi
1516 4434 1849 4487 ὑπεναντίοι.
1890 4435 2031 4487 Ἀλλ’

450 4534 563 4588 είθε
590 4532 801 4599 γένοιτό
828 4548 910 4592 τις
931 4530 1200 4597 θεραπεία
1232 4527 1326 4580 τοῦ
1360 4526 1535 4578 δεινοῦ
1563 4526 1778 4590 τούτου,
1806 4526 1902 4578 καὶ
1920 4528 2033 4593 εῖτ,-

450 4642 552 4678 σαν
584 4624 682 4693 μέν
714 4622 783 4674 τὰ
801 4621 895 4674 τοῦ
927 4621 1203 4687 Καίσαρος
1252 4617 1551 4684 Καίσαρος,
1576 4617 1645 4666 τὰ
1668 4613 1760 4666 τοῦ
1804 4613 1940 4666 Θεοῦ
1974 4616 2029 4666 δὲ

448 4715 543 4769 τοῦ
563 4714 721 4779 Θεοῦ,
736 4715 809 4776 ὼς
831 4713 896 4765 ἂν
915 4712 1011 4764 καὶ
1026 4709 1305 4778 ἠξιωμένα
1321 4707 1538 4761 ἅπαντα
1561 4708 1770 4773 γένοιτο
1789 4705 2033 4773 εὐλογίας

449 4808 544 4859 τοῦ
574 4805 731 4871 Θεοῦ,
759 4804 855 4856 καὶ
885 4803 954 4855 τὰ
979 4801 1100 4870 ίερὲι
1139 4799 1534 4866 συνιστάμενα,
1572 4798 1665 4849 καὶ¹
1687 4796 1755 4848 τὰ
1785 4798 2031 4866 κοσμικᾶ

448 4895 816 4964 αὐξανόμενα,
848 4895 941 4945 καὶ
977 4892 1053 4961 μὴ
1075 4888 1411 4951 τούναντίον,
1442 4889 1537 4941 ῦτῗ
1585 4888 1832 4957 ἀλλήλων
1882 4891 2034 4957 φθει-

452 4988 676 5059 ρόμεναο
706 4986 789 5038 ὅτι
830 4984 923 5037 καὶ
955 4986 982 5036 ό
1043 4981 1286 5051 ἀρχῆθεν
1335 4980 1595 5051 πολέμιος
1654 4983 1745 5032 καὶ
1797 4979 2032 5051 φθορεὺς

449 5078 624 5140 δεινος
655 5077 710 5129 ἐν
734 5074 946 5133 τούτοις
977 5073 1221 5136 σπεύδει,
1252 5074 1401 5135 ὅπως
1433 5073 1528 5126 καὶ
1564 5072 1872 5142 ἱεροσυλίαν
1909 5074 2033 5134 τοῖς

452 5168 706 5223 εὐσεϐέσι
730 5165 1070 5237 προστρίψῃ,
1116 5166 1210 5217 καὶ
1245 5164 1354 5217 τῶν
1406 5163 1567 5233 ίερῶν
1622 5163 1715 5215 καὶ
1745 5163 1907 5215 θείων
1936 5163 2034 5231 τὴν

452 5260 777 5330 καθαίρεσιν
824 5260 1123 5328 ἐνεργήσῃ.
1164 5255 1299 5309 ἀλλὰ
1326 5254 1681 5325 καθαιρεθείη
1713 5254 1864 5324 παρὰ
1898 5242 2032 5307 Θεοῦ

451 5357 482 5408 ό
516 5352 775 5421 πονηρὸς,
819 5350 914 5403 καὶ
964 5349 1195 5417 ζήσαιεν
1247 5345 1490 5409 εὐσεϐῶς
1545 5346 1640 5399 καὶ
1695 5346 1959 5413 θεοφιλῶς
1986 5349 2033 5400 οἱ

454 5446 643 5500 πιστοί
671 5462 730 5498 τε
755 5443 849 5497 καὶ
881 5440 1147 5504 εὐσεὸεἴς,
1177 5443 1271 5495 καὶ
1302 5439 1497 5510 μισθὸν
1538 5439 1637 5507 τῆς
1688 5440 2033 5507 φιλοχρίστου

454 5538 679 5609 γνώμης
708 5537 897 5607 εῐησαν
926 5532 1278 5603 κομιζόμενοι
1308 5532 1367 5583 ἐν
1390 5530 1635 5601 Χριστῷ,
1665 5532 1765 5600 τὴν
1794 5531 1903 5583 τῶν
1930 5532 2035 5584 δει-

455 5631 564 5686 νῶν
588 5628 925 5699 ἐλευθερίαν,
957 5628 1050 5680 καὶ
1068 5624 1166 5695 τὴν
1188 5624 1297 5677 τῶν
1319 5624 1542 5691 ἀγαθῶν
1574 5624 1837 5676 παντοίαν
1866 5621 2039 5677 ἐπαύ-

458 5723 636 5794 ξησιν.
678 5721 737 5774 '0
776 5718 1175 5791 χειροτονηθεὶς
1198 5716 1254 5770 δέ
1277 5716 1576 5785 ἀρχιερεὺς
1609 5716 1700 5768 καὶ
1728 5715 1819 5769 τὸν
1848 5715 2036 5768 τελευ-

454 5815 608 5869 ταῖον
632 5815 690 5867 ὲν
716 5814 785 5883 τῇ
819 5810 1025 5881 συνόδῳ
1055 5808 1293 5879 ποιήσας
1333 5806 1655 5876 ἀσπασμὸν,
1710 5808 1804 5860 καὶ
1840 5807 1929 5861 τὸν
1959 5809 2041 5860 οἰ-

458 5909 605 5961 κεῖον
632 5906 796 5959 τόπον
836 5900 1037 5966 λαϐὼν,
1068 5900 1253 5954 οὐκέτι
1286 5898 1477 5969 χρείαν
1518 5898 1720 5969 ἐτέρων
1750 5897 1858 5952 τῶν
1898 5899 2038 5953 κατὰ

460 5998 631 6053 τύπον
654 5995 789 6068 ἔχει’
825 5994 939 6055 ἀλλ’
970 5992 1045 6057 ὡς
1072 5992 1365 6064 ἀρχιερεὺς
1398 5989 1495 6059 ὢν,
1526 5989 1637 6046 τῶν
1664 5991 1762 6062 τῆς
1810 5990 2035 6065 Ἐκκλη.

548 6236 575 6264 -Ιι

2124 2152 2215 2219 qui
2247 2169 2351 2207 non
2394 2158 2591 2208 habent
2623 2156 2917 2210 sacerdotii
2954 2166 3282 2225 potestatem
3340 2164 3396 2213 et
3421 2157 3703 2219 virtutem,

2122 2253 2173 2295 et
2206 2256 2404 2313 pneter
2431 2242 2674 2314 Spiritus
2706 2249 3075 2302 sententiam!
3448 2256 3455 2261 '

2676 2427 2912 2485 eaeor
2944 2427 3176 2500 ccxxx,

2126 2545 2283 2610 Quod
2331 2546 2593 2613 principes
2627 2546 2907 2599 saecularcs
2945 2563 3047 2599 nou
3083 2548 3267 2600 debent
3310 2562 3467 2600 sacra
3495 2559 3707 2609 curare.

2231 2628 2387 2685 atque
2412 2632 2477 2669 ea:
2506 2618 2659 2670 rebus
2689 2617 2799 2670 Deo
2820 2618 3137 2671 consecratis
3169 2618 3379 2671 lucrum
3397 2626 3604 2685 patera,

2203 2793 2260 2847 Si
2293 2793 2674 2850 :edilicationis
2714 2793 2975 2849 Ecclesia:
3010 2809 3173 2848 causa
3198 2802 3410 2861 Oportet
3468 2793 3706 2863 aliquem

2127 2888 2449 2954 episcopum
2485 2886 2538 2940 in
2575 2887 2770 2956 majori
2802 2888 2936 2941 urbe
2962 2886 3247 2951 constitui,
3282 2888 3384 2941 hoc
3416 2903 3444 2941 a
3502 2887 3709 2957 Spiritu

2128 2978 2483 3032 statuendum
2524 2987 2629 3042 est,
2654 2988 2687 3032 a‘
2714 2994 2823 3049 quo
2847 2989 2901 3031 et
2925 2979 3213 3033 ordinatus
3250 2986 3356 3040 cst,
3392 2994 3498 3032 nun
3526 2987 3709 3031 autem

2127 3086 2156 3122 a
2194 3072 2469 3124 mundana
2507 3079 2793 3140 potestate.
2823 3070 2975 3125 Multi
3005 3074 3171 3125 etiam
3204 3071 3376 3125 duces
3400 3080 3454 3124 et
3486 3070 3716 3124 abhatcs

2129 3162 2550 3228 monachorum,
2585 3164 2680 3232 qui
2744 3161 2854 3217 Deo
2894 3162 3199 3217 consecrati
3230 3171 3378 3223 sunt,
3423 3172 3477 3217 et
3533 3160 3718 3231 gratis

2130 3252 2223 3307 Dei
2259 3257 2553 3311 animabus
2586 3265 2852 3325 prtesnnt.
2880 3256 2961 3310 sic
3003 3264 3197 3323 praeter
3238 3254 3480 3325 Spiritus
3520 3255 3711 3333 volun—

2132 3352 2295 3397 tatem
2327 3360 2487 3413 agere
2525 3347 2958 3414 convincuntur;
2988 3349 3206 3401 solvunt
3243 3347 3386 3401 enim
3412 3355 3467 3399 et
3518 3345 3710 3413 ligant,

2132 3436 2290 3489 abiis
2324 3446 2591 3505 potestate
2618 3446 2865 3503 accepta,
2908 3438 2999 3507 qui
3056 3436 3242 3503 gratia:
3289 3436 3542 3489 virtutem
3603 3448 3716 3487 non

2133 3538 2485 3597 acceperunt.
2513 3528 2847 3583 Ordinantnr
2901 3544 3140 3596 quoque,
3177 3527 3475 3595 multisque
3534 3514 3711 3604 impia-

2134 3630 2275 3682 rant,
2313 3619 2445 3673 nihil
2478 3621 2701 3673 omnino
2767 3630 3023 3674 curantes
3069 3634 3165 3674 eos
3232 3620 3324 3687 qui
3379 3617 3565 3685 gratim.
3617 3614 3714 3670 do-

2136 3728 2263 3764 ruun
2290 3712 2589 3780 possident.
2624 3710 2749 3765 Ideo
2794 3711 3118 3765 amictiones
3148 3719 3201 3764 et
3230 3710 3586 3764 contusiones
3618 3722 3717 3775 no-

2135 3810 2264 3855 stra:
2297 3800 2480 3854 multae
2508 3798 2661 3854 facta:
2706 3809 2853 3861 sunt,
2901 3812 2955 3855 et
3004 3815 3113 3870 prre
3153 3800 3408 3854 omnibus
3462 3790 3715 3867 gentibus

2134 3893 2677 3962 contemptibiles,ct
2731 3894 2941 3947 minimi
3001 3894 3172 3947 habiti
3210 3907 3421 3955 sumus,
3478 3900 3533 3946 et
3582 3891 3715 3946 dum

2136 3983 2402 4036 violenter
2426 3983 2749 4038 festinamus
2780 3999 2841 4037 ea
2864 3999 2982 4052 quze
3013 3998 3123 4036 non
3154 3982 3308 4037 decet
3338 3982 3628 4049 attingere,
3657 3989 3717 4057 ,σι

2139 4072 2206 4125 iis
2248 4086 2386 4139 quos
2438 4088 2545 4126 non
2584 4081 2800 4141 oportet
2856 4073 3150 4138 imperare,
3194 4071 3353 4125 nobis
3397 4069 3733 4139 alienigena:-

2138 4163 2535 4229 dominantur;
2563 4163 2798 4232 dumque
2832 4161 3063 4217 facimus
3095 4177 3218 4231 qua:
3250 4162 3360 4216 Deo
3397 4156 3712 4229 displicent,

2139 4254 2348 4307 inimici
2394 4254 2568 4308 nostri
2606 4254 2809 4322 Deique
2869 4265 3271 4322 consequenter
3325 4252 3481 4307 nobis
3540 4248 3717 4322 insit!-

2142 4354 2505 4411 tant.ctqu:e
2533 4345 2691 4399 nobis
2720 4310 2874 4397 sacra
2933 4310 3085 4406 sunt',
3142 4340 3446 4411 possident,
3500 4310 3717 4413 Deoqite

2141 4438 2476 4493 eopsecratis
2518 4437 2799 4506 potiuntur
2824 4452 2839 4501 ;
2873 4437 3010 4489 eheu
3038 4436 3052 4490 l
3079 4435 3458 4490 existimantes
3505 4435 3715 4491 lucrum

2141 4530 2360 4597 aliquod
2387 4529 2589 4589 facere,
2624 4527 2844 4596 propria
2877 4538 3062 4581 nostra
3088 4528 3451 4595 perdidimus.
3513 4528 3714 4583 Messes

2141 4630 2195 4672 et
2225 4620 2443 4672 fructus
2480 4629 2701 4673 nostros
2730 4618 2999 4689 colligunt
3052 4618 3262 4672 inimici
3309 4615 3520 4683 'itostri,
3541 4636 3716 4689 eaque

2071 4732 2111 4785 ι)
2143 4719 2268 4761 ante
2308 4710 2498 4762 oculos
2543 4716 2762 4762 nostros
2825 4708 3139 4763 comedunt.
3194 4706 3299 4761 Sed
3348 4710 3556 4762 utinam
3623 4712 3716 4763 tlat

2141 4800 2300 4869 hujus
2330 4800 2643 4870 gravissimi
2678 4800 2804 4853 mali
2835 4800 3083 4868 quaedam
3110 4802 3346 4861 sanatio,
3374 4809 3427 4854 et
3448 4816 3568 4867 quae
3584 4812 3715 4855 sunt

2135 4893 2379 4947 Cmsaris
2411 4893 2763 4946 dimittantur
2796 4892 3019 4957 Caesari,
3047 4900 3101 4946 et
3160 4906 3282 4959 quae
3332 4890 3427 4948 Dei
3470 4893 3601 4956 Deo,
3656 4903 3716 4948 ut

2136 4987 2321 5039 omnia
2359 4985 2488 5037 [iant
2535 4982 2627 5036 Dei
2660 4983 3041 5037 benedictione
3082 4983 3265 5049 iligna,
3301 4985 3715 5055 consistantque

2137 5088 2293 5128 sacra
2345 5084 2399 5126 et
2438 5082 2859 5135 conserventur,
2912 5083 2965 5126 et
3012 5073 3300 5127 sacularia
3362 5084 3712 5144 augeantur;

2138 5181 2247 5219 non
2282 5172 2465 5218 autem
2505 5165 2866 5227 contrarium,
2896 5175 2951 5215 ut
2977 5164 3046 5217 ab
3079 5164 3313 5219 invicem
3353 5179 3715 5235 corrumpan-

2138 5269 2247 5313 tnr.
2272 5257 2542 5323 Quoniam
2578 5259 2671 5326 qui
2726 5272 2755 5310 a
2790 5259 3060 5327 principio
3112 5258 3367 5313 inimicus
3396 5268 3585 5313 noster
3628 5267 3714 5315 est

2137 5363 2192 5407 et
2250 5354 2515 5406 molestus
2549 5362 2863 5420 corruptor,
2898 5352 2950 5404 in
3012 5353 3281 5422 ejusmodi
3333 5353 3496 5407 rebus
3557 5352 3713 5408 testi-

2141 5453 2257 5507 nat,
2290 5453 2348 5497 ut
2378 5444 2744 5498 sacerdotium
2773 5458 2894 5495 cum
2954 5444 3089 5498 viris
3125 5445 3229 5511 piis
3288 5446 3614 5508 committat,
3652 5446 3713 5499 il-

2140 5535 2341 5605 ludque
2392 5544 2613 5599 atterat,
2658 5551 2923 5602 sacraque
2972 5545 3026 5588 et
3077 5535 3262 5589 divina
3314 5544 3543 5590 evertat.
3604 5536 3709 5589 Sed

2140 5630 2471 5677 evertatura
2536 5621 2762 5675 Domino
2821 5624 3017 5688 malus,
3060 5634 3355 5692 vivanlqne
3412 5634 3601 5679 sancte
3658 5634 3712 5679 et

2141 5711 2256 5767 Deo
2297 5721 2544 5766 amanter
2575 5712 2757 5766 ﬁdeles
2789 5728 2842 5766 et
2889 5714 3107 5777 pietatis
3154 5716 3407 5781 studiosi,
3470 5726 3524 5770 et
3565 5732 3710 5771 mer-

2142 5803 2329 5858 cedem
2366 5803 2649 5858 seutentiae
2678 5802 2898 5857 Christo
2928 5806 3144 5859 dilecta:
3176 5816 3474 5875 reportent,
3540 5810 3714 5864 liber-

2144 5904 2422 5963 tatemque
2447 5908 2541 5962 per
2574 5894 2856 5950 Christum
2902 5897 2970 5950 ab
3004 5896 3088 5951 his
3118 5900 3378 5967 gravibus
3420 5900 3712 5967 molestiis,

2143 5986 2616 6059 omnitariumque
2674 5986 2942 6045 bonorum
3004 6000 3380 6061 augmentum.
3415 5990 3714 6051 Ordinatus
