4408 6798
421 593 522 667 43¹1

1486 591 1583 649 DE
1629 589 1902 649 SACRIS
1931 588 2626 655 ORDINATIONIBUS.

3572 580 3602 641 ι
3614 588 3684 650 38

416 715 496 773 είς
522 710 612 762 τὸν
635 710 797 763 τόπον
826 711 923 779 τῆς
955 708 1125 776 αὐτῆς
1166 708 1524 775 Ἐκκλησίας,
1555 709 1656 777 ἤδη
1682 708 1777 761 καὶ
1806 706 1995 760 τοῦτον
2030 720 2071 770 Α
2104 715 2157 768 in

1945 724 1995 760 ον
2030 720 2071 770 Α
2104 715 2157 768 in
2189 717 2370 769 medio
2394 724 2528 776 stat,
2555 725 2604 769 et
2642 701 2931 782 postquam
2995 725 3116 764 sese
3163 723 3350 763 coram
3410 704 3686 770 archiepi-

417 802 774 871 παραλαϐών.
814 802 905 853 Διὸ
949 801 1042 851 καὶ
1087 800 1115 851 ὀ
1159 800 1455 867 ἀσπασμὸς
1499 798 1730 879 γίνεται,
1765 796 1851 849 ἵνα
1901 797 1996 849 καὶ

418 894 510 947 τὸν
534 895 722 959 θρόνον
749 892 914 945 αὑτοῦ
956 892 1096 962 λάϐῃ
1142 893 1239 944 καὶ
1286 889 1661 959 συγκάθεδρος
1692 890 1995 958 ἀναγορευ-

418 987 482 1055 θῇ
534 989 631 1054 τῆς
686 986 902 1038 συνόδου
944 987 1038 1039 καὶ
1092 985 1415 1053 συγκριτής.
1458 984 1568 1036 Καὶ
1613 983 1679 1051 δὴ
1730 981 1869 1035 κατὰ
1901 982 2000 1050 τὴν

417 1081 569 1146 τάξιν
592 1080 685 1132 τοῦ
705 1080 893 1149 θρόνου
914 1077 1077 1132 αὑτοῦ
1106 1080 1199 1131 καὶ
1221 1078 1319 1146 τὴν
1346 1075 1514 1146 τιμὴν
1538 1075 1672 1143 ἔχει·
1702 1079 1799 1127 καὶ
1824 1074 1998 1144 κάθη-

418 1188 509 1226 ται
545 1173 637 1226 καὶ⁴
662 1171 1020 1240 γνωμοδοτεί,
1064 1169 1160 1222 καὶ
1186 1169 1253 1223 τὰ
1285 1166 1450 1220 λοιπὰ
1477 1167 1715 1234 ἐνεργεῖ.

1197 1341 1272 1385 ..ο

983 1414 1234 1537 πτολις.
1274 1454 1443 1510 ΣΚΓ.

424 1578 692 1632 Διατιοὲν
717 1576 798 1640 τῷ
845 1575 1022 1643 τρίτῳ
1055 1573 1156 1643 καὶ
1197 1572 1530 1633 τελευταίῳ
1561 1567 1868 1643 atrii/amici»
1909 1568 2009 1643 ουτ

497 1651 689 1717 μίαμα
714 1636 1385 1717 μετὰξροδοστάγματ-ος
1436 1641 1880 1717 προσφέρεται)
1912 1636 2009 1688 καὶ

500 1706 631 1785 Ere-pi
672 1706 778 1783 τῆς
816 1706 1497 1785 λεγοιίιένηςῖπράξεως,
1555 1706 1687 1785 iier
1743 1706 2011 1777 γράμμα-

496 1779 619 1852 Ioc,
654 1779 1035 1853 τάπερϊτῆς
1066 1779 1445 1851 χειροτονίας
1465 1779 1832 1846 δηλοῦντος.

510 1888 666 1955 Ἐπεὶ
694 1901 751 1954 δὲ
795 1899 969 1952 ταῦτα
1014 1898 1103 1950 διὰ
1149 1882 1252 1966 τῆς
1284 1894 1506 1965 χάριτος
1536 1891 1721 1954 ἔλαϐε,
1765 1890 1861 1943 καὶ⁵
1904 1888 2014 1941 τῶν

427 1996 679 2063 εύότμων
711 1989 1083 2061 προσφέρεται
1135 2005 1211 2055 τι,
1247 1981 1359 2039 οἷον
1395 1985 1764 2055 ῥοδόσταγμα,
1794 1983 1889 2034 καὶ
1920 1980 2015 2031 θυ-

2102 823 2269 879 scopo
2306 807 2611 869 inclinavit,
2640 806 2886 859 assidere
2916 803 3164 873 jubetur.
3201 801 3368 855 Sedet
3418 798 3593 852 autem
3630 796 3681 847 ξ..

2103 902 2225 955 loco
2250 901 2496 955 ecclesiae
2542 914 2654 954 sua:
2689 898 2875 952 debito
2902 941 2918 964 ,
2946 898 3057 967 jam
3082 896 3229 950 illius
3260 902 3520 963 capturus
3554 904 3682 957 pos.-

2105 994 2443 1059 sessionem;
2476 992 2600 1046 ideo
2623 991 2768 1045 enim
2808 992 2865 1043 tit
2889 990 2978 1044 illa
3014 989 3295 1047 salutatio,
3331 998 3388 1039 ut
3421 986 3678 1043 thronum

2105 1099 2269 1138 suum
2295 1085 2556 1153 accipiat,
2594 1092 2647 1138 et
2678 1082 2872 1157 synodi
2909 1080 3287 1149 promulgatur
3326 1092 3593 1131 asscssor.
3631 1084 3678 1121 οι

2105 1192 2229 1233 cum
2262 1177 2385 1231 aliis
2432 1177 2619 1245 judex.
2655 1158 2789 1227 Nam
2826 1169 3152 1228 "secundum
3201 1170 3445 1226 ordinem
3502 1170 3685 1221 throni

2107 1269 2194 1324 sui
2228 1278 2281 1324 et
2310 1270 2632 1331 honoratur,
2665 1278 2718 1345 et
2750 1267 2923 1332 sedet,
2967 1276 3021 1321 et
3071 1264 3400 1321 sententiam
3453 1261 3602 1322 dicit,
3639 1268 3688 1310 et

2107 1372 2305 1417 caetera
2334 1376 2618 1430 operatur.
2687 1419 2704 1439 ῃ
3132 1348 3143 1403 ἒ
3339 1369 3367 1439 ς’

2637 1471 2868 1531 CAPUT
2898 1472 3177 1530 CCXXlll.
3232 1510 3235 1519 ι

2119 1590 2302 1657 Quare
2339 1590 2408 1643 ad
2436 1591 2651 1647 tertium
2688 1598 2737 1657 et
2775 1592 3023 1649 ultimum
3053 1590 3291 1643 osculum
3342 1590 3543 1656 su/ﬁtus
3577 1602 3692 1637 Cum

2188 1678 2335 1730 aqua
2372 1677 2589 1715 rosacea
2630 1660 2873 1726 offertur.
2904 1673 2951 1715 et
2992 1660 3057 1713 de
3106 1663 3313 1714 actione
3363 1662 3470 1711 sive
3502 1661 3696 1721 scro‘i’w

2194 1748 2297 1801 quo
2332 1730 2532 1802 singuli
2573 1731 3089 1785 ordinationis'ritus
3113 1741 3471 1798 exponuntur.
3518 1750 3523 1767 τ

2188 1887 2325 1960 Cum
2363 1914 2543 1961 autem
2592 1922 2690 1975 per
2720 1907 2955 1978 gratiam
3016 1907 3133 1961 haec
3198 1908 3494 1974 acceperit,
3540 1908 3702 1961 otii-rt

2124 1998 2329 2067 aliquid
2389 1999 2741 2063 suaveolens,
2797 1998 2967 2053 veluti
3014 2014 3238 2056 roseum
3295 2000 3588 2069 liquorem.
3648 2008 3701 2053 ct

434 2087 619 2157 μίαμα
644 2085 733 2137 διά
753 2083 845 2137 τοῦ
873 2084 966 2135 ἐπὶ
994 2081 1097 2151 τῆς
1133 2079 1412 2145 εὐταξίας,
1442 2078 1500 2140 ὃς
1531 2076 1628 2129 καὶ
1658 2074 2012 2144 προηγεῖται,
2048 2067 2091 2123 Β
2118 2104 2175 2158 φ

1960 2088 2012 2135 -ιυ
2048 2067 2091 2123 Β
2118 2102 2239 2158 quae
2269 2087 2511 2144 sumtum
2544 2099 2667 2158 apta
2695 2099 2825 2145 sunt
2859 2090 3059 2155 facere,
3090 2107 3184 2158 per
3211 2067 3365 2145 eum
3397 2091 3491 2159 qui
3532 2106 3701 2146 ctrre-

431 2180 528 2231 καὶ
562 2178 653 2229 τον
691 2175 1145 2246 χειροτονηθέντα
1176 2175 1233 2224 ἐν
1260 2171 1472 2232 τούτοις
1506 2169 1640 2221 πᾶσι
1674 2164 2013 2236 προπέμπει.

430 2271 618 2333 Οὕτως
680 2268 850 2334 οὖνὸ
918 2265 1326 2337 χειροτονηθεὶς
1382 2262 1679 2331 ἀρχιερεὺς
1741 2255 2019 2317 καταστάς

432 2365 612 2419 πάντα
636 2363 706 2415 τὰ
740 2361 1109 2430 νενομισμένα
1133 2360 1442 2412 τετέλεκεν.
1474 2356 1569 2416 Ὃς
1594 2352 1693 2405 καὶ⁵
1723 2349 2019 2419 ἐγγράφως

431 2456 701 2525 λαμόάνει
752 2455 823 2507 τὰ
858 2453 989 2523 περὶ
1040 2450 1207 2505 αὑτοῦ
1255 2449 1627 2517 ὑπομνήματα
1669 2446 1750 2508 εἰς
1780 2445 2019 2513 δήλωσιν

431 2547 759 2616 ἀσφαλείας,
794 2546 1035 2617 γράμμα
1060 2542 1241 2597 λαϐὼν
1268 2542 1444 2594 πάντα
1472 2541 1727 2607 περιέχον
1757 2540 1856 2601 τὴν
1886 2537 2020 2590 ἀνα-

431 2641 626 2710 γωγὴν
661 2640 851 2702 αὑτοῦ,
878 2640 978 2706 τὴν
1009 2635 1336 2706 ἱερωσύνην,
1360 2635 1450 2686 τὸν
1476 2631 1613 2702 βίον,
1646 2631 1745 2692 τάς
1770 2629 2010 2699 ψήφους,

435 2731 532 2784 καὶ
559 2730 665 2783 ὑπὸ
696 2729 863 2782 τίνων
889 2728 1214 2797 ἐψήφισται,
1244 2726 1339 2776 καὶ
1370 2725 1519 2784 ὅπως
1551 2720 1656 2790 τὴν,
1680 2718 2020 2789 ἀρχιερωσύ-

435 2837 535 2888 νην
567 2819 870 2881 κανονικῶς
900 2819 1115 2872 ἐλαϐεν.
1174 2818 1239 2869 ’0
1287 2815 1352 2883 δὴ
1401 2814 1498 2865 καὶ
1531 2813 1558 2864 ό
1591 2810 2022 2881 ἀρχιεπίσκοπος

433 2910 778 2979 ὑπογράφει,
810 2910 906 2963 καὶ
940 2908 1137 2978 βούλλῃ
1184 2905 1363 2968 οἰκεία
1421 2901 1740 2972 σφραγίζει,
1776 2900 1851 2961 ὡς
1887 2899 1952 2952 ἂν
1985 2900 2019 2967 ἡ

435 3002 517 3067 είς
538 3001 636 3074 τὴν
667 3002 981 3071 ἐπισκοπὴν
1003 3000 1339 3060 κατάστασις
1364 2996 1721 3067 ἐμμάρτυρος
1748 2992 1940 3045 τούτου

996 3287 1245 3351 ΚΕΦΑΔ.
1286 3284 1459 3337 ΣΚΔ’.

440 3385 577 3453 Περὶ
617 3384 1049 3449 καταστάσεως
1075 3381 1172 3434 καί
1203 3379 1599 3448 χειροτονίας,
1629 3375 2020 3445 πατριάρχου.
2049 3400 2095 3462 C

525 3477 679 3529 Ἐπεὶ
728 3476 786 3529 δὲ
837 3475 936 3528 καὶ
979 3476 1009 3527 ὁ
1060 3474 1409 3541 πατριάρχης
1445 3470 1768 3531 ἐπίσκοπος,
1817 3468 2022 3536 ἴδωμεν

443 3570 541 3625 καὶ
564 3568 636 3623 τὰ
662 3567 786 3621 κατ’
814 3566 978 3619 αὐτὸν
1009 3567 1069 3618 ἐν
1102 3568 1169 3633 τῇ
1207 3562 1517 3633 χειροτονίᾳ
1551 3558 1646 3613 τοῦ
1693 3558 2020 3611 ἐπισκόπου.

445 3661 797 3732 Πατριάρχου
850 3659 987 3728 πρὸς
1040 3655 1175 3708 Θεὸν
1227 3655 1637 3724 μεταστάντος,
1690 3650 1866 3710 οὐδεὶς
1917 3649 2027 3699 τῶν

446 3756 752 3825 ἀρχιερέων
782 3754 848 3822 τῇ
882 3750 1109 3820 Μεγάλῃ
1138 3749 1278 3822 ᾷλως
1340 3745 1613 3814 ἐκκλησία
1662 3742 2023 3814 παραϐάλλει,

449 3848 541 3902 ἶνα
576 3847 649 3916 μὴ
687 3844 763 3908 ὡς
797 3842 1063 3912 ἐπιϐάτης
1108 3840 1359 3910 λογισθῇ.
1393 3837 1501 3891 Τοῦ
1548 3836 1819 3907 βασιλέως
1848 3835 1918 3888 δέ
1952 3833 2028 3895 ὡς

451 3915 673 3996 ἐκδίκου
705 3938 805 4007 τῆς
845 3934 1181 4005 Ἑκκλησίας
1222 3931 1544 4003 προτροπὴν
1575 3915 1782 3983 ἄνωθεν
1813 3928 2027 3997 ἔχοντος

454 4035 561 4086 τῶν
586 4031 748 4085 θείων
790 4028 1075 4095 Πατάρων,
1133 4024 1351 4077 σύνοδον
1403 4021 1555 4091 ίεράν
1618 4020 1808 4074 τούτου
1867 4018 2029 4087 χάριν

457 4126 709 4190 συνάγειν
757 4119 1103 4189 ἀρχιερέων,
1161 4114 1323 4176 αὐτὸς
1378 4114 1446 4183 δὴ
1499 4113 1527 4164 ό
1574 4110 1827 4181 βασιλεὺς
1903 4107 2030 4169 τοὺς

456 4213 873 4284 πλησιοχώρους
909 4208 1301 4279 προσκαλεῖται
1332 4206 1421 4259 διὰ
1454 4203 1899 4275 προσταγμάτων
1930 4201 2032 4267 άρ-

457 4305 684 4375 χιερεῖς.
714 4298 822 4352 Καὶ
856 4294 1235 4365 συναχθέντων
1270 4292 1473 4357 αὐτῶν,
1507 4292 1708 4354 πάντες
1736 4291 1791 4343 οἵ
1808 4307 1867 4343 τε
1898 4291 2034 4357 πρό-

458 4410 619 4463 τερον
645 4391 799 4452 ὄντες
824 4390 884 4440 ἐν
913 4390 979 4457 τῇ
1007 4386 1219 4457 μεγάλῃ
1251 4385 1428 4448 πόλει,
1453 4385 1505 4437 οῖ
1524 4401 1585 4436 τε
1616 4380 2036 4451 συναθροισθέν-

459 4499 550 4544 τες
606 4478 805 4543 ἔξωθεν
857 4478 973 4529 ὅσοι
1020 4474 1247 4526 δυνατὸν
1299 4472 1497 4533 ἐλθεῖν,
1554 4471 1678 4522 ἐπεὶ
1726 4470 1820 4522 καὶ
1876 4469 2035 4537 εῐπερ

371 4568 379 4572 ’
464 4577 667 4631 πάντες
695 4565 837 4639 ἦσαν
872 4560 1171 4628 κανονικοὶ,
1206 4564 1301 4617 τοῦ
1350 4563 1615 4632 βασιλέως
1652 4561 2037 4631 προστάγματι

465 4663 603 4734 ὁμοῦ
633 4662 961 4727 συνάγονται
1012 4660 1071 4708 ἐν
1119 4655 1250 4724 ἱερῷ
1292 4653 1444 4723 τόπῳ
1488 4654 1591 4706 ἐνί.
1642 4654 1753 4705 Καὶ
1794 4652 1952 4705 τοῦτο
1979 4653 2037 4704 δὲ

2122 2182 2326 2237 moniis
2357 2186 2556 2239 ordine
2584 2184 2812 2254 agendis
2846 2185 3175 2255 praepositus
3204 2190 3307 2248 est,
3340 2186 3434 2254 qui
3491 2184 3545 2239 in
3602 2186 3705 2238 hu-

2119 2273 2362 2341 iusmodi
2393 2284 2448 2331 et
2474 2277 2650 2346 prmit,
2699 2286 2754 2331 et
2779 2277 3091 2331 ordinatum
3110 2277 3353 2332 deducit.
3377 2277 3513 2331 Cum
3543 2276 3705 2345 igitur

2120 2365 2202 2421 sic
2231 2366 2519 2437 episcopus
2561 2368 2859 2423 institutus
2899 2369 3086 2422 omnia
3142 2385 3264 2434 qua:
3321 2369 3531 2435 legibus
3585 2381 3704 2422 sta-

2124 2466 2241 2511 tuta
2274 2467 2405 2528 sunt
2435 2457 2751 2528 perfecerit.
2780 2461 2992 2529 scripto
3021 2463 3187 2529 etiam
3225 2462 3424 2530 accipit
3448 2461 3706 2519 testiﬁca—

2122 2550 2326 2603 tionem
2359 2550 2672 2605 securitatis
2694 2566 2858 2606 causa
2885 2568 3077 2608 eorum
3119 2570 3240 2623 quae
3276 2559 3342 2609 de
3394 2556 3513 2623 ipso
3559 2555 3704 2622 dicta

2122 2639 2337 2694 factave
2384 2651 2554 2707 sunt;
2609 2642 2848 2711 diploma
2905 2659 3099 2715 nempe
3152 2648 3335 2699 omnia
3390 2646 3704 2709 contini-ns,

2124 2732 2525 2788 institutionem
2564 2735 2761 2804 ipsius,
2798 2752 3004 2801 mores,
3060 2740 3455 2803 sacerdotium,
3512 2740 3707 2794 summ

2122 2825 2230 2894 gia.
2264 2835 2317 2878 et
2349 2841 2378 2879 a
2408 2826 2610 2895 quibus
2641 2828 2899 2899 suﬂragia
2958 2832 3189 2900 accepit,
3242 2846 3421 2907 quaye
3493 2832 3705 2886 ratione

2124 2914 2506 2982 episcopatum
2543 2918 2808 2972 canonice
2856 2921 3118 2987 suscepit.
3160 2918 3275 3006 llne
3329 2920 3701 2974 testimOnium

2125 3006 2579 3076 archiepiscopus
2617 3008 2915 3063 subscribit
2944 3020 2997 3064 et
3023 3010 3166 3066 bulla
3189 3012 3407 3081 propria
3434 3012 3707 3081 obsignat,

2128 3102 2187 3146 ut
2215 3094 2284 3147 sit
2316 3094 2393 3148 illi
2430 3098 2794 3165 promotionis
2826 3109 2880 3154 et
2912 3100 3281 3157 institutionis
3324 3102 3391 3156 ad
3424 3101 3709 3173 cpiscopu-

2128 3195 2241 3239 tum
2268 3187 2598 3242 testiﬁcatio.

2646 3278 2874 3336 CAPUT
2912 3279 3195 3339 CCXXIV.

2237 3369 2315 3424 De
2363 3373 2743 3427 constitutione
2792 3384 2842 3427 et
2889 3375 3226 3428 ordinatione
3254 3376 3597 3443 patriarchw.

2200 3461 2337 3516 Cum
2376 3473 2561 3518 autem
2593 3466 2888 3533 episcopus
2944 3466 3003 3520 ﬁt
3038 3466 3383 3535 patriarcha,
3428 3470 3710 3525 videamus

2127 3554 2258 3622 quid
2295 3554 2350 3607 in
2376 3555 2498 3623 ejus
2532 3558 2953 3612 consecratione
3006 3559 3292 3613 observari
3353 3562 3548 3616 soleat.
3608 3560 3710 3613 Pa-

2128 3646 2368 3699 triarcha
2396 3662 2463 3721 ex
2506 3647 2606 3699 hac
2639 3647 2746 3700 vita
2778 3648 2843 3699 ad
2889 3649 3057 3701 Deum
3086 3650 3332 3720 proiecto
3374 3652 3559 3706 nullus
3593 3667 3712 3705 om-

2129 3737 2263 3790 nino
2291 3738 2675 3806 episcoporum
2701 3739 2770 3792 ad
2814 3739 3060 3807 Magnam
3127 3742 3417 3796 ecclesiam
3476 3743 3709 3807 accedit,

2130 3842 2198 3881 ne
2221 3829 2404 3883 sedem
2445 3828 2588 3883 hanc
2620 3830 2879 3886 invadere
2903 3832 3043 3887 velle
3069 3833 3323 3888 videatur
3349 3853 3364 3891 :
3389 3835 3484 3890 sed
3539 3836 3711 3904 impe-

2130 3925 2361 3972 ratorea
2387 3918 2455 3977 de
2508 3934 2675 3974 causa
2716 3936 2929 3977 sacram
2995 3924 3380 3993 episcoporum
3435 3926 3708 3995 synodum

2131 4018 2421 4074 convocat,
2453 4025 2516 4065 ea
2569 4022 2734 4067 utens
2800 4016 3130 4072 auctoritate
3180 4017 3286 4073 sibi
3324 4019 3627 4088 antiquitus
3681 4036 3712 4075 a

2132 4102 2336 4156 divinis
2380 4102 2634 4159 Patribus
2690 4117 2747 4160 ut
2780 4106 3041 4175 Ecclesia:
3084 4109 3365 4166 defensori
3429 4127 3713 4168 concessa.

2132 4192 2376 4247 Advocat
2406 4194 2571 4263 igitur
2592 4195 2645 4249 in
2674 4196 2887 4261 urbem,
2926 4200 3093 4268 regiis
3121 4200 3237 4255 suis
3256 4200 3476 4265 litteris,
3505 4202 3716 4258 vicinos

2133 4284 2421 4352 episcopos
2469 4296 2735 4354 quantum
2786 4288 2901 4343 lieri
2965 4298 3188 4359 potest;
3246 4307 3372 4345 nam
3425 4292 3471 4348 si
3527 4309 3717 4348 omnes

2136 4375 2413 4440 adessent,
2432 4393 2524 4432 res
2545 4388 2694 4433 esset
2725 4379 2883 4449 plane
2908 4383 3193 4436 canonica.
3213 4380 3293 4436 Illi
3329 4384 3493 4455 igitur
3522 4401 3717 4442 secun-

2139 4469 2266 4522 dum
2303 4469 2487 4538 regias
2512 4469 2725 4525 litteras
2762 4470 2926 4526 simul
2957 4488 3083 4526 cum
3128 4474 3194 4528 iis
3226 4474 3321 4543 qui
3355 4476 3405 4526 in
3439 4477 3570 4529 urbe
3602 4486 3716 4527 tum

2139 4560 2507 4613 versanturin
2542 4559 2664 4616 loco
2694 4574 2853 4617 sacro
2904 4573 3332 4633 congregantur.
3367 4563 3442 4617 Es
3494 4566 3718 4635 alllltllll

2143 4659 2325 4705 autem
2378 4653 2780 4709 consuetudine
2833 4655 2935 4708 soli
3000 4671 3108 4709 non
3156 4668 3598 4726 congregantur,
3654 4674 3721 4711 ne

465 4756 695 4825 ἀρχαῖον
744 4750 866 4813 ἐθος
917 4751 977 4803 τὸ
1028 4749 1103 4817 μὴ
1166 4747 1363 4816 μόνους
1413 4744 1766 4814 συνάγεσθαι,
1818 4745 1905 4797 ἶνα
1963 4745 2039 4814 μὴ
2076 4735 2200 4797 Dsc

1977 4745 2039 4814 ιὴ
2076 4735 2116 4789 D
2143 4743 2439 4797 schismata
2470 4744 2613 4799 inter
2650 4759 2744 4799 eos
2773 4757 2826 4799 et
2876 4746 3148 4803 tumultus
3181 4748 3525 4818 COIIlingalll.
3574 4752 3718 4810 (Son-

468 4846 747 4917 σχίσματά
771 4860 895 4897 τινα.
922 4841 1163 4911 συμϐαίη
1188 4838 1441 4907 γενέσθαι
1464 4839 1561 4891 καὶ
1581 4838 1850 4907 ταραχάς.
1873 4837 2041 4889 Συνά-

468 4956 660 5008 γονται
689 4938 746 4990 δὲ
775 4936 877 4989 οὐκ
906 4936 965 4987 ἐν
991 4933 1068 5001 τῷ
1102 4933 1326 5001 μεγάλῳ
1361 4929 1471 4999 ναῷ
1493 4931 1585 4983 τοῦ
1617 4930 2041 4999 πατριαρχείου,

470 5034 555 5087 ὅτι
592 5028 939 5097 πατριάρχης
980 5027 1080 5077 οὐκ
1125 5025 1262 5086 ἔστι,
1303 5028 1398 5074 καὶ
1450 5021 1623 5074 οὔτινι
1658 5022 1810 5074 ἄδεια
1862 5024 2043 5074 ἐκεῖσε

474 5120 833 5191 παραὸαλιίν,
853 5118 968 5172 ἀλλ’
997 5120 1055 5169 ἐν
1089 5116 1169 5183 τῷ
1198 5115 1306 5168 τῶν
1338 5116 1508 5181 άγίων
1544 5115 1886 5167 Ἀποστόλων
1916 5114 2047 5183 θείῳ

478 5213 657 5285 σηκῷ,
690 5212 779 5264 διὰ
807 5212 908 5279 τὴν
935 5211 1094 5278 χάριν
1129 5208 1239 5260 τῶν
1285 5206 1620 5268 ἀποστόλων,
1658 5206 1751 5259 καὶ
1792 5208 1875 5259 ὅτι
1916 5208 2049 5258 ἁπο-

477 5306 721 5359 στολικὸν
746 5309 809 5354 τὸ
834 5302 1233 5368 λειτούργημα,
1287 5302 1382 5351 καὶ
1428 5298 1616 5367 κύκλῳ
1646 5298 1704 5350 δέ
1745 5300 1802 5352 αί
1836 5299 2049 5361 εἰκόνες

477 5398 587 5451 τῶν
613 5392 943 5455 ἀποστόλων,
968 5391 1043 5453 ὡς
1073 5393 1168 5443 καὶ
1200 5393 1258 5443 ἐν
1287 5389 1363 5457 τῷ
1390 5389 1711 5459 ψηφιφορίῳ
1736 5391 1784 5441 ot
1818 5390 2051 5441 ἀπόστο-

477 5495 564 5543 λοι
596 5488 981 5556 ἁνιστόρηνται
1010 5484 1219 5537 ἄνωθεν
1259 5484 1320 5534 τὸ
1348 5482 1573 5551 Πνεῦμα
1604 5483 1906 5550 δεχόμενοι.
1939 5485 2051 5551 Τῆς

484 5582 650 5651 εὐχῆς
683 5576 797 5642 οὖν,
833 5579 924 5630 καὶ
944 5578 1051 5628 τῶν
1082 5575 1248 5642 τριῶν
1277 5574 1473 5641 φώτων
1517 5575 1610 5627 καὶ
1642 5575 1735 5629 τοῦ
1772 5576 2055 5646 θυμιάμαο

483 5691 598 5740 τος,
624 5676 719 5726 καὶ
745 5672 838 5723 τοῦ
869 5664 1243 5737 μνημοσύνου,
1286 5665 1380 5717 καὶ
1408 5666 1507 5735 τῆς
1542 5665 1859 5729 ἀπολύσεως
1903 5670 2053 5737 παρά

486 5767 582 5823 τοῦ
616 5764 835 5835 πρώτου
864 5758 1165 5829 ἀρχιερέως
1188 5756 1553 5809 τελεσθέντων
1576 5799 1590 5823 ,
1629 5759 2073 5827 συμψαλλόντων

490 5860 587 5914 καὶ
643 5853 1055 5922 συνευχομένων
1116 5852 1208 5901 καὶ
1268 5849 1378 5901 τῶν
1430 5848 1655 5914 λοιπῶν,
1715 5852 1856 5904 κατά
1904 5854 2059 5919 τάξιν

492 5954 779 6021 κάθηνται,
816 5947 975 6017 μόνον
1000 5944 1095 5999 τοῦ
1126 5941 1542 6015 χαρτοφύλακος
1581 5944 1763 6008 αὐτοῖς
1790 5961 2058 6014 συμπαρ-

492 6046 666 6117 όντοίν
698 6041 791 6095 καὶ
834 6037 907 6101 ὡς
956 6036 1075 6099 ἔθος
1117 6036 1173 6089 αἱ
1222 6034 1393 6104 ψῆφοι
1439 6035 1498 6089 ἓν
1528 6038 1676 6107 τρισὶ
1722 6035 2060 6107 προσώποις,

2144 4846 2444 4907 gregantur
2476 4845 2660 4891 autem
2717 4852 2826 4891 non
2868 4839 2921 4891 in
2965 4853 3164 4908 magno
3216 4842 3528 4909 patriarcltii
3592 4852 3724 4895 tem-

2147 4927 2257 4997 plo,
2281 4942 2348 4982 eo
2384 4926 2527 4996 quod
2562 4941 2667 4980 non
2695 4938 2778 4982 est
2831 4929 3169 4997 patriarcha,
3232 4932 3548 4999 nominique
3599 4932 3723 4985 Ιὶιιι·ι

2146 5018 2280 5074 illud
2313 5018 2593 5083 accedere,
2617 5020 2710 5073 sed
2750 5020 2804 5074 in
2843 5020 3025 5073 divina
3065 5019 3390 5075 Sanctorum
3437 5022 3724 5091 Apostolo-

2148 5128 2271 5167 rum
2322 5112 2575 5178 ecclesia,
2635 5122 2747 5165 tum
2794 5121 3015 5182 propter
3065 5115 3297 5183 gratiam
3346 5117 3720 5183 apostolicam,

2151 5214 2266 5259 tum
2304 5213 2527 5274 propter
2588 5203 2960 5259 ministerium
2999 5205 3377 5275 apostolicum.
3426 5205 3584 5260 Circa
3629 5224 3725 5279 eis

2150 5313 2401 5369 appensa:
2436 5306 2566 5351 sunt
2598 5296 2978 5367 apostolorum
3012 5298 3300 5366 imagines,
3329 5298 3475 5352 velut
3520 5298 3575 5351 in
3608 5297 3726 5351 loco

2154 5390 2536 5459 sullragiorum
2562 5388 2915 5443 ferendarum
2956 5388 3182 5441 historia
3212 5388 3586 5457 apostolorum
3614 5403 3727 5443 co:-

2156 5484 2286 5536 litus
2309 5480 2575 5549 Spiritum
2612 5480 2992 5550 recipientiqu
3030 5480 3251 5550 depingi
3306 5489 3570 5535 consueta
3618 5491 3721 5536 Bal.

2154 5574 2412 5628 Oratione
2443 5573 2605 5642 igitur
2632 5581 2685 5627 et
2716 5572 2893 5626 tribus
2928 5573 3248 5635 luminibus,
3279 5580 3335 5626 et
3363 5564 3546 5627 thuris
3578 5573 3725 5627 Suni-

2159 5676 2240 5729 to,
2273 5674 2327 5717 et
2355 5666 2709 5727 ruonimento,
2743 5672 2795 5715 et
2841 5662 3188 5716 absolutione
3243 5666 3312 5716 ab
3347 5663 3725 5731 episeoporum

2158 5756 2335 5826 primo
2394 5752 2651 5823 perfectis
2688 5792 2702 5817 ,
2760 5754 3200 5823 caeterissimul
3258 5755 3619 5823 psallentibus
3675 5766 3730 5809 et

2162 5844 2636 5914 comprecantibus
2667 5843 2858 5897 ordine
2888 5845 3097 5908 sedent,
3136 5847 3253 5901 solo
3305 5848 3731 5916 chartpphylace

2164 5938 2298 6007 ipsis
2357 5935 2699 5988 considente.
2791 5934 3058 6001 SulIragia
3153 5944 3335 5988 autem
3429 5916 3773 6008 secundum.

2168 6027 2677 6089 consuetudinem,
2743 6038 2801 6080 ut
2859 6026 3119 6088 diximus,
3178 6028 3230 6081 in
3288 6036 3399 6082 trcs
3474 6039 3733 6093 personas
