  <div class='ocr_page' id='page_1' title='image "/cluster/home/n/w/nwhite01/storage/ocr_20150623/155/hvd.32044025239666/236.png"; bbox 0 0 4408 6724; ppageno 0'>
   <div class='ocr_carea' id='block_1_1' title="bbox 419 518 522 583">
    <p class='ocr_par' dir='ltr' id='par_1_1' title="bbox 419 518 522 583">
     <span class='ocr_line' id='line_1_1' title="bbox 419 518 522 583; baseline -0.049 1"><span class='ocrx_word' id='word_1_1' title='bbox 419 518 522 583; x_wconf 68' lang='grc'><strong>449</strong></span> 
     </span>
    </p>
   </div>
   <div class='ocr_carea' id='block_1_2' title="bbox 1420 515 2558 579">
    <p class='ocr_par' dir='ltr' id='par_1_2' title="bbox 1420 515 2558 579">
     <span class='ocr_line' id='line_1_2' title="bbox 1420 515 2558 579; baseline 0.002 -2"><span class='ocrx_word' id='word_1_2' title='bbox 1420 516 1521 577; x_wconf 87' lang='lat' dir='ltr'><strong>DE</strong></span> <span class='ocrx_word' id='word_1_3' title='bbox 1563 516 1827 577; x_wconf 78' lang='lat' dir='ltr'><strong>SACRIS</strong></span> <span class='ocrx_word' id='word_1_4' title='bbox 1865 515 2558 579; x_wconf 78' lang='lat' dir='ltr'><strong>ORDINATIONIBUS.</strong></span> 
     </span>
    </p>
   </div>
   <div class='ocr_carea' id='block_1_3' title="bbox 3552 519 3674 589">
    <p class='ocr_par' dir='ltr' id='par_1_3' title="bbox 3552 519 3674 589">
     <span class='ocr_line' id='line_1_3' title="bbox 3552 519 3674 589; baseline 0.008 -65"><span class='ocrx_word' id='word_1_5' title='bbox 3552 519 3674 589; x_wconf 44' lang='lat'><strong>‘50.</strong></span> 
     </span>
    </p>
   </div>
   <div class='ocr_carea' id='block_1_4' title="bbox 419 617 2160 699">
    <p class='ocr_par' dir='ltr' id='par_1_4' title="bbox 419 626 2160 699">
     <span class='ocr_line' id='line_1_4' title="bbox 419 626 2160 699; baseline -0.001 -18"><span class='ocrx_word' id='word_1_6' title='bbox 419 629 496 699; x_wconf 84' lang='grc' dir='ltr'>τῷ</span> <span class='ocrx_word' id='word_1_7' title='bbox 532 629 805 696; x_wconf 79' lang='grc' dir='ltr'>πνεύματί</span> <span class='ocrx_word' id='word_1_8' title='bbox 838 646 953 691; x_wconf 86' lang='grc' dir='ltr'>σου,</span> <span class='ocrx_word' id='word_1_9' title='bbox 994 646 1009 677; x_wconf 76' lang='grc' dir='ltr'><strong>ι</strong></span> <span class='ocrx_word' id='word_1_10' title='bbox 1048 626 1196 698; x_wconf 81' lang='grc' dir='ltr'>βοᾷν.</span> <span class='ocrx_word' id='word_1_11' title='bbox 1230 626 1400 681; x_wconf 75' lang='grc' dir='ltr'>Τοῦτο</span> <span class='ocrx_word' id='word_1_12' title='bbox 1421 630 1585 699; x_wconf 89' lang='grc' dir='ltr'><strong>γάρή</strong></span> <span class='ocrx_word' id='word_1_13' title='bbox 1618 627 1711 681; x_wconf 82' lang='grc' dir='ltr'>τοῦ</span> <span class='ocrx_word' id='word_1_14' title='bbox 1738 629 1985 699; x_wconf 80' lang='grc' dir='ltr'><strong>Σωτῆρος</strong></span> <span class='ocrx_word' id='word_1_15' title='bbox 2020 636 2061 688; x_wconf 81' lang='grc' dir='ltr'><strong>Α</strong></span> <span class='ocrx_word' id='word_1_16' title='bbox 2094 628 2160 680; x_wconf 80' lang='lat' dir='ltr'><strong>Et</strong></span> 
     </span>
    </p>
   </div>
   <div class='ocr_carea' id='block_1_5' title="bbox 1920 617 3661 699">
    <p class='ocr_par' dir='ltr' id='par_1_5' title="bbox 1920 617 3661 695">
     <span class='ocr_line' id='line_1_5' title="bbox 1920 617 3661 695; baseline 0.009 -15"><span class='ocrx_word' id='word_1_17' title='bbox 1920 645 1985 691; x_wconf 75' lang='grc' dir='ltr'>»ος</span> <span class='ocrx_word' id='word_1_18' title='bbox 2020 636 2061 688; x_wconf 80' lang='grc' dir='ltr'><strong>Α</strong></span> <span class='ocrx_word' id='word_1_19' title='bbox 2094 628 2160 680; x_wconf 87' lang='lat' dir='ltr'><strong>Et</strong></span> <span class='ocrx_word' id='word_1_20' title='bbox 2187 628 2407 694; x_wconf 76' lang='lat' dir='ltr'><strong>Spiritui</strong></span> <span class='ocrx_word' id='word_1_21' title='bbox 2438 640 2526 685; x_wconf 86' lang='lat' dir='ltr'><strong>tuo</strong></span> <span class='ocrx_word' id='word_1_22' title='bbox 2548 644 2826 686; x_wconf 92' lang='lat' dir='ltr'><strong>resonare.</strong></span> <span class='ocrx_word' id='word_1_23' title='bbox 2886 632 3009 687; x_wconf 76' lang='lat' dir='ltr'><strong>llaec</strong></span> <span class='ocrx_word' id='word_1_24' title='bbox 3031 641 3116 690; x_wconf 88' lang='lat' dir='ltr'><strong>est</strong></span> <span class='ocrx_word' id='word_1_25' title='bbox 3142 635 3286 691; x_wconf 89' lang='lat' dir='ltr'><strong>enim</strong></span> <span class='ocrx_word' id='word_1_26' title='bbox 3351 617 3661 695; x_wconf 86' lang='lat' dir='ltr'><strong>Servatoris</strong></span> 
     </span>
    </p>
   </div>
   <div class='ocr_carea' id='block_1_6' title="bbox 418 720 1989 790">
    <p class='ocr_par' dir='ltr' id='par_1_6' title="bbox 418 720 1989 790">
     <span class='ocr_line' id='line_1_6' title="bbox 418 720 1989 790; baseline 0 -16"><span class='ocrx_word' id='word_1_27' title='bbox 418 723 554 790; x_wconf 84' lang='grc' dir='ltr'>πρὸς</span> <span class='ocrx_word' id='word_1_28' title='bbox 586 722 734 789; x_wconf 76' lang='grc' dir='ltr'>ἡμᾶς</span> <span class='ocrx_word' id='word_1_29' title='bbox 775 720 1115 788; x_wconf 77' lang='grc' dir='ltr'><strong>κληρονομία</strong></span> <span class='ocrx_word' id='word_1_30' title='bbox 1147 721 1241 771; x_wconf 73' lang='grc' dir='ltr'>καὶ</span> <span class='ocrx_word' id='word_1_31' title='bbox 1270 721 1468 788; x_wconf 83' lang='grc' dir='ltr'>δωρεὰ,</span> <span class='ocrx_word' id='word_1_32' title='bbox 1510 722 1604 773; x_wconf 74' lang='grc' dir='ltr'><strong>καὶ</strong></span> <span class='ocrx_word' id='word_1_33' title='bbox 1630 723 1663 789; x_wconf 82' lang='grc' dir='ltr'>ὴ</span> <span class='ocrx_word' id='word_1_34' title='bbox 1696 722 1989 774; x_wconf 78' lang='grc' dir='ltr'>τελευταία</span> 
     </span>
    </p>
   </div>
   <div class='ocr_carea' id='block_1_7' title="bbox 417 805 1987 881">
    <p class='ocr_par' dir='ltr' id='par_1_7' title="bbox 417 805 1987 881">
     <span class='ocr_line' id='line_1_7' title="bbox 417 805 1987 881; baseline -0.002 -16"><span class='ocrx_word' id='word_1_35' title='bbox 417 812 571 881; x_wconf 77' lang='grc' dir='ltr'>εὐχὴ,</span> <span class='ocrx_word' id='word_1_36' title='bbox 606 812 669 863; x_wconf 84' lang='grc' dir='ltr'>τὸ</span> <span class='ocrx_word' id='word_1_37' title='bbox 700 811 758 862; x_wconf 83' lang='grc' dir='ltr'>ἓν</span> <span class='ocrx_word' id='word_1_38' title='bbox 802 805 943 863; x_wconf 77' lang='grc' dir='ltr'>εἶναι</span> <span class='ocrx_word' id='word_1_39' title='bbox 998 810 1115 877; x_wconf 76' lang='grc' dir='ltr'>μετ’</span> <span class='ocrx_word' id='word_1_40' title='bbox 1151 808 1346 862; x_wconf 74' lang='grc' dir='ltr'>αὐτοῦ’</span> <span class='ocrx_word' id='word_1_41' title='bbox 1390 811 1544 879; x_wconf 80' lang='grc' dir='ltr'>καὶή</span> <span class='ocrx_word' id='word_1_42' title='bbox 1586 810 1782 879; x_wconf 81' lang='grc' dir='ltr'><strong>πρώτη</strong></span> <span class='ocrx_word' id='word_1_43' title='bbox 1834 811 1987 881; x_wconf 82' lang='grc' dir='ltr'>φωνὴ</span> 
     </span>
    </p>
   </div>
   <div class='ocr_carea' id='block_1_8' title="bbox 421 900 1986 971">
    <p class='ocr_par' dir='ltr' id='par_1_8' title="bbox 421 900 1986 971">
     <span class='ocr_line' id='line_1_8' title="bbox 421 900 1986 971; baseline -0.001 -18"><span class='ocrx_word' id='word_1_44' title='bbox 421 904 563 971; x_wconf 86' lang='grc' dir='ltr'><strong>μετά</strong></span> <span class='ocrx_word' id='word_1_45' title='bbox 588 902 687 967; x_wconf 80' lang='grc' dir='ltr'><strong>τήν</strong></span> <span class='ocrx_word' id='word_1_46' title='bbox 715 901 1032 965; x_wconf 80' lang='grc' dir='ltr'><strong>ἀνάστασιν,</strong></span> <span class='ocrx_word' id='word_1_47' title='bbox 1066 917 1085 950; x_wconf 74' lang='grc' dir='ltr'><strong>ι</strong></span> <span class='ocrx_word' id='word_1_48' title='bbox 1112 901 1316 970; x_wconf 82' lang='grc' dir='ltr'><strong>Εἰρήνη</strong></span> <span class='ocrx_word' id='word_1_49' title='bbox 1348 902 1497 967; x_wconf 82' lang='grc' dir='ltr'>ὑμῖν.</span> <span class='ocrx_word' id='word_1_50' title='bbox 1531 918 1548 951; x_wconf 72' lang='grc' dir='ltr'><strong>ι</strong></span> <span class='ocrx_word' id='word_1_51' title='bbox 1583 901 1691 952; x_wconf 72' lang='grc' dir='ltr'><strong>Καὶ</strong></span> <span class='ocrx_word' id='word_1_52' title='bbox 1719 900 1805 952; x_wconf 82' lang='grc' dir='ltr'><strong>διὰ</strong></span> <span class='ocrx_word' id='word_1_53' title='bbox 1828 901 1986 952; x_wconf 83' lang='grc' dir='ltr'>τοῦτο</span> 
     </span>
    </p>
   </div>
   <div class='ocr_carea' id='block_1_9' title="bbox 416 991 1983 1063">
    <p class='ocr_par' dir='ltr' id='par_1_9' title="bbox 416 991 1983 1063">
     <span class='ocr_line' id='line_1_9' title="bbox 416 991 1983 1063; baseline -0.001 -17"><span class='ocrx_word' id='word_1_54' title='bbox 416 993 557 1046; x_wconf 79' lang='grc' dir='ltr'>οὕτω</span> <span class='ocrx_word' id='word_1_55' title='bbox 585 994 816 1063; x_wconf 87' lang='grc' dir='ltr'>λαμπρὰ</span> <span class='ocrx_word' id='word_1_56' title='bbox 836 992 983 1063; x_wconf 80' lang='grc' dir='ltr'>καὶὴ</span> <span class='ocrx_word' id='word_1_57' title='bbox 1017 995 1074 1044; x_wconf 89' lang='grc' dir='ltr'><strong>ἐν</strong></span> <span class='ocrx_word' id='word_1_58' title='bbox 1105 992 1181 1061; x_wconf 85' lang='grc' dir='ltr'>τῷ</span> <span class='ocrx_word' id='word_1_59' title='bbox 1215 991 1491 1061; x_wconf 83' lang='grc' dir='ltr'>συνθρόνῳ</span> <span class='ocrx_word' id='word_1_60' title='bbox 1514 992 1607 1044; x_wconf 79' lang='grc' dir='ltr'>τοῦ</span> <span class='ocrx_word' id='word_1_61' title='bbox 1644 994 1983 1061; x_wconf 78' lang='grc' dir='ltr'><strong>πατριάρχου</strong></span> 
     </span>
    </p>
   </div>
   <div class='ocr_carea' id='block_1_10' title="bbox 416 1083 1986 1154">
    <p class='ocr_par' dir='ltr' id='par_1_10' title="bbox 416 1083 1986 1154">
     <span class='ocr_line' id='line_1_10' title="bbox 416 1083 1986 1154; baseline -0.001 -17"><span class='ocrx_word' id='word_1_62' title='bbox 416 1088 633 1151; x_wconf 79' lang='grc' dir='ltr'>γίνεται</span> <span class='ocrx_word' id='word_1_63' title='bbox 659 1085 1064 1154; x_wconf 74' lang='grc' dir='ltr'>ἐγκαθίδρυσις,</span> <span class='ocrx_word' id='word_1_64' title='bbox 1094 1083 1182 1137; x_wconf 78' lang='grc' dir='ltr'><strong>ἵνα</strong></span> <span class='ocrx_word' id='word_1_65' title='bbox 1208 1084 1495 1145; x_wconf 63' lang='grc' dir='ltr'>καθεσθεὶς</span> <span class='ocrx_word' id='word_1_66' title='bbox 1523 1083 1710 1151; x_wconf 82' lang='grc' dir='ltr'>ὥσπερ</span> <span class='ocrx_word' id='word_1_67' title='bbox 1737 1086 1764 1135; x_wconf 99' lang='lat'><strong>6</strong></span> <span class='ocrx_word' id='word_1_68' title='bbox 1796 1084 1986 1153; x_wconf 74' lang='grc' dir='ltr'>Σωτὴρ</span> 
     </span>
    </p>
   </div>
   <div class='ocr_carea' id='block_1_11' title="bbox 416 1175 1983 1245">
    <p class='ocr_par' dir='ltr' id='par_1_11' title="bbox 416 1175 1983 1245">
     <span class='ocr_line' id='line_1_11' title="bbox 416 1175 1983 1245; baseline -0.001 -17"><span class='ocrx_word' id='word_1_69' title='bbox 416 1176 496 1238; x_wconf 81' lang='grc' dir='ltr'><strong>εἰς</strong></span> <span class='ocrx_word' id='word_1_70' title='bbox 512 1177 938 1245; x_wconf 75' lang='grc' dir='ltr'>τοὺςοὺρανοὺς,</span> <span class='ocrx_word' id='word_1_71' title='bbox 971 1178 1069 1245; x_wconf 77' lang='grc' dir='ltr'>τὴν</span> <span class='ocrx_word' id='word_1_72' title='bbox 1100 1176 1322 1245; x_wconf 75' lang='grc' dir='ltr'>εἰρήνην</span> <span class='ocrx_word' id='word_1_73' title='bbox 1353 1175 1563 1227; x_wconf 81' lang='grc' dir='ltr'>ἐκεῖθεν</span> <span class='ocrx_word' id='word_1_74' title='bbox 1588 1177 1757 1229; x_wconf 71' lang='grc' dir='ltr'>ἆπσσι</span> <span class='ocrx_word' id='word_1_75' title='bbox 1786 1175 1895 1244; x_wconf 84' lang='grc' dir='ltr'>δῴη</span> <span class='ocrx_word' id='word_1_76' title='bbox 1926 1192 1983 1226; x_wconf 90' lang='grc' dir='ltr'><strong>τε</strong></span> 
     </span>
    </p>
   </div>
   <div class='ocr_carea' id='block_1_12' title="bbox 414 1266 1979 1337">
    <p class='ocr_par' dir='ltr' id='par_1_12' title="bbox 414 1266 1979 1337">
     <span class='ocr_line' id='line_1_12' title="bbox 414 1266 1979 1337; baseline -0.001 -19"><span class='ocrx_word' id='word_1_77' title='bbox 414 1270 509 1321; x_wconf 73' lang='grc' dir='ltr'>καὶ</span> <span class='ocrx_word' id='word_1_78' title='bbox 540 1268 775 1337; x_wconf 81' lang='grc' dir='ltr'>κηρύξαι</span> <span class='ocrx_word' id='word_1_79' title='bbox 800 1284 811 1297; x_wconf 86' lang='grc'><em>’</em></span> <span class='ocrx_word' id='word_1_80' title='bbox 839 1268 913 1328; x_wconf 80' lang='grc' dir='ltr'><strong>ὡς</strong></span> <span class='ocrx_word' id='word_1_81' title='bbox 945 1269 1041 1318; x_wconf 69' lang='grc' dir='ltr'>καὶ</span> <span class='ocrx_word' id='word_1_82' title='bbox 1068 1267 1278 1318; x_wconf 71' lang='grc' dir='ltr'>ἐκεῖθεν</span> <span class='ocrx_word' id='word_1_83' title='bbox 1320 1266 1398 1336; x_wconf 81' lang='grc' dir='ltr'><strong>τῷ</strong></span> <span class='ocrx_word' id='word_1_84' title='bbox 1433 1266 1704 1334; x_wconf 81' lang='grc' dir='ltr'>τρικηρίῳ</span> <span class='ocrx_word' id='word_1_85' title='bbox 1751 1268 1979 1331; x_wconf 74' lang='grc' dir='ltr'>εὐλογεῖ,</span> 
     </span>
    </p>
   </div>
   <div class='ocr_carea' id='block_1_13' title="bbox 398 1358 1985 1429">
    <p class='ocr_par' dir='ltr' id='par_1_13' title="bbox 398 1358 1985 1429">
     <span class='ocr_line' id='line_1_13' title="bbox 398 1358 1985 1429; baseline -0.002 -17"><span class='ocrx_word' id='word_1_86' title='bbox 398 1360 485 1422; x_wconf 68' lang='grc' dir='ltr'><strong>’ὡς</strong></span> <span class='ocrx_word' id='word_1_87' title='bbox 518 1360 739 1414; x_wconf 79' lang='grc' dir='ltr'>ἀπὸτοῦ</span> <span class='ocrx_word' id='word_1_88' title='bbox 772 1361 1027 1429; x_wconf 75' lang='grc' dir='ltr'>οὐρανίου</span> <span class='ocrx_word' id='word_1_89' title='bbox 1064 1358 1257 1426; x_wconf 83' lang='grc' dir='ltr'>θρόνου</span> <span class='ocrx_word' id='word_1_90' title='bbox 1292 1360 1390 1428; x_wconf 74' lang='grc' dir='ltr'>τὴν</span> <span class='ocrx_word' id='word_1_91' title='bbox 1426 1360 1523 1425; x_wconf 75' lang='grc' dir='ltr'>τῆς</span> <span class='ocrx_word' id='word_1_92' title='bbox 1551 1359 1782 1427; x_wconf 84' lang='grc' dir='ltr'>Τριάδος</span> <span class='ocrx_word' id='word_1_93' title='bbox 1816 1360 1985 1426; x_wconf 81' lang='grc' dir='ltr'>παρέ-</span> 
     </span>
    </p>
   </div>
   <div class='ocr_carea' id='block_1_14' title="bbox 413 1448 1985 1519">
    <p class='ocr_par' dir='ltr' id='par_1_14' title="bbox 413 1448 1985 1519">
     <span class='ocr_line' id='line_1_14' title="bbox 413 1448 1985 1519; baseline -0.002 -16"><span class='ocrx_word' id='word_1_94' title='bbox 413 1468 524 1519; x_wconf 84' lang='grc' dir='ltr'><strong>χων</strong></span> <span class='ocrx_word' id='word_1_95' title='bbox 549 1451 714 1519; x_wconf 81' lang='grc' dir='ltr'>χάριν</span> <span class='ocrx_word' id='word_1_96' title='bbox 746 1452 842 1504; x_wconf 81' lang='grc' dir='ltr'>καὶ</span> <span class='ocrx_word' id='word_1_97' title='bbox 892 1451 1159 1519; x_wconf 75' lang='grc' dir='ltr'>ἒλλαμψιν</span> <span class='ocrx_word' id='word_1_98' title='bbox 1200 1450 1289 1502; x_wconf 85' lang='grc' dir='ltr'>διὰ</span> <span class='ocrx_word' id='word_1_99' title='bbox 1352 1448 1447 1501; x_wconf 85' lang='grc' dir='ltr'>τοῦ</span> <span class='ocrx_word' id='word_1_100' title='bbox 1499 1450 1771 1517; x_wconf 72' lang='grc' dir='ltr'>Σωτῆρος.</span> <span class='ocrx_word' id='word_1_101' title='bbox 1810 1450 1889 1501; x_wconf 86' lang='grc' dir='ltr'>Τά</span> <span class='ocrx_word' id='word_1_102' title='bbox 1930 1451 1985 1501; x_wconf 84' lang='grc' dir='ltr'>δὲ</span> 
     </span>
    </p>
   </div>
   <div class='ocr_carea' id='block_1_15' title="bbox 412 1539 1984 1612">
    <p class='ocr_par' dir='ltr' id='par_1_15' title="bbox 412 1539 1984 1612">
     <span class='ocr_line' id='line_1_15' title="bbox 412 1539 1984 1612; baseline -0.002 -17"><span class='ocrx_word' id='word_1_103' title='bbox 412 1543 608 1612; x_wconf 71' lang='grc' dir='ltr'>ἐφεξῆς</span> <span class='ocrx_word' id='word_1_104' title='bbox 642 1543 717 1604; x_wconf 86' lang='grc' dir='ltr'>ὠς</span> <span class='ocrx_word' id='word_1_105' title='bbox 749 1544 808 1594; x_wconf 73' lang='grc' dir='ltr'><strong>ἐν</strong></span> <span class='ocrx_word' id='word_1_106' title='bbox 839 1542 1044 1604; x_wconf 85' lang='grc' dir='ltr'>πάσαις</span> <span class='ocrx_word' id='word_1_107' title='bbox 1075 1544 1197 1604; x_wconf 88' lang='grc' dir='ltr'>ταῖς</span> <span class='ocrx_word' id='word_1_108' title='bbox 1233 1541 1600 1611; x_wconf 76' lang='grc' dir='ltr'><strong>λειτουργίαις</strong></span> <span class='ocrx_word' id='word_1_109' title='bbox 1650 1539 1859 1608; x_wconf 85' lang='grc' dir='ltr'>γίνεται</span> <span class='ocrx_word' id='word_1_110' title='bbox 1888 1554 1901 1568; x_wconf 91' lang='grc'><strong>·</strong></span> <span class='ocrx_word' id='word_1_111' title='bbox 1936 1542 1984 1593; x_wconf 79' lang='grc' dir='ltr'><strong>εί</strong></span> 
     </span>
    </p>
   </div>
   <div class='ocr_carea' id='block_1_16' title="bbox 414 1632 1185 1705">
    <p class='ocr_par' dir='ltr' id='par_1_16' title="bbox 414 1632 1185 1705">
     <span class='ocr_line' id='line_1_16' title="bbox 414 1632 1185 1705; baseline -0.001 -16"><span class='ocrx_word' id='word_1_112' title='bbox 414 1636 513 1704; x_wconf 83' lang='grc' dir='ltr'>μὲν</span> <span class='ocrx_word' id='word_1_113' title='bbox 542 1636 833 1705; x_wconf 80' lang='grc' dir='ltr'>ἀρχιερεὺς</span> <span class='ocrx_word' id='word_1_114' title='bbox 866 1632 955 1705; x_wconf 78' lang='grc' dir='ltr'>ἦν,</span> <span class='ocrx_word' id='word_1_115' title='bbox 991 1635 1185 1697; x_wconf 74' lang='grc' dir='ltr'>οὕτως.</span> 
     </span>
    </p>
   </div>
   <div class='ocr_carea' id='block_1_17' title="bbox 895 1813 1530 1884">
    <p class='ocr_par' dir='ltr' id='par_1_17' title="bbox 895 1813 1530 1884">
     <span class='ocr_line' id='line_1_17' title="bbox 895 1813 1530 1884; baseline 0.002 -18"><span class='ocrx_word' id='word_1_116' title='bbox 895 1814 1051 1884; x_wconf 79' lang='lat'><strong>173</strong></span> <span class='ocrx_word' id='word_1_117' title='bbox 1083 1814 1313 1867; x_wconf 81' lang='grc' dir='ltr'>ΚΕΦΔΛ</span> <span class='ocrx_word' id='word_1_118' title='bbox 1365 1813 1530 1867; x_wconf 74' lang='grc' dir='ltr'><strong>ΣΛΓ.</strong></span> 
     </span>
    </p>
   </div>
   <div class='ocr_carea' id='block_1_18' title="bbox 412 1924 1979 1994">
    <p class='ocr_par' dir='ltr' id='par_1_18' title="bbox 412 1924 1979 1994">
     <span class='ocr_line' id='line_1_18' title="bbox 412 1924 1979 1994; baseline -0.002 -15"><span class='ocrx_word' id='word_1_119' title='bbox 412 1927 613 1991; x_wconf 72' lang='grc' dir='ltr'>Ὅπως</span> <span class='ocrx_word' id='word_1_120' title='bbox 652 1926 691 1992; x_wconf 77' lang='grc' dir='ltr'><strong>ή</strong></span> <span class='ocrx_word' id='word_1_121' title='bbox 718 1929 1056 1994; x_wconf 73' lang='grc' dir='ltr'>χειροτονία</span> <span class='ocrx_word' id='word_1_122' title='bbox 1076 1927 1181 1979; x_wconf 85' lang='grc' dir='ltr'>τοῦ</span> <span class='ocrx_word' id='word_1_123' title='bbox 1213 1927 1582 1994; x_wconf 77' lang='grc' dir='ltr'>πατριάρχου</span> <span class='ocrx_word' id='word_1_124' title='bbox 1614 1926 1863 1993; x_wconf 79' lang='grc' dir='ltr'>γίνεται,</span> <span class='ocrx_word' id='word_1_125' title='bbox 1893 1924 1979 1993; x_wconf 80' lang='grc' dir='ltr'><strong>μὴ</strong></span> 
     </span>
    </p>
   </div>
   <div class='ocr_carea' id='block_1_19' title="bbox 724 1997 1622 2065">
    <p class='ocr_par' dir='ltr' id='par_1_19' title="bbox 724 1997 1622 2065">
     <span class='ocr_line' id='line_1_19' title="bbox 724 1997 1622 2065; baseline 0.002 -17"><span class='ocrx_word' id='word_1_126' title='bbox 724 1997 910 2061; x_wconf 79' lang='grc' dir='ltr'>ὄντως</span> <span class='ocrx_word' id='word_1_127' title='bbox 940 2000 1230 2065; x_wconf 78' lang='grc' dir='ltr'>πρότερον</span> <span class='ocrx_word' id='word_1_128' title='bbox 1259 1999 1622 2050; x_wconf 80' lang='grc' dir='ltr'><strong>ἐπισκόπου.</strong></span> 
     </span>
    </p>
   </div>
   <div class='ocr_carea' id='block_1_20' title="bbox 483 2087 1984 2159">
    <p class='ocr_par' dir='ltr' id='par_1_20' title="bbox 483 2087 1984 2159">
     <span class='ocr_line' id='line_1_20' title="bbox 483 2087 1984 2159; baseline 0.001 -18"><span class='ocrx_word' id='word_1_129' title='bbox 483 2088 544 2141; x_wconf 80' lang='lat' dir='ltr'><strong>Ei</strong></span> <span class='ocrx_word' id='word_1_130' title='bbox 571 2088 627 2141; x_wconf 81' lang='grc' dir='ltr'><strong>δέ</strong></span> <span class='ocrx_word' id='word_1_131' title='bbox 660 2087 1037 2159; x_wconf 74' lang='grc' dir='ltr'>πρεσϐύτερος</span> <span class='ocrx_word' id='word_1_132' title='bbox 1071 2092 1166 2140; x_wconf 78' lang='grc' dir='ltr'>καὶ</span> <span class='ocrx_word' id='word_1_133' title='bbox 1198 2090 1297 2141; x_wconf 73' lang='grc' dir='ltr'>οὐκ</span> <span class='ocrx_word' id='word_1_134' title='bbox 1353 2088 1649 2158; x_wconf 79' lang='grc' dir='ltr'>ἀρχιερεὺς</span> <span class='ocrx_word' id='word_1_135' title='bbox 1693 2090 1722 2141; x_wconf 89' lang='lat'><strong>6</strong></span> <span class='ocrx_word' id='word_1_136' title='bbox 1772 2089 1984 2159; x_wconf 71' lang='grc' dir='ltr'>ὑποψή-</span> 
     </span>
    </p>
   </div>
   <div class='ocr_carea' id='block_1_21' title="bbox 410 2179 1982 2250">
    <p class='ocr_par' dir='ltr' id='par_1_21' title="bbox 410 2179 1982 2250">
     <span class='ocr_line' id='line_1_21' title="bbox 410 2179 1982 2250; baseline 0 -17"><span class='ocrx_word' id='word_1_137' title='bbox 410 2181 533 2250; x_wconf 85' lang='grc' dir='ltr'>φιός</span> <span class='ocrx_word' id='word_1_138' title='bbox 560 2183 699 2245; x_wconf 85' lang='grc' dir='ltr'>ἐστι,</span> <span class='ocrx_word' id='word_1_139' title='bbox 741 2182 1130 2250; x_wconf 75' lang='grc' dir='ltr'>χειροτονεῖται</span> <span class='ocrx_word' id='word_1_140' title='bbox 1166 2181 1385 2249; x_wconf 83' lang='grc' dir='ltr'>πρῶτον</span> <span class='ocrx_word' id='word_1_141' title='bbox 1413 2179 1712 2243; x_wconf 76' lang='grc' dir='ltr'>ἐπίσκοπος</span> <span class='ocrx_word' id='word_1_142' title='bbox 1735 2196 1750 2212; x_wconf 75' lang='grc' dir='ltr'><strong><em>ο</em></strong></span> <span class='ocrx_word' id='word_1_143' title='bbox 1790 2181 1982 2233; x_wconf 73' lang='grc' dir='ltr'>ἔπειτα</span> 
     </span>
    </p>
   </div>
   <div class='ocr_carea' id='block_1_22' title="bbox 409 2271 1984 2340">
    <p class='ocr_par' dir='ltr' id='par_1_22' title="bbox 409 2271 1984 2340">
     <span class='ocr_line' id='line_1_22' title="bbox 409 2271 1984 2340; baseline 0.002 -16"><span class='ocrx_word' id='word_1_144' title='bbox 409 2272 799 2340; x_wconf 80' lang='grc' dir='ltr'>ἐνθρονίζεται.</span> <span class='ocrx_word' id='word_1_145' title='bbox 854 2272 1186 2324; x_wconf 74' lang='grc' dir='ltr'>Ἐπισκόπου</span> <span class='ocrx_word' id='word_1_146' title='bbox 1227 2272 1335 2340; x_wconf 81' lang='grc' dir='ltr'>γὰρ</span> <span class='ocrx_word' id='word_1_147' title='bbox 1382 2275 1409 2324; x_wconf 94' lang='lat'><strong>6</strong></span> <span class='ocrx_word' id='word_1_148' title='bbox 1466 2271 1696 2340; x_wconf 80' lang='lat' dir='ltr'><strong>0p6vo;°</strong></span> <span class='ocrx_word' id='word_1_149' title='bbox 1757 2274 1841 2325; x_wconf 83' lang='grc' dir='ltr'>ὅτι</span> <span class='ocrx_word' id='word_1_150' title='bbox 1889 2276 1984 2327; x_wconf 77' lang='grc' dir='ltr'>καὶ</span> 
     </span>
    </p>
   </div>
   <div class='ocr_carea' id='block_1_23' title="bbox 410 2363 1982 2435">
    <p class='ocr_par' dir='ltr' id='par_1_23' title="bbox 410 2363 1982 2435">
     <span class='ocr_line' id='line_1_23' title="bbox 410 2363 1982 2435; baseline 0.001 -20"><span class='ocrx_word' id='word_1_151' title='bbox 410 2364 707 2425; x_wconf 75' lang='grc' dir='ltr'>ἐπίσκοπος</span> <span class='ocrx_word' id='word_1_152' title='bbox 740 2364 840 2430; x_wconf 77' lang='grc' dir='ltr'>τὴν</span> <span class='ocrx_word' id='word_1_153' title='bbox 866 2364 959 2416; x_wconf 82' lang='grc' dir='ltr'><strong>τοῦ</strong></span> <span class='ocrx_word' id='word_1_154' title='bbox 1002 2363 1247 2431; x_wconf 80' lang='grc' dir='ltr'>Χριστοῦ</span> <span class='ocrx_word' id='word_1_155' title='bbox 1294 2364 1519 2416; x_wconf 77' lang='grc' dir='ltr'>πλουτεῖ</span> <span class='ocrx_word' id='word_1_156' title='bbox 1561 2365 1812 2435; x_wconf 80' lang='grc' dir='ltr'>δύναμιν.</span> <span class='ocrx_word' id='word_1_157' title='bbox 1875 2368 1982 2419; x_wconf 72' lang='grc' dir='ltr'><strong>Καὶ</strong></span> 
     </span>
    </p>
   </div>
   <div class='ocr_carea' id='block_1_24' title="bbox 411 2454 1985 2524">
    <p class='ocr_par' dir='ltr' id='par_1_24' title="bbox 411 2454 1985 2524">
     <span class='ocr_line' id='line_1_24' title="bbox 411 2454 1985 2524; baseline 0.001 -19"><span class='ocrx_word' id='word_1_158' title='bbox 411 2454 621 2520; x_wconf 76' lang='grc' dir='ltr'>γίνεται</span> <span class='ocrx_word' id='word_1_159' title='bbox 645 2455 815 2517; x_wconf 70' lang='grc' dir='ltr'>οὕτως</span> <span class='ocrx_word' id='word_1_160' title='bbox 841 2456 874 2524; x_wconf 89' lang='grc' dir='ltr'><strong>ή</strong></span> <span class='ocrx_word' id='word_1_161' title='bbox 909 2457 1237 2524; x_wconf 74' lang='grc' dir='ltr'>χειροτονία.</span> <span class='ocrx_word' id='word_1_162' title='bbox 1275 2456 1369 2515; x_wconf 74' lang='lat' dir='ltr'><strong>Ek</strong></span> <span class='ocrx_word' id='word_1_163' title='bbox 1394 2458 1454 2509; x_wconf 75' lang='grc' dir='ltr'><strong>τὸ</strong></span> <span class='ocrx_word' id='word_1_164' title='bbox 1482 2456 1789 2524; x_wconf 86' lang='grc' dir='ltr'>ἁγιώτατον</span> <span class='ocrx_word' id='word_1_165' title='bbox 1816 2458 1985 2509; x_wconf 73' lang='grc' dir='ltr'>εἰσελ-</span> 
     </span>
    </p>
   </div>
   <div class='ocr_carea' id='block_1_25' title="bbox 412 2544 1983 2618">
    <p class='ocr_par' dir='ltr' id='par_1_25' title="bbox 412 2544 1983 2618">
     <span class='ocr_line' id='line_1_25' title="bbox 412 2544 1983 2618; baseline 0.004 -21"><span class='ocrx_word' id='word_1_166' title='bbox 412 2544 520 2598; x_wconf 86' lang='grc' dir='ltr'>θὼν</span> <span class='ocrx_word' id='word_1_167' title='bbox 550 2544 724 2614; x_wconf 74' lang='grc' dir='ltr'>βῆμα,</span> <span class='ocrx_word' id='word_1_168' title='bbox 758 2550 1053 2615; x_wconf 79' lang='grc' dir='ltr'>προσκυνεῖ</span> <span class='ocrx_word' id='word_1_169' title='bbox 1083 2548 1181 2616; x_wconf 82' lang='grc' dir='ltr'>τὴν</span> <span class='ocrx_word' id='word_1_170' title='bbox 1214 2549 1367 2617; x_wconf 75' lang='grc' dir='ltr'>ἱερὰν</span> <span class='ocrx_word' id='word_1_171' title='bbox 1384 2550 1664 2618; x_wconf 77' lang='grc' dir='ltr'>τράπεζαν</span> <span class='ocrx_word' id='word_1_172' title='bbox 1694 2550 1785 2601; x_wconf 76' lang='grc' dir='ltr'>καὶ</span> <span class='ocrx_word' id='word_1_173' title='bbox 1805 2550 1983 2603; x_wconf 79' lang='grc' dir='ltr'>ἀσπά-</span> 
     </span>
    </p>
   </div>
   <div class='ocr_carea' id='block_1_26' title="bbox 410 2636 1982 2709">
    <p class='ocr_par' dir='ltr' id='par_1_26' title="bbox 410 2636 1982 2709">
     <span class='ocr_line' id='line_1_26' title="bbox 410 2636 1982 2709; baseline 0.004 -22"><span class='ocrx_word' id='word_1_174' title='bbox 410 2637 566 2701; x_wconf 79' lang='grc' dir='ltr'>ζεται</span> <span class='ocrx_word' id='word_1_175' title='bbox 587 2640 615 2688; x_wconf 89' lang='lat'><strong>6</strong></span> <span class='ocrx_word' id='word_1_176' title='bbox 653 2636 961 2705; x_wconf 74' lang='grc' dir='ltr'>ὑποψήφιος</span> <span class='ocrx_word' id='word_1_177' title='bbox 992 2639 1338 2707; x_wconf 81' lang='grc' dir='ltr'>πατριάρχης</span> <span class='ocrx_word' id='word_1_178' title='bbox 1360 2656 1373 2669; x_wconf 88' lang='grc'><strong>·</strong></span> <span class='ocrx_word' id='word_1_179' title='bbox 1401 2641 1495 2691; x_wconf 74' lang='grc' dir='ltr'>καὶ</span> <span class='ocrx_word' id='word_1_180' title='bbox 1528 2641 1659 2709; x_wconf 73' lang='grc' dir='ltr'>περὶ</span> <span class='ocrx_word' id='word_1_181' title='bbox 1713 2642 1812 2702; x_wconf 81' lang='grc' dir='ltr'><strong>τὰς</strong></span> <span class='ocrx_word' id='word_1_182' title='bbox 1848 2641 1982 2708; x_wconf 71' lang='grc' dir='ltr'>βαθ-</span> 
     </span>
    </p>
   </div>
   <div class='ocr_carea' id='block_1_27' title="bbox 414 2728 1985 2801">
    <p class='ocr_par' dir='ltr' id='par_1_27' title="bbox 414 2728 1985 2801">
     <span class='ocr_line' id='line_1_27' title="bbox 414 2728 1985 2801; baseline 0.004 -22"><span class='ocrx_word' id='word_1_183' title='bbox 414 2728 575 2796; x_wconf 82' lang='grc' dir='ltr'>μίδας</span> <span class='ocrx_word' id='word_1_184' title='bbox 614 2728 709 2780; x_wconf 80' lang='grc' dir='ltr'>τοῦ</span> <span class='ocrx_word' id='word_1_185' title='bbox 762 2729 909 2781; x_wconf 78' lang='grc' dir='ltr'>θείου</span> <span class='ocrx_word' id='word_1_186' title='bbox 971 2731 1263 2798; x_wconf 77' lang='grc' dir='ltr'>συνθρόνου</span> <span class='ocrx_word' id='word_1_187' title='bbox 1316 2733 1631 2799; x_wconf 67' lang='grc' dir='ltr'>γενόμενος,</span> <span class='ocrx_word' id='word_1_188' title='bbox 1686 2738 1985 2801; x_wconf 83' lang='grc' dir='ltr'>προσκυνεῖ</span> 
     </span>
    </p>
   </div>
   <div class='ocr_carea' id='block_1_28' title="bbox 410 2818 1979 2891">
    <p class='ocr_par' dir='ltr' id='par_1_28' title="bbox 410 2818 1979 2891">
     <span class='ocr_line' id='line_1_28' title="bbox 410 2818 1979 2891; baseline 0.005 -23"><span class='ocrx_word' id='word_1_189' title='bbox 410 2818 555 2870; x_wconf 81' lang='grc' dir='ltr'>κατὰ</span> <span class='ocrx_word' id='word_1_190' title='bbox 602 2819 872 2881; x_wconf 84' lang='grc' dir='ltr'>ἀνατολάς</span> <span class='ocrx_word' id='word_1_191' title='bbox 907 2821 1049 2890; x_wconf 85' lang='grc' dir='ltr'>τρίς.</span> <span class='ocrx_word' id='word_1_192' title='bbox 1089 2823 1194 2872; x_wconf 76' lang='grc' dir='ltr'><strong>Καὶ</strong></span> <span class='ocrx_word' id='word_1_193' title='bbox 1227 2822 1296 2873; x_wconf 85' lang='grc' dir='ltr'><strong>τὰ</strong></span> <span class='ocrx_word' id='word_1_194' title='bbox 1350 2824 1713 2891; x_wconf 72' lang='grc' dir='ltr'>ἀρχιερατικὰ</span> <span class='ocrx_word' id='word_1_195' title='bbox 1778 2826 1979 2878; x_wconf 73' lang='grc' dir='ltr'><strong>ἐνδεδύ-</strong></span> 
     </span>
    </p>
   </div>
   <div class='ocr_carea' id='block_1_29' title="bbox 413 2912 1981 2981">
    <p class='ocr_par' dir='ltr' id='par_1_29' title="bbox 413 2912 1981 2981">
     <span class='ocr_line' id='line_1_29' title="bbox 413 2912 1981 2981; baseline 0.004 -22"><span class='ocrx_word' id='word_1_196' title='bbox 413 2922 602 2962; x_wconf 83' lang='grc' dir='ltr'>σκεται</span> <span class='ocrx_word' id='word_1_197' title='bbox 658 2912 767 2963; x_wconf 77' lang='grc' dir='ltr'>τῶν</span> <span class='ocrx_word' id='word_1_198' title='bbox 795 2912 1270 2980; x_wconf 82' lang='grc' dir='ltr'>ἐκκλησιαστικῶν</span> <span class='ocrx_word' id='word_1_199' title='bbox 1326 2914 1592 2967; x_wconf 73' lang='grc' dir='ltr'>διακόνων</span> <span class='ocrx_word' id='word_1_200' title='bbox 1625 2916 1698 2977; x_wconf 86' lang='grc' dir='ltr'><strong>ὡς</strong></span> <span class='ocrx_word' id='word_1_201' title='bbox 1732 2916 1981 2981; x_wconf 78' lang='grc' dir='ltr'>ἀγγέλων</span> 
     </span>
    </p>
   </div>
   <div class='ocr_carea' id='block_1_30' title="bbox 409 3000 1981 3074">
    <p class='ocr_par' dir='ltr' id='par_1_30' title="bbox 409 3000 1981 3074">
     <span class='ocr_line' id='line_1_30' title="bbox 409 3000 1981 3074; baseline 0.004 -22"><span class='ocrx_word' id='word_1_202' title='bbox 409 3000 507 3063; x_wconf 82' lang='grc' dir='ltr'>τὰς</span> <span class='ocrx_word' id='word_1_203' title='bbox 542 3002 695 3070; x_wconf 88' lang='grc' dir='ltr'>ίερὰς</span> <span class='ocrx_word' id='word_1_204' title='bbox 723 3004 1089 3073; x_wconf 77' lang='grc' dir='ltr'>ἐνδεδυμένων</span> <span class='ocrx_word' id='word_1_205' title='bbox 1128 3004 1322 3065; x_wconf 81' lang='grc' dir='ltr'>στολὰς</span> <span class='ocrx_word' id='word_1_206' title='bbox 1354 3006 1574 3074; x_wconf 83' lang='grc' dir='ltr'>πρῶτον</span> <span class='ocrx_word' id='word_1_207' title='bbox 1606 3007 1857 3073; x_wconf 73' lang='grc' dir='ltr'>εὐλογίαι·</span> <span class='ocrx_word' id='word_1_208' title='bbox 1891 3010 1981 3059; x_wconf 75' lang='grc' dir='ltr'>λὰ-</span> 
     </span>
    </p>
   </div>
   <div class='ocr_carea' id='block_1_31' title="bbox 412 3094 1981 3167">
    <p class='ocr_par' dir='ltr' id='par_1_31' title="bbox 412 3094 1981 3167">
     <span class='ocr_line' id='line_1_31' title="bbox 412 3094 1981 3167; baseline 0.004 -22"><span class='ocrx_word' id='word_1_209' title='bbox 412 3094 619 3146; x_wconf 78' lang='grc' dir='ltr'>εόντων</span> <span class='ocrx_word' id='word_1_210' title='bbox 684 3098 815 3164; x_wconf 77' lang='grc' dir='ltr'>παρ’</span> <span class='ocrx_word' id='word_1_211' title='bbox 873 3096 1036 3148; x_wconf 76' lang='grc' dir='ltr'>αὑτοῦ</span> <span class='ocrx_word' id='word_1_212' title='bbox 1110 3100 1203 3148; x_wconf 76' lang='grc' dir='ltr'>καὶ</span> <span class='ocrx_word' id='word_1_213' title='bbox 1264 3097 1436 3159; x_wconf 73' lang='grc' dir='ltr'>οὕτως</span> <span class='ocrx_word' id='word_1_214' title='bbox 1498 3099 1981 3167; x_wconf 71' lang='grc' dir='ltr'>ἐξυπηρετούντων</span> 
     </span>
    </p>
   </div>
   <div class='ocr_carea' id='block_1_32' title="bbox 408 3183 1980 3260">
    <p class='ocr_par' dir='ltr' id='par_1_32' title="bbox 408 3183 1980 3260">
     <span class='ocr_line' id='line_1_32' title="bbox 408 3183 1980 3260; baseline 0.006 -25"><span class='ocrx_word' id='word_1_215' title='bbox 408 3184 577 3253; x_wconf 83' lang='grc' dir='ltr'>αὐτῷ.</span> <span class='ocrx_word' id='word_1_216' title='bbox 610 3183 676 3238; x_wconf 80' lang='grc' dir='ltr'><strong>Οἱ</strong></span> <span class='ocrx_word' id='word_1_217' title='bbox 711 3187 984 3255; x_wconf 73' lang='grc' dir='ltr'>ἀρχιερεῖς</span> <span class='ocrx_word' id='word_1_218' title='bbox 1016 3186 1073 3239; x_wconf 81' lang='grc' dir='ltr'>δὲ</span> <span class='ocrx_word' id='word_1_219' title='bbox 1126 3187 1263 3254; x_wconf 80' lang='grc' dir='ltr'>μετὰ</span> <span class='ocrx_word' id='word_1_220' title='bbox 1300 3187 1553 3253; x_wconf 86' lang='grc' dir='ltr'>μανδύων</span> <span class='ocrx_word' id='word_1_221' title='bbox 1604 3190 1851 3243; x_wconf 72' lang='grc' dir='ltr'>ἵστανται</span> <span class='ocrx_word' id='word_1_222' title='bbox 1887 3192 1980 3260; x_wconf 83' lang='grc' dir='ltr'>μό-</span> 
     </span>
    </p>
   </div>
   <div class='ocr_carea' id='block_1_33' title="bbox 2096 718 3663 795">
    <p class='ocr_par' dir='ltr' id='par_1_33' title="bbox 2096 718 3663 795">
     <span class='ocr_line' id='line_1_33' title="bbox 2096 718 3663 795; baseline 0.01 -25"><span class='ocrx_word' id='word_1_223' title='bbox 2096 718 2380 774; x_wconf 75' lang='lat' dir='ltr'><strong>luereditas</strong></span> <span class='ocrx_word' id='word_1_224' title='bbox 2441 729 2495 774; x_wconf 93' lang='lat' dir='ltr'><strong>et</strong></span> <span class='ocrx_word' id='word_1_225' title='bbox 2523 721 2744 776; x_wconf 85' lang='lat' dir='ltr'><strong>donatio</strong></span> <span class='ocrx_word' id='word_1_226' title='bbox 2802 724 2957 778; x_wconf 88' lang='lat' dir='ltr'><strong>nobis</strong></span> <span class='ocrx_word' id='word_1_227' title='bbox 3022 740 3306 793; x_wconf 85' lang='lat' dir='ltr'><strong>concessa,</strong></span> <span class='ocrx_word' id='word_1_228' title='bbox 3355 737 3663 795; x_wconf 83' lang='lat' dir='ltr'><strong>postrema-</strong></span> 
     </span>
    </p>
   </div>
   <div class='ocr_carea' id='block_1_34' title="bbox 2091 814 3663 895">
    <p class='ocr_par' dir='ltr' id='par_1_34' title="bbox 2091 814 3663 895">
     <span class='ocr_line' id='line_1_34' title="bbox 2091 814 3663 895; baseline 0.012 -36"><span class='ocrx_word' id='word_1_229' title='bbox 2091 824 2195 878; x_wconf 85' lang='lat' dir='ltr'><strong>que</strong></span> <span class='ocrx_word' id='word_1_230' title='bbox 2222 814 2415 876; x_wconf 90' lang='lat' dir='ltr'><strong>oratio,</strong></span> <span class='ocrx_word' id='word_1_231' title='bbox 2448 823 2505 867; x_wconf 90' lang='lat' dir='ltr'><strong>ut</strong></span> <span class='ocrx_word' id='word_1_232' title='bbox 2535 829 2701 873; x_wconf 86' lang='lat' dir='ltr'><strong>unum</strong></span> <span class='ocrx_word' id='word_1_233' title='bbox 2744 831 2863 869; x_wconf 90' lang='lat' dir='ltr'><strong>cum</strong></span> <span class='ocrx_word' id='word_1_234' title='bbox 2926 818 3044 886; x_wconf 90' lang='lat' dir='ltr'><strong>ipso</strong></span> <span class='ocrx_word' id='word_1_235' title='bbox 3072 820 3264 875; x_wconf 84' lang='lat' dir='ltr'><strong>simus.</strong></span> <span class='ocrx_word' id='word_1_236' title='bbox 3322 821 3500 877; x_wconf 90' lang='lat' dir='ltr'><strong>Prima</strong></span> <span class='ocrx_word' id='word_1_237' title='bbox 3526 840 3663 895; x_wconf 55' lang='lat' dir='ltr'><strong>quo.</strong></span> 
     </span>
    </p>
   </div>
   <div class='ocr_carea' id='block_1_35' title="bbox 2089 900 3655 979">
    <p class='ocr_par' dir='ltr' id='par_1_35' title="bbox 2089 900 3655 979">
     <span class='ocr_line' id='line_1_35' title="bbox 2089 900 3655 979; baseline 0.013 -29"><span class='ocrx_word' id='word_1_238' title='bbox 2089 914 2196 967; x_wconf 83' lang='lat' dir='ltr'><strong>que</strong></span> <span class='ocrx_word' id='word_1_239' title='bbox 2230 900 2398 965; x_wconf 77' lang='lat' dir='ltr'><strong>ipsius</strong></span> <span class='ocrx_word' id='word_1_240' title='bbox 2431 917 2528 955; x_wconf 75' lang='lat' dir='ltr'><strong>vox</strong></span> <span class='ocrx_word' id='word_1_241' title='bbox 2558 915 2679 972; x_wconf 89' lang='lat' dir='ltr'><strong>post</strong></span> <span class='ocrx_word' id='word_1_242' title='bbox 2718 908 3192 972; x_wconf 65' lang='lat' dir='ltr'><strong>resurrectionem,</strong></span> <span class='ocrx_word' id='word_1_243' title='bbox 3236 928 3253 961; x_wconf 81' lang='grc' dir='ltr'><strong>ι</strong></span> <span class='ocrx_word' id='word_1_244' title='bbox 3288 912 3397 966; x_wconf 82' lang='lat' dir='ltr'><strong>Pax</strong></span> <span class='ocrx_word' id='word_1_245' title='bbox 3430 915 3603 969; x_wconf 81' lang='lat' dir='ltr'><strong>vobis.</strong></span> <span class='ocrx_word' id='word_1_246' title='bbox 3636 934 3655 979; x_wconf 65' lang='grc' dir='ltr'><em>ρ</em></span> 
     </span>
    </p>
   </div>
   <div class='ocr_carea' id='block_1_36' title="bbox 2090 989 3663 1063">
    <p class='ocr_par' dir='ltr' id='par_1_36' title="bbox 2090 989 3663 1063">
     <span class='ocr_line' id='line_1_36' title="bbox 2090 989 3663 1063; baseline 0.013 -23"><span class='ocrx_word' id='word_1_247' title='bbox 2090 989 2381 1059; x_wconf 88' lang='lat' dir='ltr'><strong>Propterea</strong></span> <span class='ocrx_word' id='word_1_248' title='bbox 2413 994 2700 1048; x_wconf 77' lang='lat' dir='ltr'><strong>collocatio</strong></span> <span class='ocrx_word' id='word_1_249' title='bbox 2742 999 3065 1063; x_wconf 72' lang='lat' dir='ltr'><strong>patriarcha:</strong></span> <span class='ocrx_word' id='word_1_250' title='bbox 3120 1002 3172 1053; x_wconf 88' lang='lat' dir='ltr'><strong>in</strong></span> <span class='ocrx_word' id='word_1_251' title='bbox 3222 1003 3474 1059; x_wconf 90' lang='lat' dir='ltr'><strong>thronum</strong></span> <span class='ocrx_word' id='word_1_252' title='bbox 3502 1022 3663 1061; x_wconf 90' lang='lat' dir='ltr'><strong>suum</strong></span> 
     </span>
    </p>
   </div>
   <div class='ocr_carea' id='block_1_37' title="bbox 2091 1085 3665 1167">
    <p class='ocr_par' dir='ltr' id='par_1_37' title="bbox 2091 1085 3665 1167">
     <span class='ocr_line' id='line_1_37' title="bbox 2091 1085 3665 1167; baseline 0.014 -35"><span class='ocrx_word' id='word_1_253' title='bbox 2091 1090 2197 1133; x_wconf 87' lang='lat' dir='ltr'><strong>tam</strong></span> <span class='ocrx_word' id='word_1_254' title='bbox 2227 1085 2505 1152; x_wconf 81' lang='lat' dir='ltr'><strong>magniﬁce</strong></span> <span class='ocrx_word' id='word_1_255' title='bbox 2528 1094 2785 1153; x_wconf 75' lang='lat' dir='ltr'><strong>tantoque</strong></span> <span class='ocrx_word' id='word_1_256' title='bbox 2818 1088 2873 1139; x_wconf 80' lang='lat' dir='ltr'><strong>lit</strong></span> <span class='ocrx_word' id='word_1_257' title='bbox 2897 1105 3018 1142; x_wconf 91' lang='lat' dir='ltr'><strong>cum</strong></span> <span class='ocrx_word' id='word_1_258' title='bbox 3047 1104 3331 1160; x_wconf 85' lang='lat' dir='ltr'><strong>apparatu,</strong></span> <span class='ocrx_word' id='word_1_259' title='bbox 3363 1107 3444 1163; x_wconf 86' lang='lat' dir='ltr'><strong>ut,</strong></span> <span class='ocrx_word' id='word_1_260' title='bbox 3471 1115 3665 1167; x_wconf 87' lang='lat' dir='ltr'><strong>quem-</strong></span> 
     </span>
    </p>
   </div>
   <div class='ocr_carea' id='block_1_38' title="bbox 2089 1170 3665 1255">
    <p class='ocr_par' dir='ltr' id='par_1_38' title="bbox 2089 1170 3665 1255">
     <span class='ocr_line' id='line_1_38' title="bbox 2089 1170 3665 1255; baseline 0.017 -36"><span class='ocrx_word' id='word_1_261' title='bbox 2089 1170 2378 1223; x_wconf 81' lang='lat' dir='ltr'><strong>admodum</strong></span> <span class='ocrx_word' id='word_1_262' title='bbox 2420 1174 2678 1227; x_wconf 66' lang='lat' dir='ltr'><strong>Sen-ator</strong></span> <span class='ocrx_word' id='word_1_263' title='bbox 2753 1177 2948 1233; x_wconf 90' lang='lat' dir='ltr'><strong>sedens</strong></span> <span class='ocrx_word' id='word_1_264' title='bbox 2988 1182 3040 1234; x_wconf 93' lang='lat' dir='ltr'><strong>in</strong></span> <span class='ocrx_word' id='word_1_265' title='bbox 3070 1184 3228 1238; x_wconf 64' lang='lat' dir='ltr'><strong>caelis</strong></span> <span class='ocrx_word' id='word_1_266' title='bbox 3291 1201 3478 1255; x_wconf 84' lang='lat' dir='ltr'><strong>pacem</strong></span> <span class='ocrx_word' id='word_1_267' title='bbox 3540 1191 3665 1245; x_wconf 86' lang='lat' dir='ltr'><strong>Inde</strong></span> 
     </span>
    </p>
   </div>
   <div class='ocr_carea' id='block_1_39' title="bbox 2088 1262 3665 1341">
    <p class='ocr_par' dir='ltr' id='par_1_39' title="bbox 2088 1262 3665 1341">
     <span class='ocr_line' id='line_1_39' title="bbox 2088 1262 3665 1341; baseline 0.015 -29"><span class='ocrx_word' id='word_1_268' title='bbox 2088 1262 2339 1313; x_wconf 90' lang='lat' dir='ltr'><strong>omnibus</strong></span> <span class='ocrx_word' id='word_1_269' title='bbox 2377 1264 2540 1317; x_wconf 83' lang='lat' dir='ltr'><strong>donat</strong></span> <span class='ocrx_word' id='word_1_270' title='bbox 2585 1274 2640 1319; x_wconf 90' lang='lat' dir='ltr'><strong>et</strong></span> <span class='ocrx_word' id='word_1_271' title='bbox 2678 1268 2956 1335; x_wconf 74' lang='lat' dir='ltr'><strong>prtedicat.</strong></span> <span class='ocrx_word' id='word_1_272' title='bbox 3018 1273 3089 1325; x_wconf 90' lang='lat' dir='ltr'><strong>ita</strong></span> <span class='ocrx_word' id='word_1_273' title='bbox 3125 1278 3428 1341; x_wconf 80' lang='lat' dir='ltr'><strong>patriarcha</strong></span> <span class='ocrx_word' id='word_1_274' title='bbox 3479 1295 3508 1332; x_wconf 91' lang='lat' dir='ltr'><strong>e</strong></span> <span class='ocrx_word' id='word_1_275' title='bbox 3538 1282 3665 1335; x_wconf 88' lang='lat' dir='ltr'><strong>sede</strong></span> 
     </span>
    </p>
   </div>
   <div class='ocr_carea' id='block_1_40' title="bbox 2088 1355 3666 1426">
    <p class='ocr_par' dir='ltr' id='par_1_40' title="bbox 2088 1355 3666 1426">
     <span class='ocr_line' id='line_1_40' title="bbox 2088 1355 3666 1426; baseline 0.013 -20"><span class='ocrx_word' id='word_1_276' title='bbox 2088 1369 2183 1406; x_wconf 88' lang='lat' dir='ltr'><strong>sua</strong></span> <span class='ocrx_word' id='word_1_277' title='bbox 2248 1355 2469 1409; x_wconf 81' lang='lat' dir='ltr'><strong>tricerio</strong></span> <span class='ocrx_word' id='word_1_278' title='bbox 2542 1358 2848 1421; x_wconf 65' lang='lat' dir='ltr'><strong>henellicat,</strong></span> <span class='ocrx_word' id='word_1_279' title='bbox 2908 1364 3056 1417; x_wconf 79' lang='lat' dir='ltr'><strong>velut</strong></span> <span class='ocrx_word' id='word_1_280' title='bbox 3110 1380 3137 1417; x_wconf 85' lang='lat' dir='ltr'><strong>a</strong></span> <span class='ocrx_word' id='word_1_281' title='bbox 3192 1368 3404 1425; x_wconf 61' lang='lat' dir='ltr'><strong>caelesti</strong></span> <span class='ocrx_word' id='word_1_282' title='bbox 3469 1372 3666 1426; x_wconf 88' lang='lat' dir='ltr'><strong>throno</strong></span> 
     </span>
    </p>
   </div>
   <div class='ocr_carea' id='block_1_41' title="bbox 2088 1445 3665 1526">
    <p class='ocr_par' dir='ltr' id='par_1_41' title="bbox 2088 1445 3665 1526">
     <span class='ocr_line' id='line_1_41' title="bbox 2088 1445 3665 1526; baseline 0.015 -32"><span class='ocrx_word' id='word_1_283' title='bbox 2088 1446 2333 1512; x_wconf 65' lang='lat' dir='ltr'><strong>praebens</strong></span> <span class='ocrx_word' id='word_1_284' title='bbox 2367 1445 2461 1514; x_wconf 88' lang='lat' dir='ltr'><strong>per</strong></span> <span class='ocrx_word' id='word_1_285' title='bbox 2493 1448 2841 1506; x_wconf 87' lang='lat' dir='ltr'><strong>Servatorem</strong></span> <span class='ocrx_word' id='word_1_286' title='bbox 2874 1453 3163 1510; x_wconf 87' lang='lat' dir='ltr'><strong>Trinitatis</strong></span> <span class='ocrx_word' id='word_1_287' title='bbox 3219 1466 3445 1526; x_wconf 59' lang='lat' dir='ltr'><strong>gratiam</strong></span> <span class='ocrx_word' id='word_1_288' title='bbox 3492 1474 3547 1517; x_wconf 89' lang='lat' dir='ltr'><strong>et</strong></span> <span class='ocrx_word' id='word_1_289' title='bbox 3601 1466 3665 1517; x_wconf 84' lang='lat' dir='ltr'><strong>il-</strong></span> 
     </span>
    </p>
   </div>
   <div class='ocr_carea' id='block_1_42' title="bbox 2087 1538 3659 1621">
    <p class='ocr_par' dir='ltr' id='par_1_42' title="bbox 2087 1538 3659 1621">
     <span class='ocr_line' id='line_1_42' title="bbox 2087 1538 3659 1621; baseline 0.013 -31"><span class='ocrx_word' id='word_1_290' title='bbox 2087 1538 2527 1594; x_wconf 88' lang='lat' dir='ltr'><strong>luminationem.</strong></span> <span class='ocrx_word' id='word_1_291' title='bbox 2557 1541 2687 1606; x_wconf 77' lang='lat' dir='ltr'><strong>Qua:</strong></span> <span class='ocrx_word' id='word_1_292' title='bbox 2722 1556 3049 1613; x_wconf 90' lang='lat' dir='ltr'><strong>sequuntur,</strong></span> <span class='ocrx_word' id='word_1_293' title='bbox 3080 1548 3273 1604; x_wconf 89' lang='lat' dir='ltr'><strong>eodem</strong></span> <span class='ocrx_word' id='word_1_294' title='bbox 3306 1553 3469 1608; x_wconf 90' lang='lat' dir='ltr'><strong>modo</strong></span> <span class='ocrx_word' id='word_1_295' title='bbox 3500 1552 3659 1621; x_wconf 82' lang='lat' dir='ltr'><strong>ﬁunt,</strong></span> 
     </span>
    </p>
   </div>
   <div class='ocr_carea' id='block_1_43' title="bbox 2087 1630 3662 1715">
    <p class='ocr_par' dir='ltr' id='par_1_43' title="bbox 2087 1630 3662 1715">
     <span class='ocr_line' id='line_1_43' title="bbox 2087 1630 3662 1715; baseline 0.015 -37"><span class='ocrx_word' id='word_1_296' title='bbox 2087 1644 2194 1694; x_wconf 82' lang='lat' dir='ltr'><strong>quo</strong></span> <span class='ocrx_word' id='word_1_297' title='bbox 2231 1630 2281 1681; x_wconf 89' lang='lat' dir='ltr'><strong>in</strong></span> <span class='ocrx_word' id='word_1_298' title='bbox 2317 1631 2525 1686; x_wconf 70' lang='lat' dir='ltr'><strong>caeteris</strong></span> <span class='ocrx_word' id='word_1_299' title='bbox 2559 1633 2811 1704; x_wconf 79' lang='lat' dir='ltr'><strong>liturgiis.</strong></span> <span class='ocrx_word' id='word_1_300' title='bbox 2849 1636 2904 1691; x_wconf 90' lang='lat' dir='ltr'><strong>Si</strong></span> <span class='ocrx_word' id='word_1_301' title='bbox 2935 1641 3226 1707; x_wconf 87' lang='lat' dir='ltr'><strong>episcopus</strong></span> <span class='ocrx_word' id='word_1_302' title='bbox 3268 1653 3371 1715; x_wconf 66' lang='lat' dir='ltr'><strong>es},</strong></span> <span class='ocrx_word' id='word_1_303' title='bbox 3415 1644 3489 1699; x_wconf 88' lang='lat' dir='ltr'><strong>ita</strong></span> <span class='ocrx_word' id='word_1_304' title='bbox 3521 1645 3662 1702; x_wconf 83' lang='lat' dir='ltr'><strong>ﬁtut</strong></span> 
     </span>
    </p>
   </div>
   <div class='ocr_carea' id='block_1_44' title="bbox 2086 1721 2314 1775">
    <p class='ocr_par' dir='ltr' id='par_1_44' title="bbox 2086 1721 2314 1775">
     <span class='ocr_line' id='line_1_44' title="bbox 2086 1721 2314 1775; baseline 0.009 -2"><span class='ocrx_word' id='word_1_305' title='bbox 2086 1721 2314 1775; x_wconf 82' lang='lat' dir='ltr'><strong>dictum.</strong></span> 
     </span>
    </p>
   </div>
   <div class='ocr_carea' id='block_1_45' title="bbox 2574 1816 3161 1879">
    <p class='ocr_par' dir='ltr' id='par_1_45' title="bbox 2574 1816 3161 1879">
     <span class='ocr_line' id='line_1_45' title="bbox 2574 1816 3161 1879; baseline 0.015 -9"><span class='ocrx_word' id='word_1_306' title='bbox 2574 1816 2802 1873; x_wconf 83' lang='lat' dir='ltr'><strong>CAPUT</strong></span> <span class='ocrx_word' id='word_1_307' title='bbox 2833 1820 3161 1879; x_wconf 62' lang='lat' dir='ltr'><strong>CCXXXIII.</strong></span> 
     </span>
    </p>
   </div>
   <div class='ocr_carea' id='block_1_46' title="bbox 2090 1923 3661 2018">
    <p class='ocr_par' dir='ltr' id='par_1_46' title="bbox 2090 1923 3661 2018">
     <span class='ocr_line' id='line_1_46' title="bbox 2090 1923 3661 2018; baseline 0.017 -41"><span class='ocrx_word' id='word_1_308' title='bbox 2090 1923 2364 1989; x_wconf 83' lang='lat' dir='ltr'><strong>Quomodo</strong></span> <span class='ocrx_word' id='word_1_309' title='bbox 2415 1932 2686 1984; x_wconf 72' lang='lat' dir='ltr'><strong>ordinatio</strong></span> <span class='ocrx_word' id='word_1_310' title='bbox 2740 1938 3065 2016; x_wconf 71' lang='lat' dir='ltr'><strong>patriarcha:</strong></span> <span class='ocrx_word' id='word_1_311' title='bbox 3121 1942 3215 2009; x_wconf 79' lang='lat' dir='ltr'><strong>ﬁat</strong></span> <span class='ocrx_word' id='word_1_312' title='bbox 3255 1944 3346 2013; x_wconf 77' lang='lat' dir='ltr'><strong>qui</strong></span> <span class='ocrx_word' id='word_1_313' title='bbox 3391 1947 3661 2018; x_wconf 74' lang='lat' dir='ltr'><strong>cpiscopus</strong></span> 
     </span>
    </p>
   </div>
   <div class='ocr_carea' id='block_1_47' title="bbox 2612 2010 3129 2075">
    <p class='ocr_par' dir='ltr' id='par_1_47' title="bbox 2612 2010 3129 2075">
     <span class='ocr_line' id='line_1_47' title="bbox 2612 2010 3129 2075; baseline 0.017 -21"><span class='ocrx_word' id='word_1_314' title='bbox 2612 2015 2766 2055; x_wconf 80' lang='lat' dir='ltr'><strong>antea</strong></span> <span class='ocrx_word' id='word_1_315' title='bbox 2794 2023 2895 2059; x_wconf 84' lang='lat' dir='ltr'><strong>non</strong></span> <span class='ocrx_word' id='word_1_316' title='bbox 2934 2010 3129 2075; x_wconf 76' lang='lat' dir='ltr'><strong>fuerat.</strong></span> 
     </span>
    </p>
   </div>
   <div class='ocr_carea' id='block_1_48' title="bbox 2160 2088 3660 2176">
    <p class='ocr_par' dir='ltr' id='par_1_48' title="bbox 2160 2088 3660 2176">
     <span class='ocr_line' id='line_1_48' title="bbox 2160 2088 3660 2176; baseline 0.016 -35"><span class='ocrx_word' id='word_1_317' title='bbox 2160 2088 2211 2141; x_wconf 91' lang='lat' dir='ltr'><strong>Si</strong></span> <span class='ocrx_word' id='word_1_318' title='bbox 2250 2105 2376 2141; x_wconf 74' lang='lat' dir='ltr'><strong>vero</strong></span> <span class='ocrx_word' id='word_1_319' title='bbox 2407 2092 2609 2145; x_wconf 75' lang='lat' dir='ltr'><strong>electus</strong></span> <span class='ocrx_word' id='word_1_320' title='bbox 2642 2096 2923 2164; x_wconf 82' lang='lat' dir='ltr'><strong>presbyter</strong></span> <span class='ocrx_word' id='word_1_321' title='bbox 2949 2111 3054 2161; x_wconf 84' lang='lat' dir='ltr'><strong>est,</strong></span> <span class='ocrx_word' id='word_1_322' title='bbox 3082 2117 3187 2156; x_wconf 93' lang='lat' dir='ltr'><strong>non</strong></span> <span class='ocrx_word' id='word_1_323' title='bbox 3224 2107 3530 2176; x_wconf 84' lang='lat' dir='ltr'><strong>episcopus,</strong></span> <span class='ocrx_word' id='word_1_324' title='bbox 3571 2127 3660 2165; x_wconf 88' lang='lat' dir='ltr'><strong>or-</strong></span> 
     </span>
    </p>
   </div>
   <div class='ocr_carea' id='block_1_49' title="bbox 2089 2180 3658 2262">
    <p class='ocr_par' dir='ltr' id='par_1_49' title="bbox 2089 2180 3658 2262">
     <span class='ocr_line' id='line_1_49' title="bbox 2089 2180 3658 2262; baseline 0.017 -30"><span class='ocrx_word' id='word_1_325' title='bbox 2089 2180 2308 2234; x_wconf 80' lang='lat' dir='ltr'><strong>dinatur</strong></span> <span class='ocrx_word' id='word_1_326' title='bbox 2356 2184 2586 2247; x_wconf 87' lang='lat' dir='ltr'><strong>primum</strong></span> <span class='ocrx_word' id='word_1_327' title='bbox 2658 2188 2984 2258; x_wconf 81' lang='lat' dir='ltr'><strong>cpisc0pus;</strong></span> <span class='ocrx_word' id='word_1_328' title='bbox 3048 2204 3233 2262; x_wconf 85' lang='lat' dir='ltr'><strong>postea</strong></span> <span class='ocrx_word' id='word_1_329' title='bbox 3294 2199 3350 2252; x_wconf 91' lang='lat' dir='ltr'><strong>in</strong></span> <span class='ocrx_word' id='word_1_330' title='bbox 3404 2203 3658 2259; x_wconf 84' lang='lat' dir='ltr'><strong>thronum</strong></span> 
     </span>
    </p>
   </div>
   <div class='ocr_carea' id='block_1_50' title="bbox 2088 2272 3654 2358">
    <p class='ocr_par' dir='ltr' id='par_1_50' title="bbox 2088 2272 3654 2358">
     <span class='ocr_line' id='line_1_50' title="bbox 2088 2272 3654 2358; baseline 0.015 -36"><span class='ocrx_word' id='word_1_331' title='bbox 2088 2272 2410 2325; x_wconf 77' lang='lat' dir='ltr'><strong>collocatur.</strong></span> <span class='ocrx_word' id='word_1_332' title='bbox 2460 2274 2535 2326; x_wconf 80' lang='lat' dir='ltr'><strong>Ad</strong></span> <span class='ocrx_word' id='word_1_333' title='bbox 2577 2276 2892 2346; x_wconf 88' lang='lat' dir='ltr'><strong>episcopum</strong></span> <span class='ocrx_word' id='word_1_334' title='bbox 2944 2282 3087 2334; x_wconf 90' lang='lat' dir='ltr'><strong>enim</strong></span> <span class='ocrx_word' id='word_1_335' title='bbox 3127 2284 3654 2358; x_wconf 87' lang='lat' dir='ltr'><strong>thronuspertinet,</strong></span> 
     </span>
    </p>
   </div>
   <div class='ocr_carea' id='block_1_51' title="bbox 2086 2365 3657 2446">
    <p class='ocr_par' dir='ltr' id='par_1_51' title="bbox 2086 2365 3657 2446">
     <span class='ocr_line' id='line_1_51' title="bbox 2086 2365 3657 2446; baseline 0.015 -31"><span class='ocrx_word' id='word_1_336' title='bbox 2086 2378 2150 2415; x_wconf 89' lang='lat' dir='ltr'><strong>eo</strong></span> <span class='ocrx_word' id='word_1_337' title='bbox 2189 2366 2332 2433; x_wconf 84' lang='lat' dir='ltr'><strong>quod</strong></span> <span class='ocrx_word' id='word_1_338' title='bbox 2363 2365 2562 2421; x_wconf 53' lang='lat' dir='ltr'><strong>Christi</strong></span> <span class='ocrx_word' id='word_1_339' title='bbox 2614 2371 2867 2425; x_wconf 87' lang='lat' dir='ltr'><strong>virtutem</strong></span> <span class='ocrx_word' id='word_1_340' title='bbox 2936 2374 3153 2431; x_wconf 86' lang='lat' dir='ltr'><strong>abunde</strong></span> <span class='ocrx_word' id='word_1_341' title='bbox 3205 2382 3505 2446; x_wconf 86' lang='lat' dir='ltr'><strong>possideat.</strong></span> <span class='ocrx_word' id='word_1_342' title='bbox 3541 2383 3657 2439; x_wconf 70' lang='lat' dir='ltr'><strong>llo:</strong></span> 
     </span>
    </p>
   </div>
   <div class='ocr_carea' id='block_1_52' title="bbox 2086 2456 3659 2540">
    <p class='ocr_par' dir='ltr' id='par_1_52' title="bbox 2086 2456 3659 2540">
     <span class='ocr_line' id='line_1_52' title="bbox 2086 2456 3659 2540; baseline 0.015 -35"><span class='ocrx_word' id='word_1_343' title='bbox 2086 2463 2266 2507; x_wconf 86' lang='lat' dir='ltr'><strong>autem</strong></span> <span class='ocrx_word' id='word_1_344' title='bbox 2300 2456 2406 2509; x_wconf 91' lang='lat' dir='ltr'><strong>ritu</strong></span> <span class='ocrx_word' id='word_1_345' title='bbox 2447 2460 2501 2511; x_wconf 90' lang='lat' dir='ltr'><strong>lit</strong></span> <span class='ocrx_word' id='word_1_346' title='bbox 2536 2459 2829 2515; x_wconf 84' lang='lat' dir='ltr'><strong>ordinatio.</strong></span> <span class='ocrx_word' id='word_1_347' title='bbox 2866 2456 3180 2519; x_wconf 83' lang='lat' dir='ltr'><strong>Patriarcha</strong></span> <span class='ocrx_word' id='word_1_348' title='bbox 3216 2470 3449 2540; x_wconf 87' lang='lat' dir='ltr'><strong>electus,</strong></span> <span class='ocrx_word' id='word_1_349' title='bbox 3493 2489 3659 2527; x_wconf 84' lang='lat' dir='ltr'><strong>sauc-</strong></span> 
     </span>
    </p>
   </div>
   <div class='ocr_carea' id='block_1_53' title="bbox 2088 2546 3659 2619">
    <p class='ocr_par' dir='ltr' id='par_1_53' title="bbox 2088 2546 3659 2619">
     <span class='ocr_line' id='line_1_53' title="bbox 2088 2546 3659 2619; baseline 0.014 -22"><span class='ocrx_word' id='word_1_350' title='bbox 2088 2546 2354 2600; x_wconf 88' lang='lat' dir='ltr'><strong>tissitnum</strong></span> <span class='ocrx_word' id='word_1_351' title='bbox 2393 2549 2703 2618; x_wconf 79' lang='lat' dir='ltr'><strong>ingrediens</strong></span> <span class='ocrx_word' id='word_1_352' title='bbox 2731 2552 2994 2619; x_wconf 89' lang='lat' dir='ltr'><strong>tribunal,</strong></span> <span class='ocrx_word' id='word_1_353' title='bbox 3031 2557 3220 2611; x_wconf 88' lang='lat' dir='ltr'><strong>adorat</strong></span> <span class='ocrx_word' id='word_1_354' title='bbox 3266 2574 3476 2617; x_wconf 86' lang='lat' dir='ltr'><strong>sacram</strong></span> <span class='ocrx_word' id='word_1_355' title='bbox 3511 2582 3539 2614; x_wconf 93' lang='lat' dir='ltr'><strong>n</strong></span> <span class='ocrx_word' id='word_1_356' title='bbox 3564 2581 3659 2618; x_wconf 81' lang='lat' dir='ltr'><strong>cn-</strong></span> 
     </span>
    </p>
   </div>
   <div class='ocr_carea' id='block_1_54' title="bbox 2087 2640 3658 2726">
    <p class='ocr_par' dir='ltr' id='par_1_54' title="bbox 2087 2640 3658 2726">
     <span class='ocr_line' id='line_1_54' title="bbox 2087 2640 3658 2726; baseline 0.013 -38"><span class='ocrx_word' id='word_1_357' title='bbox 2087 2652 2202 2689; x_wconf 86' lang='lat' dir='ltr'><strong>sam</strong></span> <span class='ocrx_word' id='word_1_358' title='bbox 2262 2646 2317 2691; x_wconf 91' lang='lat' dir='ltr'><strong>et</strong></span> <span class='ocrx_word' id='word_1_359' title='bbox 2368 2640 2663 2695; x_wconf 89' lang='lat' dir='ltr'><strong>osculatur.</strong></span> <span class='ocrx_word' id='word_1_360' title='bbox 2706 2641 2842 2696; x_wconf 89' lang='lat' dir='ltr'><strong>Cum</strong></span> <span class='ocrx_word' id='word_1_361' title='bbox 2904 2661 3032 2701; x_wconf 89' lang='lat' dir='ltr'><strong>vero</strong></span> <span class='ocrx_word' id='word_1_362' title='bbox 3080 2653 3385 2718; x_wconf 84' lang='lat' dir='ltr'><strong>pervenerit</strong></span> <span class='ocrx_word' id='word_1_363' title='bbox 3434 2655 3501 2708; x_wconf 88' lang='lat' dir='ltr'><strong>ad</strong></span> <span class='ocrx_word' id='word_1_364' title='bbox 3534 2672 3658 2726; x_wconf 80' lang='lat' dir='ltr'><strong>gra-</strong></span> 
     </span>
    </p>
   </div>
   <div class='ocr_carea' id='block_1_55' title="bbox 2085 2728 3657 2813">
    <p class='ocr_par' dir='ltr' id='par_1_55' title="bbox 2085 2728 3657 2813">
     <span class='ocr_line' id='line_1_55' title="bbox 2085 2728 3657 2813; baseline 0.014 -32"><span class='ocrx_word' id='word_1_365' title='bbox 2085 2728 2186 2783; x_wconf 92' lang='lat' dir='ltr'><strong>dus</strong></span> <span class='ocrx_word' id='word_1_366' title='bbox 2226 2730 2393 2783; x_wconf 83' lang='lat' dir='ltr'><strong>divini</strong></span> <span class='ocrx_word' id='word_1_367' title='bbox 2468 2733 2781 2802; x_wconf 85' lang='lat' dir='ltr'><strong>synthroni,</strong></span> <span class='ocrx_word' id='word_1_368' title='bbox 2817 2745 2897 2791; x_wconf 88' lang='lat' dir='ltr'><strong>ter</strong></span> <span class='ocrx_word' id='word_1_369' title='bbox 2930 2739 2996 2793; x_wconf 92' lang='lat' dir='ltr'><strong>ad</strong></span> <span class='ocrx_word' id='word_1_370' title='bbox 3046 2742 3307 2796; x_wconf 82' lang='lat' dir='ltr'><strong>orientem</strong></span> <span class='ocrx_word' id='word_1_371' title='bbox 3364 2746 3574 2813; x_wconf 85' lang='lat' dir='ltr'><strong>adorat,</strong></span> <span class='ocrx_word' id='word_1_372' title='bbox 3605 2762 3657 2803; x_wconf 79' lang='lat' dir='ltr'><strong>et</strong></span> 
     </span>
    </p>
   </div>
   <div class='ocr_carea' id='block_1_56' title="bbox 2085 2824 3654 2894">
    <p class='ocr_par' dir='ltr' id='par_1_56' title="bbox 2085 2824 3654 2894">
     <span class='ocr_line' id='line_1_56' title="bbox 2085 2824 3654 2894; baseline 0.017 -27"><span class='ocrx_word' id='word_1_373' title='bbox 2085 2829 2262 2874; x_wconf 78' lang='lat' dir='ltr'><strong>restes</strong></span> <span class='ocrx_word' id='word_1_374' title='bbox 2324 2824 2661 2892; x_wconf 88' lang='lat' dir='ltr'><strong>episcopales</strong></span> <span class='ocrx_word' id='word_1_375' title='bbox 2721 2827 2987 2884; x_wconf 86' lang='lat' dir='ltr'><strong>induitur.</strong></span> <span class='ocrx_word' id='word_1_376' title='bbox 3052 2833 3423 2892; x_wconf 85' lang='lat' dir='ltr'><strong>Ecclesiastici</strong></span> <span class='ocrx_word' id='word_1_377' title='bbox 3474 2853 3654 2894; x_wconf 62' lang='lat' dir='ltr'><strong>autem</strong></span> 
     </span>
    </p>
   </div>
   <div class='ocr_carea' id='block_1_57' title="bbox 2081 2908 3655 2989">
    <p class='ocr_par' dir='ltr' id='par_1_57' title="bbox 2081 2908 3655 2989">
     <span class='ocr_line' id='line_1_57' title="bbox 2081 2908 3655 2989; baseline 0.016 -27"><span class='ocrx_word' id='word_1_378' title='bbox 2081 2908 2322 2975; x_wconf 75' lang='lat' dir='ltr'><strong>dLacnni,</strong></span> <span class='ocrx_word' id='word_1_379' title='bbox 2382 2915 2525 2967; x_wconf 91' lang='lat' dir='ltr'><strong>sicut</strong></span> <span class='ocrx_word' id='word_1_380' title='bbox 2556 2918 2733 2989; x_wconf 80' lang='lat' dir='ltr'><strong>angeli</strong></span> <span class='ocrx_word' id='word_1_381' title='bbox 2769 2934 2952 2975; x_wconf 79' lang='lat' dir='ltr'><strong>sacras</strong></span> <span class='ocrx_word' id='word_1_382' title='bbox 3028 2925 3197 2980; x_wconf 87' lang='lat' dir='ltr'><strong>stolas</strong></span> <span class='ocrx_word' id='word_1_383' title='bbox 3276 2930 3391 2983; x_wconf 90' lang='lat' dir='ltr'><strong>sive</strong></span> <span class='ocrx_word' id='word_1_384' title='bbox 3442 2933 3655 2987; x_wconf 82' lang='lat' dir='ltr'><strong>tunicas</strong></span> 
     </span>
    </p>
   </div>
   <div class='ocr_carea' id='block_1_58' title="bbox 2085 3002 3654 3090">
    <p class='ocr_par' dir='ltr' id='par_1_58' title="bbox 2085 3002 3654 3090">
     <span class='ocr_line' id='line_1_58' title="bbox 2085 3002 3654 3090; baseline 0.018 -39"><span class='ocrx_word' id='word_1_385' title='bbox 2085 3002 2281 3065; x_wconf 87' lang='lat' dir='ltr'><strong>induti,</strong></span> <span class='ocrx_word' id='word_1_386' title='bbox 2320 3005 2751 3064; x_wconf 79' lang='lat' dir='ltr'><strong>benedictionem</strong></span> <span class='ocrx_word' id='word_1_387' title='bbox 2788 3014 3022 3080; x_wconf 89' lang='lat' dir='ltr'><strong>primum</strong></span> <span class='ocrx_word' id='word_1_388' title='bbox 3060 3017 3128 3070; x_wconf 90' lang='lat' dir='ltr'><strong>ab</strong></span> <span class='ocrx_word' id='word_1_389' title='bbox 3168 3033 3234 3073; x_wconf 91' lang='lat' dir='ltr'><strong>eo</strong></span> <span class='ocrx_word' id='word_1_390' title='bbox 3265 3022 3563 3090; x_wconf 86' lang='lat' dir='ltr'><strong>accipiunt,</strong></span> <span class='ocrx_word' id='word_1_391' title='bbox 3597 3034 3654 3079; x_wconf 90' lang='lat' dir='ltr'><strong>et</strong></span> 
     </span>
    </p>
   </div>
   <div class='ocr_carea' id='block_1_59' title="bbox 2083 3094 3654 3188">
    <p class='ocr_par' dir='ltr' id='par_1_59' title="bbox 2083 3094 3654 3188">
     <span class='ocr_line' id='line_1_59' title="bbox 2083 3094 3654 3188; baseline 0.017 -43"><span class='ocrx_word' id='word_1_392' title='bbox 2083 3096 2128 3145; x_wconf 78' lang='lat' dir='ltr'><strong>t&#39;l</strong></span> <span class='ocrx_word' id='word_1_393' title='bbox 2164 3094 2243 3149; x_wconf 91' lang='lat' dir='ltr'><strong>sic</strong></span> <span class='ocrx_word' id='word_1_394' title='bbox 2288 3096 2619 3155; x_wconf 78' lang='lat' dir='ltr'><strong>ministrant.</strong></span> <span class='ocrx_word' id='word_1_395' title='bbox 2688 3102 2937 3176; x_wconf 83' lang='lat' dir='ltr'><strong>Episc0pi</strong></span> <span class='ocrx_word' id='word_1_396' title='bbox 2985 3118 3166 3164; x_wconf 87' lang='lat' dir='ltr'><strong>autem</strong></span> <span class='ocrx_word' id='word_1_397' title='bbox 3222 3128 3344 3167; x_wconf 89' lang='lat' dir='ltr'><strong>cutn</strong></span> <span class='ocrx_word' id='word_1_398' title='bbox 3406 3118 3654 3188; x_wconf 85' lang='lat' dir='ltr'><strong>tnandyis</strong></span> 
     </span>
    </p>
   </div>
   <div class='ocr_carea' id='block_1_60' title="bbox 2094 3187 3655 3276">
    <p class='ocr_par' dir='ltr' id='par_1_60' title="bbox 2094 3187 3655 3276">
     <span class='ocr_line' id='line_1_60' title="bbox 2094 3187 3655 3276; baseline 0.017 -39"><span class='ocrx_word' id='word_1_399' title='bbox 2094 3187 2208 3239; x_wconf 85' lang='lat' dir='ltr'><strong>sive</strong></span> <span class='ocrx_word' id='word_1_400' title='bbox 2272 3189 2446 3259; x_wconf 72' lang='lat' dir='ltr'><strong>longis</strong></span> <span class='ocrx_word' id='word_1_401' title='bbox 2516 3193 2694 3260; x_wconf 79' lang='lat' dir='ltr'><strong>palliis</strong></span> <span class='ocrx_word' id='word_1_402' title='bbox 2745 3206 2893 3251; x_wconf 77' lang='grc' dir='ltr'>ει.ιιιι</span> <span class='ocrx_word' id='word_1_403' title='bbox 2944 3209 3176 3255; x_wconf 90' lang='lat' dir='ltr'><strong>tantum.</strong></span> <span class='ocrx_word' id='word_1_404' title='bbox 3229 3205 3427 3262; x_wconf 81' lang='lat' dir='ltr'><strong>Omnes</strong></span> <span class='ocrx_word' id='word_1_405' title='bbox 3488 3187 3655 3276; x_wconf 68' lang='lat' dir='ltr'><strong>igitur</strong></span> 
     </span>
    </p>
   </div>
   <div class='ocr_carea' id='block_1_61' title="bbox 410 3275 2151 3366">
    <p class='ocr_par' dir='ltr' id='par_1_61' title="bbox 410 3275 2151 3366">
     <span class='ocr_line' id='line_1_61' title="bbox 410 3275 2151 3366; baseline 0.001 -38"><span class='ocrx_word' id='word_1_406' title='bbox 410 3293 519 3330; x_wconf 83' lang='lat' dir='ltr'><strong>vov.</strong></span> <span class='ocrx_word' id='word_1_407' title='bbox 554 3277 737 3329; x_wconf 80' lang='grc' dir='ltr'>Πάντα</span> <span class='ocrx_word' id='word_1_408' title='bbox 761 3275 855 3328; x_wconf 81' lang='grc' dir='ltr'>οὖν</span> <span class='ocrx_word' id='word_1_409' title='bbox 884 3278 1246 3345; x_wconf 80' lang='grc' dir='ltr'>ἐνδυσάμενος</span> <span class='ocrx_word' id='word_1_410' title='bbox 1275 3280 1342 3331; x_wconf 85' lang='grc' dir='ltr'><strong>τά</strong></span> <span class='ocrx_word' id='word_1_411' title='bbox 1371 3281 1753 3348; x_wconf 72' lang='grc' dir='ltr'>ἀρχιερατικὰ,</span> <span class='ocrx_word' id='word_1_412' title='bbox 1790 3286 1978 3352; x_wconf 79' lang='grc' dir='ltr'>στιχά-</span> <span class='ocrx_word' id='word_1_413' title='bbox 2006 3310 2048 3366; x_wconf 75' lang='lat' dir='ltr'><strong>c</strong></span> <span class='ocrx_word' id='word_1_414' title='bbox 2084 3292 2151 3330; x_wconf 62' lang='lat' dir='ltr'><strong>art</strong></span> 
     </span>
    </p>
   </div>
   <div class='ocr_carea' id='block_1_62' title="bbox 1911 3275 3652 3366">
    <p class='ocr_par' dir='ltr' id='par_1_62' title="bbox 1918 3275 3652 3366">
     <span class='ocr_line' id='line_1_62' title="bbox 1918 3275 3652 3366; baseline 0.016 -39"><span class='ocrx_word' id='word_1_415' title='bbox 1918 3286 1978 3337; x_wconf 75' lang='grc' dir='ltr'><strong>ἀ-</strong></span> <span class='ocrx_word' id='word_1_416' title='bbox 2006 3310 2048 3366; x_wconf 75' lang='lat' dir='ltr'>c</span> <span class='ocrx_word' id='word_1_417' title='bbox 2084 3278 2474 3336; x_wconf 83' lang='lat' dir='ltr'><strong>archieraticas</strong></span> <span class='ocrx_word' id='word_1_418' title='bbox 2518 3295 2692 3339; x_wconf 87' lang='lat' dir='ltr'><strong>vestes</strong></span> <span class='ocrx_word' id='word_1_419' title='bbox 2748 3287 2995 3351; x_wconf 88' lang='lat' dir='ltr'><strong>indutus.</strong></span> <span class='ocrx_word' id='word_1_420' title='bbox 3054 3294 3371 3349; x_wconf 85' lang='lat' dir='ltr'><strong>sticharinat</strong></span> <span class='ocrx_word' id='word_1_421' title='bbox 3419 3275 3652 3355; x_wconf 86' lang='lat' dir='ltr'><strong>undula-</strong></span> 
     </span>
    </p>
   </div>
   <div class='ocr_carea' id='block_1_63' title="bbox 412 3367 1973 3439">
    <p class='ocr_par' dir='ltr' id='par_1_63' title="bbox 412 3367 1973 3439">
     <span class='ocr_line' id='line_1_63' title="bbox 412 3367 1973 3439; baseline 0.006 -22"><span class='ocrx_word' id='word_1_422' title='bbox 412 3384 529 3438; x_wconf 86' lang='grc' dir='ltr'>ριον</span> <span class='ocrx_word' id='word_1_423' title='bbox 555 3367 695 3433; x_wconf 87' lang='grc' dir='ltr'>μετὰ</span> <span class='ocrx_word' id='word_1_424' title='bbox 728 3367 1017 3436; x_wconf 84' lang='grc' dir='ltr'>ποταμῶν,</span> <span class='ocrx_word' id='word_1_425' title='bbox 1053 3369 1139 3419; x_wconf 81' lang='grc' dir='ltr'><strong>διὰ</strong></span> <span class='ocrx_word' id='word_1_426' title='bbox 1166 3369 1225 3419; x_wconf 68' lang='grc' dir='ltr'><strong>τὸ</strong></span> <span class='ocrx_word' id='word_1_427' title='bbox 1256 3371 1420 3435; x_wconf 77' lang='grc' dir='ltr'>ἁγνόν</span> <span class='ocrx_word' id='word_1_428' title='bbox 1478 3387 1535 3420; x_wconf 87' lang='grc' dir='ltr'><strong>τε</strong></span> <span class='ocrx_word' id='word_1_429' title='bbox 1571 3375 1665 3424; x_wconf 72' lang='grc' dir='ltr'>καὶ</span> <span class='ocrx_word' id='word_1_430' title='bbox 1692 3372 1791 3439; x_wconf 83' lang='grc' dir='ltr'>τὴν</span> <span class='ocrx_word' id='word_1_431' title='bbox 1825 3374 1973 3426; x_wconf 84' lang='grc' dir='ltr'>διδα-</span> 
     </span>
    </p>
   </div>
   <div class='ocr_carea' id='block_1_64' title="bbox 410 3456 1975 3529">
    <p class='ocr_par' dir='ltr' id='par_1_64' title="bbox 410 3456 1975 3529">
     <span class='ocr_line' id='line_1_64' title="bbox 410 3456 1975 3529; baseline 0.002 -19"><span class='ocrx_word' id='word_1_432' title='bbox 410 3456 657 3522; x_wconf 84' lang='grc' dir='ltr'>σκαλίαν,</span> <span class='ocrx_word' id='word_1_433' title='bbox 711 3457 799 3509; x_wconf 81' lang='grc' dir='ltr'><strong>διὰ</strong></span> <span class='ocrx_word' id='word_1_434' title='bbox 825 3456 926 3525; x_wconf 83' lang='grc' dir='ltr'>τὴν</span> <span class='ocrx_word' id='word_1_435' title='bbox 956 3458 1163 3511; x_wconf 81' lang='grc' dir='ltr'>ἄνωθεν</span> <span class='ocrx_word' id='word_1_436' title='bbox 1208 3458 1371 3527; x_wconf 87' lang='grc' dir='ltr'>χάριν</span> <span class='ocrx_word' id='word_1_437' title='bbox 1426 3459 1833 3529; x_wconf 83' lang='grc' dir='ltr'>ἐπιτραχήλιον,</span> <span class='ocrx_word' id='word_1_438' title='bbox 1882 3467 1975 3515; x_wconf 74' lang='grc' dir='ltr'>καὶ</span> 
     </span>
    </p>
   </div>
   <div class='ocr_carea' id='block_1_65' title="bbox 410 3547 1977 3621">
    <p class='ocr_par' dir='ltr' id='par_1_65' title="bbox 410 3547 1977 3621">
     <span class='ocr_line' id='line_1_65' title="bbox 410 3547 1977 3621; baseline 0.002 -20"><span class='ocrx_word' id='word_1_439' title='bbox 410 3547 586 3618; x_wconf 76' lang='grc' dir='ltr'>ζώνην</span> <span class='ocrx_word' id='word_1_440' title='bbox 641 3550 735 3603; x_wconf 76' lang='grc' dir='ltr'>καὶ</span> <span class='ocrx_word' id='word_1_441' title='bbox 786 3552 1131 3616; x_wconf 84' lang='grc' dir='ltr'>ἐπιγονάτιον</span> <span class='ocrx_word' id='word_1_442' title='bbox 1178 3550 1269 3602; x_wconf 81' lang='grc' dir='ltr'>διὰ</span> <span class='ocrx_word' id='word_1_443' title='bbox 1316 3550 1415 3618; x_wconf 82' lang='grc' dir='ltr'>τὴν</span> <span class='ocrx_word' id='word_1_444' title='bbox 1471 3551 1824 3621; x_wconf 77' lang='grc' dir='ltr'>σωφροσύνην</span> <span class='ocrx_word' id='word_1_445' title='bbox 1884 3556 1977 3606; x_wconf 77' lang='grc' dir='ltr'>καὶ</span> 
     </span>
    </p>
   </div>
   <div class='ocr_carea' id='block_1_66' title="bbox 413 3639 1977 3709">
    <p class='ocr_par' dir='ltr' id='par_1_66' title="bbox 413 3639 1977 3709">
     <span class='ocr_line' id='line_1_66' title="bbox 413 3639 1977 3709; baseline 0.004 -17"><span class='ocrx_word' id='word_1_446' title='bbox 413 3639 568 3709; x_wconf 75' lang='grc' dir='ltr'>ίσχὺν</span> <span class='ocrx_word' id='word_1_447' title='bbox 604 3639 748 3692; x_wconf 84' lang='grc' dir='ltr'>κατὰ</span> <span class='ocrx_word' id='word_1_448' title='bbox 795 3640 1031 3692; x_wconf 82' lang='grc' dir='ltr'>θανάτου</span> <span class='ocrx_word' id='word_1_449' title='bbox 1068 3641 1162 3691; x_wconf 73' lang='grc' dir='ltr'>καὶ</span> <span class='ocrx_word' id='word_1_450' title='bbox 1206 3641 1388 3709; x_wconf 86' lang='grc' dir='ltr'>νίκην,</span> <span class='ocrx_word' id='word_1_451' title='bbox 1422 3643 1729 3709; x_wconf 80' lang='grc' dir='ltr'>ἐπιμάνικά</span> <span class='ocrx_word' id='word_1_452' title='bbox 1761 3661 1818 3696; x_wconf 87' lang='grc' dir='ltr'><strong>τε</strong></span> <span class='ocrx_word' id='word_1_453' title='bbox 1884 3651 1977 3698; x_wconf 75' lang='grc' dir='ltr'>καὶ</span> 
     </span>
    </p>
   </div>
   <div class='ocr_carea' id='block_1_67' title="bbox 411 3731 1974 3801">
    <p class='ocr_par' dir='ltr' id='par_1_67' title="bbox 411 3731 1974 3801">
     <span class='ocr_line' id='line_1_67' title="bbox 411 3731 1974 3801; baseline 0.003 -19"><span class='ocrx_word' id='word_1_454' title='bbox 411 3731 614 3783; x_wconf 82' lang='grc' dir='ltr'>σάκκον</span> <span class='ocrx_word' id='word_1_455' title='bbox 645 3731 733 3782; x_wconf 80' lang='grc' dir='ltr'><strong>διὰ</strong></span> <span class='ocrx_word' id='word_1_456' title='bbox 780 3731 878 3800; x_wconf 80' lang='grc' dir='ltr'>τὴν</span> <span class='ocrx_word' id='word_1_457' title='bbox 933 3732 1086 3784; x_wconf 73' lang='grc' dir='ltr'>θείαν</span> <span class='ocrx_word' id='word_1_458' title='bbox 1127 3731 1412 3800; x_wconf 76' lang='grc' dir='ltr'>ἐνέργειαν</span> <span class='ocrx_word' id='word_1_459' title='bbox 1452 3733 1545 3784; x_wconf 87' lang='grc' dir='ltr'>καὶ</span> <span class='ocrx_word' id='word_1_460' title='bbox 1596 3734 1695 3801; x_wconf 76' lang='grc' dir='ltr'>τὴν</span> <span class='ocrx_word' id='word_1_461' title='bbox 1749 3734 1837 3786; x_wconf 84' lang='grc' dir='ltr'>διὰ</span> <span class='ocrx_word' id='word_1_462' title='bbox 1881 3735 1974 3787; x_wconf 76' lang='grc' dir='ltr'>τοῦ</span> 
     </span>
    </p>
   </div>
   <div class='ocr_carea' id='block_1_68' title="bbox 410 3819 1974 3891">
    <p class='ocr_par' dir='ltr' id='par_1_68' title="bbox 410 3819 1974 3891">
     <span class='ocr_line' id='line_1_68' title="bbox 410 3819 1974 3891; baseline 0.004 -21"><span class='ocrx_word' id='word_1_463' title='bbox 410 3819 615 3882; x_wconf 83' lang='grc' dir='ltr'>πάθους</span> <span class='ocrx_word' id='word_1_464' title='bbox 644 3819 972 3888; x_wconf 76' lang='grc' dir='ltr'>ἀφθαρσίαν,</span> <span class='ocrx_word' id='word_1_465' title='bbox 1000 3820 1311 3889; x_wconf 78' lang='grc' dir='ltr'>ὠμοφόριον</span> <span class='ocrx_word' id='word_1_466' title='bbox 1341 3820 1499 3889; x_wconf 83' lang='grc' dir='ltr'>μόνον</span> <span class='ocrx_word' id='word_1_467' title='bbox 1540 3822 1600 3873; x_wconf 82' lang='grc' dir='ltr'>οὐ</span> <span class='ocrx_word' id='word_1_468' title='bbox 1646 3823 1974 3891; x_wconf 78' lang='grc' dir='ltr'>περιϐάλλε-</span> 
     </span>
    </p>
   </div>
   <div class='ocr_carea' id='block_1_69' title="bbox 405 3909 1401 3979">
    <p class='ocr_par' dir='ltr' id='par_1_69' title="bbox 405 3909 1401 3979">
     <span class='ocr_line' id='line_1_69' title="bbox 405 3909 1401 3979; baseline 0.001 -16"><span class='ocrx_word' id='word_1_469' title='bbox 405 3925 528 3963; x_wconf 65' lang='grc' dir='ltr'>ται*</span> <span class='ocrx_word' id='word_1_470' title='bbox 561 3909 719 3962; x_wconf 78' lang='grc' dir='ltr'>τοῦτο</span> <span class='ocrx_word' id='word_1_471' title='bbox 763 3912 872 3979; x_wconf 82' lang='grc' dir='ltr'><strong>γὰρ</strong></span> <span class='ocrx_word' id='word_1_472' title='bbox 908 3910 1039 3962; x_wconf 84' lang='grc' dir='ltr'>ῖόιον</span> <span class='ocrx_word' id='word_1_473' title='bbox 1074 3911 1401 3965; x_wconf 71' lang='grc' dir='ltr'>ἐπισκόπου.</span> 
     </span>
    </p>
   </div>
   <div class='ocr_carea' id='block_1_70' title="bbox 957 4107 1418 4162">
    <p class='ocr_par' dir='ltr' id='par_1_70' title="bbox 957 4107 1418 4162">
     <span class='ocr_line' id='line_1_70' title="bbox 957 4107 1418 4162; baseline 0.004 -2"><span class='ocrx_word' id='word_1_474' title='bbox 957 4107 1208 4162; x_wconf 79' lang='grc' dir='ltr'><strong>ΚΕΦΑΛ.</strong></span> <span class='ocrx_word' id='word_1_475' title='bbox 1259 4110 1418 4162; x_wconf 76' lang='grc' dir='ltr'><strong>ΣΛΔ⁹.</strong></span> 
     </span>
    </p>
   </div>
   <div class='ocr_carea' id='block_1_71' title="bbox 408 4223 1970 4296">
    <p class='ocr_par' dir='ltr' id='par_1_71' title="bbox 408 4223 1970 4296">
     <span class='ocr_line' id='line_1_71' title="bbox 408 4223 1970 4296; baseline 0.006 -20"><span class='ocrx_word' id='word_1_476' title='bbox 408 4223 531 4277; x_wconf 85' lang='grc' dir='ltr'>Ὀτι</span> <span class='ocrx_word' id='word_1_477' title='bbox 557 4224 656 4278; x_wconf 76' lang='grc' dir='ltr'>καὶ</span> <span class='ocrx_word' id='word_1_478' title='bbox 683 4228 733 4296; x_wconf 67' lang='grc' dir='ltr'><strong>Δό</strong></span> <span class='ocrx_word' id='word_1_479' title='bbox 758 4225 1128 4294; x_wconf 78' lang='grc' dir='ltr'>πατριάρχης</span> <span class='ocrx_word' id='word_1_480' title='bbox 1173 4227 1291 4279; x_wconf 85' lang='grc' dir='ltr'><strong>ὑπὸ</strong></span> <span class='ocrx_word' id='word_1_481' title='bbox 1324 4228 1466 4292; x_wconf 85' lang='grc' dir='ltr'>τοὺς</span> <span class='ocrx_word' id='word_1_482' title='bbox 1511 4232 1774 4296; x_wconf 79' lang='grc' dir='ltr'>κανόνας</span> <span class='ocrx_word' id='word_1_483' title='bbox 1802 4233 1937 4286; x_wconf 80' lang='grc' dir='ltr'>ἐστί</span> <span class='ocrx_word' id='word_1_484' title='bbox 1956 4251 1970 4264; x_wconf 74' lang='grc' dir='ltr'><strong>ο</strong></span> 
     </span>
    </p>
   </div>
   <div class='ocr_carea' id='block_1_72' title="bbox 475 4293 1973 4365">
    <p class='ocr_par' dir='ltr' id='par_1_72' title="bbox 475 4293 1973 4365">
     <span class='ocr_line' id='line_1_72' title="bbox 475 4293 1973 4365; baseline 0.006 -18"><span class='ocrx_word' id='word_1_485' title='bbox 475 4296 573 4365; x_wconf 78' lang='grc' dir='ltr'>καὶ</span> <span class='ocrx_word' id='word_1_486' title='bbox 620 4293 861 4362; x_wconf 76' lang='grc' dir='ltr'>μέλλων</span> <span class='ocrx_word' id='word_1_487' title='bbox 890 4296 1355 4365; x_wconf 49' lang='grc' dir='ltr'>χειροτονεῑοςθαι</span> <span class='ocrx_word' id='word_1_488' title='bbox 1400 4293 1973 4365; x_wconf 61' lang='grc' dir='ltr'>ἐπίσκοπος-’δίδωσι</span> 
     </span>
    </p>
   </div>
   <div class='ocr_carea' id='block_1_73' title="bbox 473 4362 1670 4435">
    <p class='ocr_par' dir='ltr' id='par_1_73' title="bbox 473 4362 1670 4435">
     <span class='ocr_line' id='line_1_73' title="bbox 473 4362 1670 4435; baseline 0.005 -20"><span class='ocrx_word' id='word_1_489' title='bbox 473 4362 589 4430; x_wconf 80' lang='grc' dir='ltr'>τὴν</span> <span class='ocrx_word' id='word_1_490' title='bbox 617 4365 943 4431; x_wconf 75' lang='grc' dir='ltr'>ὁμολογίαν</span> <span class='ocrx_word' id='word_1_491' title='bbox 978 4364 1164 4415; x_wconf 81' lang='grc' dir='ltr'>αὑτοῦ</span> <span class='ocrx_word' id='word_1_492' title='bbox 1196 4363 1271 4431; x_wconf 79' lang='grc' dir='ltr'>τῇ</span> <span class='ocrx_word' id='word_1_493' title='bbox 1315 4367 1670 4435; x_wconf 73' lang='grc' dir='ltr'>Ἐκκλησία.</span> 
     </span>
    </p>
   </div>
   <div class='ocr_carea' id='block_1_74' title="bbox 473 4451 1975 4521">
    <p class='ocr_par' dir='ltr' id='par_1_74' title="bbox 473 4451 1975 4521">
     <span class='ocr_line' id='line_1_74' title="bbox 473 4451 1975 4521; baseline 0.005 -14"><span class='ocrx_word' id='word_1_494' title='bbox 473 4456 631 4508; x_wconf 79' lang='grc' dir='ltr'>Μετὰ</span> <span class='ocrx_word' id='word_1_495' title='bbox 664 4454 760 4507; x_wconf 83' lang='grc' dir='ltr'>τοῦ</span> <span class='ocrx_word' id='word_1_496' title='bbox 821 4455 1026 4507; x_wconf 83' lang='grc' dir='ltr'>σάκκου</span> <span class='ocrx_word' id='word_1_497' title='bbox 1083 4451 1177 4507; x_wconf 73' lang='grc' dir='ltr'>οὖν</span> <span class='ocrx_word' id='word_1_498' title='bbox 1224 4457 1375 4521; x_wconf 79' lang='grc' dir='ltr'>στάς,</span> <span class='ocrx_word' id='word_1_499' title='bbox 1424 4458 1642 4520; x_wconf 81' lang='grc' dir='ltr'>δεικνὺς</span> <span class='ocrx_word' id='word_1_500' title='bbox 1690 4460 1765 4521; x_wconf 83' lang='grc' dir='ltr'>ὡς</span> <span class='ocrx_word' id='word_1_501' title='bbox 1820 4461 1975 4515; x_wconf 77' lang='grc' dir='ltr'>οὔπω</span> 
     </span>
    </p>
   </div>
   <div class='ocr_carea' id='block_1_75' title="bbox 403 4542 1974 4619">
    <p class='ocr_par' dir='ltr' id='par_1_75' title="bbox 403 4542 1974 4619">
     <span class='ocr_line' id='line_1_75' title="bbox 403 4542 1974 4619; baseline 0.003 -24"><span class='ocrx_word' id='word_1_502' title='bbox 403 4543 703 4603; x_wconf 68' lang='grc' dir='ltr'>ἐπίσκοπος</span> <span class='ocrx_word' id='word_1_503' title='bbox 743 4542 960 4594; x_wconf 85' lang='grc' dir='ltr'>πάντων</span> <span class='ocrx_word' id='word_1_504' title='bbox 1022 4543 1331 4610; x_wconf 80' lang='grc' dir='ltr'>ἱσταμένων</span> <span class='ocrx_word' id='word_1_505' title='bbox 1369 4546 1674 4615; x_wconf 83' lang='grc' dir='ltr'>ἀρχιερέων</span> <span class='ocrx_word' id='word_1_506' title='bbox 1715 4550 1809 4600; x_wconf 74' lang='grc' dir='ltr'>καὶ</span> <span class='ocrx_word' id='word_1_507' title='bbox 1842 4550 1974 4619; x_wconf 85' lang='grc' dir='ltr'>κλη-</span> 
     </span>
    </p>
   </div>
   <div class='ocr_carea' id='block_1_76' title="bbox 2082 3376 3650 3455">
    <p class='ocr_par' dir='ltr' id='par_1_76' title="bbox 2082 3376 3650 3455">
     <span class='ocr_line' id='line_1_76' title="bbox 2082 3376 3650 3455; baseline 0.02 -36"><span class='ocrx_word' id='word_1_508' title='bbox 2082 3378 2191 3422; x_wconf 93' lang='lat' dir='ltr'><strong>tnm</strong></span> <span class='ocrx_word' id='word_1_509' title='bbox 2223 3380 2443 3439; x_wconf 90' lang='lat' dir='ltr'><strong>propter</strong></span> <span class='ocrx_word' id='word_1_510' title='bbox 2466 3376 2754 3441; x_wconf 83' lang='lat' dir='ltr'><strong>puritatem</strong></span> <span class='ocrx_word' id='word_1_511' title='bbox 2782 3387 2838 3431; x_wconf 91' lang='lat' dir='ltr'><strong>et</strong></span> <span class='ocrx_word' id='word_1_512' title='bbox 2874 3382 3199 3451; x_wconf 73' lang='lat' dir='ltr'><strong>doctrinam,</strong></span> <span class='ocrx_word' id='word_1_513' title='bbox 3240 3388 3650 3455; x_wconf 77' lang='lat' dir='ltr'><strong>epitracltelium</strong></span> 
     </span>
    </p>
   </div>
   <div class='ocr_carea' id='block_1_77' title="bbox 2082 3461 3651 3551">
    <p class='ocr_par' dir='ltr' id='par_1_77' title="bbox 2082 3461 3651 3551">
     <span class='ocr_line' id='line_1_77' title="bbox 2082 3461 3651 3551; baseline 0.018 -40"><span class='ocrx_word' id='word_1_514' title='bbox 2082 3461 2193 3515; x_wconf 82' lang='lat' dir='ltr'><strong>sive</strong></span> <span class='ocrx_word' id='word_1_515' title='bbox 2226 3463 2418 3515; x_wconf 87' lang='lat' dir='ltr'><strong>stolam</strong></span> <span class='ocrx_word' id='word_1_516' title='bbox 2452 3467 2869 3535; x_wconf 77' lang='lat' dir='ltr'><strong>sacerdotalem,</strong></span> <span class='ocrx_word' id='word_1_517' title='bbox 2903 3482 2955 3525; x_wconf 89' lang='lat' dir='ltr'><strong>et</strong></span> <span class='ocrx_word' id='word_1_518' title='bbox 3007 3489 3197 3529; x_wconf 85' lang='lat' dir='ltr'><strong>zonam</strong></span> <span class='ocrx_word' id='word_1_519' title='bbox 3248 3492 3470 3549; x_wconf 81' lang='lat' dir='ltr'><strong>prapter</strong></span> <span class='ocrx_word' id='word_1_520' title='bbox 3523 3501 3651 3551; x_wconf 74' lang='lat' dir='ltr'><strong>gra-</strong></span> 
     </span>
    </p>
   </div>
   <div class='ocr_carea' id='block_1_78' title="bbox 2084 3555 3651 3644">
    <p class='ocr_par' dir='ltr' id='par_1_78' title="bbox 2084 3555 3651 3644">
     <span class='ocr_line' id='line_1_78' title="bbox 2084 3555 3651 3644; baseline 0.019 -41"><span class='ocrx_word' id='word_1_521' title='bbox 2084 3555 2209 3604; x_wconf 88' lang='lat' dir='ltr'><strong>tiam</strong></span> <span class='ocrx_word' id='word_1_522' title='bbox 2248 3567 2482 3620; x_wconf 88' lang='lat' dir='ltr'><strong>snperne</strong></span> <span class='ocrx_word' id='word_1_523' title='bbox 2547 3558 2872 3624; x_wconf 83' lang='lat' dir='ltr'><strong>venientem,</strong></span> <span class='ocrx_word' id='word_1_524' title='bbox 2952 3571 3345 3636; x_wconf 78' lang='lat' dir='ltr'><strong>supergcuuale</strong></span> <span class='ocrx_word' id='word_1_525' title='bbox 3427 3589 3651 3644; x_wconf 89' lang='lat' dir='ltr'><strong>propter</strong></span> 
     </span>
    </p>
   </div>
   <div class='ocr_carea' id='block_1_79' title="bbox 2082 3647 3647 3735">
    <p class='ocr_par' dir='ltr' id='par_1_79' title="bbox 2082 3647 3647 3735">
     <span class='ocr_line' id='line_1_79' title="bbox 2082 3647 3647 3735; baseline 0.019 -41"><span class='ocrx_word' id='word_1_526' title='bbox 2082 3647 2487 3713; x_wconf 80' lang='lat' dir='ltr'><strong>temperantiam</strong></span> <span class='ocrx_word' id='word_1_527' title='bbox 2557 3658 2611 3701; x_wconf 90' lang='lat' dir='ltr'><strong>et</strong></span> <span class='ocrx_word' id='word_1_528' title='bbox 2682 3650 3056 3710; x_wconf 80' lang='lat' dir='ltr'><strong>fortitudinem</strong></span> <span class='ocrx_word' id='word_1_529' title='bbox 3131 3671 3320 3716; x_wconf 87' lang='lat' dir='ltr'><strong>contra</strong></span> <span class='ocrx_word' id='word_1_530' title='bbox 3392 3677 3647 3735; x_wconf 83' lang='lat' dir='ltr'><strong>mortem,</strong></span> 
     </span>
    </p>
   </div>
   <div class='ocr_carea' id='block_1_80' title="bbox 2080 3731 3647 3815">
    <p class='ocr_par' dir='ltr' id='par_1_80' title="bbox 2080 3731 3647 3815">
     <span class='ocr_line' id='line_1_80' title="bbox 2080 3731 3647 3815; baseline 0.022 -33"><span class='ocrx_word' id='word_1_531' title='bbox 2080 3731 2255 3799; x_wconf 80' lang='lat' dir='ltr'><strong>deque</strong></span> <span class='ocrx_word' id='word_1_532' title='bbox 2284 3750 2345 3788; x_wconf 88' lang='lat' dir='ltr'><strong>ea</strong></span> <span class='ocrx_word' id='word_1_533' title='bbox 2402 3736 2706 3805; x_wconf 86' lang='lat' dir='ltr'><strong>victoriam,</strong></span> <span class='ocrx_word' id='word_1_534' title='bbox 2749 3748 3199 3809; x_wconf 87' lang='lat' dir='ltr'><strong>supermanicalia</strong></span> <span class='ocrx_word' id='word_1_535' title='bbox 3261 3768 3386 3809; x_wconf 82' lang='lat' dir='ltr'><strong>vero</strong></span> <span class='ocrx_word' id='word_1_536' title='bbox 3416 3767 3469 3812; x_wconf 88' lang='lat' dir='ltr'><strong>et</strong></span> <span class='ocrx_word' id='word_1_537' title='bbox 3523 3776 3647 3815; x_wconf 81' lang='lat' dir='ltr'><strong>sac-</strong></span> 
     </span>
    </p>
   </div>
   <div class='ocr_carea' id='block_1_81' title="bbox 2079 3831 3646 3916">
    <p class='ocr_par' dir='ltr' id='par_1_81' title="bbox 2079 3831 3646 3916">
     <span class='ocr_line' id='line_1_81' title="bbox 2079 3831 3646 3916; baseline 0.02 -41"><span class='ocrx_word' id='word_1_538' title='bbox 2079 3838 2201 3877; x_wconf 88' lang='lat' dir='ltr'><strong>cum</strong></span> <span class='ocrx_word' id='word_1_539' title='bbox 2246 3838 2465 3894; x_wconf 86' lang='lat' dir='ltr'><strong>propter</strong></span> <span class='ocrx_word' id='word_1_540' title='bbox 2503 3831 2741 3885; x_wconf 82' lang='lat' dir='ltr'><strong>tlivittnm</strong></span> <span class='ocrx_word' id='word_1_541' title='bbox 2797 3836 3074 3905; x_wconf 90' lang='lat' dir='ltr'><strong>virtutem,</strong></span> <span class='ocrx_word' id='word_1_542' title='bbox 3120 3854 3172 3895; x_wconf 87' lang='lat' dir='ltr'><strong>et</strong></span> <span class='ocrx_word' id='word_1_543' title='bbox 3208 3859 3305 3913; x_wconf 89' lang='lat' dir='ltr'><strong>per</strong></span> <span class='ocrx_word' id='word_1_544' title='bbox 3360 3852 3646 3916; x_wconf 89' lang='lat' dir='ltr'><strong>passiones</strong></span> 
     </span>
    </p>
   </div>
   <div class='ocr_carea' id='block_1_82' title="bbox 2082 3916 3644 4009">
    <p class='ocr_par' dir='ltr' id='par_1_82' title="bbox 2082 3916 3644 4009">
     <span class='ocr_line' id='line_1_82' title="bbox 2082 3916 3644 4009; baseline 0.021 -41"><span class='ocrx_word' id='word_1_545' title='bbox 2082 3916 2569 4009; x_wconf 67' lang='lat' dir='ltr'><strong>immortalitatem,</strong></span> <span class='ocrx_word' id='word_1_546' title='bbox 2632 3926 2804 3979; x_wconf 84' lang='lat' dir='ltr'><strong>solum</strong></span> <span class='ocrx_word' id='word_1_547' title='bbox 2850 3938 2935 3985; x_wconf 89' lang='lat' dir='ltr'><strong>est</strong></span> <span class='ocrx_word' id='word_1_548' title='bbox 2988 3933 3207 4001; x_wconf 88' lang='lat' dir='ltr'><strong>pallium</strong></span> <span class='ocrx_word' id='word_1_549' title='bbox 3243 3954 3352 4008; x_wconf 91' lang='lat' dir='ltr'><strong>quo</strong></span> <span class='ocrx_word' id='word_1_550' title='bbox 3390 3956 3500 3998; x_wconf 85' lang='lat' dir='ltr'><strong>non</strong></span> <span class='ocrx_word' id='word_1_551' title='bbox 3555 3946 3644 4000; x_wconf 87' lang='lat' dir='ltr'><strong>iu-</strong></span> 
     </span>
    </p>
   </div>
   <div class='ocr_carea' id='block_1_83' title="bbox 2081 4008 3255 4094">
    <p class='ocr_par' dir='ltr' id='par_1_83' title="bbox 2081 4008 3255 4094">
     <span class='ocr_line' id='line_1_83' title="bbox 2081 4008 3255 4094; baseline 0.02 -34"><span class='ocrx_word' id='word_1_552' title='bbox 2081 4008 2302 4076; x_wconf 86' lang='lat' dir='ltr'><strong>tluitur;</strong></span> <span class='ocrx_word' id='word_1_553' title='bbox 2345 4021 2427 4066; x_wconf 84' lang='lat' dir='ltr'><strong>est</strong></span> <span class='ocrx_word' id='word_1_554' title='bbox 2461 4016 2605 4070; x_wconf 52' lang='lat' dir='ltr'><strong>enim</strong></span> <span class='ocrx_word' id='word_1_555' title='bbox 2654 4018 2893 4087; x_wconf 78' lang='lat' dir='ltr'><strong>episc0pi</strong></span> <span class='ocrx_word' id='word_1_556' title='bbox 2956 4027 3255 4094; x_wconf 89' lang='lat' dir='ltr'><strong>proprium.</strong></span> 
     </span>
    </p>
   </div>
   <div class='ocr_carea' id='block_1_84' title="bbox 2566 4130 3153 4193">
    <p class='ocr_par' dir='ltr' id='par_1_84' title="bbox 2566 4130 3153 4193">
     <span class='ocr_line' id='line_1_84' title="bbox 2566 4130 3153 4193; baseline 0.019 -11"><span class='ocrx_word' id='word_1_557' title='bbox 2566 4130 2791 4187; x_wconf 75' lang='lat' dir='ltr'><strong>CAPUT</strong></span> <span class='ocrx_word' id='word_1_558' title='bbox 2829 4134 3153 4193; x_wconf 80' lang='lat' dir='ltr'><strong>CCXXXIV.</strong></span> 
     </span>
    </p>
   </div>
   <div class='ocr_carea' id='block_1_85' title="bbox 2080 4237 3644 4331">
    <p class='ocr_par' dir='ltr' id='par_1_85' title="bbox 2080 4237 3644 4331">
     <span class='ocr_line' id='line_1_85' title="bbox 2080 4237 3644 4331; baseline 0.018 -40"><span class='ocrx_word' id='word_1_559' title='bbox 2080 4237 2445 4319; x_wconf 74' lang='lat' dir='ltr'><strong>Pntriarcham</strong></span> <span class='ocrx_word' id='word_1_560' title='bbox 2507 4249 2977 4331; x_wconf 64' lang='lat' dir='ltr'><strong>quoque_subesse</strong></span> <span class='ocrx_word' id='word_1_561' title='bbox 3042 4257 3350 4331; x_wconf 60' lang='lat' dir='ltr'><strong>canoniltus,</strong></span> <span class='ocrx_word' id='word_1_562' title='bbox 3396 4270 3552 4331; x_wconf 73' lang='lat' dir='ltr'><strong>atque</strong></span> <span class='ocrx_word' id='word_1_563' title='bbox 3594 4266 3644 4319; x_wconf 72' lang='lat' dir='ltr'><strong>si</strong></span> 
     </span>
    </p>
   </div>
   <div class='ocr_carea' id='block_1_86' title="bbox 2148 4311 3643 4392">
    <p class='ocr_par' dir='ltr' id='par_1_86' title="bbox 2148 4311 3643 4392">
     <span class='ocr_line' id='line_1_86' title="bbox 2148 4311 3643 4392; baseline 0.017 -31"><span class='ocrx_word' id='word_1_564' title='bbox 2148 4311 2417 4392; x_wconf 54' lang='lat' dir='ltr'><strong>episcopus</strong></span> <span class='ocrx_word' id='word_1_565' title='bbox 2441 4380 2452 4392; x_wconf 44' lang='lat'><strong><em>.</em></strong></span> <span class='ocrx_word' id='word_1_566' title='bbox 2481 4314 2808 4391; x_wconf 75' lang='lat' dir='ltr'><strong>ordinandus</strong></span> <span class='ocrx_word' id='word_1_567' title='bbox 2868 4330 2943 4372; x_wconf 76' lang='lat' dir='ltr'><strong>est</strong></span> <span class='ocrx_word' id='word_1_568' title='bbox 2973 4362 2989 4385; x_wconf 88' lang='lat'><strong>,</strong></span> <span class='ocrx_word' id='word_1_569' title='bbox 3039 4311 3643 4392; x_wconf 29' lang='lat' dir='ltr'><strong>confessionemque;</strong></span> 
     </span>
    </p>
   </div>
   <div class='ocr_carea' id='block_1_87' title="bbox 2150 4380 2597 4433">
    <p class='ocr_par' dir='ltr' id='par_1_87' title="bbox 2150 4380 2597 4433">
     <span class='ocr_line' id='line_1_87' title="bbox 2150 4380 2597 4433; baseline 0.007 -4"><span class='ocrx_word' id='word_1_570' title='bbox 2150 4380 2300 4431; x_wconf 83' lang='lat' dir='ltr'><strong>edere</strong></span> <span class='ocrx_word' id='word_1_571' title='bbox 2328 4380 2597 4433; x_wconf 66' lang='lat' dir='ltr'><strong>Ecclesiw.</strong></span> 
     </span>
    </p>
   </div>
   <div class='ocr_carea' id='block_1_88' title="bbox 2151 4469 3639 4546">
    <p class='ocr_par' dir='ltr' id='par_1_88' title="bbox 2151 4469 3639 4546">
     <span class='ocr_line' id='line_1_88' title="bbox 2151 4469 3639 4546; baseline 0.015 -23"><span class='ocrx_word' id='word_1_572' title='bbox 2151 4469 2315 4525; x_wconf 87' lang='lat' dir='ltr'><strong>Stans</strong></span> <span class='ocrx_word' id='word_1_573' title='bbox 2342 4472 2505 4541; x_wconf 77' lang='lat' dir='ltr'><strong>igitur</strong></span> <span class='ocrx_word' id='word_1_574' title='bbox 2544 4489 2666 4527; x_wconf 91' lang='lat' dir='ltr'><strong>cum</strong></span> <span class='ocrx_word' id='word_1_575' title='bbox 2710 4491 2892 4542; x_wconf 87' lang='lat' dir='ltr'><strong>sacco,</strong></span> <span class='ocrx_word' id='word_1_576' title='bbox 2926 4490 2981 4533; x_wconf 89' lang='lat' dir='ltr'><strong>et</strong></span> <span class='ocrx_word' id='word_1_577' title='bbox 3033 4483 3136 4539; x_wconf 90' lang='lat' dir='ltr'><strong>hoc</strong></span> <span class='ocrx_word' id='word_1_578' title='bbox 3177 4485 3364 4541; x_wconf 87' lang='lat' dir='ltr'><strong>habitu</strong></span> <span class='ocrx_word' id='word_1_579' title='bbox 3409 4489 3639 4546; x_wconf 63' lang='lat' dir='ltr'><strong>demon.</strong></span> 
     </span>
    </p>
   </div>
   <div class='ocr_carea' id='block_1_89' title="bbox 2079 4565 3639 4650">
    <p class='ocr_par' dir='ltr' id='par_1_89' title="bbox 2079 4565 3639 4650">
     <span class='ocr_line' id='line_1_89' title="bbox 2079 4565 3639 4650; baseline 0.013 -35"><span class='ocrx_word' id='word_1_580' title='bbox 2079 4572 2259 4617; x_wconf 80' lang='lat' dir='ltr'><strong>strans</strong></span> <span class='ocrx_word' id='word_1_581' title='bbox 2290 4579 2350 4616; x_wconf 86' lang='lat' dir='ltr'><strong>se</strong></span> <span class='ocrx_word' id='word_1_582' title='bbox 2380 4565 2619 4618; x_wconf 91' lang='lat' dir='ltr'><strong>nondum</strong></span> <span class='ocrx_word' id='word_1_583' title='bbox 2646 4582 2769 4622; x_wconf 85' lang='lat' dir='ltr'><strong>esse</strong></span> <span class='ocrx_word' id='word_1_584' title='bbox 2808 4571 3149 4641; x_wconf 87' lang='lat' dir='ltr'><strong>episcopum,</strong></span> <span class='ocrx_word' id='word_1_585' title='bbox 3194 4578 3464 4634; x_wconf 86' lang='lat' dir='ltr'><strong>stantibus</strong></span> <span class='ocrx_word' id='word_1_586' title='bbox 3503 4597 3639 4650; x_wconf 84' lang='lat' dir='ltr'><strong>quo-</strong></span> 
     </span>
    </p>
   </div>
   <div class='ocr_carea' id='block_1_90' title="bbox 406 4633 2147 4735">
    <p class='ocr_par' dir='ltr' id='par_1_90' title="bbox 406 4633 2147 4719">
     <span class='ocr_line' id='line_1_90' title="bbox 406 4633 2147 4719; baseline 0.005 -34"><span class='ocrx_word' id='word_1_587' title='bbox 406 4634 577 4704; x_wconf 86' lang='grc' dir='ltr'>ρικῶν</span> <span class='ocrx_word' id='word_1_588' title='bbox 602 4634 671 4685; x_wconf 88' lang='grc' dir='ltr'><strong>τὰ</strong></span> <span class='ocrx_word' id='word_1_589' title='bbox 699 4633 792 4686; x_wconf 78' lang='grc' dir='ltr'>τοῦ</span> <span class='ocrx_word' id='word_1_590' title='bbox 825 4634 1049 4695; x_wconf 86' lang='grc' dir='ltr'>κανόνος</span> <span class='ocrx_word' id='word_1_591' title='bbox 1076 4634 1339 4703; x_wconf 74' lang='grc' dir='ltr'>ἐκπληροῖ</span> <span class='ocrx_word' id='word_1_592' title='bbox 1366 4651 1378 4663; x_wconf 93' lang='grc'><strong>·</strong></span> <span class='ocrx_word' id='word_1_593' title='bbox 1429 4637 1523 4687; x_wconf 76' lang='grc' dir='ltr'>καὶ</span> <span class='ocrx_word' id='word_1_594' title='bbox 1551 4639 1650 4704; x_wconf 78' lang='grc' dir='ltr'>τὴν</span> <span class='ocrx_word' id='word_1_595' title='bbox 1683 4639 1975 4707; x_wconf 69' lang='grc' dir='ltr'>ὁμολογίαν</span> <span class='ocrx_word' id='word_1_596' title='bbox 2008 4644 2050 4700; x_wconf 87' lang='lat' dir='ltr'><strong>D</strong></span> <span class='ocrx_word' id='word_1_597' title='bbox 2080 4667 2147 4719; x_wconf 77' lang='lat' dir='ltr'><strong>qu</strong></span> 
     </span>
    </p>
   </div>
   <div class='ocr_carea' id='block_1_91' title="bbox 1895 4633 3636 4735">
    <p class='ocr_par' dir='ltr' id='par_1_91' title="bbox 1895 4633 3636 4735">
     <span class='ocr_line' id='line_1_91' title="bbox 1895 4633 3636 4735; baseline 0.014 -37"><span class='ocrx_word' id='word_1_598' title='bbox 1895 4653 1975 4693; x_wconf 67' lang='lat' dir='ltr'><strong>Iuv</strong></span> <span class='ocrx_word' id='word_1_599' title='bbox 2008 4644 2050 4700; x_wconf 87' lang='lat' dir='ltr'><strong>D</strong></span> <span class='ocrx_word' id='word_1_600' title='bbox 2080 4666 2185 4719; x_wconf 87' lang='lat' dir='ltr'><strong>que</strong></span> <span class='ocrx_word' id='word_1_601' title='bbox 2208 4651 2463 4704; x_wconf 88' lang='lat' dir='ltr'><strong>onmibus</strong></span> <span class='ocrx_word' id='word_1_602' title='bbox 2497 4652 2772 4721; x_wconf 78' lang='lat' dir='ltr'><strong>episcopis</strong></span> <span class='ocrx_word' id='word_1_603' title='bbox 2800 4633 2853 4707; x_wconf 80' lang='lat' dir='ltr'><strong>et</strong></span> <span class='ocrx_word' id='word_1_604' title='bbox 2882 4633 3115 4723; x_wconf 83' lang='lat' dir='ltr'><strong>clericis,</strong></span> <span class='ocrx_word' id='word_1_605' title='bbox 3135 4633 3235 4729; x_wconf 24' lang='lat' dir='ltr'><strong>vqui</strong></span> <span class='ocrx_word' id='word_1_606' title='bbox 3267 4633 3563 4735; x_wconf 66' lang='lat' dir='ltr'><strong>supersunt</strong></span> <span class='ocrx_word' id='word_1_607' title='bbox 3605 4685 3636 4724; x_wconf 77' lang='grc' dir='ltr'><strong>ο</strong></span> 
     </span>
    </p>
   </div>
   <div class='ocr_carea' id='block_1_92' title="bbox 404 4724 1972 4797">
    <p class='ocr_par' dir='ltr' id='par_1_92' title="bbox 404 4724 1972 4797">
     <span class='ocr_line' id='line_1_92' title="bbox 404 4724 1972 4797; baseline 0.003 -19"><span class='ocrx_word' id='word_1_608' title='bbox 404 4725 570 4778; x_wconf 80' lang='grc' dir='ltr'>αὐτοῦ</span> <span class='ocrx_word' id='word_1_609' title='bbox 600 4724 831 4778; x_wconf 82' lang='grc' dir='ltr'>ἐνώπιον</span> <span class='ocrx_word' id='word_1_610' title='bbox 885 4724 1034 4791; x_wconf 84' lang='grc' dir='ltr'>λέγει</span> <span class='ocrx_word' id='word_1_611' title='bbox 1076 4726 1312 4791; x_wconf 74' lang='grc' dir='ltr'>πάντων,</span> <span class='ocrx_word' id='word_1_612' title='bbox 1342 4726 1440 4795; x_wconf 81' lang='grc' dir='ltr'><strong>τήν</strong></span> <span class='ocrx_word' id='word_1_613' title='bbox 1476 4728 1661 4779; x_wconf 87' lang='grc' dir='ltr'>πίστιν</span> <span class='ocrx_word' id='word_1_614' title='bbox 1688 4729 1853 4797; x_wconf 81' lang='grc' dir='ltr'>ὀρθὴν</span> <span class='ocrx_word' id='word_1_615' title='bbox 1897 4731 1972 4782; x_wconf 82' lang='grc' dir='ltr'><strong>δι-</strong></span> 
     </span>
    </p>
   </div>
   <div class='ocr_carea' id='block_1_93' title="bbox 399 4814 1972 4888">
    <p class='ocr_par' dir='ltr' id='par_1_93' title="bbox 399 4814 1972 4888">
     <span class='ocr_line' id='line_1_93' title="bbox 399 4814 1972 4888; baseline 0.003 -20"><span class='ocrx_word' id='word_1_616' title='bbox 399 4815 549 4881; x_wconf 82' lang='grc' dir='ltr'>δοὺς,</span> <span class='ocrx_word' id='word_1_617' title='bbox 581 4815 653 4877; x_wconf 82' lang='grc' dir='ltr'><strong>ὡς</strong></span> <span class='ocrx_word' id='word_1_618' title='bbox 689 4816 863 4882; x_wconf 83' lang='grc' dir='ltr'>δῶρον</span> <span class='ocrx_word' id='word_1_619' title='bbox 892 4815 993 4883; x_wconf 82' lang='grc' dir='ltr'>τῆς</span> <span class='ocrx_word' id='word_1_620' title='bbox 1045 4814 1405 4882; x_wconf 70' lang='grc' dir='ltr'>νυμφεύσεως</span> <span class='ocrx_word' id='word_1_621' title='bbox 1457 4817 1717 4885; x_wconf 73' lang='grc' dir='ltr'>καθαρόν.</span> <span class='ocrx_word' id='word_1_622' title='bbox 1780 4818 1838 4873; x_wconf 88' lang='grc' dir='ltr'>Ὀ</span> <span class='ocrx_word' id='word_1_623' title='bbox 1873 4820 1972 4888; x_wconf 80' lang='grc' dir='ltr'>μὲν</span> 
     </span>
    </p>
   </div>
   <div class='ocr_carea' id='block_1_94' title="bbox 400 4906 1970 4977">
    <p class='ocr_par' dir='ltr' id='par_1_94' title="bbox 400 4906 1970 4977">
     <span class='ocr_line' id='line_1_94' title="bbox 400 4906 1970 4977; baseline 0.004 -20"><span class='ocrx_word' id='word_1_624' title='bbox 400 4906 511 4976; x_wconf 83' lang='grc' dir='ltr'><strong>γάρ</strong></span> <span class='ocrx_word' id='word_1_625' title='bbox 544 4906 833 4975; x_wconf 74' lang='grc' dir='ltr'>ἀρχιερεὺς</span> <span class='ocrx_word' id='word_1_626' title='bbox 861 4906 941 4967; x_wconf 79' lang='grc' dir='ltr'><strong>είς</strong></span> <span class='ocrx_word' id='word_1_627' title='bbox 971 4908 1319 4975; x_wconf 82' lang='grc' dir='ltr'>πατριάρχην</span> <span class='ocrx_word' id='word_1_628' title='bbox 1358 4910 1805 4977; x_wconf 75' lang='grc' dir='ltr'>μετατιθέμενος,</span> <span class='ocrx_word' id='word_1_629' title='bbox 1846 4912 1970 4973; x_wconf 84' lang='grc' dir='ltr'>δοὺς</span> 
     </span>
    </p>
   </div>
   <div class='ocr_carea' id='block_1_95' title="bbox 400 4996 1969 5068">
    <p class='ocr_par' dir='ltr' id='par_1_95' title="bbox 400 4996 1969 5068">
     <span class='ocr_line' id='line_1_95' title="bbox 400 4996 1969 5068; baseline 0.013 -32"><span class='ocrx_word' id='word_1_630' title='bbox 400 4998 638 5067; x_wconf 57' lang='grc' dir='ltr'><strong>ἔξαρχῆς</strong></span> <span class='ocrx_word' id='word_1_631' title='bbox 666 4999 765 5067; x_wconf 71' lang='grc' dir='ltr'>τὴν</span> <span class='ocrx_word' id='word_1_632' title='bbox 798 4996 1090 5066; x_wconf 81' lang='grc' dir='ltr'>ὁμολογίαν</span> <span class='ocrx_word' id='word_1_633' title='bbox 1143 5002 1201 5049; x_wconf 85' lang='grc' dir='ltr'>ὲν</span> <span class='ocrx_word' id='word_1_634' title='bbox 1252 4999 1330 5067; x_wconf 82' lang='grc' dir='ltr'><strong>τῷ</strong></span> <span class='ocrx_word' id='word_1_635' title='bbox 1386 5002 1839 5068; x_wconf 83' lang='grc' dir='ltr'>χειροτονεῖσθαι,</span> <span class='ocrx_word' id='word_1_636' title='bbox 1866 5006 1969 5057; x_wconf 81' lang='grc' dir='ltr'>οὐκ</span> 
     </span>
    </p>
   </div>
   <div class='ocr_carea' id='block_1_96' title="bbox 401 5080 1969 5164">
    <p class='ocr_par' dir='ltr' id='par_1_96' title="bbox 401 5080 1969 5164">
     <span class='ocr_line' id='line_1_96' title="bbox 401 5080 1969 5164; baseline 0.005 -23"><span class='ocrx_word' id='word_1_637' title='bbox 401 5090 514 5159; x_wconf 67' lang='grc' dir='ltr'>ἔχει</span> <span class='ocrx_word' id='word_1_638' title='bbox 572 5090 761 5158; x_wconf 87' lang='grc' dir='ltr'>χρείαν</span> <span class='ocrx_word' id='word_1_639' title='bbox 806 5086 957 5151; x_wconf 79' lang='grc' dir='ltr'>αὖθις</span> <span class='ocrx_word' id='word_1_640' title='bbox 1010 5080 1197 5157; x_wconf 79' lang='grc' dir='ltr'>λέγειν</span> <span class='ocrx_word' id='word_1_641' title='bbox 1222 5092 1435 5159; x_wconf 66' lang='grc' dir='ltr'>αὑτήνο</span> <span class='ocrx_word' id='word_1_642' title='bbox 1473 5086 1631 5155; x_wconf 70' lang='grc' dir='ltr'>οὗτος</span> <span class='ocrx_word' id='word_1_643' title='bbox 1687 5094 1741 5146; x_wconf 84' lang='grc' dir='ltr'><strong>δὲ</strong></span> <span class='ocrx_word' id='word_1_644' title='bbox 1801 5098 1969 5164; x_wconf 85' lang='grc' dir='ltr'>μήπω</span> 
     </span>
    </p>
   </div>
   <div class='ocr_carea' id='block_1_97' title="bbox 400 5180 1967 5256">
    <p class='ocr_par' dir='ltr' id='par_1_97' title="bbox 400 5180 1967 5256">
     <span class='ocr_line' id='line_1_97' title="bbox 400 5180 1967 5256; baseline 0.003 -23"><span class='ocrx_word' id='word_1_645' title='bbox 400 5181 697 5240; x_wconf 72' lang='grc' dir='ltr'>ἐπίσκοπος</span> <span class='ocrx_word' id='word_1_646' title='bbox 728 5180 990 5247; x_wconf 84' lang='grc' dir='ltr'>γεγονὼς,</span> <span class='ocrx_word' id='word_1_647' title='bbox 1023 5180 1242 5251; x_wconf 83' lang='grc' dir='ltr'>ἀνάγκη</span> <span class='ocrx_word' id='word_1_648' title='bbox 1275 5183 1483 5251; x_wconf 83' lang='grc' dir='ltr'>ταύτην</span> <span class='ocrx_word' id='word_1_649' title='bbox 1516 5184 1698 5236; x_wconf 75' lang='grc' dir='ltr'>δοῦναι</span> <span class='ocrx_word' id='word_1_650' title='bbox 1731 5187 1838 5255; x_wconf 79' lang='grc' dir='ltr'>πρὸ</span> <span class='ocrx_word' id='word_1_651' title='bbox 1869 5190 1967 5256; x_wconf 86' lang='grc' dir='ltr'>τῆς</span> 
     </span>
    </p>
   </div>
   <div class='ocr_carea' id='block_1_98' title="bbox 398 5273 1964 5343">
    <p class='ocr_par' dir='ltr' id='par_1_98' title="bbox 398 5273 1964 5343">
     <span class='ocr_line' id='line_1_98' title="bbox 398 5273 1964 5343; baseline 0.003 -20"><span class='ocrx_word' id='word_1_652' title='bbox 398 5273 735 5342; x_wconf 76' lang='grc' dir='ltr'>χειροτονίας</span> <span class='ocrx_word' id='word_1_653' title='bbox 763 5274 828 5340; x_wconf 80' lang='grc' dir='ltr'>τῇ</span> <span class='ocrx_word' id='word_1_654' title='bbox 868 5273 1192 5343; x_wconf 67' lang='grc' dir='ltr'>Ἐκκλησίᾳ,</span> <span class='ocrx_word' id='word_1_655' title='bbox 1250 5274 1346 5325; x_wconf 72' lang='grc' dir='ltr'>καὶ</span> <span class='ocrx_word' id='word_1_656' title='bbox 1378 5276 1526 5335; x_wconf 79' lang='grc' dir='ltr'>ἐντὸς</span> <span class='ocrx_word' id='word_1_657' title='bbox 1576 5276 1783 5343; x_wconf 85' lang='grc' dir='ltr'>ταύτην</span> <span class='ocrx_word' id='word_1_658' title='bbox 1814 5277 1964 5343; x_wconf 77' lang='grc' dir='ltr'>λέγει</span> 
     </span>
    </p>
   </div>
   <div class='ocr_carea' id='block_1_99' title="bbox 396 5363 1965 5436">
    <p class='ocr_par' dir='ltr' id='par_1_99' title="bbox 396 5363 1965 5436">
     <span class='ocr_line' id='line_1_99' title="bbox 396 5363 1965 5436; baseline 0.001 -19"><span class='ocrx_word' id='word_1_659' title='bbox 396 5364 492 5417; x_wconf 77' lang='grc' dir='ltr'>τοῦ</span> <span class='ocrx_word' id='word_1_660' title='bbox 534 5363 799 5432; x_wconf 82' lang='grc' dir='ltr'>βήματος,</span> <span class='ocrx_word' id='word_1_661' title='bbox 838 5364 911 5426; x_wconf 81' lang='grc' dir='ltr'>ὡς</span> <span class='ocrx_word' id='word_1_662' title='bbox 937 5366 1155 5417; x_wconf 88' lang='grc' dir='ltr'>πάντων</span> <span class='ocrx_word' id='word_1_663' title='bbox 1188 5366 1293 5417; x_wconf 80' lang='grc' dir='ltr'><strong>τῶν</strong></span> <span class='ocrx_word' id='word_1_664' title='bbox 1347 5367 1404 5417; x_wconf 86' lang='grc' dir='ltr'><strong>ἐν</strong></span> <span class='ocrx_word' id='word_1_665' title='bbox 1434 5368 1508 5433; x_wconf 78' lang='grc' dir='ltr'>τῷ</span> <span class='ocrx_word' id='word_1_666' title='bbox 1547 5366 1750 5434; x_wconf 79' lang='grc' dir='ltr'>βήματι</span> <span class='ocrx_word' id='word_1_667' title='bbox 1781 5368 1965 5436; x_wconf 83' lang='grc' dir='ltr'>ἄρχων</span> 
     </span>
    </p>
   </div>
   <div class='ocr_carea' id='block_1_100' title="bbox 396 5454 1962 5527">
    <p class='ocr_par' dir='ltr' id='par_1_100' title="bbox 396 5454 1962 5527">
     <span class='ocr_line' id='line_1_100' title="bbox 396 5454 1962 5527; baseline 0.003 -20"><span class='ocrx_word' id='word_1_668' title='bbox 396 5458 455 5507; x_wconf 89' lang='grc' dir='ltr'><strong>ἐν</strong></span> <span class='ocrx_word' id='word_1_669' title='bbox 487 5454 767 5523; x_wconf 64' lang='grc' dir='ltr'>Πνεῦματι</span> <span class='ocrx_word' id='word_1_670' title='bbox 822 5454 1221 5523; x_wconf 77' lang='grc' dir='ltr'>καθιστάμενος</span> <span class='ocrx_word' id='word_1_671' title='bbox 1270 5457 1365 5507; x_wconf 78' lang='grc' dir='ltr'>καὶ</span> <span class='ocrx_word' id='word_1_672' title='bbox 1424 5458 1637 5527; x_wconf 84' lang='grc' dir='ltr'>Πατήρ.</span> <span class='ocrx_word' id='word_1_673' title='bbox 1695 5459 1874 5523; x_wconf 83' lang='grc' dir='ltr'>Αὐτὴν</span> <span class='ocrx_word' id='word_1_674' title='bbox 1906 5460 1962 5511; x_wconf 82' lang='grc' dir='ltr'><strong>δὲ</strong></span> 
     </span>
    </p>
   </div>
   <div class='ocr_carea' id='block_1_101' title="bbox 394 5542 1961 5616">
    <p class='ocr_par' dir='ltr' id='par_1_101' title="bbox 394 5542 1961 5616">
     <span class='ocr_line' id='line_1_101' title="bbox 394 5542 1961 5616; baseline 0.005 -23"><span class='ocrx_word' id='word_1_675' title='bbox 394 5544 545 5610; x_wconf 80' lang='grc' dir='ltr'>λέγει</span> <span class='ocrx_word' id='word_1_676' title='bbox 568 5542 634 5610; x_wconf 81' lang='grc' dir='ltr'>ἣν</span> <span class='ocrx_word' id='word_1_677' title='bbox 659 5542 753 5593; x_wconf 72' lang='grc' dir='ltr'>καὶ</span> <span class='ocrx_word' id='word_1_678' title='bbox 780 5542 978 5605; x_wconf 88' lang='grc' dir='ltr'>πάντες</span> <span class='ocrx_word' id='word_1_679' title='bbox 1010 5546 1057 5595; x_wconf 75' lang='lat' dir='ltr'><strong>oi</strong></span> <span class='ocrx_word' id='word_1_680' title='bbox 1080 5545 1380 5613; x_wconf 73' lang='grc' dir='ltr'>ὑποῲήφιοι</span> <span class='ocrx_word' id='word_1_681' title='bbox 1411 5548 1692 5616; x_wconf 84' lang='grc' dir='ltr'>ἀρχιερεῖς</span> <span class='ocrx_word' id='word_1_682' title='bbox 1719 5550 1961 5615; x_wconf 86' lang='grc' dir='ltr'>λέγουσι,</span> 
     </span>
    </p>
   </div>
   <div class='ocr_carea' id='block_1_102' title="bbox 396 5635 1964 5709">
    <p class='ocr_par' dir='ltr' id='par_1_102' title="bbox 396 5635 1964 5709">
     <span class='ocr_line' id='line_1_102' title="bbox 396 5635 1964 5709; baseline 0.003 -21"><span class='ocrx_word' id='word_1_683' title='bbox 396 5636 567 5705; x_wconf 70' lang='grc' dir='ltr'>χωρὶς</span> <span class='ocrx_word' id='word_1_684' title='bbox 602 5636 761 5703; x_wconf 85' lang='grc' dir='ltr'>μόνον</span> <span class='ocrx_word' id='word_1_685' title='bbox 782 5635 875 5686; x_wconf 76' lang='grc' dir='ltr'>τοῦ</span> <span class='ocrx_word' id='word_1_686' title='bbox 901 5636 1305 5689; x_wconf 79' lang='grc' dir='ltr'>ὑποτάσσεσθαι</span> <span class='ocrx_word' id='word_1_687' title='bbox 1331 5637 1408 5705; x_wconf 85' lang='grc' dir='ltr'>τῷ</span> <span class='ocrx_word' id='word_1_688' title='bbox 1436 5641 1771 5709; x_wconf 71' lang='grc' dir='ltr'>πατριάρχῃ.</span> <span class='ocrx_word' id='word_1_689' title='bbox 1812 5642 1964 5692; x_wconf 76' lang='grc' dir='ltr'>Ἐπεὶ</span> 
     </span>
    </p>
   </div>
   <div class='ocr_carea' id='block_1_103' title="bbox 396 5727 1961 5797">
    <p class='ocr_par' dir='ltr' id='par_1_103' title="bbox 396 5727 1961 5797">
     <span class='ocr_line' id='line_1_103' title="bbox 396 5727 1961 5797; baseline 0.003 -18"><span class='ocrx_word' id='word_1_690' title='bbox 396 5728 506 5794; x_wconf 84' lang='grc' dir='ltr'>γὰρ</span> <span class='ocrx_word' id='word_1_691' title='bbox 539 5727 698 5789; x_wconf 72' lang='grc' dir='ltr'>αὐτὸς</span> <span class='ocrx_word' id='word_1_692' title='bbox 745 5728 1091 5796; x_wconf 77' lang='grc' dir='ltr'>πατριάρχης</span> <span class='ocrx_word' id='word_1_693' title='bbox 1148 5729 1627 5797; x_wconf 73' lang='grc' dir='ltr'>χειροτονούμενος</span> <span class='ocrx_word' id='word_1_694' title='bbox 1684 5734 1824 5793; x_wconf 83' lang='grc' dir='ltr'>ἐστι,</span> <span class='ocrx_word' id='word_1_695' title='bbox 1854 5732 1961 5783; x_wconf 85' lang='grc' dir='ltr'>τίνι</span> 
     </span>
    </p>
   </div>
   <div class='ocr_carea' id='block_1_104' title="bbox 396 5816 1962 5887">
    <p class='ocr_par' dir='ltr' id='par_1_104' title="bbox 396 5816 1962 5887">
     <span class='ocr_line' id='line_1_104' title="bbox 396 5816 1962 5887; baseline 0.003 -20"><span class='ocrx_word' id='word_1_696' title='bbox 396 5817 818 5885; x_wconf 84' lang='grc' dir='ltr'>ὑποταγήσεται,</span> <span class='ocrx_word' id='word_1_697' title='bbox 863 5816 1043 5886; x_wconf 81' lang='grc' dir='ltr'>ἀλλ’ἢ</span> <span class='ocrx_word' id='word_1_698' title='bbox 1101 5820 1211 5879; x_wconf 87' lang='grc' dir='ltr'>τοῖς</span> <span class='ocrx_word' id='word_1_699' title='bbox 1265 5820 1456 5871; x_wconf 83' lang='grc' dir='ltr'>κανόσι</span> <span class='ocrx_word' id='word_1_700' title='bbox 1510 5823 1604 5871; x_wconf 68' lang='grc' dir='ltr'>καὶ</span> <span class='ocrx_word' id='word_1_701' title='bbox 1646 5822 1829 5887; x_wconf 83' lang='grc' dir='ltr'>μόνον,</span> <span class='ocrx_word' id='word_1_702' title='bbox 1869 5821 1962 5884; x_wconf 80' lang='grc' dir='ltr'>οὓς</span> 
     </span>
    </p>
   </div>
   <div class='ocr_carea' id='block_1_105' title="bbox 395 5905 1957 5975">
    <p class='ocr_par' dir='ltr' id='par_1_105' title="bbox 395 5905 1957 5975">
     <span class='ocr_line' id='line_1_105' title="bbox 395 5905 1957 5975; baseline 0.005 -19"><span class='ocrx_word' id='word_1_703' title='bbox 395 5907 487 5956; x_wconf 67' lang='grc' dir='ltr'>καὶ</span> <span class='ocrx_word' id='word_1_704' title='bbox 517 5905 769 5973; x_wconf 73' lang='grc' dir='ltr'>ὁμολογεῖ</span> <span class='ocrx_word' id='word_1_705' title='bbox 817 5905 1147 5973; x_wconf 72' lang='grc' dir='ltr'>φυλάσσεινς</span> <span class='ocrx_word' id='word_1_706' title='bbox 1184 5907 1296 5975; x_wconf 79' lang='grc' dir='ltr'><strong>Τῆς</strong></span> <span class='ocrx_word' id='word_1_707' title='bbox 1331 5910 1625 5975; x_wconf 83' lang='grc' dir='ltr'>ὁμολογίας</span> <span class='ocrx_word' id='word_1_708' title='bbox 1658 5910 1751 5962; x_wconf 75' lang='grc' dir='ltr'>οὖν</span> <span class='ocrx_word' id='word_1_709' title='bbox 1788 5914 1957 5964; x_wconf 74' lang='grc' dir='ltr'>-τελε-</span> 
     </span>
    </p>
   </div>
   <div class='ocr_carea' id='block_1_106' title="bbox 2076 4742 3633 4813">
    <p class='ocr_par' dir='ltr' id='par_1_106' title="bbox 2076 4742 3633 4813">
     <span class='ocr_line' id='line_1_106' title="bbox 2076 4742 3633 4813; baseline 0.011 -18"><span class='ocrx_word' id='word_1_710' title='bbox 2076 4756 2285 4795; x_wconf 87' lang='lat' dir='ltr'><strong>canone</strong></span> <span class='ocrx_word' id='word_1_711' title='bbox 2350 4742 2610 4809; x_wconf 92' lang='lat' dir='ltr'><strong>complet,</strong></span> <span class='ocrx_word' id='word_1_712' title='bbox 2650 4756 2704 4797; x_wconf 90' lang='lat' dir='ltr'><strong>et</strong></span> <span class='ocrx_word' id='word_1_713' title='bbox 2757 4748 3163 4805; x_wconf 80' lang='lat' dir='ltr'><strong>confessionem</strong></span> <span class='ocrx_word' id='word_1_714' title='bbox 3229 4768 3385 4809; x_wconf 80' lang='lat' dir='ltr'><strong>suam</strong></span> <span class='ocrx_word' id='word_1_715' title='bbox 3447 4772 3633 4813; x_wconf 90' lang='lat' dir='ltr'><strong>coram</strong></span> 
     </span>
    </p>
   </div>
   <div class='ocr_carea' id='block_1_107' title="bbox 2073 4834 3631 4918">
    <p class='ocr_par' dir='ltr' id='par_1_107' title="bbox 2073 4834 3631 4918">
     <span class='ocr_line' id='line_1_107' title="bbox 2073 4834 3631 4918; baseline 0.012 -31"><span class='ocrx_word' id='word_1_716' title='bbox 2073 4834 2331 4887; x_wconf 85' lang='lat' dir='ltr'><strong>omnibus</strong></span> <span class='ocrx_word' id='word_1_717' title='bbox 2371 4834 2586 4897; x_wconf 89' lang='lat' dir='ltr'><strong>recitat,</strong></span> <span class='ocrx_word' id='word_1_718' title='bbox 2621 4844 2823 4889; x_wconf 90' lang='lat' dir='ltr'><strong>rectam</strong></span> <span class='ocrx_word' id='word_1_719' title='bbox 2852 4837 3010 4891; x_wconf 86' lang='lat' dir='ltr'><strong>tidem</strong></span> <span class='ocrx_word' id='word_1_720' title='bbox 3036 4850 3095 4895; x_wconf 92' lang='lat' dir='ltr'><strong>ut</strong></span> <span class='ocrx_word' id='word_1_721' title='bbox 3121 4858 3313 4910; x_wconf 85' lang='lat' dir='ltr'><strong>purum</strong></span> <span class='ocrx_word' id='word_1_722' title='bbox 3342 4848 3631 4918; x_wconf 76' lang='lat' dir='ltr'><strong>desponsa-</strong></span> 
     </span>
    </p>
   </div>
   <div class='ocr_carea' id='block_1_108' title="bbox 2077 4923 3636 5006">
    <p class='ocr_par' dir='ltr' id='par_1_108' title="bbox 2077 4923 3636 5006">
     <span class='ocr_line' id='line_1_108' title="bbox 2077 4923 3636 5006; baseline 0.006 -32"><span class='ocrx_word' id='word_1_723' title='bbox 2077 4923 2238 4976; x_wconf 92' lang='lat' dir='ltr'><strong>tionis</strong></span> <span class='ocrx_word' id='word_1_724' title='bbox 2265 4938 2378 4976; x_wconf 73' lang='lat' dir='ltr'><strong>suaa</strong></span> <span class='ocrx_word' id='word_1_725' title='bbox 2404 4924 2606 4977; x_wconf 89' lang='lat' dir='ltr'><strong>donum</strong></span> <span class='ocrx_word' id='word_1_726' title='bbox 2639 4939 2940 4993; x_wconf 74' lang='lat' dir='ltr'><strong>exponens.</strong></span> <span class='ocrx_word' id='word_1_727' title='bbox 2980 4929 3083 4995; x_wconf 78' lang='lat' dir='ltr'><strong>Qui</strong></span> <span class='ocrx_word' id='word_1_728' title='bbox 3116 4933 3406 5004; x_wconf 73' lang='lat' dir='ltr'><strong>episcttpus</strong></span> <span class='ocrx_word' id='word_1_729' title='bbox 3437 4941 3505 4991; x_wconf 87' lang='lat' dir='ltr'><strong>ad</strong></span> <span class='ocrx_word' id='word_1_730' title='bbox 3541 4955 3636 5006; x_wconf 76' lang='lat' dir='ltr'><strong>pa-</strong></span> 
     </span>
    </p>
   </div>
   <div class='ocr_carea' id='block_1_109' title="bbox 2073 5014 3635 5084">
    <p class='ocr_par' dir='ltr' id='par_1_109' title="bbox 2073 5014 3635 5084">
     <span class='ocr_line' id='line_1_109' title="bbox 2073 5014 3635 5084; baseline 0.012 -18"><span class='ocrx_word' id='word_1_731' title='bbox 2073 5014 2428 5066; x_wconf 84' lang='lat' dir='ltr'><strong>triarcltatum</strong></span> <span class='ocrx_word' id='word_1_732' title='bbox 2461 5015 2810 5078; x_wconf 80' lang='lat' dir='ltr'><strong>transfertur,</strong></span> <span class='ocrx_word' id='word_1_733' title='bbox 2845 5018 2935 5084; x_wconf 88' lang='lat' dir='ltr'><strong>qui</strong></span> <span class='ocrx_word' id='word_1_734' title='bbox 2968 5020 3368 5077; x_wconf 81' lang='lat' dir='ltr'><strong>confessionem</strong></span> <span class='ocrx_word' id='word_1_735' title='bbox 3390 5028 3457 5080; x_wconf 86' lang='lat' dir='ltr'><strong>ab</strong></span> <span class='ocrx_word' id='word_1_736' title='bbox 3479 5029 3635 5084; x_wconf 89' lang='lat' dir='ltr'><strong>initio</strong></span> 
     </span>
    </p>
   </div>
   <div class='ocr_carea' id='block_1_110' title="bbox 2071 5098 3634 5174">
    <p class='ocr_par' dir='ltr' id='par_1_110' title="bbox 2071 5098 3634 5174">
     <span class='ocr_line' id='line_1_110' title="bbox 2071 5098 3634 5174; baseline 0.011 -21"><span class='ocrx_word' id='word_1_737' title='bbox 2071 5100 2219 5154; x_wconf 86' lang='lat' dir='ltr'><strong>dedit</strong></span> <span class='ocrx_word' id='word_1_738' title='bbox 2247 5116 2370 5154; x_wconf 91' lang='lat' dir='ltr'><strong>cum</strong></span> <span class='ocrx_word' id='word_1_739' title='bbox 2426 5098 2798 5168; x_wconf 89' lang='lat' dir='ltr'><strong>ordinaretur,</strong></span> <span class='ocrx_word' id='word_1_740' title='bbox 2834 5120 2939 5157; x_wconf 85' lang='lat' dir='ltr'><strong>non</strong></span> <span class='ocrx_word' id='word_1_741' title='bbox 2976 5120 3118 5174; x_wconf 88' lang='lat' dir='ltr'><strong>opus</strong></span> <span class='ocrx_word' id='word_1_742' title='bbox 3169 5108 3331 5164; x_wconf 88' lang='lat' dir='ltr'><strong>habet</strong></span> <span class='ocrx_word' id='word_1_743' title='bbox 3367 5128 3489 5167; x_wconf 88' lang='lat' dir='ltr'><strong>eam</strong></span> <span class='ocrx_word' id='word_1_744' title='bbox 3535 5117 3634 5171; x_wconf 85' lang='lat' dir='ltr'><strong>ite-</strong></span> 
     </span>
    </p>
   </div>
   <div class='ocr_carea' id='block_1_111' title="bbox 2073 5188 3632 5271">
    <p class='ocr_par' dir='ltr' id='par_1_111' title="bbox 2073 5188 3632 5271">
     <span class='ocr_line' id='line_1_111' title="bbox 2073 5188 3632 5271; baseline 0.012 -32"><span class='ocrx_word' id='word_1_745' title='bbox 2073 5202 2189 5241; x_wconf 89' lang='lat' dir='ltr'><strong>rum</strong></span> <span class='ocrx_word' id='word_1_746' title='bbox 2217 5188 2481 5255; x_wconf 83' lang='lat' dir='ltr'><strong>proferre.</strong></span> <span class='ocrx_word' id='word_1_747' title='bbox 2512 5188 2617 5243; x_wconf 88' lang='lat' dir='ltr'><strong>Sed</strong></span> <span class='ocrx_word' id='word_1_748' title='bbox 2650 5206 2775 5245; x_wconf 90' lang='lat' dir='ltr'><strong>cum</strong></span> <span class='ocrx_word' id='word_1_749' title='bbox 2809 5194 3051 5247; x_wconf 82' lang='lat' dir='ltr'><strong>nondum</strong></span> <span class='ocrx_word' id='word_1_750' title='bbox 3087 5194 3263 5251; x_wconf 82' lang='lat' dir='ltr'><strong>factus</strong></span> <span class='ocrx_word' id='word_1_751' title='bbox 3283 5211 3368 5255; x_wconf 90' lang='lat' dir='ltr'><strong>est</strong></span> <span class='ocrx_word' id='word_1_752' title='bbox 3417 5209 3632 5271; x_wconf 65' lang='lat' dir='ltr'><strong>epist-o-</strong></span> 
     </span>
    </p>
   </div>
   <div class='ocr_carea' id='block_1_112' title="bbox 2071 5286 3631 5351">
    <p class='ocr_par' dir='ltr' id='par_1_112' title="bbox 2071 5286 3631 5351">
     <span class='ocr_line' id='line_1_112' title="bbox 2071 5286 3631 5351; baseline 0.012 -20"><span class='ocrx_word' id='word_1_753' title='bbox 2071 5295 2192 5347; x_wconf 92' lang='lat' dir='ltr'><strong>pus,</strong></span> <span class='ocrx_word' id='word_1_754' title='bbox 2226 5295 2448 5336; x_wconf 89' lang='lat' dir='ltr'><strong>necesse</strong></span> <span class='ocrx_word' id='word_1_755' title='bbox 2490 5290 2575 5337; x_wconf 86' lang='lat' dir='ltr'><strong>est</strong></span> <span class='ocrx_word' id='word_1_756' title='bbox 2610 5294 2669 5336; x_wconf 91' lang='lat' dir='ltr'><strong>ut</strong></span> <span class='ocrx_word' id='word_1_757' title='bbox 2714 5294 2847 5340; x_wconf 84' lang='lat' dir='ltr'><strong>ante</strong></span> <span class='ocrx_word' id='word_1_758' title='bbox 2889 5286 3285 5341; x_wconf 86' lang='lat' dir='ltr'><strong>ordinationem</strong></span> <span class='ocrx_word' id='word_1_759' title='bbox 3329 5307 3481 5345; x_wconf 88' lang='lat' dir='ltr'><strong>suam</strong></span> <span class='ocrx_word' id='word_1_760' title='bbox 3507 5297 3631 5351; x_wconf 88' lang='lat' dir='ltr'><strong>edat</strong></span> 
     </span>
    </p>
   </div>
   <div class='ocr_carea' id='block_1_113' title="bbox 2070 5376 3628 5446">
    <p class='ocr_par' dir='ltr' id='par_1_113' title="bbox 2070 5376 3628 5446">
     <span class='ocr_line' id='line_1_113' title="bbox 2070 5376 3628 5446; baseline 0.008 -17"><span class='ocrx_word' id='word_1_761' title='bbox 2070 5376 2214 5429; x_wconf 91' lang='lat' dir='ltr'><strong>illam</strong></span> <span class='ocrx_word' id='word_1_762' title='bbox 2247 5378 2298 5429; x_wconf 91' lang='lat' dir='ltr'><strong>in</strong></span> <span class='ocrx_word' id='word_1_763' title='bbox 2332 5376 2593 5441; x_wconf 86' lang='lat' dir='ltr'><strong>Ecclesia,</strong></span> <span class='ocrx_word' id='word_1_764' title='bbox 2615 5387 2668 5431; x_wconf 94' lang='lat' dir='ltr'><strong>et</strong></span> <span class='ocrx_word' id='word_1_765' title='bbox 2704 5380 2843 5433; x_wconf 88' lang='lat' dir='ltr'><strong>intra</strong></span> <span class='ocrx_word' id='word_1_766' title='bbox 2881 5386 3273 5446; x_wconf 87' lang='lat' dir='ltr'><strong>sanctuarium,</strong></span> <span class='ocrx_word' id='word_1_767' title='bbox 3300 5395 3357 5437; x_wconf 93' lang='lat' dir='ltr'><strong>ut</strong></span> <span class='ocrx_word' id='word_1_768' title='bbox 3385 5389 3628 5442; x_wconf 89' lang='lat' dir='ltr'><strong>omnium</strong></span> 
     </span>
    </p>
   </div>
   <div class='ocr_carea' id='block_1_114' title="bbox 2069 5466 3630 5548">
    <p class='ocr_par' dir='ltr' id='par_1_114' title="bbox 2069 5466 3630 5548">
     <span class='ocr_line' id='line_1_114' title="bbox 2069 5466 3630 5548; baseline 0.011 -31"><span class='ocrx_word' id='word_1_769' title='bbox 2069 5466 2160 5534; x_wconf 91' lang='lat' dir='ltr'><strong>qui</strong></span> <span class='ocrx_word' id='word_1_770' title='bbox 2186 5476 2313 5519; x_wconf 91' lang='lat' dir='ltr'><strong>sunt</strong></span> <span class='ocrx_word' id='word_1_771' title='bbox 2342 5468 2392 5519; x_wconf 93' lang='lat' dir='ltr'><strong>iu</strong></span> <span class='ocrx_word' id='word_1_772' title='bbox 2425 5470 2739 5523; x_wconf 80' lang='lat' dir='ltr'><strong>sanctuario</strong></span> <span class='ocrx_word' id='word_1_773' title='bbox 2765 5472 3019 5538; x_wconf 79' lang='lat' dir='ltr'><strong>princeps</strong></span> <span class='ocrx_word' id='word_1_774' title='bbox 3045 5481 3099 5524; x_wconf 86' lang='lat' dir='ltr'><strong>et</strong></span> <span class='ocrx_word' id='word_1_775' title='bbox 3132 5471 3291 5525; x_wconf 85' lang='lat' dir='ltr'><strong>Pater</strong></span> <span class='ocrx_word' id='word_1_776' title='bbox 3328 5490 3422 5543; x_wconf 83' lang='lat' dir='ltr'><strong>per</strong></span> <span class='ocrx_word' id='word_1_777' title='bbox 3451 5479 3630 5548; x_wconf 79' lang='lat' dir='ltr'><strong>Spiri~</strong></span> 
     </span>
    </p>
   </div>
   <div class='ocr_carea' id='block_1_115' title="bbox 2069 5560 3629 5633">
    <p class='ocr_par' dir='ltr' id='par_1_115' title="bbox 2069 5560 3629 5633">
     <span class='ocr_line' id='line_1_115' title="bbox 2069 5560 3629 5633; baseline 0.009 -25"><span class='ocrx_word' id='word_1_778' title='bbox 2069 5564 2178 5608; x_wconf 92' lang='lat' dir='ltr'><strong>tum</strong></span> <span class='ocrx_word' id='word_1_779' title='bbox 2217 5560 2565 5611; x_wconf 84' lang='lat' dir='ltr'><strong>constitutus.</strong></span> <span class='ocrx_word' id='word_1_780' title='bbox 2625 5560 2877 5611; x_wconf 80' lang='lat' dir='ltr'><strong>Eannlem</strong></span> <span class='ocrx_word' id='word_1_781' title='bbox 2927 5573 3104 5615; x_wconf 88' lang='lat' dir='ltr'><strong>autem</strong></span> <span class='ocrx_word' id='word_1_782' title='bbox 3146 5563 3258 5617; x_wconf 88' lang='lat' dir='ltr'><strong>edit</strong></span> <span class='ocrx_word' id='word_1_783' title='bbox 3315 5582 3476 5633; x_wconf 86' lang='lat' dir='ltr'><strong>quam</strong></span> <span class='ocrx_word' id='word_1_784' title='bbox 3513 5584 3629 5621; x_wconf 78' lang='lat' dir='ltr'><strong>om-</strong></span> 
     </span>
    </p>
   </div>
   <div class='ocr_carea' id='block_1_116' title="bbox 2068 5648 3626 5726">
    <p class='ocr_par' dir='ltr' id='par_1_116' title="bbox 2068 5648 3626 5726">
     <span class='ocr_line' id='line_1_116' title="bbox 2068 5648 3626 5726; baseline 0.009 -28"><span class='ocrx_word' id='word_1_785' title='bbox 2068 5662 2165 5699; x_wconf 85' lang='lat' dir='ltr'><strong>nes</strong></span> <span class='ocrx_word' id='word_1_786' title='bbox 2195 5648 2351 5701; x_wconf 89' lang='lat' dir='ltr'><strong>electi</strong></span> <span class='ocrx_word' id='word_1_787' title='bbox 2387 5650 2628 5717; x_wconf 87' lang='lat' dir='ltr'><strong>episcopi</strong></span> <span class='ocrx_word' id='word_1_788' title='bbox 2659 5652 2820 5726; x_wconf 80' lang='lat' dir='ltr'><strong>edere</strong></span> <span class='ocrx_word' id='word_1_789' title='bbox 2846 5654 3020 5705; x_wconf 86' lang='lat' dir='ltr'><strong>solent</strong></span> <span class='ocrx_word' id='word_1_790' title='bbox 3051 5671 3065 5717; x_wconf 90' lang='lat'><strong>;</strong></span> <span class='ocrx_word' id='word_1_791' title='bbox 3115 5669 3180 5707; x_wconf 91' lang='lat' dir='ltr'><strong>eo</strong></span> <span class='ocrx_word' id='word_1_792' title='bbox 3203 5656 3377 5709; x_wconf 91' lang='lat' dir='ltr'><strong>solum</strong></span> <span class='ocrx_word' id='word_1_793' title='bbox 3402 5668 3626 5726; x_wconf 87' lang='lat' dir='ltr'><strong>excepto</strong></span> 
     </span>
    </p>
   </div>
   <div class='ocr_carea' id='block_1_117' title="bbox 2067 5724 3623 5813">
    <p class='ocr_par' dir='ltr' id='par_1_117' title="bbox 2067 5724 3623 5813">
     <span class='ocr_line' id='line_1_117' title="bbox 2067 5724 3623 5813; baseline 0.01 -26"><span class='ocrx_word' id='word_1_794' title='bbox 2067 5739 2210 5804; x_wconf 85' lang='lat' dir='ltr'><strong>quod</strong></span> <span class='ocrx_word' id='word_1_795' title='bbox 2247 5739 2638 5806; x_wconf 71' lang='lat' dir='ltr'><strong>subjectionem</strong></span> <span class='ocrx_word' id='word_1_796' title='bbox 2671 5724 2994 5809; x_wconf 54' lang='lat' dir='ltr'><strong>patriarcha</strong></span> <span class='ocrx_word' id='word_1_797' title='bbox 3022 5760 3125 5797; x_wconf 92' lang='lat' dir='ltr'><strong>non</strong></span> <span class='ocrx_word' id='word_1_798' title='bbox 3161 5749 3423 5813; x_wconf 89' lang='lat' dir='ltr'><strong>promittit</strong></span> <span class='ocrx_word' id='word_1_799' title='bbox 3454 5766 3468 5813; x_wconf 91' lang='lat'><strong>;</strong></span> <span class='ocrx_word' id='word_1_800' title='bbox 3501 5766 3623 5803; x_wconf 89' lang='lat' dir='ltr'><strong>cum</strong></span> 
     </span>
    </p>
   </div>
   <div class='ocr_carea' id='block_1_118' title="bbox 2066 5829 3623 5903">
    <p class='ocr_par' dir='ltr' id='par_1_118' title="bbox 2066 5829 3623 5903">
     <span class='ocr_line' id='line_1_118' title="bbox 2066 5829 3623 5903; baseline 0.009 -23"><span class='ocrx_word' id='word_1_801' title='bbox 2066 5830 2206 5881; x_wconf 78' lang='lat' dir='ltr'><strong>enim</strong></span> <span class='ocrx_word' id='word_1_802' title='bbox 2244 5829 2293 5883; x_wconf 91' lang='lat' dir='ltr'><strong>in</strong></span> <span class='ocrx_word' id='word_1_803' title='bbox 2329 5832 2691 5898; x_wconf 85' lang='lat' dir='ltr'><strong>patriarcham</strong></span> <span class='ocrx_word' id='word_1_804' title='bbox 2724 5834 3025 5899; x_wconf 88' lang='lat' dir='ltr'><strong>ordinetur,</strong></span> <span class='ocrx_word' id='word_1_805' title='bbox 3049 5838 3131 5889; x_wconf 87' lang='lat' dir='ltr'><strong>etti</strong></span> <span class='ocrx_word' id='word_1_806' title='bbox 3154 5837 3492 5903; x_wconf 89' lang='lat' dir='ltr'><strong>subjicietur,</strong></span> <span class='ocrx_word' id='word_1_807' title='bbox 3520 5841 3623 5894; x_wconf 88' lang='lat' dir='ltr'><strong>nisi</strong></span> 
     </span>
    </p>
   </div>
   <div class='ocr_carea' id='block_1_119' title="bbox 2065 5919 3625 5994">
    <p class='ocr_par' dir='ltr' id='par_1_119' title="bbox 2065 5919 3625 5994">
     <span class='ocr_line' id='line_1_119' title="bbox 2065 5919 3625 5994; baseline 0.012 -25"><span class='ocrx_word' id='word_1_808' title='bbox 2065 5919 2236 5972; x_wconf 90' lang='lat' dir='ltr'><strong>solum</strong></span> <span class='ocrx_word' id='word_1_809' title='bbox 2290 5924 2591 5979; x_wconf 87' lang='lat' dir='ltr'><strong>canonibus</strong></span> <span class='ocrx_word' id='word_1_810' title='bbox 2625 5940 2765 5994; x_wconf 80' lang='lat' dir='ltr'><strong>quos</strong></span> <span class='ocrx_word' id='word_1_811' title='bbox 2807 5929 3099 5981; x_wconf 80' lang='lat' dir='ltr'><strong>conﬁtetur</strong></span> <span class='ocrx_word' id='word_1_812' title='bbox 3140 5942 3197 5982; x_wconf 88' lang='lat' dir='ltr'><strong>se</strong></span> <span class='ocrx_word' id='word_1_813' title='bbox 3237 5934 3625 5987; x_wconf 79' lang='lat' dir='ltr'><strong>servaturum?</strong></span> 
     </span>
    </p>
   </div>
  </div>
