4408 6712
927 481 1026 547 451

1676 478 2053 539 SYMEONIS
2086 477 2853 541 THESSALUNICENSIS
2893 475 3263 538 ARCHIEP.

4070 469 4177 534 452

928 601 1091 654 Fama
1124 599 1285 668 igitur
1311 598 1657 653 confessione
1695 599 1914 667 propria
1949 613 2111 651 manu
2165 598 2369 665 scripta
2441 606 2494 652 et
2524 603 2567 659 Α
2600 598 2669 651 σθ

2441 606 2494 652 et
2524 603 2567 659 Α
2600 598 2821 666 σθείσης
2854 598 2993 665 μετὰ
3025 597 3125 663 τῆς
3149 592 3507 663 οίκειοχείρου
3559 593 3875 661 ἐπιγραφῆς
3904 591 3998 644 καί
4032 592 4174 644 ὑποο

928 693 1235 761 subscripta
1270 730 1284 753 ,
1337 689 1575 759 episcopi
1613 695 1695 758 jut
1754 696 2027 742 testentur
2090 690 2486 757 subjectionem

926 801 1105 845 suam,
1159 799 1282 837 eum
1344 783 1593 843 adorant,
1673 784 1931 849 quoniam
1983 781 2190 849 Magna:
2246 782 2490 834 ecclesia:

926 891 1166 945 sponsus
1208 876 1385 927 factus
1425 885 1507 926 est
1538 892 1553 937 ;
1587 882 1747 940 atque
1784 875 1849 925 ab
1876 888 1939 925 eo
1980 842 2249 925 benedicti
2285 873 2337 924 in
2372 872 2488 925 loca

925 974 1185 1019 consueta
1218 974 1373 1017 extra
1408 964 1645 1018 tribunal
1674 967 1957 1027 secedunt,
1985 972 2035 1015 et
2058 973 2237 1016 vestes
2280 964 2493 1031 episco-

925 1061 1073 1127 pales
1105 1057 1339 1111 induunt
1371 1072 1579 1110 omnes.
1616 1054 1922 1127 Presbyteri
1972 1071 2189 1124 quoque
2236 1054 2490 1107 benedic-

926 1152 1129 1204 tionem
1160 1152 1227 1203 ab
1257 1167 1318 1203 eo
1350 1150 1641 1216 accipiunt.
1669 1148 1803 1199 Cum
1852 1155 2033 1200 autem
2095 1147 2182 1214 qui
2218 1146 2488 1199 secundas

924 1245 1065 1297 inter
1094 1243 1437 1310 presbyteros
1470 1240 1601 1306 agit,
1624 1240 1955 1293 oblationem
2000 1239 2065 1292 de
2096 1253 2247 1290 more
2277 1237 2486 1297 fecerit,

923 1336 1091 1387 missa
1134 1335 1443 1385 inchoatur.
1475 1332 1660 1383 Primo
1707 1330 1937 1383 introitu
1994 1328 2141 1382 facto
2187 1328 2403 1381 diaconi
2435 1336 2489 1379 et

922 1424 1222 1493 presbyteri
1252 1439 1346 1493 per
1377 1423 1639 1492 templum
1697 1422 2056 1491 egrediuntur
2076 1458 2093 1484 ,
2124 1426 2180 1473 et
2235 1419 2487 1470 oratione

921 1515 1174 1568 introitus
1198 1517 1486 1582 completa,
1510 1513 1622 1567 bini
1652 1512 1721 1565 de
1745 1527 1898 1565 more
1918 1511 1974 1564 in
2008 1508 2381 1565 sanctuarium
2405 1510 2489 1562 in-

921 1606 1259 1675 grediuntnr.

1404 1779 1635 1835 CAPUT
1682 1778 1990 1833 CCXXXV.

921 1894 1074 1960 Quod
1132 1892 1361 1959 episcopi
1399 1892 1611 1958 quando
1647 1890 1960 1957 patriarcha
2010 1890 2338 1942 ordinandus
2382 1903 2482 1951 est,

993 1965 1242 2022 temptant
1300 1978 1401 2012 non
1449 1963 1539 2027 per
1580 1960 1808 2011 mediam
1856 1971 2085 2028 portant,
2115 1961 2203 2012 sed
2245 1977 2274 2010 a
2325 1960 2487 2012 latere

996 2034 1227 2100 (dextro)
1266 2032 1665 2099 ingrediuntur.

990 2144 1240 2213 Episcopi
1264 2159 1391 2196 vero
1417 2158 1446 2197 a
1466 2142 1911 2213 chartophyiace.
1936 2150 1991 2197 et
2016 2144 2190 2211 iis'qui
2212 2158 2336 2196 cum
2372 2145 2491 2211 Ipso

918 2245 1068 2300 sunt,
1096 2235 1454 2295 advocamur,
1490 2234 1666 2302 iisque
1694 2234 2082 2301 prmeuntibus
2107 2249 2135 2287 a
2169 2234 2408 2288 dexteris
2439 2243 2492 2288 ct

918 2326 1176 2390 sinistris,
1213 2325 1589 2379 sanctuarium
1624 2326 2029 2391 ingrediuntur.
2080 2326 2303 2393 binique
2362 2328 2490 2378 adn-

921 2426 1103 2469 rantes
1138 2414 1392 2478 electum,
1420 2423 1564 2467 stant
1589 2413 1891 2466 secundum
1907 2415 2489 2470 ordinem.Cereorum

919 2507 1307 2561 distributione
1339 2506 1504 2568 facta,
1527 2517 1580 2557 et
1615 2505 1983 2561 luminaribns
2016 2508 2263 2575 pluribus
2296 2523 2489 2562 accen-

920 2598 999 2651 sis
1030 2597 1081 2649 in
1101 2597 1623 2651 demonstrationem
1676 2596 1875 2649 divinae
1923 2597 2346 2651 illuminationis
2374 2638 2389 2662 ,
2431 2609 2490 2652 ut

920 2690 1122 2757 sapius
1174 2687 1437 2749 diximus,
1494 2695 1548 2739 et
1581 2686 1846 2740 adventus
1899 2685 2139 2753 Spiritus
2165 2697 2219 2742 et
2253 2689 2489 2742 illustra-

920 2779 1085 2833 tionis
1124 2817 1141 2841 ,
1216 2777 1469 2829 maxima:
1498 2790 1712 2843 quoque
1761 2785 1979 2843 propter
2028 2778 2129 2830 hoc
2192 2778 2487 2833 alacritatis

920 2879 973 2922 et
1006 2868 1185 2940 gaudii
1215 2870 1267 2921 in
1298 2867 1439 2921 caelo
1466 2878 1519 2922 et
1554 2869 1608 2920 in
1641 2877 1808 2930 terra,
1842 2869 2047 2922 electus
2083 2885 2111 2921 τι
2134 2870 2348 2923 duobus
2382 2871 2490 2939 pri-

923 2964 1025 3016 mis
1058 2962 1327 3030 episcopis
1354 2962 1480 3014 hinc
1509 2961 1633 3013 inde
1662 2962 1985 3025 assmnitur,
2010 2961 2188 3015 caueri
2241 2978 2370 3015 vero
2403 2979 2489 3017 se-

923 3051 1308 3121 quuntur.setl
1342 3051 1522 3104 clerici
1576 3066 1769 3104 omnes
1821 3050 2187 3115 antecedunt,
2252 3051 2490 3122 dumque

926 3138 1194 3208 praclare
1224 3148 1279 3191 et
1299 3138 1588 3205 magniﬁce
1616 3143 1938 3190 decantatur
1963 3137 2218 3205 hymnus,
2255 3156 2273 3188 ι
2301 3137 2488 3194 Sancti

2595 690 2838 761 γραφῆς,
2872 690 2921 741 οί
2959 688 3239 758 ἀρχιερεῖς
3304 684 3675 757 προσκυνοῦσι
3706 685 3796 738 διὰ
3824 686 3926 755 τὴν
3963 684 4175 775 (oft-rosa-

2594 784 2721 852 γὴν,
2751 782 2834 835 ὅτι
2872 783 3132 850 μνήστωρ
3162 780 3262 846 τῆς
3289 780 3549 847 Μεγάλης
3590 778 3887 846 ἐκκλησίας
3927 776 4171 843 ἐγένετο.

2596 876 2705 925 Καὶ
2761 873 3147 938 εύλογούμενοι
3198 871 3331 939 παρ’
3362 870 3551 927 αὑτοῦ.
3609 872 3686 931 είς
3733 869 3859 929 τοὺς
3918 866 4173 935 συνήθεις

2598 965 2795 1030 ἔξωθεν
2851 964 2943 1015 τοῦ
2995 956 3239 1031 βήματος
3300 962 3636 1029 ἀπέρχονται
3696 961 3909 1018 τόπους,
3951 960 4044 1009 καὶ
4106 958 4174 1007 τὰ

2594 1052 2953 1122 ἀρχιερατικὰ
2986 1052 3378 1119 ἀμφιέννυνται
3410 1052 3646 1103 ἅπαντα..
3691 1048 3813 1100 τῶν
3863 1048 4173 1115 πρεσϐυτέ-

2596 1163 2706 1214 ρων
2730 1146 2782 1198 δὲ
2804 1146 3078 1196 λαϐόντων
3110 1144 3203 1195 καὶ
3230 1144 3409 1195 αὐτῶν
3442 1142 3697 1207 εύλογίαν
3720 1139 3813 1191 τοῦ
3836 1140 3943 1190 τῶν
3982 1141 4173 1205 ἱερέων

2592 1254 2650 1287 τε
2679 1236 3084 1303 δευτερεύοντος
3119 1234 3489 1304 ποιησαμένου
3521 1233 3620 1298 τὴν
3661 1231 4059 1299 προσκομιδὴν,
4094 1229 4173 1291 ὡς

2592 1326 2736 1388 ἔθος,
2766 1327 2796 1393 ι)
2831 1324 3145 1391 λειτουργία
3171 1325 3425 1391 ἄρχεται.
3448 1323 3558 1373 Καὶ
3578 1322 3677 1388 τῆς
3700 1320 3926 1388 πρώτης
3958 1318 4173 1389 είσόδου

2591 1414 2907 1483 γινομένης,
2934 1416 2983 1466 oi
3018 1415 3118 1483 μὲν
3151 1414 3389 1465 διάκονοι
3440 1414 3534 1464 καὶ
3568 1412 3734 1476 ίερεῖς
3780 1412 3870 1462 διὰ
3911 1410 4006 1462 τοῦ
4038 1409 4171 1462 ναοῦ

2596 1508 2906 1572 ἐξελθόντες
2935 1508 3031 1559 καὶ
3062 1504 3163 1575 τὴν
3192 1506 3355 1576 εύχὴν
3384 1505 3769 1565 ἐκτελέσαντες
3801 1506 3899 1571 τῆς
3928 1504 4167 1568 εἰσόδου,

2593 1600 2837 1667 συνήθως
2886 1598 3029 1651 κατά
3076 1596 3342 1663 συζυγίαν
3398 1598 3478 1659 είς
3528 1597 3589 1671 τὸ
3620 1594 3769 1647 θεῖον
3800 1594 3954 1664 βῆμα
3987 1593 4171 1664 εἰσέρ-

2592 1711 2798 1762 χονται.

3132 1778 3386 1832 ΚΕΦᾹΔ.
3419 1778 3584 1832 ΣΛΕ’.

2595 1899 2721 1949 Ὀτι
2760 1897 2871 1949 οὐκ
2893 1896 3277 1948 είσοδεύουσι
3306 1892 3521 1960 μέσον.
3576 1892 3870 1959 πατριάρλ
3909 1911 3947 1927 ὀ
3981 1907 4171 1959 {upo-

2666 1967 3038 2033 τονουμέι-ου
3070 1969 3121 2016 ol
3152 1963 3446 2031 ἀρχιερεῖς
3475 1980 3490 1995 σ
3524 1962 3686 2016 ἀλλὰ
3713 1962 3813 2015 διὰ
3876 1979 3981 2028 τιν,
4016 1965 4175 2013 ala-

2663 2036 2799 2103 τιάς
2828 2034 3225 2102 εἰσέρχονται.

2664 2150 2728 2202 Οἱ
2758 2149 3033 2218 ἀρχιερεῖς
3068 2147 3124 2198 δὲ
3160 2146 3309 2214 παρὰ
3338 2144 3433 2197 τοῦ
3476 2144 3895 2213 χαρτοφύλακος
3935 2143 4031 2199 καὶ
4063 2142 4175 2194 τῶν

2594 2239 2693 2294 σὺν
2730 2238 2874 2307 αύτῷ
2908 2237 3385 2307 προσκαλούμενοι
3432 2238 3528 2287 καὶ
3561 2234 4061 2305 προοδηγούμενοι,
4086 2234 4177 2286 διὰ

2592 2331 2690 2399 τῆς
2732 2330 2966 2396 πλαγίας
3012 2330 3110 2397 τῆς
3143 2329 3327 2392 δεξιᾶς
3355 2329 3699 2395 εἰσέρχονται
3756 2328 3820 2378 τὸ
3868 2327 4175 2393 θυσιαστήο

2596 2440 2734 2493 ριον,
2770 2424 2864 2477 καὶ
2899 2420 3335 2493 προσκυνοῦντες
3358 2421 3500 2472 κατά
3528 2417 3797 2487 συζυγίαν
3827 2417 3904 2486 τῷ
3932 2418 4012 2469 ἔτι
4042 2416 4178 2469 ὐπο-

2590 2515 2801 2586 ψηφίῳ,
2842 2516 3089 2567 ῖστανται
3126 2514 3268 2566 κατά
3315 2513 3493 2577 τάξιν.
3532 2511 3876 2580 Κηροδοσίας
3902 2510 3958 2562 δὲ
4010 2526 4163 2576 γινο-

2596 2609 2789 2677 μένης,
2821 2608 2917 2660 καὶ
2950 2606 3147 2675 φώτων
3182 2604 3577 2672 ἀναπτομένων
3608 2602 3823 2655 πολλῶν
3853 2605 3935 2663 είς
3968 2601 4173 2666 δεῖγμα

2591 2699 2683 2751 τοῦ
2717 2699 2863 2751 θείου
2914 2697 3219 2766 φιυτισμοῦ,
3248 2697 3324 2756 ὠς
3355 2696 3619 2757 πολλάκις
3648 2697 3981 2765 είρήκαμεν,
4015 2689 4179 2762 175

2591 2794 2687 2843 καὶ
2730 2792 2829 2858 τῆς
2867 2790 3167 2858 ἐπιδημίας
3203 2788 3293 2840 τοῦ
3330 2787 3653 2855 ῐινεύματος
3686 2785 3782 2838 καὶ
3826 2784 4175 2850 ἐλλάμψιως,

2592 2885 2688 2937 καὶ
2717 2885 2811 2952 τῆς
2846 2883 3107 2951 μεγίστης
3145 2883 3285 2950 ὑπὲρ
3316 2880 3507 2932 τούτου
3541 2880 3598 2931 ἐν
3623 2877 3701 2946 τῷ
3723 2875 3940 2945 οὐρανῷ
3974 2876 4070 2927 καὶ
4110 2877 4168 2926 ἐν

2591 2965 2662 3045 λῇ
2696 2976 3102 3043 λαμπρότητος,
3137 2976 3230 3025 καὶ
3272 2975 3467 3042 χαρᾶς,
3500 2973 3527 3023 ὁ
3564 2970 3871 3039 ὑποψήφιος
3906 2968 4013 3019 ὑπὸ
4061 2965 4176 3019 τῶν

2591 3068 2687 3120 δύο
2718 3067 2949 3136 πρῶτων
2978 3064 3319 3133 ἑκατέρωθεν
3365 3064 3703 3131 λαμδάνεται
3736 3062 4043 3131 ἀρχιερέων
4066 3075 4081 3088 ⁸
4127 3062 4176 3111 oi

2593 3160 2770 3211 λοιποὶ
2800 3158 2854 3209 δὲ
2887 3158 3112 3209 ἕπονται
3133 3158 3227 3209 καὶ
3258 3159 3305 3209 οἱ
3328 3156 3585 3225 κληρικαὶ
3614 3155 3822 3217 πάντες
3847 3154 4177 3221 πορεύονται

926 3240 1249 3301 martyres,»
1276 3239 1358 3283 ter
1381 3231 1598 3283 ducitur
1614 3231 1810 3282 chorea
1836 3245 1897 3281 ιιι
1920 3230 2317 3284 consuetudine
2340 3232 2487 3286 circa
2520 3270 2565 3327 ο
2598 3251 2667 3319 εμ

2434 3246 2487 3327 ξε
2520 3270 2565 3327 ο
2598 3248 2928 3320 ἔμπροσθεν.
2964 3241 3073 3301 Καὶ⁸
3126 3249 3399 3317 λαμπρῶς
3452 3247 3721 3327 ᾀδομένου
3766 3245 3895 3309 τοῦ,
3933 3261 3952 3295 ι
3991 3245 4175 3309 ’Λγιοι

926 3334 1141 3374 sacram
1185 3335 1430 3373 mensam
1470 3327 1691 3388 propter
1722 3319 1961 3372 lzetitiatn
1986 3320 2281 3383 caelestem,
2306 3322 2489 3375 omni-

925 3413 1048 3474 hus,
1078 3412 1194 3480 ipso
1225 3427 1443 3480 quoque
1476 3417 1652 3464 electo
1674 3449 1690 3470 .
1723 3412 1777 3462 in
1820 3425 2147 3477 unaquaque
2189 3416 2389 3465 chorea
2422 3413 2489 3465 ad

924 3516 1133 3557 sacram
1165 3518 1406 3556 mensam
1444 3504 1593 3555 velut
1623 3510 1750 3554 ante
1798 3499 1891 3553 Dei
1930 3501 2187 3554 thronum
2217 3515 2337 3557 sese
2358 3502 2492 3571 abji-

921 3594 1197 3650 cientibus
1244 3603 1406 3661 atque
1437 3593 1930 3663 prosternentibus.

1414 3814 1646 3870 CAPUT
1684 3814 2015 3870 CCXXXYI.

924 3931 1001 3987 Ab
1026 3930 1413 4002 archiepiscopo
1447 3927 1805 4002 Heracleensi,
1856 3931 1901 3982 si
1930 3946 2162 3998 praesens
2193 3932 2286 3985 ille
2306 3934 2489 4002 fuerit,

990 4001 1347 4069 patriarcham
1390 4001 1655 4051 ordinari.
1706 3999 1825 4062 Sin,
1864 4018 1893 4051 a
1916 4003 2087 4067 primo
2113 3999 2316 4070 quoque
2353 4004 2492 4055 alio-

995 4088 1112 4123 rum
1150 4071 1687 4136 archiepiscoporum.

996 4162 1092 4217 His
1125 4160 1377 4229 peractis,
1404 4161 1609 4220 statim,
1634 4159 1677 4213 si
1703 4160 1857 4213 adest
1878 4161 2149 4216 Heracleae
2180 4164 2491 4233 episcopus.

926 4255 1017 4309 ille
1044 4268 1163 4322 qua:
1186 4254 1250 4305 ad
1290 4252 1617 4321 patriarcha:
1648 4252 2070 4311 ordinationem.
2100 4264 2375 4323 spectant,
2399 4272 2496 4311 ει-

928 4347 1207 4413 sequitur;
1239 4359 1305 4398 eo
1332 4343 1503 4411 quod,
1526 4353 1582 4397 ut
1618 4345 1837 4407 dicitur,
1873 4344 2191 4414 Byzantium
2218 4363 2247 4399 a
2289 4348 2496 4403 Severo

928 4437 1258 4505 imperatore
1291 4433 1567 4489 Heraclea:
1597 4435 1842 4502 subjecta
1866 4435 1987 4501 fuit,
2010 4445 2063 4489 ct
2088 4452 2259 4505 usque
2290 4440 2355 4491 ad
2385 4454 2495 4491 ma-

929 4543 1095 4598 gnum
1154 4526 1587 4581 Constantinum
1648 4528 2001 4597 episcopatus
2064 4529 2167 4583 fuit
2220 4530 2495 4585 Heraclea:

2597 3344 2894 3413 μάρτυρες,
2932 3362 2949 3393 ι
2981 3342 3223 3411 ἠχορεία
3248 3341 3457 3407 γίνεται
3501 3339 3719 3409 τριασῆ,
3758 3336 4029 3390 κυκλόθεν
4077 3337 4177 3403 τῆς

2594 3435 2742 3494 θείας
2775 3431 3057 3503 τραπέζης
3103 3433 3248 3485 κατά
3279 3431 3341 3483 τὸ
3385 3431 3507 3491 ἔθος
3543 3430 3630 3483 διὰ
3684 3430 3783 3499 τὴν
3830 3428 4181 3496 εὐφροσύνην

2594 3528 2694 3594 τὴν
2727 3525 3060 3594 ἐπουράνιον
3113 3524 3257 3577 κατά
3293 3523 3536 3593 χορείαν,
3574 3518 3954 3591 προσκύνησιν
4016 3522 4077 3571 ἐν
4109 3520 4175 3587 τῇ

2597 3618 2718 3685 ίερᾷ
2740 3617 2991 3687 τραπέζῃ
3025 3617 3099 3677 ὡς
3129 3618 3187 3668 ἐν
3212 3617 3292 3685 τῷ
3325 3616 3502 3683 θρόνῳ
3531 3614 3629 3666 τοῦ
3660 3611 3800 3666 Θεοῦ
3834 3610 4177 3680 ποιουμένων

2597 3710 2852 3763 ἀπάντων
2902 3710 2998 3761 καὶ
3028 3706 3125 3759 τοῦ
3159 3706 3499 3776 ὐποψηφίου.

3139 3820 3390 3874 una.
3433 3819 3617 3885 2M7.

2598 3936 2726 3988 ’ϐτί
2748 3938 2798 3987 εί
2824 3934 2939 4002 μὲν
2976 3934 3325 4001 Ἡρακλείας
3356 3934 3633 3999 πάρεστι,
3669 3932 3808 4002 παρ’
3835 3931 4029 3986 αὐτοῦ
4056 3948 4179 4002 zer-

2658 3998 2993 4072 ροτοκεῖται
3030 3998 3062 4057 ὃ
3098 3998 3493 4071 πατριάρχης,
3540 4007 3588 4055 rt
3625 4003 3675 4054 δ’
3708 3998 3844 4062 οὖν,
3876 4005 4039 4068 παρὰ
4074 4001 4178 4053 τοῦ

2666 4076 2898 4141 πρώτου
2927 4076 3045 4126 τῶν
3076 4074 3285 4125 ἄλλων
3318 4073 3668 4139 ἀρχιερέων.

2668 4166 2777 4217 Καὶ
2836 4167 2998 4225 εὐθὺς
3034 4166 3082 4216 εί
3123 4165 3221 4232 μὲν
3276 4165 3609 4232 Ἡρακλείας
3665 4166 3811 4216 ἐστὶν
3858 4166 4174 4233 ἀρχιερεὺς,

2596 4252 2749 4319 οὗτος
2778 4260 2846 4310 τὶ
2889 4258 2987 4325 τῆς
3020 4256 3359 4325 χειροτονίας
3391 4258 3610 4324 ἐνεργεῖ
3642 4257 3736 4308 τοῦ
3782 4260 4130 4325 πατριάρχου
4162 4273 4175 4285 ’

2599 4354 2743 4411 ἐπεὶ,
2778 4350 2851 4412 ῶς
2880 4366 3033 4416 φασι,
3065 4350 3124 4401 τὸ
3158 4348 3454 4411 Βυζάντιον
3484 4350 3593 4399 ἀπὸ
3639 4348 3882 4416 Σεὸὴρου
3916 4349 4182 4417 βασιλέως

2598 4444 2703 4496 ὑπὸ
2734 4444 2831 4511 τὴν
2870 4441 3200 4510 Ἡράκλειαν
3250 4442 3466 4507 γέγονε,
3504 4442 3597 4493 καὶ
3632 4441 3909 4510 ἐπισκοπὴ
3959 4437 4029 4509 ἦν
4084 4440 4183 4492 τοῦ

2610 4533 2943 4604 Ἡρακλείας
2974 4532 3105 4599 ἀχρι
3156 4536 3247 4582 καὶ
3292 4530 3384 4582 τοῦ
3447 4532 3691 4597 μεγάλου
3736 4533 4179 4584 Κωνσταντίνου.

930 4618 1217 4689 metropoli
1254 4616 1577 4673 attributus.
1605 4619 1867 4673 Ascendit
1910 4620 2079 4690 igitur
2116 4636 2286 4688 super
2311 4622 2493 4691 crepi-
2525 4608 2572 4666 υ
2607 4627 2671 4680 ’Δ

2445 4622 2493 4674 ἰ·
2525 4608 2572 4666 D
2607 4625 2879 4680 Ἀνελθὼν
2912 4622 3008 4677 οῦν
3036 4624 3129 4675 ἐπὶ
3152 4623 3250 4691 τῆς
3276 4624 3560 4691 κρηπῖδος,
3584 4622 3696 4675 τῶν
3718 4622 4025 4691 ἀρχιερέων
4048 4625 4184 4675 πάν-

930 4710 1135 4773 dinem,
1192 4709 1451 4762 omnibus
1509 4709 1783 4778 episcopis
1830 4710 2008 4778 ipsum
2056 4710 2375 4779 iuvantibus
2437 4719 2493 4764 et

929 4802 1464 4868 contingentibus,ut
1490 4815 1827 4855 consensum
1857 4817 2019 4855 suum
2042 4802 2094 4855 in
2111 4801 2255 4856 illius
2280 4803 2496 4856 ordina-

930 4890 1079 4945 tione
1119 4892 1510 4955 detnoustrent,
1540 4905 1703 4959 quam
1733 4891 1897 4945 simul
1928 4892 2287 4947 decreverunt
2309 4931 2325 4955 ,
2351 4894 2497 4947 ordi-

932 4979 1173 5033 nandum
1228 4993 1419 5033 omnes
1450 4995 1668 5049 quoque
1723 4981 1887 5034 simul
1940 4982 1993 5035 in
2032 4980 2240 5051 Spiritu
2303 4993 2496 5037 sancto

930 5078 1279 5123 consecrant.
1314 5071 1472 5123 Ηιιιιο
1524 5072 1765 5139 primum
1794 5073 1860 5124 de
1894 5088 2048 5127 more
2104 5071 2381 5129 Heraclea:
2404 5088 2497 5127 sr-

930 5162 1311 5231 chiepiscopus
1336 5172 1419 5215 ter
1456 5178 1618 5215 cruce
1655 5163 1858 5231 signat,
1896 5163 2000 5217 hac
2039 5165 2253 5217 actione
2303 5164 2498 5234 primi-

934 5253 1037 5307 tias
1065 5254 1431 5308 ordinationis
1448 5254 1721 5308 delibans.
1760 5255 1814 5309 Si
1846 5271 1975 5310 vero
1996 5272 2103 5309 non
2137 5257 2289 5312 adest
2328 5259 2499 5309 Hera-

935 5346 1070 5398 cleae
1108 5345 1576 5413 archiepiseOpns,
1637 5349 1843 5415 primus
1894 5363 2084 5402 eorum
2146 5352 2238 5419 qui
2299 5351 2501 5404 adsunt

934 5438 1228 5505 episcopus
1254 5438 1660 5492 ordinationem
1702 5456 1824 5494 cum
1862 5442 1984 5495 aliis
2019 5442 2167 5495 lacit.
2204 5442 2394 5496 Postea
2415 5457 2500 5495 or-

937 5528 1179 5582 dinando
1204 5544 1379 5596 genua
1408 5529 1673 5595 ﬂectenti,
1703 5531 1883 5586 fronte
1918 5547 2137 5601 quoque
2165 5542 2218 5586 et
2251 5533 2426 5601 capite
2448 5534 2500 5585 in

936 5635 1145 5673 sacram
1183 5636 1423 5675 mensam
1452 5624 1785 5676 incumbenti
1826 5640 2047 5677 manum
2100 5624 2366 5679 ordinans
2427 5624 2502 5677 illi

940 5712 1192 5779 imponit,
1216 5722 1268 5765 et
1299 5714 1483 5767 ceteri
1521 5714 1669 5766 illum
1704 5717 2046 5784 contingunt.
2094 5716 2333 5783 Denique
2388 5731 2507 5785 qua:

943 5812 1073 5858 sunt
1109 5805 1165 5857 in
1192 5806 1273 5857 ala
1305 5820 1400 5857 seu
1456 5804 1661 5871 Spiritu
1698 5806 1993 5873 descripta,
2054 5807 2184 5873 legit
2222 5806 2505 5872 ordinans,

938 5893 1085 5949 istud
1110 5909 1326 5964 nempe,
1368 5914 1386 5946 ι
1430 5894 1620 5949 Divina
1657 5897 1854 5964 gratia.
1898 5914 1918 5947 ι
1950 5894 2062 5951 lloc
2115 5896 2279 5963 facto,
2313 5914 2505 5955 secun-

2601 4735 2709 4770 των
2745 4715 3153 4786 συνεργούντων
3190 4713 3340 4781 αύτῷ
3399 4715 3493 4765 καὶ
3549 4715 4055 4780 συνεφαπτομένων
4106 4712 4183 4782 τῷ

2600 4808 3064 4877 χειροτονουμένῳ
3118 4819 3179 4855 τε
3244 4804 3339 4855 καὶ
3400 4803 3680 4870 ἀλλήλοις,
3731 4802 4050 4865 δεικνύντες
4109 4803 4183 4862 ὡς

2603 4896 2954 4967 συμφωνοῦσι
2988 4896 3210 4956 πάντες,
3247 4896 3370 4945 ἐπεὶ
3426 4896 3521 4946 καὶ¹
3581 4892 4051 4960 συνεψηφίσαντο,
4090 4895 4182 4943 καὶ

2606 4986 3118 5056 συγχειροτονοῦσιν
3152 4985 3287 5053 ὁμοῦ
3323 4988 3378 5035 ἐν
3411 4985 3551 5050 ἀγίῳ
3603 4984 3891 5052 Πνεύματι
3937 4985 4031 5036 τὸν
4067 5000 4179 5051 χει·

2606 5080 3016 5149 ροτονούμενον,
3046 5076 3338 5146 σφραγίζει
3374 5075 3568 5127 τοῦτον
3605 5077 3631 5127 ό
3674 5074 4002 5143 Ἡρακλείας
4029 5074 4180 5141 πρῶ-

2600 5188 2693 5221 τον
2750 5169 2891 5221 κατά
2947 5170 3006 5221 τδ
3046 5169 3166 5229 ἔθος
3213 5169 3359 5237 τρὶς,
3407 5168 3507 5233 τὴν
3557 5166 3817 5235 ἀπαρχὴν
3854 5166 4028 5216 ποιῶν
4075 5165 4177 5232 τῆς

2603 5263 2957 5333 χειροτονίας.
2990 5261 3053 5313 Et
3104 5261 3159 5313 δὲ
3217 5262 3318 5311 οὐκ
3376 5260 3522 5311 ἔστιν
3588 5257 3945 5327 Ἡρακλείας,
3995 5258 4180 5325 ἔτερος

2604 5356 2897 5424 ἀρχιερεὺς
2927 5355 3035 5406 τῶν
3065 5354 3241 5407 ἄλλων
3272 5356 3298 5404 ό
3331 5352 3547 5418 πρῶτος
3584 5350 3683 5419 τὴν
3713 5352 4051 5418 χειροτονίαν
4086 5350 4181 5400 σὺν

2604 5451 2716 5502 τοῖς
2759 5447 2966 5506 λοιποῖς
3026 5447 3263 5513 ἐνεργεῖ.
3312 5440 3446 5497 Εἶτα
3500 5443 3783 5503 κλίναντος
3830 5443 3898 5492 τὰ
3957 5442 4179 5508 γόνατα,

2604 5538 2698 5590 καὶ
2732 5538 2824 5588 ἐπὶ
2855 5538 2952 5605 τῆς
2984 5535 3132 5597 θείας
3153 5536 3437 5604 τραπέζης
3471 5534 3531 5585 τὸ
3561 5534 3812 5601 μέτωπον
3842 5531 4062 5599 ἔχοντος
4088 5531 4179 5582 τοῦ

2606 5629 3087 5697 χειροτονουμὲνου
3121 5630 3216 5679 καὶ
3237 5626 3338 5696 τὴν
3362 5626 3609 5695 κεφαλὴν
3631 5623 3716 5675 ἐπ’
3736 5626 3877 5692 αύτῇ
3901 5624 4000 5692 τὴν
4026 5625 4181 5691 χεῖρα

2606 5720 2825 5786 τίθησιν
2862 5719 2890 5769 ό
2918 5718 3263 5786 χειροτονῶν,
3307 5719 3397 5768 καὶ
3426 5718 3474 5768 οί
3506 5717 3684 5767 λοιποί⁵
3722 5715 4179 5782 συνεφάπτονται.

2609 5810 2720 5861 Καὶ
2750 5808 2817 5860 τὰ
2849 5806 2943 5858 τοῦ
2986 5806 3188 5875 πτεροῦ
3218 5807 3339 5876 ἦτοι
3372 5806 3465 5858 τοῦ
3518 5806 3833 5873 Πνεύματος
3869 5807 3897 5855 ὁ
3946 5820 4179 5872 χειροτο-

2616 5897 2723 5951 νῶν
2760 5898 3155 5965 ἀναγινώσκει,
3187 5897 3269 5962 τὸ,
3301 5914 3317 5947 ι
3367 5897 3432 5948 'il
3461 5896 3581 5949 θεία
3627 5897 3813 5964 χάρις.
3845 5912 3863 5945 ι
3905 5894 4015 5948 Καὶ
4047 5892 4179 5962 μετὰ
