4408 6758
388 597 494 662 489

1684 608 1781 666 DE
1823 607 2320 670 ΡίΕΝΙΤΕΝἹῚᾹ.

3522 602 3629 666 490

456 712 549 763 Ἕν
577 714 642 783 τῇ
678 714 935 784 μετανοίᾳ
964 715 1019 767 δὲ
1075 716 1167 767 καὶ
1196 716 1255 768 τό
1287 717 1386 783 τῆς
1426 719 1710 785 μετανοξας
1741 716 1960 784 ἀγγελιο
1987 730 2036 776 Α
2138 719 2196 772 In

1884 716 2036 776 λιοΛ
2138 719 2196 772 In
2262 721 2584 789 pceuitentia
2657 736 2781 776 vero
2837 731 2890 777 et
2953 720 3289 790 poenitentia:
3350 717 3625 790 angelieus

385 802 481 855 κὶν
509 802 820 872 εὑρίσκεται
844 805 1046 873 σχῆμα·
1074 806 1203 873 περὶ
1227 801 1288 859 οὗ
1312 809 1375 877 δὴ
1403 809 1495 861 καὶ
1522 810 1954 878 προειρήκαμεν.

387 892 533 962 Πλὴν
560 894 858 961 ἀναγκαῖον
890 895 1051 948 πάλιν
1090 899 1233 965 ἐρεῖν
1300 900 1448 961 ὅπως
1503 916 1561 951 τε
1603 899 1764 969 189
1790 899 1961 953 τελεῖ-

385 1000 495 1050 ται,
531 986 625 1038 καὶ⁵
648 987 715 1039 τὰ
733 986 859 1053 περὶ
879 987 986 1039 τῶν
1018 990 1301 1057 συμϐόλων
1334 991 1522 1046 αἰτοῦ.

942 1101 1189 1155 ΚΕΦᾹΛ.
1230 1103 1391 1159 ΣΞΕἏ

383 1188 545 1242 Διατί
574 1186 641 1242 τὸ
668 1185 790 1243 τῶν
808 1191 1119 1323 μοναχῶνέ
1138 1194 1351 1262 σχῆμα
1388 1194 1716 1265 dri-aliter
1741 1162 1955 1264 ὀνομά-

1108 1279 1257 1317 εται.

1108 1279 1257 1317 εται.

449 1348 615 1402 Ἀλλὰ
645 1351 761 1413 πῶς
819 1352 1107 1421 μετανοίας
1150 1354 1337 1423 σχῆμα
1367 1354 1584 1423 λέγεται
1606 1355 1704 1409 καὶ
1733 1356 1955 1424 ἀγγελι-

382 1440 505 1505 κόν;
560 1442 680 1492 ἐπεὶ
725 1442 786 1494 οὐ
844 1444 1267 1515 περιπίπτουσιν
1304 1446 1546 1512 ἄγγελοι,
1579 1446 1724 1500 εῖποι
1757 1465 1839 1510 τις
1863 1448 1950 1512 ἂν,

378 1531 459 1581 ἔτι
504 1532 623 1583 οὐδὲ
649 1532 807 1598 φύσει
839 1533 899 1585 τὸ
922 1535 1278 1602 περι-πίπτειν
1312 1537 1517 1599 αὐτοῖς.
1556 1538 1653 1600 ὐς
1683 1539 1950 1604 ἀκουέτω,

378 1624 451 1683 ὡς
480 1621 541 1674 τδ
566 1623 835 1691 ἄτρεπτον
863 1625 961 1678 καὶ
1000 1627 1251 1679 ἄπτωτον
1286 1626 1421 1680 Θεοῦ
1465 1622 1652 1697 μόνου,
1687 1629 1774 1682 ἀεὶ
1800 1629 1951 1695 ὄντος

376 1713 471 1763 καὶ
507 1712 865 1765 ἀναλλοιώτου
914 1714 1187 1784 μένοντος.
1238 1714 1363 1780 Τοῖς
1410 1717 1737 1787 ἀρξαμένοις
1766 1720 1823 1773 δὲ
1856 1721 1951 1773 καὶ

376 1807 617 1867 κτιστοῖς
666 1804 946 1870 ἀλλοῖωτις
974 1807 1194 1863 ἕπεται.
1262 1810 1371 1864 Καὶ
1401 1809 1581 1879 δῆλον,
1609 1810 1683 1875 ὥς
1714 1829 1859 1876 τινες
1892 1814 1952 1866 ἐκ

372 1898 483 1949 τῶν
542 1898 788 1965 ἀγγέλων
819 1899 1324 1971 περιπεπτώκασιν,
1384 1903 1522 1957 ἀλλᾶ
1567 1904 1627 1958 τὸ
1661 1907 1951 1975 προσέχειν

374 1989 592 2055 αὐτοῦς,
627 1992 720 2042 καὶ
773 1992 1181 2057 ταπεινοῦσθαι,
1237 1995 1332 2049 καὶ
1363 1996 1610 2051 ὑπείκειν
1657 1998 1797 2068 Θεῷ,
1855 1999 1950 2053 καὶ

2062 810 2336 864 invenitur
2366 811 2583 868 habitus
2616 829 2631 865 :
2661 812 2727 866 de
2762 828 2869 882 quo
2893 811 3003 880 jam
3036 826 3201 881 supra
3244 809 3506 866 diximus.
3540 810 3631 862 A'.

2061 909 2238 953 tamen
2276 904 2638 955 neeessarium
2673 912 2755 955 est
2784 902 2977 955 iterum
3009 901 3281 973 quomodo
3309 901 3633 956 conﬁciatur

2057 1000 2111 1046 et
2151 990 2216 1045 de
2242 992 2359 1061 ejus
2392 993 2652 1062 symbolis
2688 993 2889 1046 dicere.

2592 1083 2821 1141 CAPUT
2850 1082 3098 1139 CCLXV.

2058 1173 2237 1239 Quare
2263 1177 2643 1241 paenitentia/is
2688 1187 2737 1230 et
2790 1178 3115 1230 monachaiis
3150 1176 3360 1229 habitus
3394 1175 3630 1245 angelico

2550 1248 2757 1301 nomine
2788 1248 3084 1316 appellatur
3114 1250 3140 1301 .’

2129 1336 2233 1389 Sed
2276 1338 2546 1407 quomodo
2581 1338 2916 1407 pcenitenttae
2965 1338 3184 1393 habitus
3218 1337 3419 1391 dicitur
3462 1351 3626 1405 ange-

2055 1427 2212 1490 lieus,
2243 1424 2474 1482 fortasse
2525 1428 2670 1483 dicet
2714 1428 2933 1494 aliquis,
2965 1444 3087 1482 eum
3138 1428 3315 1495 angeli
3376 1444 3482 1480 non
3533 1442 3629 1479 ea-

2056 1519 2205 1582 dant,
2236 1520 2423 1571 natura
2457 1534 2560 1573 non
2594 1530 2676 1575 est
2721 1522 2800 1576 eis
2841 1531 2901 1575 ut
2929 1521 3126 1575 cadere
3156 1520 3403 1589 possint?
3431 1518 3633 1572 Audiat

2056 1609 2159 1662 iste
2188 1610 2683 1665 iinmutabilitatem
2739 1620 2794 1665 ct
2823 1610 3237 1680 impeccantiam
3287 1609 3459 1665 solius
3502 1623 3627 1663 esse

2059 1699 2149 1754 Dei
2185 1702 2277 1769 qui
2311 1717 2527 1770 semper
2565 1710 2650 1756 est
2692 1712 2745 1756 et
2792 1701 3148 1756 immutabilis
3188 1708 3493 1769 permanet,
3544 1714 3630 1753 res

2055 1803 2234 1846 autem
2270 1807 2390 1861 qua:
2428 1802 2711 1861 cmperunt
2758 1802 2814 1849 et
2863 1802 3058 1848 creatzn
3089 1801 3220 1846 sunt
3256 1792 3486 1860 mutatio
3540 1806 3631 1845 se-

2053 1883 2257 1951 quitur,
2291 1885 2436 1953 quod
2489 1885 2651 1954 liquet
2717 1900 2840 1938 eum
2886 1884 3129 1939 nonnulli
3155 1898 3223 1937 ex
3251 1884 3459 1952 angelis
3492 1882 3627 1951 lapsi

2055 1974 2291 2042 fuerint;
2315 1964 2416 2031 sed
2460 1991 2556 2032 eos
2587 1977 2694 2031 Deo
2722 1978 3019 2043 atllimrere,
3051 1992 3233 2033 coram
3265 1990 3333 2031 eo
3356 1974 3626 2030 huniiliari

373 2080 721 2153 λειτουργοὺς
764 2079 909 2138 εἶναι
966 2085 1268 2157 καθαροῖς,
1320 2089 1415 2141 καὶ
1446 2093 1621 2144 ποιεῖν
1646 2091 1707 2145 τὸ
1738 2064 1950 2161 θέλημα
1983 2066 2020 2119 Β
2052 2067 2114 2119 Ci‘

1883 2111 1950 2161 μα
1983 2066 2020 2119 Β
2052 2067 2208 2134 eique
2252 2071 2498 2133 obedire,
2527 2070 2763 2124 mundos
2792 2086 2915 2125 esse
2960 2070 3263 2134 ministros,
3296 2068 3479 2123 facere
3505 2064 3624 2136 ejus

374 2172 561 2237 αὑτοῦ,
590 2174 731 2228 καθὰ
754 2175 1089 2245 γέγραπται,
1109 2177 1270 2231 τοῦτό
1293 2182 1408 2233 ἐστι
1433 2180 1491 2234 τὸ
1511 2182 1771 2249 ἀγγέλους
1790 2178 1950 2238 εἶναι.

376 2265 640 2333 Ἀγγελος
670 2267 777 2337 γὰρ
804 2270 834 2322 ό
856 2269 1200 2337 ἀναγγέλλων
1236 2269 1305 2323 τὰ
1327 2270 1421 2324 τοῦ
1449 2270 1609 2326 Θεοῦ.
1666 2272 1830 2327 Ὅθεν
1861 2274 1955 2326 καὶ

374 2357 625 2425 μοναχδς,
656 2358 704 2410 εῖ
742 2360 836 2411 καὶ
883 2360 982 2425 τῆς
1037 2362 1547 2432 παραπιπτωκυιας
1586 2362 1800 2432 φύσεώς
1835 2366 1950 2418 ἐστι

370 2449 478 2502 τῶν
508 2449 834 2519 ἀνθρώπων,
885 2450 1001 2504 ἀλλ’
1035 2452 1189 2522 ἰσχὺν
1248 2452 1376 2524 εσχε
1435 2454 1812 2526 προθυμηθεὶς
1856 2456 1950 2509 τοῦ

371 2544 562 2595 πατεῖν
620 2541 802 2596 ἐπάνω
841 2542 1022 2613 ὄφεων
1059 2546 1154 2598 καὶ
1192 2546 1498 2617 σκορπίων,
1526 2544 1619 2600 καὶ
1644 2548 1735 2601 ἐπὶ
1768 2549 1950 2602 πᾶσαν

370 2635 468 2704 τὴν
490 2635 721 2705 δύναμιν
771 2636 864 2691 τοῦ
928 2637 1146 2707 ἐχθροῦ.
1197 2639 1308 2693 Καὶ
1357 2639 1511 2694 οὐδὲν
1565 2639 1728 2693 αὑτὸν
1761 2640 1821 2692 οὗ
1873 2642 1949 2709 μὴ

370 2726 639 2797 ἀδικήσει.
664 2727 1053 2796 Ἐξερχόμενςς
1112 2729 1293 2783 τοίνυν
1350 2730 1511 2792 οὗτος
1558 2730 1652 2784 τοῦ
1688 2730 1827 2799 βίου,
1855 2732 1949 2784 καὶ

370 2818 573 2889 κόσμον
600 2819 695 2872 καὶ
722 2820 915 2888 γονέας
941 2818 1035 2873 καὶ
1067 2822 1303 2889 γυναῖκα
1335 2823 1429 2874 καὶ
1469 2821 1634 2876 τέκνα
1666 2823 1762 2876 καὶ
1788 2822 1948 2876 ἁδελ-

370 2912 505 2978 φοῦς
555 2910 777 2978 ἀφιεὶς,
837 2911 933 2980 τὴν
982 2909 1092 2965 τῶν
1154 2912 1400 2980 ἀγγέλων
1458 2915 1710 2982 μιμεῖται
1774 2914 1942 2984 ζωήν.

386 3000 786 3069 Ἀπροσπαθεῖς
832 3002 938 3071 γαρ
975 2994 1122 3056 οὗτοι
1161 3002 1268 3055 τῶν
1300 3003 1467 3063 κάτω,
1508 3004 1601 3056 καὶ
1644 3004 1719 3075 μὴ
1754 3006 1947 3072 γενεὰν

370 3092 572 3162 σαρκὸς
630 3094 866 3162 ἔχοντες,
926 3094 1062 3147 ἀλλὰ
1114 3095 1207 3147 καὶ
1234 3093 1296 3148 τὸ
1318 3095 1501 3150 δοῦναι
1544 3096 1720 3162 λόγον,
1764 3098 1945 3166 αἴρειν

485 3184 650 3253 ὤμων
676 3184 909 3253 Χριστοῦ
943 3184 1036 3237 τὸν
1077 3187 1328 3256 σταυρὸν,
1382 3188 1476 3239 καὶ
1508 3188 1684 3257 τούτῳ
1715 3187 1941 3241 ἀκολου-

369 3278 479 3328 θεῖν
508 3274 627 3327 κατ’
672 3277 837 3345 ἴχνος,
872 3281 964 3329 καὶ
1000 3276 1241 3346 ὑπήκοον
1284 3272 1447 3341 εἶναι,
1481 3277 1577 3329 καὶ
1599 3279 1943 3349 ἀρνήσασθαι

2058 2157 2391 2215 voluntatem
2420 2162 2562 2215 sicut
2605 2162 2867 2230 scriptum
2905 2172 3008 2227 est.
3048 2162 3162 2217 haec
3190 2169 3275 2217 est
3302 2160 3624 2230 angelorum

2056 2249 2316 2303 conditio.
2364 2249 2498 2304 Nam
2529 2254 2753 2321 angelus
2786 2252 2927 2308 idem
2962 2262 3119 2308 sonat
3158 2269 3224 2310 ac
3254 2268 3437 2309 rerum
3475 2252 3624 2309 divi-

2054 2354 2249 2393 narum
2297 2343 2542 2398 nuntius.
2606 2344 2761 2399 Unde
2792 2356 2843 2399 et
2874 2345 3196 2408 monachus.
3230 2346 3333 2400 etsi
3361 2346 3522 2414 lapsae
3553 2344 3626 2401 sit

2054 2430 2339 2488 hominum
2384 2444 2613 2500 naturm,
2660 2447 2921 2503 attamen,
2974 2438 3019 2493 si
3066 2438 3350 2494 voluntate
3391 2437 3626 2499 ferveat.

2052 2522 2306 2577 virtutem
2341 2526 2503 2581 habet
2531 2528 2840 2582 ambulandi
2876 2544 3044 2599 super
3069 2524 3353 2600 serpentes
3380 2538 3436 2585 et
3471 2543 3627 2584 scor-

2052 2612 2244 2681 piones
2306 2624 2360 2671 et
2420 2632 2584 2686 super
2644 2635 2861 2673 omnem
2912 2621 3116 2676 inimici
3175 2629 3525 2691 potestatem,
3571 2631 3627 2676 et

2051 2708 2189 2761 nihil
2222 2708 2269 2763 ei
2314 2712 2547 2767 nocebit.
2600 2713 2699 2769 llic
2751 2717 2916 2785 igitur
2947 2732 2977 2772 e
3002 2718 3111 2773 vita
3142 2733 3424 2789 egressus,
3466 2734 3625 2773 muno

2050 2799 2232 2866 doque
2259 2810 2312 2855 et
2345 2804 2688 2871 parentibus,
2720 2808 2965 2873 muliere.
3006 2808 3131 2864 ﬁliis
3168 2818 3331 2881 atque
3361 2811 3622 2865 fratribus

2048 2889 2363 2957 derelictis,
2403 2895 2567 2948 vitam
2622 2899 2938 2967 angelorum
2994 2901 3274 2966 imitatur;
3342 2902 3431 2957 isti
3475 2902 3621 2957 enim

2048 2982 2197 3036 nullo
2234 2987 2575 3041 terrestrium
2614 3003 2799 3045 amore
2829 2998 3102 3056 tenentur,
3138 3008 3316 3063 neque
3348 2995 3620 3050 carnalem

2049 3073 2252 3129 habent
2333 3079 2830 3148 propinquitatem,
2912 3084 3007 3139 sed
3083 3085 3305 3155 insuper
3356 3088 3622 3144 rationem

2047 3166 2389 3233 submittere,
2423 3185 2588 3239 super
2625 3172 2881 3229 humeros
2924 3190 3144 3234 crucem
3169 3177 3375 3234 Christi
3406 3183 3622 3248 tollere.

2046 3259 2166 3328 ejus
2197 3262 2351 3329 sequi
2384 3264 2633 3335 vestigia.
2660 3265 2892 3321 docilem
2927 3282 3072 3334 esse,
3105 3273 3289 3328 omnia
3322 3276 3618 3346 abnegare,

368 3364 568 3430 πάντα,
592 3366 685 3417 καὶ
714 3364 789 3436 μὴ
822 3368 993 3419 ποιεῖν
1014 3369 1215 3421 οἰκεῖον
1238 3368 1470 3436 θέλημα,
1506 3368 1665 3439 ἔργον
1692 3370 1942 3438 ἀγγέλων
1968 3388 2011 3449 c
2048 3367 2109 3422 Ρτ

1880 3388 2011 3449 WG
2048 3353 2326 3422 propriam
2397 3356 2723 3413 voluntatem
2785 3375 2893 3415 non
2950 3361 3148 3424 facere.
3210 3364 3311 3419 hoc
3353 3376 3433 3421 cst
3481 3383 3621 3437 opus

368 3457 533 3510 εστίν.
560 3477 576 3509 ι
608 3458 889 3523 Εὐλογεῖτε
918 3460 1044 3529 γὰρ,
1078 3459 1340 3528 φησὶ,τόν
1371 3459 1593 3531 Κύριον,
1617 3460 1815 3523 πάντες
1839 3462 1941 3530 ἄγ-

369 3546 514 3615 γελοι
539 3544 727 3599 αὑτοῦ.
760 3548 985 3598 Δυνατοὶ
1022 3548 1190 3615 ἰσχύϊ,
1224 3546 1500 3611 ποιοῦντες
1541 3548 1630 3602 τὸν
1662 3549 1817 3616 λόγον
1846 3552 1944 3604 αῦ-

368 3638 481 3699 τ)5,
506 3636 597 3688 τοῦ
630 3636 863 3689 ἀκοῦσαι
892 3638 989 3705 τῆς
1019 3638 1200 3705 φωνῆς
1237 3636 1329 3690 τοῦ
1361 3638 1521 3704 λόγου
1552 3639 1742 3694 αὐτοῦ.
1774 3641 1940 3695 Eulo-

367 3733 511 3796 γείτε
537 3727 628 3780 τὸν
660 3727 887 3797 Κύριον,
913 3729 1085 3781 πᾶσαι
1118 3729 1173 3781 αι
1200 3729 1458 3798 δυνάμεις
1484 3729 1670 3795 αὑτοῦ,
1701 3731 1942 3804 λειτουρ-

365 3822 453 3889 γοὶ
482 3819 670 3887 αὑτοῦ,
706 3821 755 3873 οἱ
779 3820 1055 3885 ποιοῦντες
1095 3822 1155 3874 τὸ
1188 3822 1401 3893 θέλημα
1430 3823 1649 3878 αὑτοῦ.»
1697 3824 1894 3896 Ὁρᾶτε
1922 3842 1938 3893 ;

378 3913 509 3966 Ἰδοὺ
555 3911 676 3964 καθ’
723 3912 981 3982 ὁμοίωσιν
1016 3913 1265 3981 ἀγγέλων
1294 3916 1357 3969 τὸ
1394 3915 1607 3987 σχῆμα,
1642 3916 1736 3970 καὶ
1768 3917 1937 3973 αὑτοῦ

379 4004 552 4076 Ἰησοῦ
592 4006 849 4074 Χριστοῦ,
879 4004 997 4069 τοῦ,
1026 4006 1123 4074 Μὴ
1154 4005 1220 4059 τὸ
1250 4005 1480 4076 θέλημά
1518 4025 1657 4077 μου,
1686 4008 1846 4064 ἀλλὰ
1870 4011 1937 4065 τὸ

364 4098 483 4151 σὸν
512 4096 792 4163 γενέσθω,
815 4096 1112 4166 εὐξαμένου
1145 4098 1283 4167 πρὸς
1314 4100 1404 4152 τὸν
1440 4101 1676 4171 Πατέρα.
1714 4102 1805 4155 Διὸ
1840 4104 1936 4157 καὶ

365 4190 637 4251 Διονύσιος
666 4188 822 4241 τοῦτο
854 4188 916 4241 τὸ
948 4190 1131 4259 σχῆμα
1164 4190 1465 4260 ὑπέρτερον
1498 4195 1565 4263 τῇ
1600 4194 1935 4267 καθαρότητι

366 4280 581 4349 καὶτῆς
613 4280 720 4333 τῶν
771 4281 829 4333 ἐν
858 4280 1049 4350 κόσμῳ
1084 4280 1399 4334 ἐπισκόπων
1429 4281 1577 4350 ζωῆς
1599 4300 1783 4355 φησιν.

902 4392 1152 4446 ΚΕΦΑΛ.
1194 4391 1369 4459 ΣΞΕΓ.

364 4486 525 4539 Atat!
572 4484 865 4561 ἐπιπλέοΥ
892 4485 948 4536 οἱ
979 4483 1097 4566 νῦν
1126 4487 1215 4548 εις
1246 4484 1595 4574 ἐπισκοπὴιν
1643 4487 1932 4557 ἀγόμενοι

728 4570 965 4620 πρωτον
1002 4570 1271 4622 γίνονται
1299 4570 1457 4622 μονα
1462 4570 1579 4623 χοι.

434 4644 524 4697 Διὸ
555 4643 648 4697 καὶ
684 4643 719 4713 ὴ
750 4642 845 4695 τοῦ
895 4642 1134 4714 Χριστοῦ
1182 4642 1501 4713 Ἐκκλησία,
1554 4646 1680 4709 τοὺς
1712 4646 1931 4711 πλεεους

2048 3444 2390 3512 angelorum.
2462 3448 2551 3502 Ait
2608 3448 2811 3506 enim:
2886 3450 3249 3508 «Benedic-ite
3303 3456 3621 3521 Dominum,

2048 3555 2239 3595 omnes
2289 3542 2466 3611 angeli
2517 3544 2673 3614 ejus,
2747 3555 2995 3615 potentes
3056 3550 3295 3615 virtute,
3351 3551 3615 3610 ferientes

2048 3632 2273 3686 verbum
2325 3633 2473 3689 illius
2527 3637 2594 3690 ad
2654 3638 2978 3693 audiendam
3041 3656 3230 3696 vocem
3297 3658 3618 3701 sermonum

2046 3722 2187 3790 ejus.
2217 3723 2527 3783 Benedicite
2593 3727 2904 3795 Dominum,
2965 3748 3157 3790 omnes
3204 3736 3432 3793 virtutes
3479 3739 3620 3808 ejus.

2047 3814 2284 3871 ministri
2370 3818 2540 3887 ejus,
2607 3822 2698 3891 qui
2760 3820 2926 3879 facite
2984 3826 3322 3882 voluntatem
3404 3830 3545 3899 ejus.
3592 3850 3615 3886 ι

2046 3903 2360 3963 Videtisne?
2406 3910 2486 3964 En
2520 3910 2738 3967 habitus
2769 3913 2859 3969 ille
2903 3924 2988 3970 est
3016 3918 3322 3972 secundum
3352 3919 3619 3976 similitu-

2044 3994 2225 4052 dinem
2262 4001 2575 4070 angelorum
2606 4011 2663 4057 ιιι
2690 4004 2860 4073 ipsius
2888 4003 3015 4060 Jesu
3046 4006 3195 4061 Chri:
3210 4008 3246 4062 ti
3271 4010 3364 4079 qui
3401 4007 3617 4067 Patrem

2043 4085 2441 4157 deprecabatur
2471 4094 2699 4149 dicens:
2763 4113 2783 4147 ι
2812 4096 2928 4151 Non
2966 4112 3082 4152 mea
3115 4100 3366 4155 voluntas
3394 4103 3488 4157 sed
3522 4111 3616 4159 tua

2043 4178 2156 4233 ﬁat.
2185 4198 2205 4232 ι
2264 4183 2390 4238 Ideo
2426 4184 2717 4257 Dionysius
2776 4188 2917 4243 dixit
2956 4191 3102 4245 hunc
3153 4192 3323 4260 ipsius
3348 4196 3472 4248 vitze
3498 4198 3617 4262 rpi-

2041 4284 2331 4341 sooporum
2381 4275 2477 4345 qui
2526 4276 2582 4331 in
2604 4278 2807 4334 mundo
2838 4288 2964 4335 sunt
2987 4280 3299 4350 integritate
3335 4295 3614 4354 praestare.

2570 4389 2800 4446 CAPUT
2830 4390 3109 4447 CCLXYI.

2044 4482 2221 4550 Quare
2254 4494 2307 4537 ut
2332 4484 2619 4552 plurimum
2651 4485 2741 4552 qui
2768 4501 2907 4539 nunc
2936 4485 3007 4539 ad
3045 4486 3405 4554 episcopa'um
3430 4506 3613 4556 perue-

2387 4556 2564 4617 niunt,
2591 4558 2741 4622 prius
2783 4557 2918 4624 ﬁunt
2955 4558 3242 4611 monachi?

2109 4642 2477 4709 Quamobrem
2521 4643 2722 4699 Christi
2777 4644 3019 4699 Ecclesia
3072 4645 3361 4716 plerosque
3417 4664 3608 4703 eorum

361 4737 469 4790 τῶν
493 4737 570 4798 εἰς
601 4734 909 4806 ἐπισκοπὴν
932 4735 1219 4804 ἀγομένων
1253 4736 1381 4806 ἄρτι
1417 4736 1494 4807 τῷ
1526 4737 1654 4808 θείῳ
1691 4740 1930 4809 σχήματι
1968 4741 2009 4795 D
2038 4752 2102 4805 qu

1869 4757 1930 4791 ιτι
1968 4741 2009 4795 υ
2038 4751 2174 4805 quos
2206 4736 2367 4790 modo
2390 4735 2454 4790 ad
2484 4736 2855 4806 episcopatum
2878 4738 3090 4793 extollit
3113 4739 3263 4809 prius
3286 4742 3389 4797 hoc
3424 4741 3610 4800 habitu

360 4828 535 4893 τούτῳ
574 4825 1001 4897 κατακοσμοῦσα
1050 4827 1337 4897 πρότερον,
1371 4826 1543 4891 οὕτως
1603 4830 1937 4894 ἐπισκόπους

365 4920 619 4989 καθιστᾷ,
672 4919 739 4973 τὰ
788 4919 1020 4990 μέγιστα
1066 4920 1159 4972 καὶ
1203 4920 1334 4987 ἆγια
1358 4919 1466 4973 τῶν
1492 4921 1666 4988 ἁγίων
1693 4920 1771 4990 τῷ
1799 4939 1941 4977 παν-⁹

362 5014 501 5082 αγίῳ
529 5010 997 5078 ἐξασφαλιζομένη
1045 5010 1139 5062 καὶ
1192 5009 1323 5080 ἱερῷ
1374 5011 1638 5080 σχήματι.
1703 5012 1849 5082 Ὀρα
1881 5014 1937 5067 δέ

363 5107 457 5156 καὶ
488 5105 635 5166 ὅπως
694 5103 929 5156 τελεῖται
980 5103 1016 5172 ἡ
1060 5102 1153 5155 τοῦ
1217 5104 1517 5172 μοναχικοῦ
1569 5104 1847 5173 σχήματος
1879 5106 1937 5157 ἐν

364 5194 584 5265 Χριστῷ
614 5195 733 5247 θεία
765 5194 977 5262 τελετή.

917 5286 1165 5341 ΚΕΦΑΛ.
1216 5284 1375 5340 ΣΞΖ’.

680 5373 817 5442 Περὶ
837 5373 1178 5443 μοναχιιιῆς
1210 5374 1596 5441 τελειώσεως.

434 5472 807 5539 Προσερχεται
834 5468 862 5519 ὁ
890 5467 1119 5535 μονὰσαι
1167 5466 1491 5536 βουλόμενος
1519 5469 1809 5534 ἑκουσίως,
1846 5472 1934 5522 καὶ

361 5566 483 5625 δοὺς
508 5563 664 5627 λόγον
696 5559 797 5628 τῆς
826 5559 968 5613 κατὰ
988 5558 1119 5611 Θεὸν
1146 5558 1311 5628 ζωῆς,
1340 5558 1697 5635 δοκιμάζεται
1722 5563 1779 5613 ἐν
1804 5561 1936 5631 ὡρι-

364 5656 551 5725 σμένῳ
577 5651 775 5720 καιρῷ,
804 5650 900 5703 καὶ
920 5648 1101 5702 πίστιν
1131 5648 1254 5712 δοὺς
1277 5649 1385 5703 ἀπὸ
1412 5653 1508 5720 τῆς
1528 5650 1690 5703 αὑτοῦ
1724 5650 1933 5722 βιοτῆς,

362 5749 456 5803 καὶ
488 5749 587 5815 τὴν
612 5742 892 5797 τελείωσιν
935 5740 1027 5793 τοῦ
1060 5743 1336 5810 σχήματος
1375 5742 1708 5809 ἐκζητήσας,
1743 5740 1827 5793 ἵνα
1858 5740 1935 5811 μὴ

362 5839 487 5910 δόξῃ
518 5835 757 5906 βιασθεὶς
788 5832 821 5902 ἢ
872 5831 1264 5899 ἀναγκασθεὶς,
1300 5832 1637 5899 προσάγεται
1675 5830 1754 5899 τῷ
1782 5832 1893 5900 ναῷ
1916 5848 1930 5862 .

365 5930 487 5984 ἐπεὶ
515 5928 589 5990 ὡς
614 5927 785 5995 δῶρον
836 5924 1224 5994 προσφέρεται,
1277 5922 1487 5990 ἐξάγων
1525 5924 1687 5984 αὐτὸς
1741 5923 1935 5976 ἑαυτὸν

366 6022 461 6077 τοῦ
488 6021 694 6093 κόσμου
711 6031 725 6045 ⁶
746 6018 841 6070 καὶ
864 6015 968 6084 πρὸ
987 6015 1095 6066 τῶν
1119 6014 1301 6068 πυλῶν
1319 6015 1532 6069 ἵσταται
1542 6056 1555 6083 ,
1579 6016 1700 6069 ἐπεὶ
1723 6013 1934 6069 οὐδέπω

708 6113 978 6173 Parnm.
1023 6110 1141 6171 Gn.
1187 6110 1364 6171 CLV.

2040 4829 2335 4882 adornatos
2399 4828 2479 4883 sic
2532 4829 2820 4899 episcopos
2878 4831 3202 4897 constituit,
3264 4835 3497 4890 maxima
3556 4849 3613 4893 et

2040 4930 2226 4974 sancta
2254 4929 2566 4975 sanctorum
2596 4921 2697 4975 hoc
2728 4921 3079 4977 sanctissimo
3110 4938 3377 4997 sacroque
3420 4929 3609 4983 habitu
3652 4911 3662 4923 ’

2040 5010 2438 5064 conﬁrmando.
2502 5008 2632 5066 Vide
2656 5021 2837 5066 autem
2861 5013 3137 5079 quomodo
3170 5017 3261 5070 ﬁat
3305 5021 3609 5077 monachie‘

2040 5098 2255 5154 habitus
2277 5100 2331 5154 in
2353 5098 2574 5157 Christo
2602 5102 2787 5157 divina
2815 5105 3184 5161 consecratio.

2550 5277 2781 5335 CAPUT
2845 5277 3149 5337 CCLXVII.

2429 5370 2505 5426 De
2537 5372 2837 5425 monacltali
2867 5374 3216 5441 perfectione.

2107 5460 2337 5516 Accedit
2373 5460 2468 5530 qui
2500 5461 2736 5517 libenter
2784 5464 2902 5516 vult
2944 5464 3195 5519 monachi
3225 5465 3390 5521 vitam
3425 5480 3610 5539 agere,

2036 5555 2236 5607 etdata
2270 5555 2482 5607 ratione
2508 5555 2636 5608 vitae
2673 5569 2796 5624 qute
2839 5566 2928 5609 est
2960 5556 3263 5611 secundum
3316 5559 3505 5625 Deum,
3551 5560 3606 5613 in

2038 5653 2283 5712 tempore
2320 5645 2622 5699 constituto
2679 5648 2972 5714 probatur;
3022 5647 3224 5702 deinde
3270 5648 3428 5704 ﬁdem
3470 5651 3610 5706 dans

2037 5752 2136 5806 per
2198 5751 2352 5790 suam
2416 5737 2912 5804 conversationem,
2989 5748 3045 5793 et
3106 5754 3323 5794 sacrum
3387 5742 3611 5797 habitus

2037 5826 2297 5880 induendi
2343 5827 2509 5880 ritum
2533 5840 2854 5895 exposcens.
2889 5843 2959 5883 nc
2988 5828 3240 5883 videatur
3268 5831 3378 5884 vim
3412 5848 3606 5901 passus

2039 5928 2201 5988 atque
2225 5928 2470 5982 coactus,
2494 5920 2751 5988 templum
2776 5920 2907 5986 adit,
2941 5920 3199 5990 quoniam
3228 5922 3374 5977 velut
3402 5924 3605 5979 donum

2038 6009 2387 6080 semetipsum
2437 6008 2616 6079 oll'ert,
2650 6020 2704 6067 ct
2756 6027 2853 6082 pro
2903 6011 3113 6069 foribus
3165 6023 3293 6079 stat,
3348 6013 3603 6085 quoniam

3136 6103 3203 6166 lli
