4408 6764
421 562 530 625 ἇ93

1726 562 1823 620 DE
1866 532 2379 619 Pt‘ENITENTn.

3561 561 3663 623 434

414 672 632 741 λογικδν
658 670 735 740 τῷ
767 668 1030 735 κτίσαντι,
1066 671 1403 737 κατηχείται.
1437 671 1546 722 κει
1585 670 1691 737 τῆς,
1709 668 1955 722 τελειοτά
1994 663 2052 731 Ἀ
2085 670 2155 723 Iul

1922 668 1955 721 ἀ
1994 663 2052 731 Ἀ
2085 670 2407 732 lnntarium,
2441 662 2620 724 virum
2651 682 2705 725 et
2734 672 3074 736 rationabile,
3103 673 3420 737 instruitur,
3447 685 3503 731 et
3538 692 3660 747 per-

414 782 513 832 της
549 764 693 829 ζωῆς
748 762 1038 830 ὑφηγεῖται
1072 761 1221 829 αὐτῷ
1251 763 1278 814 ὁ
1316 754 1509 829 ’ἱερεὺς
1543 766 1641 831 τὴν
1677 760 1978 816 πολιτείαν.

416 853 620 913 Καὶὼς
658 849 909 903 πεινάσαι
943 850 1073 916 ἔχει,
1118 853 1211 902 καὶ
1257 851 1504 920 διψῆσαι,
1545 852 1639 905 καὶ
1671 853 1982 921 γυμνητεῦ-

418 964 507 999 σαι
536 946 621 998 διὰ
674 944 930 1013 Χριστὸν,
971 945 1059 996 τὸν
1110 945 1281 999 ταῦτα
1330 948 1572 1000 παθόντα
1628 948 1769 1015 ὑπὲρ
1801 949 1982 1019 ἡμῶν,

416 1042 509 1091 καὶ
533 1037 894 1101 ὀνειδισθῆναι
924 1033 1017 1086 καὶ
1048 1022 1411 1105 χλευασθῆναι
1442 1037 1532 1088 καὶ
1560 1037 1860 1108 διωχθῆναι
1890 1028 1985 1100 καὶ

415 1130 592 1182 πάντα
647 1127 837 1178 παθεῖν
894 1124 965 1176 δι’
1028 1126 1214 1187 αὑτὸν,
1276 1128 1370 1178 καὶ
1401 1128 1632 1200 χαίρειν,
1668 1130 1756 1181 ὅτε
1808 1128 1986 1181 ταῦτα

413 1222 589 1274 πάντα
616 1223 772 1273 πάθοι
800 1219 885 1273 διὰ
920 1222 1190 1295 Χριστόνή
1224 1219 1316 1271 καὶ
1345 1220 1427 1271 ὅτι
1464 1221 1691 1289 μεγίστη
1718 1220 1750 1286 ἡ
1782 1219 1982 1286 δωρεά⁸

411 1314 505 1363 καὶ
557 1311 811 1382 δεύτερον
867 1312 1149 1382 βάπτισμα
1174 1310 1465 1379 λαμϐάνει.
1512 1312 1606 1363 καὶ
1657 1311 1984 1381 καθαίρεται

411 1403 520 1455 τῶν
550 1404 874 1472 ἂμαρτιῶνο
940 1405 1202 1465 καὶιυὶδς
1236 1400 1411 1470 φωτὸς
1464 1401 1779 1454 δείκνυται·
1832 1402 1926 1455 καὶ
1958 1401 1985 1452 ὁ

410 1496 619 1561 Κύριος
674 1497 832 1562 ἡμῶν
882 1494 968 1547 ἐπ’
1005 1495 1151 1563 αὑτῴ
1183 1495 1363 1564 χαίρει
1403 1494 1542 1562 μετὰ
1595 1494 1704 1546 τῶν
1733 1490 1983 1561 ἀγγέλων

410 1586 598 1652 αὑτοῦ,
635 1586 779 1639 Θὺων
830 1585 982 1657 αὑτῷ
1016 1586 1109 1638 τὸν
1173 1588 1374 1655 μόσχον
1403 1586 1493 1637 τὸν
1544 1585 1811 1648 σιτευτὸν,
1847 1586 1984 1654 ὅπερ

409 1658 568 1733 ἐστὶν
592 1679 756 1734 αὑτοῦ
787 1680 848 1732 τὸ
878 1680 1040 1747 σῶμα
1081 1679 1173 1732 καὶ
1198 1674 1357 1747 αἷμα.
1392 1678 1500 1732 Καὶ
1523 1680 1672 1741 ὅπως
1705 1677 1985 1745 ἀντιλογία

412 1770 511 1838 μὲν
552 1771 647 1821 καὶ
671 1768 921 1837 ἀνηκοία,
954 1768 1303 1837 ὑπερηφανία
1324 1784 1381 1820 τε
1405 1768 1498 1819 καὶ
1516 1766 1584 1819 τὰ
1611 1764 1778 1818 λοιπὰ
1805 1764 1984 1819 πάντα

409 1860 581 1921 δεινὰ,
612 1860 803 1929 πόρῤω
836 1855 945 1911 s’sv
968 1857 1063 1910 ἀπ’
1083 1856 1271 1921 αὑτοῦ,
1302 1857 1526 1909 πλουτεῖ
1556 1856 1612 1909 δὲ
1660 1856 1760 1925 τὴν
1790 1855 1985 1909 ταπεί-

410 1969 577 2006 νωσιν
599 1952 693 2005 καὶ
722 1951 820 2022 τὴν
850 1936 1097 2019 ὑπακοήν
1134 1950 1230 2003 καὶ
1273 1948 1631 2018 φιλαδελφίαν
1670 1950 1767 2002 καὶ
1808 1946 1985 2001 ἐπιεί-

410 2061 592 2110 κειαν,
624 2043 728 2114 τὴν
751 2041 986 2119 μελέτην
1015 2058 1073 2094 τε
1106 2040 1203 2096 καὶ
1233 2042 1538 2108 ἀνάγνωσιν
1568 2042 1678 2093 τῶν
1708 2039 1867 2093 Θείων
1893 2040 1981 2092 λου

408 2139 566 2206 γίων,
599 2138 695 2191 καὶ
749 2138 983 2208 τήρησιν
1023 2136 1124 2205 τῆς
1162 2135 1398 2206 καρδίας
1429 2133 1537 2187 ἀπὸ
1566 2133 1675 2186 τῶν
1717 2132 1984 2205 ῥυπαρῶν

410 2229 690 2300 λογισμῶν
718 2246 733 2260 ·
757 2230 836 2283 ἔτι
867 2229 923 2281 δὲ
953 2228 1216 2297 ἱργασίαν
1254 2227 1353 2297 τὴν
1388 2225 1531 2279 κατὰ
1572 2224 1803 2295 δύναμιν
1839 2242 1852 2257 ·
1889 2225 1987 2278 καὶ

409 2323 563 2383 τέλος
594 2321 919 2389 ἐξαγγελίαν
969 2321 1077 2373 τῶν
1132 2322 1233 2386 τῆς
1265 2318 1500 2389 καρδίας
1546 2317 1810 2386 κρυπτῶν
1843 2318 1987 2371 κατὰ

410 2415 507 2474 τας
538 2412 686 2481 ἱεράς
720 2430 775 2464 τε
803 2412 895 2463 καὶ
926 2410 1079 2473 θείας
1117 2410 1425 2479 ὑποθήκας.
1457 2410 1550 2464 ’Δι’
1578 2403 1654 2463 ὧν
1684 2408 1985 2473 δείκνυται,

410 2501 485 2563 ὡς
510 2501 616 2567 ἄρα
652 2501 823 2564 καλῶς
850 2500 1063 2569 εἴρηται
1090 2501 1151 2553 τὸ
1187 2500 1379 2570 σχῆμα
1410 2498 1471 2552 τὸ
1499 2498 1664 2568 ἆγιον
1704 2498 1763 2550 ἐν
1793 2499 1858 2567 τῇ
1894 2514 1989 2567 με·

411 2587 602 2657 τανοίᾳ
637 2581 800 2642 εἶναι.

966 2678 1217 2731 ΚΕΦΔΛ.
1264 2678 1435 2731 ΣΟΝ.

661 2772 723 2824 Τί
755 2772 793 2838 ἠ
826 2771 944 2825 τῶν
971 2771 1187 2840 τριχῶν
1207 2771 1487 2840 σημαίνει
1521 2769 1732 2837 κουρά.

480 2858 669 2915 Ταῦτα
692 2856 786 2913 οὖν
822 2861 999 2914 παντα
1030 2860 1480 2929 καθομολογήσας
1532 2860 1620 2910 ἐπ’
1658 2858 1832 2911 ἑλπίδι
1886 2859 1987 2928 τῆς

410 2954 693 3025 δυνάμεως
720 2954 815 3008 τοῦ
839 2954 1101 3025 Χριστοῦ,
1127 2955 1222 3007 καὶ
1250 2952 1653 3021 συνταξάμενος
1686 2954 1744 3003 ἐν
1776 2953 1989 3016 τούτοις

418 3048 603 3115 μένειν
632 3046 759 3116 ἄχρι
790 3047 974 3109 τέλους
1008 3046 1154 3116 ζωῆς
1192 3044 1382 3109 αὑτοῦ,
1416 3044 1680 3104 ἑκουσίως
1714 3044 1819 3111 γαρ
1852 3044 1992 3112 Χρι-

412 3139 523 3208 στῷ
557 3137 890 3203 ἀνατίθεται,
951 3138 1194 3207 κείρεται
1250 3134 1617 3204 σταυροειδῶς
1666 3134 1765 3198 τὰς
1793 3135 1991 3205 τρίχας

411 3231 509 3299 τῆς
535 3230 783 3299 κεφαλῆς
818 3235 898 3294 εἰς
922 3231 980 3284 τὸ
1002 3231 1174 3301 ὄνομα
1204 3234 1303 3300 τῆς
1326 3228 1557 3299 Τριάδος
1585 3245 1599 3260 ·
1636 3228 1726 3282 διὰ.
1756 3229 1855 3299 μὲν
1884 3229 1990 3299 τῆς

2090 760 2401 815 lectissima:
2440 762 2565 816 vita:
2587 750 3055 819 conversationem
3093 764 3241 819 illum
3282 766 3444 821 docet
3472 782 3656 836 sacer-

2090 853 2209 917 dos,
2262 854 2436 923 aperit
2487 854 2649 907 etiam
2704 862 2965 923 quantum
3023 858 3233 911 esurire
3278 859 3552 928 Oportebit
3608 868 3663 914 et

2090 944 2242 998 sitire
2299 954 2354 998 et
2407 946 2594 1001 nudus
2626 962 2746 1001 esse
2786 949 3012 1017 propter
3063 948 3341 1013 Christum
3396 952 3486 1020 qui
3535 952 3667 1009 talia

2090 1047 2309 1106 propter
2358 1053 2477 1115 nos.
2514 1040 2785 1102 toleravit,
2833 1034 3046 1095 necnon
3097 1040 3311 1109 injuriis
3358 1044 3551 1099 lacessi
3606 1054 3661 1099 ct

2091 1128 2261 1193 illudi,
2328 1138 2380 1183 et
2439 1132 2869 1198 persecutionem
2923 1132 3034 1200 pati
3092 1134 3385 1210 omniaﬂue
3435 1149 3660 1206 propter

2088 1234 2213 1273 eum
2271 1220 2433 1285 ferre,
2489 1231 2541 1275 et
2571 1222 2805 1289 gaudere
2836 1224 3053 1291 quando
3081 1224 3394 1297 ista_omnia
3438 1236 3662 1296 propter

2087 1310 2361 1365 Christum
2396 1313 2653 1381 patietur,
2718 1322 2773 1367 et
2798 1317 3058 1383 quoniam
3106 1317 3208 1370 hoc
3236 1325 3323 1371 est
3356 1318 3658 1372 maximum

2088 1400 2316 1467 donum,
2345 1412 2401 1457 et
2437 1404 2561 1471 quia
2594 1404 2898 1459 secundum
2934 1406 3130 1475 accipit
3160 1408 3511 1476 baptismum,
3547 1420 3601 1464 et
3632 1425 3663 1465 a

2088 1494 2327 1560 peccatis
2371 1487 2687 1560 mundatur,
2735 1491 2791 1551 et
2850 1498 2991 1552 ﬁlius
3052 1498 3189 1553 lucis
3244 1502 3573 1569 ostenditur,
3607 1516 3666 1557 et

2092 1575 2353 1633 Dominus
2381 1590 2566 1635 noster
2612 1585 2677 1636 de
2733 1600 2799 1638 eo
2848 1586 3047 1650 gaudet
3103 1602 3226 1640 cum
3265 1590 3472 1655 angelis
3518 1592 3659 1660 ejus,

2088 1670 2344 1724 occidens
2390 1672 2443 1725 ei
2484 1674 2709 1728 vitulum
2742 1677 3069 1745 saginatum,
3096 1680 3239 1747 quod
3267 1689 3352 1735 est
3380 1682 3515 1750 {ejus
3539 1697 3665 1737 cor-

2089 1763 2195 1829 pus
2216 1770 2272 1815 et
2301 1763 2525 1833 sanguis
2553 1781 2565 1829 ;
2620 1765 2821 1821 indicat
2851 1768 3015 1823 etiam
3042 1771 3320 1835 quomodo
3349 1772 3579 1827 rebellio
3608 1782 3663 1828 et

2092 1849 2462 1906 inobedientia
2494 1863 2659 1925 atque
2687 1859 2942 1926 superbia
2972 1869 3278 1931 cmteraque
3299 1865 3444 1917 mala
3478 1865 3662 1920 omnia

2088 1944 2274 2010 procul
2320 1945 2390 1997 ab
2417 1959 2482 2000 eo
2510 1947 2689 2001 futura
2720 1950 2852 2015 sint,
2885 1952 2980 2006 sed
3022 1967 3144 2007 cum
3165 1954 3388 2009 divitem
3421 1954 3661 2010 futurum

2087 2046 2210 2087 esse
2258 2036 2585 2102 humilitate,
2638 2041 2990 2107 obedientia,
3044 2044 3283 2099 fraterna
3325 2047 3659 2109 dilectione.

2091 2126 2536 2192 mansuetudine,
2570 2129 2925 2188 meditatione
2960 2144 3012 2189 et
3044 2136 3322 2203 agnitione
3352 2137 3661 2194 divinorum

2089 2229 2427 2283 sermonum,
2461 2234 2674 2274 necnon
2698 2236 2794 2277 cor
2813 2238 2934 2279 esse
2965 2236 3307 2283 servaturum
3335 2230 3404 2284 ab
3433 2231 3664 2299 impuris

2089 2309 2505 2376 cogitationibus
2534 2324 2867 2384 etquantum
2900 2320 3489 2389 poteritopcraturum.
3513 2323 3666 2380 Dcn‘.

2088 2413 2193 2467 quc
2224 2402 2535 2457 abscondita
2558 2408 2736 2460 cordis
2768 2410 3081 2464 manifestat
3104 2412 3408 2467 secundum
3444 2426 3662 2472 sanctas

2088 2489 2407 2561 divinasque
2425 2494 2818 2551 institutiones.
2844 2499 3050 2564 Quibus
3067 2486 3392 2570 ostenditur,
3416 2506 3662 2562 habitum

2092 2593 2338 2636 sanctum
2371 2599 2514 2649 esse,
2542 2598 2701 2655 prout
2735 2599 2880 2643 recte
2926 2593 3182 2660 diximus,
3229 2596 3283 2650 in
3320 2598 3661 2666 pmoitentia.

2602 2675 2832 2733 CAPUT
2869 2678 3145 2738 CCLXXI.

2373 2765 2514 2830 Quid
2537 2768 2731 2822 iudicet
2774 2781 2995 2827 tonsura
3034 2776 3376 2845 capillorum.

2159 2853 2367 2911 Idcirco
2425 2857 2539 2912 Inec
2587 2860 2768 2913 omnia
2824 2862 3109 2920 confessus
3173 2867 3227 2921 in
3285 2884 3384 2939 spe
3446 2870 3665 2928 virtutis

2088 2947 2330 3012 Christi,
2368 2958 2424 3003 et
2460 2950 2718 3007 fratribus
2751 2963 3037 3025 cooptatus
3074 2958 3215 3014 inter
3251 2975 3348 3016 eos
3385 2977 3558 3035 usque
3595 2966 3665 3021 ad

2092 3038 2253 3094 ﬁnem
2286 3040 2412 3096 vita:
2442 3057 2553 3097 sua:
2582 3059 2989 3115 pet-mansurus,
3012 3049 3249 3107 libenter
3269 3054 3416 3110 enim
3444 3056 3666 3113 Christo

2090 3130 2334 3198 dicatur,
2370 3132 2422 3187 in
2452 3136 2674 3191 modum
2710 3138 2888 3192 crucis
2922 3141 3135 3210 capillis
3163 3144 3363 3214 capitis
3400 3148 3665 3204 tondetur

2092 3219 2147 3273 in
2192 3221 2418 3277 nomine
2451 3222 2755 3293 Trinitatis,
2792 3243 2890 3297 per
2923 3228 3248 3289 Trinitatem
3282 3235 3662 3307 consecratus,

411 3322 643 3391 Τριάδος
669 3322 1010 3392 τελούμενος,
1041 3320 1131 3374 διὰ
1161 3321 1216 3373 δὲ
1243 3318 1339 3374 τοῦ
1389 3317 1629 3389 σταυροῦ
1652 3319 1751 3391 τὴν
1778 3319 1985 3389 νέκρω-
2014 3333 2058 3390 c
2093 3327 2152 3380 pe

1919 3338 1985 3373 ω.
2014 3333 2058 3390 c
2093 3327 2186 3380 per
2224 3328 2447 3369 erucem
2492 3331 2623 3372 vero
2665 3332 2725 3373 se
2773 3330 3044 3377 mortuum
3092 3327 3299 3383 mundo
3330 3331 3660 3398 ostendens,

416 3429 497 3465 σιν
522 3415 614 3465 τοῦ
658 3415 867 3483 κόσμου
898 3413 1095 3484 δηλῶν,
1129 3414 1223 3465 καὶ
1278 3411 1714 3481 σφραγιζὸμενος
1736 3410 1815 3481 τῷ
1846 3412 1986 3481 ὑπὲρ

417 3504 570 3574 19],
603 3506 758 3573 ἡμῶν
814 3504 1218 3574 σταυρωθέντι·
1269 3504 1358 3557 διὰ
1408 3504 1465 3556 δὲ
1512 3502 1614 3572 τῆς
1646 3503 1991 3571 ἀφαιρέσεως

412 3600 507 3650 καὶ⁵
535 3597 737 3665 κουρεῖς
758 3596 865 3649 τῶν
894 3596 1096 3665 τριχῶν
1120 3595 1376 3663 ἀπαρχὴν
1408 3596 1473 3646 ὲκ
1506 3594 1601 3647 τοῦ
1636 3593 1890 3663 σώματος
1916 3593 1992 3658 ὼς

413 3685 605 3738 ουσίαν
634 3686 959 3756 προσφέρων
984 3688 1062 3757 τῷ
1088 3687 1277 3757 Κυρίῳ
1298 3703 1315 3720 ο
1347 3688 1429 3739 ὅτι
1462 3687 1583 3748 ὅλος
1619 3686 1988 3756 προσάγεται,

415 3779 509 3831 καὶ
537 3778 860 3847 ἁφιεροῦται
890 3778 1130 3847 Χριστῷ,
1184 3778 1279 3830 καὶ
1306 3779 1381 3841 ὡς
1408 3779 1499 3848 ⁴τὰ
1540 3778 1781 3849 περιττὰ
1814 3778 1991 3833 πάντα

413 3874 511 3926 καὶ
535 3853 606 3925 τὰ
635 3869 727 3924 τοῦ
757 3870 965 3940 κόσμου
998 3869 1423 3940 ἁποτιΟέμενος.

956 3986 1207 4043 ΚΕΦΑΛ.
1260 3986 1428 4039 ΣΟΒ’.

521 4079 622 4146 Τίς
649 4080 686 4149 ἡ
709 4078 963 4148 δύναμις
987 4077 1107 4131 τῶν
1129 4077 1244 4146 πρὸ
1275 4077 1385 4147 τῆς
1406 4078 1633 4148 κουρᾶς
1658 4079 1880 4148 εὐχῶν.

486 4238 600 4309 Πρὸ
628 4238 726 4308 τῆς
768 4237 974 4306 κουρᾶς
1017 4236 1094 4303 δὲ,
1149 4236 1287 4306 μετὰ
1315 4235 1415 4298 τὰς
1450 4235 1800 4306 ὑποσχέσεις,
1823 4238 1992 4308 εὐχὰς

415 4333 566 4402 παρὰ
591 4331 685 4385 τοῦ
713 4331 901 4401 ἱερέως
920 4330 1132 4400 δέχεται
1159 4329 1334 4400 ἱεράς.
1369 4330 1480 4383 Καὶ
1505 4332 1539 4401 ἡ
1575 4332 1672 4401 μὲν
1706 4331 1876 4399 ἔστιν,
1903 4333 1992 4386 ἵνα

414 4428 442 4475 ὁ
476 4421 885 4490 πανοικτίρμων
907 4423 1040 4484 Θεὸς
1068 4421 1387 4486 ὑποδέξαιτο
1442 4422 1608 4476 αὑτὸν
1653 4424 1727 4485 ὥς
1751 4425 1990 4493 προσελ-

416 4514 578 4567 θόντα
600 4552 616 4577 ,
648 4517 741 4567 καὶ
773 4511 1207 4579 ὑπαγκαλίσαιτο
1235 4512 1309 4576 ὡς
1332 4512 1422 4565 τὸν
1442 4513 1673 4580 ἄσωτον,
1702 4515 1798 4568 καὶ
1824 4515 1922 4567 ὑπε
1934 4532 1990 4584 ρ-

416 4604 647 4657 ασπίσαι
704 4603 868 4654 αὑτοῦ
903 4601 991 4654 διὰ
1020 4602 1146 4663 τοὺς
1188 4603 1274 4653 ἀεὶ
1332 4600 1710 4671 πολεμοῦντας
1731 4618 1746 4633 ο
1777 4604 1873 4656 καὶ
1900 4604 1988 4655 ἵνα

418 4698 649 4747 πάντοτε
682 4695 777 4747 σὺν
820 4693 966 4761 αὑτῷ
997 4688 1056 4765 ᾖ,
1084 4691 1411 4760 ζεὺφραίνων
1444 4690 1607 4743 αὑτοῦ
1642 4695 1736 4744 καὶ
1765 4694 1985 4759 γλυκαί-

417 4804 524 4838 νων
546 4790 644 4854 τὴν
675 4785 899 4854 καρδίαν
922 4786 988 4851 τῇ
1022 4768 1366 4853 παρακλήσει
1419 4782 1516 4835 τοῦ
1552 4782 1701 4835 θείου
1738 4784 1991 4854 Πνεὺμα-

416 4894 527 4940 τος,
561 4876 725 4942 ἀξιῶν
758 4876 919 4927 αὑτὸν
943 4874 1040 4927 καὶ
1068 4875 1166 4941 τῆς
1226 4873 1445 4943 μερίδος
1474 4873 1583 4925 τῶν
1610 4873 1794 4939 ὁσίων,
1829 4869 1905 4930 ὦν
1935 4874 1994 4927 τὸ

421 4969 610 5037 σχῆμα
656 4966 919 5029 ἐνδύεται,
975 4966 1063 5018 ἵνα
1097 4966 1193 5018 καὶ
1242 4966 1341 5018 σὺν
1388 4965 1571 5028 αὑτοῖς
1602 4966 1995 5036 κληρολιομήσῃ

419 5061 516 5129 τὴν
552 5058 829 5127 βασιλείαν
861 5056 969 5109 τῶν
990 5055 1260 5125 οὐρανῶν,
1282 5057 1339 5108 ἐν
1370 5057 1519 5124 αὑτῷ
1549 5056 1626 5125 τῷ
1647 5057 1895 5127 Χριστῷ,
1932 5059 1995 5109 ὃν

420 5152 514 5204 καὶ
543 5151 755 5216 εὑλογεῑ
790 5148 887 5201 σὺν
922 5147 997 5216 τῷ
1039 5148 1216 5216 Πατρὶ
1250 5148 1344 5200 καὶ
1374 5146 1450 5216 τῷ
1484 5148 1788 5217 Πνεὺματι.
1836 5148 1990 5217 Αὕτη

419 5243 525 5312 γὰρ
556 5244 590 5312 ἡ
616 5241 809 5309 κλῆσις
842 5240 1019 5292 πάντα
1040 5240 1119 5290 -τὰ
1152 5239 1268 5289 θεία
1299 5238 1503 5305 δίδωσι,
1545 5239 1638 5291 καὶ
1668 5238 1758 5290 τὸν
1806 5238 1995 5291 τελού-

422 5353 581 5405 μενον
606 5332 821 5385 τελειοῖ.
851 5332 1085 5383 Ἔπειτα
1118 5331 1427 5398 σφραγίσας
1466 5331 1651 5395 αὑτὸν,
1707 5331 1804 5383 καὶ
1855 5335 1991 5402 πρὸς

425 5424 689 5486 ἀνατολὰς
736 5422 1016 5490 στραφεὶς,
1076 5422 1173 5491 τὴν
1224 5421 1559 5489 τελεωτέραν
1590 5422 1739 5488 λέγει
1792 5423 1981 5492 εὐχὴν,

420 5518 507 5571 ἐπ’
531 5518 759 5586 ἐδάφους
785 5516 1035 5583 κειμένου
1069 5514 1163 5565 τοῦ
1212 5514 1565 5582 τελουμένου.
1614 5532 1632 5563 ι
1674 5514 1734 5566 '0
1768 5512 1864 5575 ῶν,
1896 5514 1995 5566 Δέ-

422 5628 615 5676 σποτα,
651 5609 843 5677 Κύριε,
869 5608 895 5657 ὁ
945 5606 1080 5675 μετὰ
1116 5605 1208 5657 τοῦ
1242 5604 1443 5667 ζῶντος
1492 5606 1589 5657 καὶ
1620 5606 1991 5658 ὲνυποστάτου

419 5702 596 5769 Λόγου
629 5718 747 5765 σου,
778 5699 872 5751 καὶ
902 5696 998 5749 τοῦ
1028 5697 1179 5766 παρὰ
1210 5695 1303 5747 σοῦ
1339 5694 1783 5765 ἐκπορευομένου
1820 5697 1991 5748 Ilvati-

424 5806 590 5859 ματος
620 5791 717 5856 τῆς
753 5786 1010 5857 ἁληθεῐας
1035 5800 1049 5815 ⁸
1093 5805 1111 5837 ›
1152 5786 1211 5838 ὃν
1244 5783 1336 5837 καὶ
1376 5786 1506 5837 Θεὸν
1528 5786 1773 5852 ἀγγέλων
1804 5789 1992 5856 φησὶν,

420 5878 465 5950 ᾧ
504 5886 595 5934 καὶ
618 5882 686 5932 τὰ
722 5881 973 5949 Σεραφὶμ
1006 5878 1372 5946 παρίστανται
1397 5876 1764 5945 ἁνυμνοῦντα,
1807 5882 1899 5930 καὶ
1936 5880 1995 5931 τὸ

430 5973 544 6041 φῶς
592 5972 652 6025 τδ
700 5970 950 6041 ἀληθινὸν
1007 5969 1066 6021 τὸ
1125 5968 1360 6037 ςωτίξον
1419 5968 1623 6036 πάντα,
1660 5966 1820 6021 αὐτὸν
1856 5964 1993 6021 εἶναι

2091 3410 2145 3457 et
2187 3407 2545 3464 conﬁrmatus
2592 3410 2643 3465 ei
2688 3414 2780 3480 qui
2836 3430 2937 3484 pro
2985 3417 3145 3473 nobis
3190 3419 3295 3475 fuit
3321 3424 3664 3493 cruciﬁxus;

2093 3509 2189 3564 per
2226 3506 2508 3554 tonsuram
2543 3512 2726 3557 autem
2758 3513 2815 3559 et
2846 3522 3089 3563 rasuram
3125 3512 3317 3581 capitis
3357 3517 3513 3585 quasi
3554 3520 3668 3587 pri-

2090 3588 2274 3643 mitias
2301 3604 2625 3662 ex‘corpore
2657 3595 2713 3649 in
2746 3599 3074 3655 sacriﬁcium
3108 3603 3219 3660 Deo
3248 3606 3490 3672 oll‘errct,
3523 3626 3665 3680 quo-

2091 3679 2237 3733 niam
2289 3679 2404 3747 ipse
2446 3691 2593 3738 totus
2639 3685 2868 3741 offertur
2913 3698 2970 3744 ct
3016 3691 3246 3749 Domino
3282 3679 3661 3769 consecratur,

2089 3780 2145 3824 et
2177 3772 2330 3841 quasi
2365 3774 2546 3827 omnia
2581 3777 2851 3846 superﬂua
2882 3789 2937 3835 et
2965 3784 3243 3841 mundana
3280 3786 3574 3859 abjiceret.

2584 3980 2815 4038 CAPUT
2854 3983 3151 4043 CCLXXII.

2092 4068 2353 4136 Quanam
2381 4068 2706 4140 signiﬁcatio
2733 4090 2946 4142 precum
2986 4095 3104 4148 qua:
3138 4089 3374 4140 tonsura:
3423 4090 3668 4156 premit-

2786 4154 2992 4202 tantur.

2162 4235 2233 4287 At
2260 4243 2386 4289 ante
2411 4243 2712 4303 tonsuram,
2739 4249 2867 4309 post
2894 4251 3141 4296 votorum
3164 4249 3662 4317 nuncupationem.

2092 4338 2283 4394 preces
2327 4340 2510 4381 sacras
2548 4341 2579 4380 a
2622 4329 2908 4383 sacerdote
2951 4331 3176 4401 accipit.
3214 4334 3392 4391 Prima
3440 4339 3664 4407 quidem

2093 4428 2176 4471 est
2200 4428 2259 4471 ut
2282 4419 2442 4473 totius
2467 4418 2854 4476 misericordiae
2878 4422 3022 4478 Deus
3049 4424 3198 4478 illum
3227 4436 3288 4482 ut
3314 4430 3667 4487 accedentem

2092 4510 2375 4578 suscipiat,
2413 4519 2469 4563 et
2515 4512 2877 4581 amplectatur
2906 4525 2966 4569 ut
2993 4517 3315 4587 prodigum,
3347 4530 3403 4575 et
3450 4531 3669 4578 tueatur

2093 4597 2355 4652 adversus
2418 4598 2668 4655 inimicos
2725 4602 2931 4671 jugiter
3001 4608 3402 4673 aggredientcs.
3488 4610 3669 4681 thue

2096 4703 2313 4758 semper
2346 4689 2416 4743 sit
2442 4704 2567 4744 cum
2602 4706 2690 4754 eo,
2716 4692 2997 4748 delectans
3025 4706 3082 4749 et
3112 4696 3397 4753 lmtiﬁcans
3420 4714 3517 4755 cor
3546 4703 3668 4771 ejus

2097 4779 2469 4835 consolatione
2520 4780 2790 4849 Spiritus,
2839 4797 2966 4837 eum
3017 4784 3252 4853 dignans
3307 4790 3400 4856 qui
3454 4802 3663 4858 partem

2096 4871 2294 4925 habeat
2338 4885 2459 4924 cum
2512 4870 2718 4925 sanctis
2764 4886 2996 4941 quorum
3044 4874 3220 4928 induit
3270 4875 3557 4942 habitum;
3609 4891 3669 4935 ut
3735 4931 3743 4942 ,

2095 4976 2219 5015 cum
2276 4960 2355 5014 eis
2409 4970 2774 5027 consequatur
2831 4973 3056 5032 regnum
3115 4964 3379 5019 caelorum
3435 4967 3489 5020 in
3550 4969 3669 5037 ipso

2094 5050 2312 5105 Christo
2343 5067 2503 5120 quem
2546 5052 2821 5105 benedicit
2854 5068 2979 5107 cum
3012 5053 3173 5107 Patre
3204 5062 3259 5108 et
3294 5054 3542 5123 Spiritu;
3578 5058 3667 5112 Illa

2094 5145 2240 5196 enim
2277 5143 2551 5198 invocatio
2582 5144 2765 5197 divina
2798 5144 2891 5197 dat
2920 5144 3106 5196 omnia
3137 5153 3193 5198 et
3223 5144 3502 5200 initiatum
3543 5163 3669 5216 per-

2096 5234 2226 5288 ﬁcit.
2254 5232 2459 5288 Deinde
2484 5249 2607 5288 eum
2639 5234 2860 5304 signans
2884 5244 2939 5288 et
2971 5234 3039 5287 ad
3071 5235 3342 5288 orientem
3367 5250 3666 5293 conversus

2097 5325 2482 5394 periectiorem
2535 5326 2670 5379 dicit
2709 5326 3019 5379 orationem
3046 5364 3061 5389 ,
3100 5326 3315 5381 initiato
3354 5328 3574 5397 jacente
3609 5329 3667 5385 in

2095 5418 2410 5490 pavimento
2444 5434 2456 5471 :
2491 5436 2509 5468 ι
2544 5418 2583 5469 Ο
2611 5426 2667 5470 ιιι
2697 5418 2787 5481 qui
2822 5432 2904 5480 cs,
2935 5416 3165 5470 Domine
3193 5417 3358 5482 Deus,
3385 5433 3511 5474 cum
3544 5421 3669 5477 vivo

2095 5521 2150 5566 et
2190 5512 2643 5566 consubstantiali
2684 5514 2859 5567 Verbo
2892 5524 3021 5579 tuo,
3062 5525 3119 5570 et
3167 5516 3497 5585 procedente
3536 5530 3568 5570 α
3615 5524 3672 5571 te

2098 5599 2308 5668 Spiritu
2365 5601 2705 5660 veritatis,...
2768 5621 2787 5653 ι
2822 5642 2836 5666 ,
2902 5620 3067 5672 quem
3122 5604 3293 5660 Deum
3349 5605 3668 5675 angelorum

2096 5692 2361 5761 appellat,
2402 5693 2489 5746 cui
2544 5692 2827 5763 Scrapbim
2876 5697 3222 5752 concinendo
3269 5699 3674 5766 circumstant,

2096 5799 2331 5850 eumque
2368 5800 2556 5838 verum
2592 5801 2714 5840 esse
2761 5786 2944 5841 lumen
2989 5804 3099 5845 uuo
3142 5790 3520 5843 illuminantur
3554 5804 3678 5841 om-

2096 5877 2210 5941 nia,
2233 5879 2386 5947 cujus
2420 5880 2712 5947 splendore
2744 5889 2993 5949 stupent,
3025 5891 3134 5935 tota
3160 5896 3525 5951 supernorum
3560 5882 3675 5950 pri-

2097 5968 2497 6038 mogenitorutn
2555 5970 2795 6023 Ecclesia
2870 5982 3135 6038 testatur,
3193 5982 3248 6025 et
3305 5980 3562 6035 precatur
3616 5980 3677 6025 ut
