4408 6734
327 542 429 605 505

1636 549 1737 609 DE
1780 550 2300 612 MATRlMONlO.

3475 546 3578 610 506

325 660 487 711 δωσιν
532 661 580 713 οί
632 660 689 713 ὲν
716 660 889 730 τούτῳ
938 660 1157 715 ἄσπιλοι
1199 656 1341 715 εἶναι
1391 662 1463 726 ὡς
1514 663 1767 733 ἐγχωρεῖ,
1801 664 1895 715 καὶ
1922 664 1971 724 Α
1999 662 2066 714 cti

1844 664 1895 715 αἱ
1922 664 1971 724 Α
1999 662 2235 717 ctionem
2270 671 2589 725 consecuto,
2618 662 2869 716 studeant
2896 660 3157 731 coniuges
3181 658 3235 712 in
3260 673 3345 720 eo.
3379 666 3438 712 ut
3460 656 3576 713 fieri

326 753 568 821 ἐννόμως
616 756 712 805 καὶ
760 754 884 821 δίχα
915 754 1085 822 ψόγου
1125 756 1217 807 κσιῖ
1267 752 1441 825 ῥύπου
1489 759 1896 819 συνάπτωνται,

324 840 419 893 καὶ
478 843 549 905 ὡς
608 844 782 897 εἰπεῖν
810 844 1040 912 άμωμον
1101 848 1194 899 καὶ
1222 846 1298 909 ὡς
1357 846 1687 917 παρθενικὸν
1730 849 1897 914 ἐγγὺς

324 934 618 1001 φυλάσσειν
650 937 741 988 τὴν
766 936 966 1005 γάμον.

878 1028 1125 1086 κεφΑΑ.
1160 1030 1337 1101 Σοςο.

638 1123 805 1177 Atat!
839 1124 1126 1193 στέφανοι
1162 1128 1229 1179 ἐν
1267 1125 1349 1190 τῷ
1394 1126 1579 1197 γάμῳ.

390 1214 488 1267 Διὶ
529 1216 689 1270 τοῦτο
722 1218 829 1288 γὰρ
879 1221 972 1271 καὶ
1022 1220 1274 1286 στέφανοι
1324 1222 1588 1286 τίθενται,
1624 1221 1712 1276 διὰ
1767 1223 1895 1287 τοὺς

320 1306 627 1369 παρθένους
659 1307 754 1361 καὶ
788 1308 1085 1377 καθαροὺς,
1113 1312 1193 1362 ὅτι
1231 1313 1592 1367 συνάπτονται
1643 1314 1893 1378 ἄσπιλοι,

317 1397 413 1450 καὶ
436 1397 512 1460 ὡς
535 1397 633 1467 τὴν
664 1399 966 1466 παρθενίαν
993 1399 1121 1470 ἄχρι
1146 1403 1239 1454 τοῦ
1271 1406 1453 1469 γάμου
1482 1406 1897 1473 συντετηρήκα-

320 1507 424 1543 σιν.
468 1492 533 1544 Ὃ
561 1492 624 1559 δὴ
656 1492 749 1543 καὶ
777 1493 874 1544 ἀπ’
906 1492 1074 1560 αὐτῆς
1097 1494 1198 1560 τῆς
1244 1497 1465 1563 φύσεως
1512 1496 1898 1565 μαρτυρούμε-

318 1602 407 1636 νον
430 1586 593 1639 καλὸν
623 1581 789 1647 εἶναι,
829 1588 855 1637 6
894 1588 1301 1656 συναπτόμενος
1333 1593 1399 1659 τῇ
1447 1589 1631 1660 νύμφῃ
1664 1590 1897 1659 νυμφίος

319 1677 423 1740 πρὸ
446 1675 648 1739 παντὸς
676 1676 832 1728 τοῦτο
853 1677 1101 1745 βούλεται
1128 1679 1427 1745 κεκτῆσθαι
1449 1681 1643 1749 αὐτὴν,
1668 1679 1727 1732 τὸ
1750 1696 1826 1732 πα
1838 1699 1897 1747 ρο

317 1767 468 1819 Θένον
503 1764 642 1822 εἶναι
682 1770 774 1821 καὶ
804 1770 1071 1839 καθαρὰν,
1112 1777 1209 1822 καὶ
1244 1769 1319 1839 μὴ
1358 1769 1549 1839 ἑτέρου
1578 1770 1747 1835 τινος,
1780 1771 1897 1824 ἀλλ’

315 1859 480 1911 αὐτοῦ
505 1865 597 1913 καὶ
627 1861 790 1928 μόνον
820 1858 955 1913 εἶναι
993 1864 1087 1915 καὶ
1136 1864 1405 1931 κληθῆναι
1442 1865 1691 1931 γυναῖκα.
1725 1863 1889 1916 Ὅθεν

314 1953 407 2003 καὶ
440 1952 602 2005 αὐτὸν
628 1954 1037 2007 ἐκδιδάσκεσθαι
1074 1953 1176 2025 χρὴ
1200 1955 1441 2009 τοιοῦτον
1472 1956 1662 2009 ἑαυτὸν
1696 1960 1885 2028 τηρεῖν

312 2046 549 2111 νυμφίον
586 2044 829 2115 καθαρδν
880 2048 946 2115 τῇ
986 2046 1197 2118 νύμφῃ,
1230 2046 1325 2099 καὶ
1376 2047 1546 2117 αὐτῆς
1573 2047 1762 2117 ἄνδρα,
1792 2048 1889 2102 καὶ

312 2136 409 2204 οὐχ
444 2136 663 2210 ἑτέρας.
704 2138 813 2190 Καὶ
869 2140 917 2190 εί
950 2137 1130 2197 τοῦτο,
1158 2138 1500 2209 εὐλογημένη
1562 2137 1593 2209 ἡ
1628 2140 1883 2209 συζυγία,

313 2228 407 2281 καὶ
462 2230 493 2300 ἠ
548 2230 727 2297 κοίτη,
780 2231 924 2283 κατὰ
981 2232 1194 2284 Παῦλον
1246 2235 1444 2301 είπεῐν,
1505 2234 1735 2297 ἄσπιλος
1793 2237 1889 2288 καὶ

310 2319 611 2388 ἀμίαντοςσ
655 2324 749 2376 καὶ
785 2325 878 2376 ἐπὶ
928 2324 1005 2393 τῷ
1040 2326 1203 2394 γάμῳ
1237 2328 1410 2393 τούτῳ
1453 2327 1638 2380 τελεία
1671 2330 1703 2399 ἠ
1737 2329 1889 2381 εὐλοο

311 2415 408 2479 γὲα
428 2430 441 2444 ⁸
468 2412 565 2465 καὶ
588 2412 616 2464 6
638 2414 878 2482 Χριστὸς
912 2417 1293 2485 παραγίνεται.
1322 2418 1385 2471 El
1416 2418 1471 2471 δὲ
1504 2420 1888 2489 νενοθευμένος

310 2504 339 2557 6
382 2503 560 2574 γάμος
587 2508 680 2559 καὶ
708 2505 898 2575 ρύπων
935 2507 1207 2576 ἔμπλεως,
1246 2509 1363 2572 πῶς
1392 2509 1499 2575 ἄρα
1549 2510 1724 2563 ἐκεῖσε
1755 2512 1888 2582 Χρι-

312 2593 469 2662 στὸς,
516 2599 543 2650 6
590 2598 977 2668 καθαρώτατος
1008 2601 1191 2669 μόνος,
1225 2602 1321 2655 καὶ
1366 2602 1476 2654 τῶν
1525 2602 1717 2673 ψυχῶν
1746 2622 1885 2671 νυμο

312 2688 433 2755 φέος
481 2688 636 2757 ἅγιός
662 2707 721 2742 τε
783 2691 877 2743 καὶ
911 2691 1179 2759 ἇμωμοςς
1222 2693 1471 2747 Ἀπέστω
1522 2693 1705 2747 τοίνυν
1736 2696 1886 2747 πᾶσα

311 2781 539 2850 πορνεία
570 2780 662 2833 τοῦ
697 2782 881 2851 τιμίου
911 2785 1089 2852 γάμου
1116 2786 1210 2837 καλ.
1241 2785 1466 2855 άρπαγή
1494 2802 1507 2817 ο
1541 2790 1636 2839 καὶ
1666 2788 1882 2857 μοιχεία

310 2874 460 2925 πᾶσα
528 2872 756 2945 πόρῤω,
816 2877 911 2928 καὶ
958 2874 1053 2928 σὺν
1093 2875 1265 2947 ταύτῃ
1320 2878 1353 2945 ἠ
1388 2878 1621 2947 βδελυρὰ
1677 2879 1773 2930 καὶ
1826 2878 1886 2931 τδ

313 2966 471 3031 γένος
503 2966 811 3035 συγχέουσα
842 2967 1135 3036 αἱμομιξὲα
1162 2987 1221 3021 τε
1254 2971 1348 3022 καὶ
1379 2970 1719 3039 πολυγαμία.
1773 2970 1885 3023 Καὶ

307 3059 377 3111 τὰ
402 3058 496 3113 τοῦ
533 3060 680 3130 ίεροῦ
703 3060 873 3129 τόμου
900 3061 1215 3114 ἁκατάλυτα
1259 3062 1635 3131 φυλαττέσθω,
1672 3062 1759 3116 ἵνα
1791 3064 1884 3115 καὶ

306 3152 475 3221 τόμος
510 3153 597 3222 εῐη
633 3152 877 3213 ἑνὼσεως
903 3153 995 3205 καὶ
1031 3154 1103 3221 μὴ
1130 3153 1491 3217 διαστάσεως,
1523 3153 1597 3213 ὡς
1637 3151 1749 3204 τῶν
1784 3170 1882 3205 κα-

307 3241 420 3301 κῶς
447 3244 877 3312 συναπτομένων
901 3244 1285 3315 χωριζομένων
1317 3243 1517 3312 μᾶλλον
1557 3245 1653 3297 καὶ
1677 3244 1881 3296 διιστα-

2001 764 2195 823 potest.
2218 754 2519 806 intemerati
2544 770 2680 807 esse.
2703 752 2763 806 Et
2788 753 3173 810 siclicite.siue
3198 748 3575 814 reprehensio-

1998 861 2066 898 ne
2108 854 2162 898 et
2196 845 2399 913 absque
2432 837 3575 913 labeconjunguntur,itautirreprehcnsi-

2000 933 2106 991 bile
2130 938 2339 991 dicatur
2358 950 2405 991 et
2427 939 2578 1006 quasi
2607 936 2866 999 virginale
2885 946 3129 987 servetur
3149 931 3580 1002 matriutonium._

2499 1027 2730 1083 CAPUT
2763 1025 3081 1083 CCLXXVI.

2296 1123 2474 1189 Quare
2499 1125 2704 1177 coronis
2730 1126 2783 1176 in
2816 1124 3013 1189 nuptiis
3055 1132 3295 1175 utamur.

2070 1213 2151 1269 Ob
2187 1214 2329 1267 hanc
2360 1214 2505 1269 enim
2534 1229 2752 1267 causam
2788 1225 3062 1282 ponuntur
3091 1230 3306 1268 coronae
3339 1224 3563 1287 propter

1998 1305 2365 1376 virginitatem
2416 1314 2469 1359 et
2514 1305 2817 1358 castitatem
2859 1320 3047 1359 eorum
3114 1306 3205 1376 qui
3260 1308 3575 1365 intemerati

1997 1398 2329 1473 c0pulantur
2374 1406 2427 1450 et
2470 1396 2595 1465 quia
2638 1396 3008 1466 virginitatem
3049 1414 3221 1468 usque
3268 1400 3333 1453 ad
3390 1403 3576 1455 matri-

1999 1490 2241 1544 tnonium
2284 1489 2737 1554 custodiverunt;
2772 1490 2917 1557 quod
2953 1492 3067 1560 ipsa
3112 1503 3307 1547 natura
3339 1503 3575 1548 testatur

1998 1580 2201 1633 bonum
2231 1595 2372 1645 esse,
2403 1595 2633 1648 sponsus
2655 1580 2799 1635 enim
2835 1596 3050 1650 sponsa!
3074 1587 3419 1638 consoc'atus
3448 1594 3574 1641 ante

1998 1685 2395 1740 quemcumque
2427 1671 2539 1725 vult
2566 1688 2683 1725 eam
2718 1672 3019 1741 possidere,
3049 1673 3117 1727 ita
3151 1684 3209 1727 ut
3243 1674 3394 1745 virgo
3421 1676 3491 1729 sit
3518 1685 3575 1731 et

2003 1776 2157 1829 pura,
2190 1776 2364 1829 neque
2395 1762 2689 1830 cujuslibet
2714 1763 2957 1819 alterius.
2995 1765 3089 1818 sed
3121 1781 3238 1818 eam
3274 1766 3355 1821 sui
3388 1756 3565 1821 solius

2001 1868 2163 1916 esse.
2211 1868 2479 1924 suamque
2546 1856 2725 1909 vocari
2796 1856 3053 1909 feminam
3112 1860 3361 1926 requirit.
3412 1858 3571 1914 Unde

2002 1945 2177 2013 ipsum
2207 1955 2425 2015 oportet
2473 1946 2718 2001 ediscere
2758 1947 2917 2001 talem
2958 1949 3312 2017 semetipsum
3356 1965 3572 2018 sponsa:

1996 2056 2190 2111 purum
2228 2058 2353 2097 esse
2384 2052 2727 2097 servaturum
2752 2084 2767 2108 ,
2804 2042 2873 2096 ita
2906 2052 2964 2095 ut
2992 2044 3061 2095 sit
3092 2044 3210 2113 ejus
3242 2045 3345 2107 vir.
3370 2056 3422 2099 et
3460 2060 3569 2101 non

1988 2131 2252 2201 alterius;
2279 2134 2423 2205 quod
2457 2136 2501 2189 si
2532 2134 2697 2199 adsit,
2724 2135 3067 2189 benedictum
3099 2136 3203 2189 erit
3227 2137 3569 2207 coniugium,

1995 2236 2054 2281 et
2093 2227 2298 2290 cubile,
2339 2237 2399 2281 ut
2430 2228 2734 2281 secundum
2773 2226 3004 2280 Paulum
3052 2226 3263 2295 loquar,
3300 2229 3570 2286 immacu-

1990 2319 2164 2375 latum
2206 2319 2310 2373 erit
2357 2327 2411 2373 et
2462 2319 2750 2379 illibatum.
2791 2327 2846 2373 et
2890 2334 3058 2388 super
3090 2319 3197 2375 tale
3227 2323 3567 2377 connubium

1993 2412 2151 2483 plena
2184 2415 2291 2469 erit
2324 2413 2656 2477 benedictio,
2688 2422 2741 2467 et
2779 2412 3033 2468 Christus
3066 2412 3116 2485 ei
3150 2415 3348 2471 aderit.
3382 2416 3487 2471 Sed
3520 2417 3567 2471 si

1988 2506 2251 2577 pollutum
2276 2507 2347 2561 sit
2375 2506 2778 2560 matrimonium
2797 2516 2850 2561 et
2870 2507 2992 2561 labe
3021 2508 3263 2578 plenum,
3286 2510 3565 2579 quomodo

1992 2598 2153 2669 igitur
2182 2596 2254 2651 ibi
2283 2598 2533 2652 Christus
2565 2597 2657 2667 qui
2690 2596 2842 2651 solus
2890 2600 3222 2665 purissimus
3252 2607 3336 2653 est
3364 2610 3416 2654 et
3442 2601 3565 2653 ani-

1989 2707 2195 2745 marum
2233 2704 2469 2759 sponsus
2504 2699 2727 2743 sanctus
2757 2700 2811 2743 et
2844 2690 3379 2759 irreprehensibilis?
3410 2692 3567 2747 Absit

1988 2784 2153 2852 igitur
2188 2784 2254 2837 :tb
2304 2782 2611 2836 honorabili
2652 2782 2908 2851 conjugio
2942 2783 3123 2836 omnis
3171 2782 3466 2838 fornicatio
3508 2793 3562 2839 ct

1988 2884 2196 2945 raptus,
2248 2874 2437 2945 procul
2487 2874 2628 2927 absit
2662 2888 2824 2927 omne
2868 2874 3221 2937 adulterium,
3255 2885 3308 2929 et
3344 2889 3465 2929 cum
3498 2892 3567 2931 eo

1988 2968 2327 3032 obscenium,
2356 2983 2463 3038 quo
2496 2966 2758 3021 miscetur
2819 2982 2989 3037 genus
3018 2968 3285 3022 incestum
3306 2968 3483 3023 scelus
3511 2981 3565 3024 et

1988 3061 2313 3131 polygamia,
2372 3069 2427 3115 et
2477 3060 2729 3113 inviolate
2778 3071 3069 3114 serventur
3110 3041 3252 3115 sacri
3288 3059 3565 3129 (Ritualis)

1986 3153 2107 3205 libri
2144 3162 2367 3211 statuta.
2399 3162 2458 3206 ut
2492 3152 2630 3205 liber
2662 3152 2732 3205 sit
2759 3152 2999 3216 unionis,
3035 3168 3140 3206 non
3172 3153 3563 3221 separationis,

1986 3261 2106 3298 cum
2129 3245 2266 3299 male
2290 3245 2637 3309 conveniant,
2654 3244 2751 3300 sed
2776 3244 2956 3313 potius
2978 3244 3269 3299 abscedant
3286 3245 3375 3315 qui
3401 3262 3426 3296 ιι
3453 3246 3562 3300 Deo

308 3340 487 3401 μένων
520 3335 677 3388 Θεοῦ·
710 3336 804 3387 καὶ
826 3336 905 3387 ὅτι
937 3336 1000 3387 ἐκ
1039 3335 1133 3388 τοῦ
1172 3333 1397 3388 λύεσθαι
1427 3332 1619 3387 τοῦτον
1660 3334 1874 3405 ταραχὴ
1902 3326 1945 3385 C
1979 3338 2049 3391 dis

1819 3334 1874 3403 (ὴ
1902 3326 1945 3385 C
1979 3338 2207 3405 distant;
2244 3338 2577 3406 etquoniam
2615 3337 2661 3391 si
2697 3336 2929 3391 violetur
2977 3337 3066 3392 hic
3099 3337 3260 3403 liber,
3298 3337 3426 3391 hinc
3452 3346 3560 3391 tur-

306 3426 457 3480 ἔσται
486 3431 552 3495 τῇ
598 3427 918 3497 Ἐκκλησία.
956 3429 1065 3480 Καὶ
1094 3428 1123 3480 ὁ
1160 3427 1261 3496 μὲν
1312 3429 1543 3495 δίγαμος
1598 3427 1879 3490 κανονιξό-

308 3536 470 3585 μενος
494 3518 660 3579 ἔστω.
698 3520 841 3572 καθά
887 3536 1056 3587 φασιν
1088 3519 1135 3571 oi
1189 3519 1454 3590 Πατέρες.
1487 3518 1551 3572 '0
1608 3520 1879 3587 τρίγαμος

304 3611 360 3663 δὲ
391 3610 574 3664 πλέον.
603 3610 716 3663 Καὶ
739 3609 893 3674 οὗτος
924 3609 1116 3680 τρίτην
1145 3610 1364 3677 ἀγέσθω
1397 3611 1472 3681 μὴ
1520 3610 1689 3663 τέκνα
1735 3610 1876 3679 ἔχων

303 3703 430 3772 ἄχρι
469 3704 565 3757 τοῦ
608 3704 1076 3775 τεσσαρακοστοῦ.
1102 3703 1193 3773 Τῷ
1252 3703 1417 3757 τέκνα
1464 3703 1519 3757 δὲ
1552 3704 1878 3773 κεκτημένῳ

307 3795 395 3849 τδν
429 3796 868 3867 τεσσαρακοστὸν
912 3797 1193 3850 τελέσαντι
1224 3794 1419 3867 χρόνον
1473 3792 1702 3864 ἀσυγχὼ
1717 3811 1878 3866 ρητος
1916 3840 1934 3847 -

302 3888 454 3944 ἔσται
499 3889 533 3959 ἡ
580 3890 870 3959 τριγαμία,
906 3892 934 3944 ὁ
984 3888 1130 3959 ίερός
1184 3905 1319 3960 φησι
1363 3888 1551 3958 τόμος.
1600 3889 1683 3942 τὰ
1747 3887 1878 3955 περὶ

302 3982 509 4036 τούτων
538 3978 635 4037 οὖν
695 3983 796 4037 σὺν
854 3982 1117 4054 άκριδείᾳ
1163 3981 1325 4046 ἔστω,
1354 3982 1451 4036 καὶ
1493 3985 1735 4053 προσοχῇ
1763 3984 1878 4046 τοίς

302 4074 639 4144 προστάταις
663 4074 773 4127 τῶν
805 4073 1118 4143 ἐκκλησιῶν
1147 4073 1539 4142 ἐνεργούμενα.
1572 4072 1878 4142 Θεωρήσω-

302 4180 403 4233 μεν
428 4165 487 4217 δὲ
516 4166 613 4218 καὶ
634 4164 785 4227 δπως
814 4165 843 4217 6
868 4164 1046 4233 γάμος
1076 4162 1323 4233 νομίμως
1351 4164 1578 4234 ἄρχεται
1602 4163 1870 4230 γίνεσθαι.

301 4257 361 4309 ει
390 4256 493 4326 μιν
531 4258 769 4327 πατέρες
793 4257 907 4317 τοτς
961 4257 1390 4325 συναπτομένοις
1434 4255 1591 4323 είσὶν,
1629 4255 1773 4309 οῦτοι
1810 4256 1876 4327 δὴ

300 4348 393 4403 καὶ
418 4348 805 4419 συμφωνοῦσιν
834 4347 1111 4414 ἀλλήλοις,
1142 4349 1237 4401 καὶ
1261 4348 1360 4412 τὰς
1388 4346 1615 4417 γνώμας
1645 4348 1785 4419 πρὸς
1812 4347 1876 4400 τὸ

299 4440 457 4510 ἔργον
495 4440 742 4497 ίστῶσιν.
792 4434 929 4494 Εἶτα
982 4440 1080 4493 καὶ⁵
1125 4439 1341 4510 ἡμέρας
1373 4441 1703 4505 ιπιστάσης,
1730 4438 1873 4492 ὥστε

298 4533 573 4599 γραφῆναι
632 4532 728 4585 καὶ
784 4533 853 4585 τὶ
911 4531 1245 4599 συμϐόλαια,
1284 4530 1630 4601 συνάθροισις
1674 4530 1874 4601 τιμίων

299 4622 509 4690 γίνεται
571 4622 806 4691 ἀνδρῶν,
843 4620 1153 4693 μαρτυρίας
1186 4621 1350 4691 χάριν
1411 4623 1507 4675 τοῦ
1558 4620 1865 4690 γινομένου.

298 4715 392 4766 καὶ
430 4715 512 4767 ὅτι
546 4715 781 4783 νομίμου
810 4714 986 4783 γάμου
1011 4714 1365 4784 συνάλλαγμα
1397 4714 1721 4783 ἐνεργεῖται.
1778 4712 1871 4766 Διὸ

297 4804 389 4855 καὶ
425 4802 643 4873 νομικὸς
672 4804 1115 4873 ἀποτεταγμένος
1152 4803 1291 4869 ιστὶ,
1324 4806 1419 4858 καὶ
1464 4806 1533 4857 τὰ
1566 4802 1871 4871 συμϐόλαια

296 4897 531 4964 γράςνει,
594 4897 691 4948 καὶ
755 4894 1156 4965 σιγνογραφίας
1218 4894 1329 4948 τῶν
1395 4894 1872 4948 συναλλαττὸντων

295 4988 533 5039 ποιεῖται
558 4986 645 5039 διὰ
678 4985 935 5056 σταυροῦ,
958 4986 1131 5055 δηλῶν
1158 4986 1234 5049 ὡς
1257 4988 1322 5041 ἐκ
1351 4986 1446 5041 τοῦ
1470 4987 1605 5041 Θεοῦ
1630 4987 1689 5039 τὸ
1709 4988 1871 5057 ἔργον

294 5079 432 5144 ἐστὶ,
468 5080 561 5131 καὶ
617 5080 675 5131 ἑν
706 5079 931 5149 Χριστῷ
988 5078 1238 5149 ἄρχεται,
1297 5079 1407 5133 τῶν
1473 5079 1870 5148 μελλονύμφων

296 5172 389 5223 καὶ
418 5170 526 5223 τῶν
555 5171 809 5239 πατέρων
834 5170 1012 5223 αὐτῶν
1041 5169 1138 5223 τοῦ
1167 5171 1415 5241 καλάμου
1446 5172 1864 5239 ἐφαπτομένων,

295 5265 357 5315 τὸ
398 5261 647 5314 ἑκούσιον
680 5262 772 5313 καὶ
798 5262 1124 5318 οἶκειοθελὲς
1177 5262 1607 5330 ἐνδεικνυμένων
1652 5264 1715 5314 ὲκ
1745 5260 1867 5313 τού-

295 5366 420 5406 του*
457 5352 550 5404 καὶ
596 5351 677 5404 ὅτι
730 5350 970 5421 Χριστὸς
1030 5351 1296 5404 συνάπτει
1342 5351 1562 5413 αὐτούς.
1626 5352 1717 5403 Διὸ
1774 5353 1868 5405 καὶ

302 5442 440 5507 πρὸς
473 5441 633 5494 αὐτὸν
664 5443 1027 5509 προσκυνοῦσι
1059 5444 1298 5513 πρῶτον,
1324 5444 1419 5495 καὶ
1468 5443 1611 5495 οῦτω
1641 5444 1736 5495 τοῦ
1764 5462 1865 5496 και

294 5533 473 5599 λάμου
510 5534 844 5598 ἐφάπτονται
866 5546 880 5561 ⁸
915 5534 1007 5586 καὶ
1038 5536 1228 5586 τούτου
1258 5536 1463 5595 ἕνεκεν,
1498 5535 1581 5586 ὅτι
1631 5535 1865 5603 Χριστὸς

294 5618 475 5671 συνδεί
508 5617 731 5681 τούτους
752 5637 766 5651 ’
801 5621 891 5671 καὶ
918 5623 1199 5691 σταυρικοὶ
1232 5623 1482 5689 λέγονται
1513 5623 1723 5691 δεσμοί.
1757 5624 1865 5675 Καὶ

294 5711 391 5762 οὐκ
425 5710 541 5775 ἐξὸν
759 5710 954 5773 αὐτοὺς
983 5713 1131 5765 λύειν
1172 5713 1292 5782 δίχα
1323 5714 1486 5766 τινῶν
1516 5715 1863 5782 παρακολου-

294 5802 556 5870 θημάτων
582 5804 850 5870 νομίμων,
903 5802 1184 5868 τοιούτων,
1246 5804 1320 5865 ὡς
1376 5808 1467 5855 καὶ
1528 5807 1618 5856 ἐπὶ
1655 5808 1865 5857 τετελε-

294 5894 477 5960 σμὲνῳ
501 5892 578 5960 τῷ
601 5894 783 5960 γάμῳ.
808 5894 865 5943 ιΞί
894 5892 937 5945 δ’
966 5889 1077 5951 οὖν,
1104 5894 1255 5945 ἔσται
1282 5898 1594 5963 παρανομῖα
1622 5896 1654 5961 ἡ
1685 5898 1858 5959 λύσις.

294 5985 401 6036 Τοῦ
440 5982 629 6053 καιροῦ
666 5983 719 6036 δὲ
748 5986 1069 6048 ἐπιστᾱιντος
1102 5987 1208 6038 τῶν
1240 5986 1453 6056 γάμων,
1489 5990 1567 6049 εἰς
1608 5988 1697 6039 τὸν
1732 5989 1856 6042 ναὸν

1982 3429 2200 3484 habitur
2242 3429 2513 3485 Ecclesia.
2546 3427 2802 3497 Bigamus
2838 3429 3058 3498 quidem
3085 3428 3369 3497 dirigatur.
3400 3438 3560 3498 prout

1980 3522 2237 3577 dixerunt
2274 3520 2489 3585 Patres,
2557 3520 2625 3574 de
2669 3520 2899 3591 trigamo
2942 3531 3127 3574 autem
3171 3519 3323 3590 plura
3357 3527 3560 3573 statuta

1979 3624 2129 3667 sunt.
2166 3609 2265 3665 Hic
2293 3611 2510 3665 tertiam
2534 3609 2698 3665 ducat
2734 3626 2981 3677 uxorem,
3010 3611 3054 3666 si
3083 3611 3283 3666 liberos
3322 3626 3428 3665 non
3458 3610 3560 3666 ba-

1977 3704 2296 3774 beat,usque
2325 3702 2390 3757 ad
2417 3718 2619 3757 annum
2642 3702 3146 3774 quadragesimum;
3176 3703 3270 3758 sed
3292 3704 3335 3758 si
3356 3703 3557 3758 liberos

1978 3795 2267 3861 babeat,et
2292 3796 2404 3865 jam
2427 3794 2900 3865 quadragesimum
2930 3795 3172 3867 attigerit
3211 3810 3440 3859 annum.
3465 3804 3553 3849 to-

1979 3888 2139 3943 lerari
2160 3902 2265 3941 non
2300 3887 2494 3957 poterit
2514 3886 2731 3943 tertium
2763 3888 3192 3953 matrimonium,
3211 3903 3363 3943 sacer
3380 3888 3555 3957 inquit

1978 3978 2137 4035 liber.
2166 3978 2298 4045 Quae
2326 3981 2391 4033 de
2422 3977 2510 4033 bis
2542 3986 2796 4034 accurate
2833 3987 2888 4034 et
2913 3978 3200 4049 diligenter
3222 3978 3552 4034 abEcclesia

1977 4070 2247 4143 praefectis
2284 4070 2704 4140 adimpleantur.
2754 4067 2953 4123 Verum
3012 4069 3371 4139 inspiciamus
3414 4083 3552 4138 quo-

1977 4163 2141 4219 modo
2169 4163 2581 4218 matrimonium
2608 4162 2898 4217 honestum
2930 4177 3052 4219 esse
3085 4162 3329 4232 incipiat.
3362 4160 3417 4216 Si
3447 4177 3548 4232 pa-

1977 4262 2090 4308 tres
2118 4252 2337 4320 quidem
2370 4260 2496 4306 sunt
2524 4253 3005 4316 convenientibus,
3033 4252 3107 4305 illi
3144 4251 3284 4306 inter
3313 4267 3373 4307 se
3405 4267 3543 4305 con-

1976 4344 2257 4408 sentiunt,
2292 4359 2496 4415 suaque
2524 4344 2750 4399 consilia
2794 4344 2861 4398 ad
2910 4358 3045 4412 opus
3103 4343 3300 4397 iniunt.
3337 4341 3543 4398 Deinde

1976 4438 2066 4494 die
2096 4437 2413 4501 constituta,
2448 4444 2506 4490 ut
2535 4436 2793 4505 nuptialis
2823 4437 3097 4491 scribatur
3137 4436 3336 4506 pactio,
3372 4436 3545 4491 bono-

1976 4526 2179 4581 rabiles
2224 4534 2623 4597 congregantur
2658 4526 2785 4588 viri.
2833 4526 2976 4594 quod
3010 4526 3068 4581 tit
3098 4528 3265 4598 gratia
3296 4527 3547 4584 testimov

1974 4620 2073 4681 nii,
2099 4628 2153 4673 et
2175 4620 2431 4688 quoniam
2460 4618 2638 4689 legalis
2665 4620 2994 4673 matrimonii
3018 4630 3334 4675 contractus
3356 4622 3542 4676 initur.

1976 4702 2103 4767 Ideo
2133 4715 2297 4767 etiam
2332 4712 2416 4766 vir
2448 4712 2601 4767 adest
2626 4728 2653 4765 a
2681 4712 2796 4781 lege
2828 4712 3144 4783 designatus
3168 4703 3257 4782 qui
3288 4716 3543 4785 conjuga-

1974 4806 2054 4859 les
2089 4804 2277 4859 scribit
2310 4804 2559 4870 tabulas;
2605 4814 2657 4858 et
2707 4805 2939 4873 sigillum
2991 4804 3441 4874 desponsatorum
3484 4806 3542 4859 fit

1974 4912 2073 4966 per
2117 4912 2359 4960 crucem,
2410 4911 2515 4963 quo
2562 4906 2711 4968 patet
2743 4912 2878 4965 opus
2930 4911 2992 4949 cx
3046 4898 3154 4950 Deo
3202 4910 3340 4954 esse.
3373 4909 3427 4952 et
3485 4897 3541 4951 in

1970 4988 2192 5043 Christo
2226 4989 2466 5057 incipere
2491 5028 2505 5050 ,
2557 4989 2753 5042 futuris
2781 4990 3098 5058 conjugibus
3128 4999 3182 5042 et
3213 5004 3400 5043 eorum
3437 5005 3539 5059 pa-

1972 5082 2145 5134 tribus
2172 5080 2436 5135 calamum
2463 5081 2827 5149 tangentibus.
2862 5081 2930 5132 ita
2966 5080 3196 5150 singulis
3228 5081 3538 5136 libertatem

1972 5183 2023 5227 ct
2045 5180 2394 5241 spontaneum
2416 5171 2744 5223 voluntatem
2771 5172 2875 5223 isto
2891 5170 3049 5224 modo
3076 5172 3536 5239 cxprimeutibus,

1971 5274 2026 5317 et
2091 5263 2347 5331 quoniam
2385 5261 2635 5315 Christus
2682 5277 2776 5315 eos
2828 5262 3130 5330 conjungit.
3192 5263 3533 5331 Quapropter

1970 5354 2117 5406 hunc
2145 5353 2379 5420 primum
2413 5352 2661 5416 adorant,
2686 5362 2741 5405 et
2768 5352 2960 5405 deinde
2984 5354 3248 5405 calamum
3284 5362 3535 5423 tangunt.

1969 5457 2022 5498 et
2086 5444 2341 5513 quoniam
2384 5442 2633 5497 Christus
2666 5458 2759 5497 eos
2808 5444 3025 5511 alligat,
3063 5446 3240 5499 crucis
3274 5446 3531 5499 dicuntur

1970 5535 2201 5595 vincula,
2242 5550 2416 5601 neque
2449 5534 2572 5587 licet
2624 5549 2683 5587 ea
2746 5536 2955 5588 solvere
3002 5537 3129 5604 quin
3177 5538 3421 5605 quaedam
3467 5554 3531 5591 ex

1968 5628 2085 5696 lege
2116 5634 2542 5693 consequantur,
2578 5626 2763 5679 eadem
2798 5642 2861 5679 ac
2895 5628 2961 5679 de
2985 5629 3225 5695 perfecto
3254 5630 3537 5683 matrimo-

1969 5718 2079 5776 nio.
2107 5717 2147 5771 si
2180 5732 2357 5778 serus,
2396 5726 2677 5785 peccatum
2724 5721 2823 5771 erit
2859 5719 3072 5772 solutio.
3103 5720 3299 5772 Verum
3336 5738 3530 5789 super-

1976 5810 2225 5861 vc::iente
2262 5808 2571 5875 nuptiarum
2623 5808 2729 5869 die,
2769 5810 3029 5875 templum
3060 5810 3260 5863 adeunt
3292 5829 3527 5880 sponsus

1966 5908 2019 5951 et
2048 5914 2266 5963 Sponsa,
2300 5913 2420 5949 nam
2460 5913 2487 5948 a
2522 5896 2628 5948 lleo
2651 5897 2875 5965 ejusque
2903 5898 3135 5950 Ecclesia
3162 5900 3241 5951 vir
3268 5902 3525 5956 feminam

1970 5990 2184 6058 accipit,
2225 5999 2274 6041 ct
2309 5986 2583 6050 sacerdos,
2628 6002 2778 6041 sacra
2812 5989 2943 6043 stola
2978 5990 3219 6059 indutus,
3284 5993 3516 6062 primunt
