4408 6722
311 572 414 637 513

1621 583 1717 642 DE
1756 581 2284 642 MATRIMONIO.

3478 582 3580 647 5H

306 690 468 743 αὖτού
492 706 504 720 ’
534 692 670 744 ὅπου
726 695 820 745 καὶ
858 693 947 747 διὰ
995 695 1103 747 τῶν
1140 696 1331 765 δώρων
1372 696 1534 762 αὐτδις
1569 700 1891 769 ἱερουργού-
1924 703 1964 757 Λ
1996 698 2045 752 ιι(

1833 700 1891 751 ὐ-
1924 703 1964 757 Λ
1996 698 2199 752 donum
2234 700 2345 765 ipse
2387 682 2439 750 in
2466 698 2794 751 sacriﬁcium
2828 696 3077 759 oﬂ'ertur.
3121 710 3175 754 et
3234 700 3574 770 producitur.

309 784 466 847 μενός
530 787 685 848 ἐστι,
756 788 849 839 καὶ
909 789 1245 855 προτίθεται,
1305 794 1400 844 καὶ
1461 793 1627 862 μέσος
1690 796 1889 863 ὁρᾶται

304 873 481 939 ήμῶν.
505 872 635 926 Εἶτα
665 875 760 926 xui.
780 877 888 929 άπὸ
908 878 1003 929 τοῦ
1038 880 1219 933 κοινοῦ
1241 882 1425 934 δίδωσι
1463 885 1743 954 ποτηρίου.
1781 887 1888 937 Καὶ

303 964 383 1023 τὸ,
422 983 443 1015 ι
486 966 750 1036 Ποτήριον
774 969 1041 1038 σωτηρίου
1065 969 1358 1041 inti/opai,»
1397 973 1679 1042 ψάλλεται.
1718 975 1889 1030 Τοῦτο

301 1056 357 1108 δὲ
391 1057 478 1109 διὰ
536 1058 605 1111 τά
642 1061 887 1127 πανάγια
938 1061 1115 1133 δῶρα,
1146 1064 1241 1116 καὶ
1297 1067 1379 1127 εἰς
1432 1069 1660 1135 σημεῖον
1696 1072 1795 1139 τῆς
1830 1071 1888 1121 ἐν

301 1149 614 1225 εὐφροσύνῃ
645 1154 755 1206 ἀπὸ
784 1155 876 1207 τοῦ
914 1156 1053 1209 Θεοῦ
1091 1156 1342 1224 ἐνώσεως
1369 1176 1383 1189 '
1418 1163 1513 1214 xui.
1538 1162 1621 1216 ὅτι
1651 1163 1760 1216 ἀπὸ
1787 1168 1886 1235 τῆς

301 1243 526 1309 εἰρήνης
578 1247 671 1297 καὶ
724 1247 977 1313 ὁμονοίας
1028 1248 1182 1303 ἔσται
1242 1252 1429 1315 αὐτοῖς
1464 1255 1497 1323 ἡ
1545 1255 1881 1325 εὐφροσύνη.

298 1333 427 1396 Τοῖς
460 1338 535 1404 μὴ
572 1339 781 1401 ἱκανοῖς
832 1339 888 1392 δὲ
936 1340 1038 1409 τῆς
1096 1345 1407 1410 κοινωνίας,
1440 1342 1553 1399 οἷον
1600 1348 1881 1419 διγάμοις,

298 1428 390 1479 καὶ
422 1429 648 1496 ὁμοίοις,
680 1430 740 1483 οὐ
773 1431 841 1483 τά
868 1432 988 1485 θεῖα
1012 1433 1216 1487 δίδοται
1241 1437 1413 1507 δῶρα,
1447 1438 1583 1492 ἀλλὰ
1609 1420 1673 1493 τὸ
1702 1443 1885 1495 κοινὶν

297 1521 559 1588 ποτήριον
592 1522 751 1590 μόνον
781 1526 862 1585 εἰς
895 1526 1119 1593 μερικον
1156 1528 1430 1597 ἁγιασμὸν
1465 1529 1559 1582 καὶ
1590 1534 1881 1586 κοινωνίαν

295 1613 508 1679 ἀγαθήν
539 1630 597 1665 τε
650 1615 746 1666 καὶ
799 1616 991 1670 ἕνωσιν
1047 1618 1104 1670 ἐν
1142 1620 1367 1691 εὐλογίᾳ
1417 1621 1579 1677 Θεοῦ.
1614 1620 1745 1676 Εἶτα
1783 1627 1875 1679 καὶ

295 1706 549 1768 ὲκτενοῠς
604 1706 843 1775 δεήσεως
889 1709 1207 1780 γινομένης,
1242 1715 1337 1766 καὶ
1378 1718 1881 1787 μνημονευομένων

292 1797 427 1865 ὁμοῦ
462 1798 571 1851 τῶν
624 1798 1051 1867 συζευχθέντων,
1085 1804 1158 1866 ὼς
1214 1806 1317 1875 ήδη
1371 1810 1760 1876 γεγενημένων
1794 1811 1876 1877 ἓν,

292 1889 388 1939 καὶ
445 1887 541 1940 τοῦ
604 1889 1014 1961 ἀναδεξαμένου
1071 1895 1147 1957 ὡς
1201 1896 1472 1965 συνεργοῦ
1535 1901 1630 1950 τοῦ
1684 1901 1876 1969 ἔργου,

296 1998 316 2031 ι
356 1981 481 2034 Ὀτι
536 1982 811 2051 ἐλεήμων,
845 2003 862 2036 ι
899 1987 1152 2054 ἐκφωνεῖ,
1179 1990 1274 2041 τὸν
1308 1989 1451 2043 θεῖον
1484 1990 1634 2045 ἔλεον
1688 1994 1875 2055 αὐτοῖς

1993 798 2047 840 ct
2070 788 2121 839 in
2152 787 2332 841 medio
2355 799 2596 840 nostrum
2620 788 2978 857 conspicitur.
3004 790 3194 843 Postea
3222 790 3391 845 dates
3428 807 3578 847 com-

1995 877 2145 929 muni
2180 877 2367 938 calice,
2399 885 2454 931 et
2476 885 2761 931 cantatur:
2821 896 2838 927 ι
2877 876 3117 930 Calicem
3162 878 3415 932 salutaris
3475 894 3571 933 ac-

1991 969 2210 1036 cipiam.
2253 969 2455 1021 i‘Duna
2503 983 2631 1021 vero
2690 967 3031 1022 sanctissima
3066 968 3201 1021 iiunt
3257 970 3311 1022 in
3360 970 3570 1055 signum

1994 1060 2214 1113 unionis
2244 1075 2272 1113 a
2302 1058 2411 1113 Deo
2453 1060 2505 1112 in
2536 1060 2730 1127 gaudio
2766 1059 2931 1125 initr,
2973 1070 3027 1115 et
3061 1062 3322 1129 quoniam
3352 1076 3381 1115 a
3428 1077 3562 1131 pare

1989 1161 2041 1203 et
2071 1150 2363 1203 concordia
2389 1151 2493 1204 erit
2521 1150 2599 1205 eis
2661 1150 2867 1204 laetitia.
2924 1152 3036 1205 illis
3088 1162 3265 1206 autem
3348 1154 3439 1220 qui
3500 1151 3567 1205 ad

1990 1244 2429 1297 communionem
2465 1260 2570 1297 non
2602 1253 2731 1297 sunt
2768 1246 3089 1314 comparati,
3152 1245 3299 1298 velut
3328 1246 3555 1315 bigati-is

1988 1346 2040 1388 et
2068 1335 2359 1397 similibus,
2393 1336 2577 1387 divina
2608 1351 2711 1388 nou
2757 1336 2959 1389 dantur
3013 1337 3296 1405 mysteria,
3334 1336 3443 1390 'sed
3476 1351 3562 1388 Sn-

1988 1422 2268 1474 Iummodo
2292 1422 2436 1475 calix
2463 1423 2776 1477 communis
2805 1424 2871 1476 ad
2932 1422 3323 1491 aliquantulam
3364 1424 3566 1475 sancti-

1989 1511 2317 1578 tieationem,
2375 1515 2439 1567 ad
2469 1514 3142 1568 bonamcommunitatem
3199 1523 3255 1568 et
3299 1513 3561 1567 unionem

1987 1606 2038 1657 iu
2072 1606 2460 1659 benedictione
2490 1605 2609 1660 Dei.
2643 1605 2846 1659 Deinde
2874 1606 3032 1676 longa
3064 1608 3309 1660 oratione
3338 1607 3475 1660 farta
3512 1606 3563 1658 in

1983 1711 2085 1761 qua
2114 1696 2273 1749 simul
2318 1698 2385 1749 de
2419 1696 2747 1767 conjugibus
2777 1696 3369 1765 recordatnrtanquam
3396 1713 3563 1750 unum

1977 1786 2088 1854 jam
2154 1786 2330 1849 factis,
2390 1803 2625 1857 cumque
2667 1799 2928 1842 connutat
2970 1787 3063 1856 qui
3121 1804 3258 1856 opus
3323 1789 3556 1856 adjuvit,

1980 1879 2276 1946 quoniam,
2313 1880 2507 1949 inquit,
2555 1881 2869 1935 misericors
2905 1892 3006 1947 est,
3039 1883 3276 1934 divinam
3331 1882 3412 1934 eis
3471 1897 3559 1950 po-

1982 1971 2153 2025 stulat
2215 1972 2666 2035 misericordiam,
2736 1982 2791 2027 et
2851 1972 3136 2027 denuntiat
3189 1973 3303 2026 htec
3353 1988 3474 2027 esse
3527 1989 3558 2026 a

290 2073 657 2141 ἐπευχόμενος
688 2089 703 2103 ο
764 2077 857 2128 καὶ
908 2077 988 2130 ὅτι
1046 2080 1155 2131 ἀπὸ
1204 2082 1299 2134 τοῦ
1348 2082 1533 2147 ἐλέους
1582 2084 1678 2137 τοῦ
1733 2085 1869 2139 Θεοῦ
1908 2067 1945 2119 Β
1978 2064 2030 2116 ὼ

1817 2086 1869 2139 ,ς
1908 2067 1945 2119 Β
1978 2064 2159 2116 divina
2191 2064 2589 2118 misericordia.
2642 2064 2833 2118 Postea
2888 2066 3048 2134 quasi
3103 2081 3199 2119 eos
3230 2066 3474 2120 edocens
3501 2075 3558 2120 et

287 2164 479 2217 ταῦτα.
528 2161 662 2220 Εῐτα
716 2170 807 2220 καὶ
864 2168 1056 2239 ὥσπερ
1113 2171 1314 2235 αὐτοὺς
1372 2176 1629 2245 κατηχῶν
1673 2195 1731 2230 τε
1782 2178 1876 2231 xui.

286 2256 573 2319 νουθετῶν,
608 2257 703 2309 xui.
732 2260 834 2329 τὴν
859 2261 1085 2331 εἰρήνην
1112 2264 1501 2333 ἐπευχόμενος,
1529 2267 1872 2322 ἀποστολικὰ

285 2348 572 2414 ἐπιφέρει,
626 2349 822 2417 λέγων,
894 2351 1202 2422 Ἀδελφοί.
1258 2357 1497 2425 χαίρετε
1551 2358 1621 2410 ἐν
1676 2362 1873 2427 Κυρίῳ

283 2437 563 2504 πάντοτε,
599 2460 617 2492 ι
653 2445 747 2496 καὶ
798 2443 867 2497 τὰ
903 2445 1029 2516 ἑξῆς
1051 2462 1065 2476 ⁶
1092 2447 1187 2499 xui.
1218 2448 1302 2514 τὸ,
1341 2466 1362 2501 t
1410 2450 1468 2503 '0
1506 2451 1636 2515 Θεὸς
1667 2454 1762 2522 τῆς
1793 2456 1867 2507 εί-

285 2532 455 2599 ρήνης
485 2533 642 2586 ἔσται
672 2533 797 2602 μεθ’
819 2536 976 2605 ὐμῶν
1004 2537 1259 2593 πάντοτε.
1289 2558 1308 2591 ι
1332 2542 1443 2594 Καὶ
1465 2543 1627 2603 εὐθὺς
1658 2545 1867 2616 λαμϐά-

282 2641 390 2675 νων
438 2625 639 2689 αὐτοὺς
686 2628 749 2681 ἐκ
804 2628 914 2679 τῶν
946 2628 1171 2698 χειρῶν,
1199 2631 1273 2695 ὼς
1303 2633 1442 2703 πρὸς
1474 2636 1535 2689 τὸ
1569 2636 1867 2710 θυσιαστή-

286 2734 400 2785 ριον
448 2718 595 2785 άγει,
627 2721 719 2773 xui.
754 2722 976 2790 χορείαν
1027 2724 1371 2795 ποιούμενος,
1410 2730 1526 2800 ᾄδει
1585 2734 1727 2801 μετὰ
1756 2735 1866 2788 τῶν

278 2805 617 2873 ψαλλόντων,
651 2811 710 2862 ἐν
756 2811 980 2883 Χριστῷ
1013 2814 1468 2885 εὐφραινόμενος,
1503 2822 1587 2885 τὸ,
1625 2840 1643 2873 ι
1674 2822 1862 2894 ’Λγιοι

282 2899 563 2969 μάρτυρες
619 2921 639 2954 ι
670 2904 741 2963 ὼς
771 2904 867 2956 ἐπὶ
894 2906 1198 2977 χειροτονίᾳ
1221 2924 1235 2937 θ
1266 2911 1465 2976 καὶτὸ,
1502 2930 1522 2963 τ
1557 2912 1692 2979 Δόξα
1754 2933 1857 2982 σοι,

278 2993 436 3061 φησὶ,
465 2990 668 3061 Χριστὲ
707 2994 916 3061 ὀ-Θεξς,
950 2997 1266 3052 ἀποστόλων
1318 3001 1599 3073 καύχημα.
1654 3025 1673 3058 t
1728 3008 1861 3061 Κοι-

276 3086 439 3139 νωνοὶ
459 3086 569 3155 γὰρ
598 3087 840 3155 Χριστοῦ
870 3091 965 3142 καὶ
989 3089 1099 3143 τῶν
1123 3091 1299 3158 ἁγίων
1326 3094 1496 3148 αὐτοῦ
1534 3098 1583 3149 oi
1610 3098 1855 3166 εὐσεϐῶς

276 3180 371 3231 xui.
430 3178 725 3248 σωφρόνως
752 3177 1042 3247 ζήσαντες,
1075 3183 1170 3235 καὶ
1224 3184 1309 3237 ὅτι
1358 3186 1417 3238 οὐ
1462 3188 1629 3256 σαρκὶ
1670 3190 1856 3261 μόνον,

274 3269 410 3323 άλλᾶ
460 3270 605 3339 ψυχῇ
659 3269 861 3338 μᾶλλον
919 3274 1023 3343 χρὴ
1084 3276 1480 3343 συνάπτεσθαι,
1520 3281 1609 3335 διά
1653 3300 1712 3335 τε
1759 3287 1859 3355 τῆς

273 3362 439 3428 ὀρθῆς
471 3364 629 3431 ἡμῶν
662 3363 921 3430 πίστεως,
956 3368 1050 3418 καὶ
1083 3367 1190 3419 τῶν
1220 3369 1318 3437 τῆς
1351 3371 1639 3436 εὐσεϐείας
1675 3377 1857 3444 θεοφι-

274 3453 385 3506 ὶῶν
438 3454 638 3524 ἔργων,
668 3457 754 3509 ἵνα
814 3458 911 3510 καὶ
964 3458 1170 3529 ἀληθὴς
1276 3462 1531 3530 συζυγία,
1558 3468 1652 3518 καὶ
1682 3468 1856 3537 γάμος

272 3546 563 3614 ἀμίαντος,
594 3548 687 3600 καὶ
718 3551 967 3601 κοινωνοὶ
994 3544 1097 3604 ὦσι
1144 3552 1383 3620 Χριστοῦ
1416 3555 1509 3609 καὶ
1538 3557 1646 3610 τῶν
1684 3562 1856 3629 ἁγίων

268 3634 461 3702 αὐτοῦ,
518 3638 613 3690 καὶ
664 3639 866 3707 μᾶλλον
927 3640 1039 3693 τῶν
1087 3642 1185 3711 τῆς
1251 3646 1453 3713 σαρκὸς
1497 3665 1848 3723 καταφρονη-

268 3732 480 3783 σάντων
518 3729 649 3799 ἄχρι
681 3733 776 3784 καὶ
838 3734 1161 3800 μαρτυρίου.
1196 3734 1301 3788 Καὶ
1330 3735 1503 3799 οὕτως
1531 3742 1698 3812 εὐχὴν
1754 3746 1850 3799 ἐπὶ

266 3817 332 3885 τῇ
361 3815 510 3869 λύσει
560 3817 669 3869 τῶν
714 3820 997 3880 στεφάνων
1029 3822 1226 3890 ἐπάγει
1260 3840 1274 3859 εν
1313 3824 1399 3879 ἵνα
1426 3828 1455 3879 ὀ
1490 3828 1613 3893 δοὺς
1664 3834 1849 3899 αὐτοῖς

262 3907 389 3970 τοὺς
448 3908 746 3973 στεφάνους
775 3910 855 3973 είς
895 3914 1123 3981 σημεῖον
1184 3914 1282 3984 τῆς
1335 3920 1715 3991 σωφροσύνης,
1747 3927 1844 3981 καὶ

260 3998 356 4050 τὸν
386 3999 515 4070 ἄχρι
545 3999 640 4053 τοῦ
690 4003 870 4071 γάμου
919 4004 1101 4058 αὐτῶν
1146 4008 1245 4075 τῆς
1275 4009 1501 4076 ἁγνείας
1536 4014 1631 4067 καὶ
1664 4017 1838 4070 καθα-

264 4093 489 4164 ρᾷτητος
518 4094 731 4163 μισθὸν,
773 4096 857 4149 ὅτι
892 4097 1046 4166 ἁγνοὶ
1079 4101 1214 4168 προς
1250 4103 1427 4173 γάμον
1459 4108 1837 4179 camerina”,

257 4184 424 4249 αὐτὸς
451 4187 546 4240 καὶ
571 4189 673 4257 τήν
702 4188 858 4243 λύσιν
888 4193 998 4245 τῶν
1027 4193 1313 4262 στεφάνων
1342 4198 1505 4269 199
1536 4201 1835 4277 εὐλογήσῃ.

256 4276 353 4331 καὶ
382 4278 753 4334 ἀδιάσπαστον
779 4282 950 4353 αὐτὴν
974 4285 1193 4355 τηρήσῃ
1212 4286 1313 4357 τὴν
1334 4289 1598 4359 συζυγίαν
1625 4298 1719 4349 καὶ
1742 4276 1839 4365 τήν

254 4367 587 4437 συνάφειαν,
652 4370 739 4424 ῐνα
799 4372 1110 4443 συμφώνως
1168 4378 1473 4448 εὐλογῶσιν
1542 4385 1710 4440 αὐτοῦ
1767 4391 1829 4440 τὶ

252 4459 423 4529 δνομα
484 4460 582 4514 τοῦ
634 4463 869 4533 Πατρδς,
903 4466 1003 4519 καὶ
1048 4466 1143 4521 τοῦ
1180 4468 1335 4536 Υἱοῦ,
1387 4474 1481 4527 καὶ
1530 4476 1628 4530 τοῦ
1674 4479 1833 4547 ἁγίου

254 4552 595 4621 Ιίνεύματος,
635 4554 894 4611 πάντοτε.
936 4559 1090 4611 Ἐπεὶ
1121 4562 1216 4614 καὶ
1246 4562 1400 4628 οὗτός
1429 4568 1575 4620 ἐστιν
1600 4570 1628 4622 δ
1657 4572 1833 4625 πάντα

249 4645 387 4712 πρὸς
421 4646 482 4698 τὸ
532 4649 815 4717 συμφέρον
860 4651 1086 4719 ἁγαθῶς
1126 4654 1516 4727 ἐξοικονομῶν.
1547 4656 1708 4713 Εἶτα
1738 4664 1829 4718 τὸν

1983 2156 2281 2219 instruens,
2314 2166 2495 2224 optata
2557 2172 2721 2225 pace,
2787 2159 3084 2227 apostolica
3150 2158 3319 2212 refert
3369 2161 3555 2224 verba,

1977 2248 2167 2304 dicens
2204 2267 2218 2302 :
2258 2267 2275 2299 ι
2320 2248 2561 2311 Fratres,
2584 2248 2811 2319 gaudete
2848 2249 2903 2302 in
2931 2251 3160 2304 Domino
3188 2266 3425 2321 semper,
3460 2268 3479 2301 ι
3502 2258 3557 2305 ct

1979 2342 2207 2411 reliqua,
2244 2358 2306 2395 ac
2334 2342 2459 2396 illud
2486 2362 2497 2397 :
2538 2364 2555 2393 ι
2599 2344 2743 2398 Deus
2771 2344 2915 2412 pacis
2946 2344 3052 2397 erit
3083 2345 3362 2397 vobiscum
3402 2358 3548 2397 sem-

1980 2451 2095 2506 per,
2123 2454 2140 2486 ι
2180 2436 2409 2501 illosque
2449 2451 2613 2490 mauu
2639 2436 3076 2505 apprehendens,
3105 2438 3251 2491 velut
3290 2436 3354 2489 ad
3374 2435 3548 2490 altare

1976 2526 2143 2589 ducit,
2174 2534 2230 2580 et.
2261 2524 2399 2580 facta
2430 2526 2652 2591 chorea,
2685 2535 2867 2580 cantat
2891 2528 3037 2581 cum'
3082 2526 3460 2581 cantatoribns
3489 2526 3545 2580 in

1974 2616 2192 2670 Christo
2217 2617 2459 2671 lietatus:
2501 2635 2519 2667 ι
2558 2615 2744 2671 Sancti
2778 2628 3044 2688 martyres
3108 2638 3155 2685 ι,
3187 2628 3446 2688 tanquam
3490 2618 3548 2673 in

1972 2709 2337 2771 Ordinatioue.
2389 2721 2443 2764 et
2482 2708 2651 2763 illud:
2713 2726 2732 2762 ε
2768 2710 2949 2765 Gloria
3010 2712 3127 2779 tibi,
3188 2713 3284 2774 ait,
3327 2712 3545 2768 Christe

1972 2801 2136 2867 Deus,
2167 2802 2531 2871 apostolorum
2560 2802 2747 2869 decus,
2774 2821 2793 2855 ι
2832 2819 2956 2857 nam
2999 2805 3129 2860 socii
3177 2806 3313 2859 ﬁunt
3340 2804 3547 2861 Christi

1969 2904 2020 2949 et
2052 2905 2363 2949 sanctorum
2416 2897 2537 2965 ejus
2594 2896 2685 2967 qui
2725 2898 2814 2967 pie
2844 2910 2899 2953 et
2955 2899 3180 2969 pa‘cilice
3206 2900 3420 2967 vivunt,
3488 2909 3545 2955 et

1966 2988 2223 3058 quoniam
2279 3004 2568 3045 noncarue
2632 3000 2842 3046 tantum
2866 2983 2968 3045 sed
3027 2992 3209 3062 potius
3237 2994 3417 3047 anima
3449 3007 3543 3047 co-

1967 3080 2136 3148 pulari
2193 3091 2409 3150 oportet
2451 3098 2546 3152 per
2601 3092 2802 3137 rectam
2833 3083 2991 3139 [idem
3019 3095 3261 3142 nostram
3289 3098 3342 3142 et
3378 3101 3541 3158 opera

1967 3173 2184 3241 pietatis
2212 3174 2319 3228 Deo
2351 3174 2710 3243 beueplacita,
2747 3186 2804 3231 ut
2830 3192 3017 3233 verum
3074 3184 3146 3234 sit
3196 3181 3540 3253 conjugium,

1964 3273 2020 3318 et
2095 3266 2427 3319 connubiuut
2491 3268 2852 3336 impullutum,
2930 3280 2987 3325 et
3051 3272 3254 3327 Christi
3308 3275 3537 3345 ejusque

1966 3371 2276 3411 sanctorum
2311 3360 2421 3412 sint
2459 3362 2617 3427 socii,
2640 3364 2915 3432 praecipue
2946 3379 3165 3421 carnem
3191 3372 3537 3437 aspernando

1964 3466 2136 3520 usque
2164 3452 2230 3505 ad
2267 3453 2608 3523 martyrium,
2661 3465 2717 3510 et
2747 3456 2822 3509 sic
2840 3459 3141 3513 orationem
3187 3460 3240 3515 iu
3263 3464 3531 3519 solutione

1960 3558 2285 3599 coronarum
2321 3548 2614 3614 protrahit,
2642 3559 2702 3603 ut
2737 3551 2829 3618 qui
2863 3551 3014 3606 dedit
3075 3556 3156 3607 eis
3192 3570 3423 3611 coronas
3472 3558 3528 3611 in

1956 3636 2169 3705 signum
2198 3639 2557 3704 castimonim,
2593 3652 2645 3695 et
2678 3640 2731 3694 in
2764 3643 3067 3699 mercedi-ni
3098 3662 3287 3702 eorum
3318 3649 3529 3719 purita-

1958 3740 2029 3786 tis
2056 3746 2119 3786 ac
2140 3731 2420 3786 munditia;
2440 3748 2614 3802 usque
2670 3735 2735 3788 ad
2768 3736 3177 3793 matrimonium
3211 3752 3523 3809 asservatte,

1951 3823 2208 3893 quoniam
2275 3824 2397 3894 puri
2452 3826 2507 3879 in
2551 3828 2960 3884 matrimonium
3040 3834 3322 3903 conjuncti
3366 3848 3517 3905 sunt,

1951 3915 2070 3984 ipse
2117 3914 2280 3968 etiam
2333 3930 2657 3972 coronarum
2711 3921 3038 3977 solutionem
3090 3925 3399 3996 benedicat,
3450 3940 3507 3987 et

1952 4006 2333 4063 indissolubile
2376 4012 2648 4065 custodiat
2673 4028 2862 4067 eorum
2899 4016 3214 4095 conjungiqu
3250 4035 3313 4075 ac
3340 4023 3519 4080 socie-

1944 4105 2131 4163 tatem,
2169 4109 2226 4154 ut
2258 4117 2364 4155 una
2396 4117 2527 4158 voce
2555 4104 2760 4174 jugiter
2785 4107 3113 4167 benedicant
3135 4112 3255 4181 ejus
3289 4131 3511 4184 nomen,

1942 4189 2216 4261 Patris,et
2246 4192 2388 4262 Filii,
2414 4204 2469 4250 et
2494 4199 2665 4253 sancti
2702 4200 2958 4269 Spiritus,
2983 4218 3151 4273 quum
3184 4207 3297 4277 ipse
3324 4209 3395 4264 sit
3422 4211 3514 4278 qui

1941 4286 2120 4339 omnia
2160 4286 2215 4339 in
2274 4286 2473 4340 bonum
2530 4290 2829 4360 dispensnt.
2904 4295 3167 4365 Deinceps
3220 4311 3508 4372 postquam

1939 4376 2213 4432 Christum
2242 4381 2579 4436 invocaverit
2611 4395 2666 4436 ut
2701 4387 2873 4453 gratia
2909 4386 3099 4445 Matris
3116 4402 3169 4446 et
3193 4406 3505 4450 Sanctorum

1936 4467 2057 4536 ejus
2113 4467 2546 4524 misericordiam
2607 4476 2864 4531 omnibus
2928 4480 3094 4534 donet
3143 4495 3197 4537 et
3249 4486 3504 4546 salutem.

1934 4573 2027 4611 eos
2060 4558 2304 4625 dimittit,
2357 4571 2411 4615 et
2467 4562 2741 4619 benedicti
2809 4568 2877 4621 ab
2909 4586 2975 4623 ro
3028 4588 3199 4642 nuper
3225 4577 3502 4647 coniugati

1932 4650 2154 4704 domum
2188 4667 2310 4705 cum
2362 4653 2559 4722 gaudio
2590 4668 2843 4724 pergunt.
2879 4660 2981 4715 Ista
3021 4665 3239 4732 quidem
3291 4668 3357 4724 de
3388 4686 3504 4725 m.-i~

244 4737 482 4805 Χριστὸν
510 4741 1004 4811 ἐπικαλεσάμενος,
1036 4746 1127 4802 διά
1148 4748 1246 4817 τῆς
1277 4750 1503 4821 Μητρὸς
1534 4753 1701 4807 αὐτοῦ
1726 4756 1824 4809 καὶ
1860 4754 1900 4809 ῐ)
1934 4749 1983 4793 ιτ

1755 4756 1824 4809 εαι
1860 4754 1900 4809 ι)
1934 4741 2331 4808 trimonio,:nec
2348 4752 2561 4811 oportet
2589 4747 2740 4814 plura
2763 4749 2962 4807 dicere.
2981 4754 3113 4809 Nam
3138 4760 3237 4811 etsi
3254 4763 3496 4827 quantum

243 4828 354 4881 τῶν
395 4830 568 4896 ἁγίων
594 4831 760 4883 αὐτοῦ
800 4832 953 4886 ἔλεον
999 4837 1135 4889 πᾶσι
1171 4837 1354 4892 δοῦναι
1382 4844 1477 4894 καὶ
1518 4847 1824 4915 σωτηρίαν,

242 4918 489 4974 ἀπολύει.
520 4920 630 4973 Καὶ
653 4920 1041 4991 εὐλογοῦμενοι
1069 4925 1201 4995 παρ’
1231 4928 1397 4981 αὐτοῦ
1424 4931 1472 4983 oi
1502 4932 1818 5003 νεόνυμφοι,

240 5013 382 5065 οἴκοι
418 5014 555 5081 μετὰ
609 5016 787 5083 χαρᾶς
838 5015 1180 5083 πορεύονται.
1222 5020 1409 5075 Ταῦτα
1461 5023 1561 5092 μὲν
1607 5021 1701 5080 οὖν
1728 5030 1823 5081 xui.

237 5104 308 5156 τὰ
326 5105 420 5157 τοῦ
450 5107 653 5174 γάμου,
680 5106 775 5159 καὶ
812 5107 874 5157 οὐ
907 5108 1013 5177 χρὴ
1045 5110 1215 5163 πλείω
1243 5112 1443 5178 λέγειν.
1484 5114 1545 5166 Et
1582 5116 1695 5185 γάρ
1725 5120 1818 5171 καὶ

238 5192 493 5263 ζητήσεις
526 5196 654 5265 περὶ
707 5196 886 5265 γάμου
939 5200 1082 5261 τινες
1142 5204 1301 5266 είσιν,
1336 5202 1451 5255 ἁλλ’
1505 5205 1564 5256 οὐ
1622 5208 1817 5274 καιρδς

237 5286 384 5354 ἡμᾶ;
438 5288 564 5355 περὶ
610 5286 818 5340 τούτων
876 5290 1094 5357 λέγειν·
1136 5293 1218 5345 ὅτι
1272 5298 1532 5366 καὶπερὶ
1597 5299 1814 5353 πάντων

236 5377 425 5445 σαφῶς
493 5378 640 5446 ἡμᾶς
700 5380 1106 5434 ἐκδιδάσκονσιν
1182 5385 1231 5437 oi
1310 5388 1571 5457 Πατέρες.
1632 5391 1807 5444 Μόνον

232 5470 529 5535 ἀναγκαῖον
578 5470 735 5524 τοῦτο
789 5474 1003 5541 μαθεῖν,
1032 5474 1106 5536 ὡς
1164 5478 1212 5529 οἱ
1250 5481 1612 5547 σνναφθὲντες
1646 5486 1809 5553 γάμῳ

232 5563 384 5630 παρὰ
412 5561 548 5614 Θεοῦ
578 5564 953 5634 συνήφθησαν,
985 5566 1079 5619 καὶ
1131 5569 1364 5639 καθαροὶ
1404 5575 1469 5641 τῇ
1521 5574 1806 5643 ἐπικλήσει

230 5652 324 5703 τοῦ
372 5653 637 5723 καθαροῦ.
670 5657 1022 5725 Τηρείτωσαν
1065 5656 1160 5714 οὖν
1194 5661 1447 5731 ἀλλήλοις
1502 5666 1805 5735 ἀμόλυντον

227 5746 320 5797 τον
341 5747 537 5813 γάμον,
573 5748 666 5799 καὶ
698 5752 755 5800 ἐν
804 5752 997 5821 εἰρήνῃ
1029 5755 1121 5805 καὶ
1156 5754 1413 5824 εὐλαϐείᾳ
1448 5758 1758 5826 μενέτωσαν
1784 5778 1797 5791 ν

226 5840 319 5889 καὶ
351 5836 378 5888 ὃ
408 5837 599 5891 ἔλαϐον
626 5840 775 5910 παρὰ
813 5841 905 5893 τοῦ
942 5843 1102 5911 Θεοῦ,
1135 5844 1234 5916 τὴν
1276 5845 1473 5899 ἕνωσιν
1504 5850 1561 5901 ἐν
1606 5852 1799 5919 σεμνό-

224 5942 370 5995 τητι,
404 5928 494 5979 xui.
524 5929 746 6001 ἀγάπην
790 5934 849 5985 ἐν
896 5938 1244 6008 σωφροσύνη,
1276 5940 1371 5990 xui.
1406 5938 1709 6009 συμϐίωσιν
1739 5945 1795 5996 ἐν

224 6017 445 6083 ὁμονοία
472 6036 528 6073 τε
556 6023 650 6075 xui.
694 6026 886 6092 εἰρήνη
917 6026 990 6091 ὠς
1039 6031 1509 6101 παρακαταθήκην
1541 6031 1793 6103 ἀλλήλοις

1930 4834 2038 4887 sint
2063 4834 2131 4887 de
2158 4835 2508 4889 matrimonio
2537 4841 2886 4908 quaestiones,
2921 4847 3013 4899 sed
3036 4858 3250 4920 tempus
3283 4866 3499 4909 nonest

1925 4925 1991 4979 de
2017 4925 2101 4979 his
2126 4926 2361 4990 dicendi,
2392 4931 2648 4996 quoniam
2690 4931 2759 4986 de
2789 4936 3044 4991 omnibus
3066 4942 3346 5010 sapienter
3385 4960 3487 4999 nos

1923 5017 2227 5073 docuerunt
2251 5020 2460 5075 Patres.
2494 5020 2604 5078 Hoc
2641 5032 2853 5081 tantum
2877 5030 3089 5086 discere
3119 5036 3487 5090 necessarium

1920 5120 2027 5172 est,
2053 5127 2248 5183 nempe
2279 5118 2628 5174 matrimonio
2664 5122 2991 5190 conjunctos
3019 5140 3047 5178 a
3093 5126 3202 5181 Deo
3224 5142 3344 5183 esse
3395 5146 3487 5185 so-

1919 5201 2111 5267 ciatos,
2137 5214 2187 5258 et
2210 5222 2371 5272 puros
2403 5224 2499 5276 per
2529 5211 2941 5268 invocationem
2976 5217 3095 5284 ejus
3143 5221 3234 5287 qui
3274 5222 3484 5289 pttritas

1915 5296 2017 5347 ρει.
2054 5296 2218 5366 lgitur
2240 5301 2336 5353 sibi
2364 5312 2553 5357 mutuo
2573 5308 2880 5361 custodiant
2908 5310 3172 5365 illibatum
3202 5316 3485 5369 matrimo-

1915 5387 2092 5451 nium,
2120 5399 2173 5443 et
2207 5392 2256 5442 in
2327 5408 2459 5461 pace
2492 5412 2555 5447 ae
2594 5398 2794 5464 pietate
2847 5416 3228 5469 permaneant,
3254 5417 3307 5459 et
3336 5411 3479 5476 quod

1921 5492 2270 5548 acceperunt,
2308 5488 2798 5555 seiliccljunionem
2835 5493 2884 5545 in
2918 5498 3229 5565 sanctitate,
3256 5510 3309 5554 et
3341 5505 3481 5555 cari-

1917 5581 2082 5625 tatem
2118 5575 2168 5628 in
2222 5580 2494 5643 castitate,
2530 5594 2581 5635 et
2612 5589 3062 5643 communitatem
3094 5593 3218 5645 vitio
3257 5594 3309 5646 in
3343 5610 3477 5649 cnn-

1907 5666 2086 5718 cordia
2124 5680 2179 5721 et
2234 5685 2364 5737 pace
2419 5683 2475 5726 ut
2506 5678 2851 5731 commissum
2912 5682 3012 5734 sibi
3075 5685 3304 5740 invicem
3340 5704 3473 5744 cono

1904 5769 2140 5822 servent,
2170 5776 2233 5815 ne
2264 5764 2311 5814 in
2339 5765 2592 5819 damnum
2641 5771 2709 5823 ab
2750 5773 2824 5824 cis
2855 5775 3100 5843 exigatur
3137 5782 3273 5833 ratio
3308 5788 3473 5835 casti-

1906 5847 2027 5900 tatis
2058 5860 2489 5922 eaéterorumque
2518 5858 2829 5915 divinorum
2861 5880 3107 5931 operum.
3163 5868 3345 5940 Neque
3400 5879 3466 5930 de

1899 5953 2126 6006 corpore
2189 5953 2426 6007 tantum,
2493 5952 2587 6003 sed
2651 5963 2703 6005 et
2759 5954 2823 6006 de
2884 5957 3082 6019 animis
3111 5963 3221 6016 suis
3250 5977 3466 6026 curent.

1898 6033 2156 6099 quoniam
2215 6034 2461 6107 duplices
2503 6057 2560 6097 se
2629 6045 2853 6117 habent,
2882 6064 3077 6121 nempe
3142 6070 3204 6109 ex
3239 6071 3469 6125 corpore
