4408 6746
352 566 447 631 561

1526 575 1624 636 DE
1668 576 1905 637 SACRA
1949 577 2448 643 PBECATIONE.

3524 574 3627 640 562

349 684 570 752 ἡμέραν
616 683 849 754 λέγομεν
898 683 1137 740 ἐνταῦθά
1182 703 1263 748 τε,
1311 687 1402 740 καὶ
1455 690 1522 757 τῇ
1584 688 1741 757 τρίτη
1790 688 1929 757 ὥρᾳ.
1961 688 2010 742 Α
2043 692 2090 740 le

1879 704 1929 757 ᾳ.
1961 688 2010 742 Α
2043 692 2124 740 ter
2186 691 2241 743 in
2302 693 2389 745 die
2438 693 2775 745 recitamns:
2820 704 2963 744 nunc
3015 688 3235 758 quidem
3290 701 3353 739 ac
3386 685 3438 738 in
3490 683 3620 737 hora

353 780 448 832 καὶ
482 779 549 847 τῇ
582 779 690 831 τῶν
714 778 1059 833 ἀποδείπνων
1080 779 1381 849 δοξολογίᾳ,
1428 782 1552 848 ἥτις
1618 782 1713 833 καὶ
1780 780 1934 848 παρὰ

352 874 464 931 cui;
497 871 749 932 παλαιοῖς
781 870 1024 941 ᾂδομένη
1082 870 1418 939 εὑρίσκεται,
1487 871 1561 933 ὡς
1612 870 1707 925 καὶ
1759 872 1814 923 έν
1870 873 1936 940 τῇ

356 960 585 1027 ἀθλήσει
626 960 721 1013 τοῦ
767 961 1257 1031 μεγαλομὰρτυρος
1288 963 1626 1037 Εὐστρατίου
1671 963 1752 1025 τὸ,
1785 981 1802 1013 ι
1841 963 1941 1014 Δέ-

354 1069 532 1107 σποτα
558 1054 657 1106 Θεὶ
690 1054 871 1123 Πάτερ
902 1054 1303 1123 παντοκράτορ.
1336 1054 1508 1123 Κύριε
1564 1055 1661 1107 Υίὶ
1713 1071 1938 1122 μονογεσ

352 1146 439 1199 vt:
483 1145 659 1213 Ἰησοῦ
691 1130 921 1217 Χριστέ,
962 1146 1059 1201 καὶ
1088 1147 1241 1214 ἆγιον
1268 1148 1517 1217 Πνεῦμα.
1556 1148 1653 1217 μία
1706 1148 1931 1217 Θεότης.

356 1232 456 1303 μία
492 1235 741 1303 δύναμις,
780 1255 799 1288 ι
835 1236 931 1289 καὶ
980 1237 1047 1290 τὰ
1107 1238 1257 1305 ἑξῆς.
1304 1240 1524 1308 Ταύτης
1570 1238 1938 1305 τελεσθείσης.

354 1323 451 1375 καὶ
482 1323 545 1376 τὸ
584 1324 773 1393 ὥσπερ
812 1326 1086 1395 μεσώριον
1116 1327 1341 1394 λέγεται
1367 1328 1463 1381 τοῦ
1519 1326 1938 1396 μεσονυκτικοῦ,

354 1411 503 1465 καθά
521 1429 669 1475 τινες
699 1416 912 1467 ποιοῦσι
942 1417 1037 1471 καὶ
1071 1418 1129 1467 ὲν
1157 1420 1277 1478 ταῖς
1337 1418 1447 1470 τῶν
1499 1419 1661 1487 ὡρῶν
1716 1417 1939 1471 ἀκολου-

355 1502 526 1566 θίαις.
573 1506 714 1557 Ἀλλ’
740 1507 1069 1574 ἐκεῖνοι.μὲν
1100 1509 1174 1569 ὼς
1206 1508 1432 1577 θελητδν
1474 1510 1659 1573 αὐτοῖς
1720 1509 1795 1570 ὡς
1849 1512 1940 1561 καὶ

343 1596 523 1662 ,ἄλλας
576 1597 901 1661 ἀκολουθίας
943 1600 1230 1671 προθυμίᾳ
1278 1602 1489 1654 ἑαυτῶν
1532 1601 1628 1653 καὶ
1670 1601 1939 1669 διακρίσει

356 1687 617 1755 Πατέρων
641 1689 1133 1757 διενεργείτωσαν·
1195 1692 1266 1744 τὰ
1320 1690 1687 1760 νενομισμένα
1727 1691 1783 1744 δέ
1834 1692 1939 1743 είσι

353 1776 551 1833 ταῦτα.
601 1778 747 1845 Ἐγὼ
770 1778 828 1831 δὲ
860 1779 1020 1833 τοῦτο
1060 1782 1227 1851 εὐχὴν
1256 1782 1398 1851 ὑπὲρ
1451 1783 1668 1860 τῶνυὲν
1718 1781 1940 1849 Χριστῷ

352 1872 699 1926 ἀπελθόντων
768 1874 977 1943 νομίζω
1040 1876 1438 1929 συντεθεῖσθαι.
1497 1878 1627 1938 Δι’),
1691 1895 1709 1926 ι
1749 1875 1937 1936 Δεῦτε,

353 1965 846 2033 προσκυνήσωμεν,
888 1984 908 2017 ι
941 1960 1096 2027 αὖθις
1145 1966 1376 2035 λέγομεν
1432 1967 1566 2034 μετὰ
1586 1964 1685 2035 τὴν
1750 1966 1938 2033 εὐχὴν,
1972 2024 2013 2054 υ

351 2056 445 2110 καὶ
470 2055 567 2109 δύο
612 2056 887 2126 ψαλμοὺς.
921 2058 1018 2111 καὶ
1047 2057 1387 2127 Τρισαργίου
1422 2058 1611 2126 εὐχὴν,
1653 2058 1746 2110 καὶ
1774 2056 1939 2119 εὐθὺς

356 2150 501 2218 ὑπὲρ
554 2149 666 2201 τῶν
716 2149 1141 2221 κεκοιμημένων
1190 2150 1485 2218 τροπάρια,
1548 2151 1628 2211 τὸ,
1680 2168 1697 2198 ι
1739 2147 1937 2216 Κύριε,

352 2240 601 2309 ιλέησον,
637 2260 656 2293 ι
690 2240 1015 2303 δωδεκάκις.
1056 2242 1153 2294 καὶ
1180 2242 1280 2311 τὴν
1311 2242 1453 2311 ὑπὲρ
1519 2242 1703 2294 αὐτῶν
1749 2242 1939 2310 εὐχὴν,

351 2332 433 2397 τὸ,
477 2352 496 2385 ι
534 2333 847 2403 Μνήσθητι,
883 2336 1075 2404 Κύριε,
1118 2353 1136 2386 ι
1167 2335 1262 2388 καὶ
1284 2334 1457 2396 οὕτως
1488 2334 1750 2395 ἀπόλυσις
1798 2332 1943 2400 γίνε-

356 2441 473 2478 ται.
508 2425 835 2489 Ἀναγκαῖον
862 2427 973 2495 γὰρ
1003 2428 1099 2481 καὶ
1130 2427 1273 2497 ὑπὲρ
1320 2427 1431 2479 τῶν
1480 2426 1793 2479 τεθνεώτων
1843 2442 1941 2494 με-

364 2517 853 2586 μνῆσθαι,ὂτικαὶ
877 2520 1041 2589 ἡμεῖς
1091 2518 1487 2587 τεθνηξόμεθα,
1548 2518 1645 2571 καὶ
1708 2517 1943 2587 μάλιστα

363 2608 507 2660 κατά
526 2609 587 2661 τὸ
618 2609 976 2677 μεσονύκτιον
1010 2609 1373 2679 ἐλπιζομένης
1422 2612 1521 2676 τῆς
1573 2611 1681 2663 τῶν
1735 2611 1945 2678 νεκρῶν

358 2701 737 2765 ἀναστάσεως,
774 2702 870 2756 καὶ
893 2704 1037 2771 ὑπὲρ
1063 2704 1174 2757 τῶν
1211 2706 1356 2757 κατὰ
1389 2706 1572 2773 σάρκα
1604 2702 1660 2756 δὲ
1724 2703 1946 2757 οίκείων

355 2794 454 2846 καὶ
487 2793 710 2847 πάντων
730 2795 1076 2849 ἀπελθόντων
1119 2796 1383 2865 εὔχεσθαι
1414 2797 1739 2863 ἀναγκαίως
1768 2812 1782 2826 °
1809 2796 1945 2861 ἀγάο

356 2884 596 2953 πηγάρ.
631 2881 991 2956 Εἶταήύπὲρ
1051 2886 1276 2940 πάντων
1333 2886 1490 2955 κοινὴ
1542 2886 1676 2956 εὐχή
1729 2903 1791 2939 τε
1853 2886 1948 2937 καὶ

354 2974 543 3045 δέησις
582 2976 818 3046 γίνεται,
846 2978 942 3032 τοῦ
978 2979 1173 3049 ἱερέως
1239 2978 1573 3049 ἀρχομένου,
1627 2979 1847 3032 πάντων
1893 2978 1951 3030 δὲ

360 3072 779 3138 συνευχομένων
852 3070 994 3139 ὑπὲρ
1058 3071 1167 3124 τῶν
1214 3070 1430 3124 πιστῶν
1488 3070 1773 3139 βασιλέων,
1844 3068 1953 3122 τῶν

350 3156 652 3224 όρθοδόξων
674 3160 999 3229 ἀρχιερέων,
1023 3163 1117 3213 τοῦ
1145 3161 1564 3230 καθηγουμένου
1596 3162 1828 3231 Πατρός,
1859 3161 1953 3214 καὶ

350 3251 540 3315 πάσης
570 3250 671 3317 τῆς
694 3252 754 3302 ιν
780 3251 999 3320 Χριστῷ
1020 3252 1182 3321 ἡμῶν
1213 3252 1579 3323 ἀδελφότητος
1610 3250 1707 3304 καὶ
1741 3251 1954 3304 λοιπῶν

2045 782 2201 835 tertia
2249 791 2413 851 atque
2452 782 2504 835 in
2555 781 2733 835 oﬂicio
2775 780 3126 849 Completorii
3159 778 3301 846 quod
3337 786 3461 845 post
3513 788 3622 828 cae-

2045 888 2166 924 nam
2226 874 2529 943 peragitur,
2593 889 2715 942 qua:
2765 874 2928 926 etiam
2993 873 3061 925 ab
3101 870 3345 939 antiquis
3405 877 3623 923 cantata

2048 964 2220 1020 fuisse
2271 967 2574 1034 invenitur,
2604 967 2744 1020 sicut
2774 974 2827 1018 et
2860 967 2910 1018 in
2949 980 3121 1033 agone
3148 962 3327 1016 maani
3361 960 3619 1030 martyris

2050 1056 2310 1111 Eustratii
2346 1058 2439 1125 qui
2469 1058 2683 1111 dicebat
2717 1077 2729 1111 :
2762 1074 2780 1107 ι
2817 1056 3043 1109 Domine
3080 1054 3223 1109 Deus
3255 1057 3415 1110 Pater
3447 1053 3623 1107 omni-

2045 1158 2257 1215 potens,
2283 1150 2505 1203 Domine
2528 1149 2628 1203 Fili
2656 1149 2929 1219 unigenite
2957 1147 3081 1202 Jusu
3103 1148 3342 1207 Christe.
3361 1158 3416 1201 et
3438 1156 3628 1199 sancte

2051 1239 2310 1308 Spiritus,
2346 1256 2453 1295 una
2489 1242 2687 1304 Deitas,
2727 1258 2833 1294 una
2868 1241 3067 1299 virtus,
3106 1260 3124 1291 ι
3157 1250 3213 1293 et.
3243 1250 3460 1293 extera.
3507 1236 3627 1303 Qua

2046 1330 2219 1391 ﬁnita.
2277 1332 2450 1385 media
2490 1332 2692 1386 dicitur
2743 1332 2903 1385 oﬂicii
2965 1329 3221 1383 nocturni
3286 1328 3626 1397 deprecatio;

2044 1424 2505 1491 quemadmodum
2541 1425 2747 1478 faciunt
2786 1426 3009 1491 quidam
3044 1425 3096 1475 iu
3145 1421 3433 1475 ordinibus
3468 1421 3631 1473 bora-

2046 1530 2190 1577 rum,
2234 1516 2327 1568 scd
2370 1514 2455 1567 isti
2492 1515 2706 1580 quidem
2766 1516 2994 1569 libenter
3041 1512 3169 1567 illud
3202 1514 3347 1567 sicut
3402 1520 3458 1565 et
3491 1509 3629 1563 alios

2043 1607 2265 1660 ordines
2292 1622 2388 1675 pro
2420 1621 2529 1659 suae
2565 1607 2783 1671 pictatis
2823 1606 3015 1658 ardore
3063 1617 3117 1659 et
3158 1604 3376 1657 Patrum
3424 1600 3630 1665 iudicio

2043 1699 2336 1753 observant
2362 1716 2375 1761 ;
2408 1700 2521 1752 hare
2548 1710 2725 1751 autem
2760 1699 2863 1751 ista
2897 1707 3022 1750 sunt.
3053 1704 3343 1764 prmccpta.
3369 1693 3480 1763 Ego
3500 1708 3631 1747 vero

2046 1789 2186 1842 bane
2228 1790 2528 1843 orationem
2592 1804 2792 1842 censeo
2834 1804 2932 1858 pro
2986 1788 3238 1841 fidelibus
3290 1786 3345 1839 in
3404 1784 3630 1839 Christo

2044 1881 2317 1935 defunctis
2349 1883 2558 1951 peragi.
2584 1880 2712 1933 ldco
2745 1897 2963 1935 rursum
2997 1891 3117 1948 post
3147 1880 3459 1932 orationem
3497 1876 3632 1931 dici-

2048 1990 2169 2027 mus
2219 1991 2233 2028 :
2295 1972 2485 2027 Venite
2544 1974 2853 2037 adoremus,
2892 1983 3052 2041 atquc
3086 1970 3226 2025 duos
3282 1970 3528 2039 psalmos
3576 1978 3633 2021 et

2046 2070 2412 2137 precationem
2451 2064 2709 2135 Trisagii.
2743 2068 3039 2135 statimque
3075 2079 3175 2131 pro
3224 2062 3631 2116 dormientibus

2043 2159 2343 2213 versiculos
2378 2158 2694 2217 recitatuus,
2733 2176 2749 2206 ι
2784 2155 2963 2225 Kyric,
3002 2158 3207 2208 elcisou
3242 2172 3260 2203 ι
3300 2152 3626 2212 duodecies.

2042 2260 2098 2303 et
2149 2249 2455 2301 orationem
2518 2262 2616 2315 pro
2651 2248 2786 2313 ipsis
2818 2264 2833 2300 :
2872 2264 2890 2298 ι
2920 2245 3212 2305 Nomento,
3244 2244 3471 2297 Domine
3499 2262 3517 2294 ι
3570 2253 3627 2297 ct

2043 2342 2114 2393 ita
2178 2340 2505 2394 absolvitur.
2556 2337 2689 2392 Nam
2747 2338 3118 2393 necessarium
3171 2345 3257 2389 cst
3316 2336 3634 2390 meminisse

2044 2432 2209 2484 etiam
2245 2442 2584 2484 mortuorum
2618 2430 2877 2500 quoniam
2918 2445 3019 2484 nos
3051 2443 3272 2498 quoque
3304 2427 3633 2493 moriemur.

2046 2531 2101 2576 ct
2132 2521 2408 2588 prmcipue
2442 2522 2619 2575 media
2650 2530 2809 2575 nocte
2838 2529 3058 2590 sperata
3083 2530 3425 2574 mortuorum
3448 2534 3635 2572 resur-

2048 2614 2312 2677 rcctione,
2346 2621 2399 2666 ct
2445 2627 2668 2667 necesse
2713 2621 2796 2666 est
2833 2626 2929 2680 pro
2964 2611 3286 2680 propinquis
3318 2609 3624 2665 secundum

2057 2721 2278 2760 carnem
2313 2693 2377 2759 ac
2414 2720 2513 2773 pro
2559 2705 2818 2758 omnibus
2869 2702 3144 2757 defunctis
3194 2717 3468 2761 etorare;
3532 2702 3636 2756 hoc

2049 2798 2196 2853 enim
2234 2807 2317 2852 est
2354 2797 2617 2851 charitas.
2657 2796 2858 2850 Deinde
2896 2795 2952 2848 fit
2987 2796 3300 2850 communis
3332 2808 3429 2863 pro
3456 2795 3638 2847 omni-

2052 2892 2153 2944 hus
2188 2890 2369 2942 oratio
2421 2900 2476 2943 et
2526 2888 2839 2957 postulatio,
2900 2888 3196 2955 incipiente
3251 2886 3536 2942 sacerdote
3585 2896 3640 2939 et

2052 2978 2309 3032 omnibus
2339 2979 2502 3032 simul
2539 2977 2965 3047 deprecantibus
2997 2991 3092 3046 pro
3117 2976 3335 3043 regibus
3366 2975 3640 3038 fidelibus.

2055 3087 2153 3141 pro
2184 3072 2505 3127 orthodoxis
2540 3070 2911 3140 pontificibus.
2942 3086 3039 3139 pro
3068 3078 3224 3138 patre
3266 3067 3517 3136 preside,
3543 3081 3645 3135 pro

2059 3165 2314 3220 universa
2372 3172 2688 3217 nostrorum
2748 3162 2800 3214 in
2855 3160 3079 3215 Chi-isto
3133 3158 3364 3214 fratrum
3426 3158 3635 3212 familia

2057 3265 2496 3325 cmterornmqne
2531 3254 2999 3316 Christianorum,
3054 3262 3216 3319 atque
3248 3265 3348 3320 pro
3391 3249 3643 3318 patribus

353 3337 533 3393 ἄλλων
568 3339 932 3407 Χριστιανῶν,
959 3341 1053 3394 καὶ
1098 3340 1210 3393 τῶν
1271 3340 1570 3406 ὀρθοδόξως
1605 3340 1954 3409 κεκοιμημέ-
1980 3381 2029 3442 c
2060 3362 2094 3400 ei

1900 3340 1954 3394 έ-
1980 3381 2029 3442 c
2060 3356 2113 3400 et
2146 3345 2411 3399 fratribus
2446 3345 2647 3397 nostris
2678 3344 2770 3411 qui
2828 3343 2960 3396 olim
2995 3342 3048 3396 in
3099 3340 3205 3396 fide
3251 3341 3592 3395 dormierunt
3624 3357 3639 3398 ξ

354 3446 461 3481 νων
490 3428 659 3481 πάλιν
684 3430 947 3500 Πατέρων
973 3433 1067 3484 καὶ
1098 3433 1347 3499 ἀδελφῶν
1376 3433 1559 3501 ἡμῶν,
1590 3432 1953 3501 χρειωδέστα-

355 3534 453 3571 τον
486 3520 596 3587 γὰρ
666 3522 725 3576 έν
779 3522 859 3591 τῷ
912 3524 1024 3577 τῶν
1091 3524 1268 3595 εὐχῶν
1316 3524 1458 3578 τέλει
1507 3525 1645 3596 ὑπὲρ
1697 3524 1959 3578 ἁπάντων

358 3610 694 3680 μεμνῆσθαι.
734 3613 857 3667 Ὀτι
898 3614 1062 3669 τοῦτο
1114 3617 1396 3678 ποιοῦντες
1425 3615 1667 3678 ἅπαντες
1702 3616 1955 3670 ἁπαντα-

354 3702 474 3772 χοῦ,
505 3703 648 3771 ὑπὲρ
700 3704 946 3775 ἀλλήλων
1010 3708 1288 3777 εὐχόμεθα
1316 3751 1330 3770 ,
1385 3709 1483 3761 καὶ
1504 3708 1647 3761 οὕτω
1673 3707 1817 3760 κατὰ
1863 3707 1957 3759 τὸν

355 3792 661 3862 Θεάὸελφον
694 3798 843 3849 [aut
871 3798 1090 3866 ίαθῆναι
1120 3800 1266 3867 ἡμᾶς
1287 3799 1381 3853 καὶ
1410 3798 1645 3865 σωθῆναι
1672 3800 1764 3850 καὶ
1790 3795 1950 3849 ἑκόν-

358 3903 457 3947 τας
490 3888 585 3939 καὶ
608 3889 870 3951 ἄκοντας.
908 3890 1021 3952 Τὰς
1051 3891 1236 3949 κοινὰς
1271 3890 1327 3943 δὲ
1353 3890 1517 3958 εὐχὰς
1542 3891 1636 3943 καὶ
1674 3891 1703 3941 ὁ
1739 3888 1955 3956 πρῶτος

359 3980 752 4049 έπισφραγίζει
772 4023 787 4047 ,
818 3982 909 4035 διὰ
948 3983 1061 4036 τῶν
1084 3984 1265 4053 εὐχῶν
1292 3984 1401 4036 τῶν
1434 3984 1605 4051 ἁγίων
1638 3983 1796 4050 ἡμῶν
1845 3984 1953 4034 lla-

357 4072 533 4145 τέρων
552 4074 785 4143 Χριστὸν
804 4076 896 4129 τὸν
914 4075 1049 4129 Θεὸν
1085 4076 1341 4146 ἡμῶνείς
1360 4076 1508 4128 ἔλεον
1528 4074 1953 4142 ἐκκαλούμενος.

949 4191 1206 4245 ΚΕΦᾹΛ.
1234 4190 1359 4245 ΤΘθ.

357 4303 494 4371 Περ)
518 4303 631 4371 τῆς
656 4306 762 4358 τοῦ
788 4304 1005 4371 ὄρθρου
1024 4306 1411 4369 ἀκολουθίας,
1435 4308 1531 4358 καὶ
1550 4305 1789 4371 πρῶτον
1809 4306 1864 4356 τί
1888 4304 1954 4355 τὸ

422 4376 778 4442 ἀνοίγεσθαι
808 4375 929 4427 τῶν
950 4373 1165 4428 πυλῶν
1181 4375 1290 4428 τοῦ
1313 4376 1464 4428 ναοῦ
1503 4379 1577 4427 τὰ
1602 4376 1951 4442 βηλόθυρα,

428 4445 529 4499 καί
554 4447 942 4513 είσέρχεσθαι
965 4444 1169 4507 ἔνδον,
1199 4443 1299 4496 καί
1325 4446 1391 4497 τό
1416 4447 1700 4514 θυμίαμα.

428 4536 540 4587 Καὶ
560 4534 736 4597 οὕτως
770 4538 799 4589 ό
827 4534 928 4605 μιν
984 4536 1378 4605 μεσονυκτικδς
1414 4536 1583 4603 ὕμνος
1608 4536 1947 4588 τετέλεσται.

355 4627 424 4680 Al
448 4626 618 4679 πύλαι
646 4626 816 4679 δὲτοῦ
850 4626 979 4679 ναοῦ
1014 4628 1326 4693 ἀνοίγονται
1356 4627 1432 4689 ὡς
1463 4630 1492 4681 ὁ
1542 4628 1797 4695 οὐρανὸς,
1853 4628 1950 4681 καὶ

2060 3438 2263 3506 quippe
2306 3436 2533 3505 perutile
2560 3448 2646 3491 est
2674 3436 2726 3489 in
2759 3436 2862 3489 fine
2891 3449 3113 3504 precum
3147 3433 3217 3488 de
3247 3430 3506 3488 omnibus
3532 3446 3646 3485 me-

2061 3532 2291 3585 moriam
2327 3528 2528 3593 facere,
2577 3529 2834 3595 quoniam
2893 3528 2965 3581 ita
3022 3525 3276 3580 faciendo
3342 3539 3535 3578 omnes
3588 3522 3643 3576 in

2058 3623 2205 3677 omni
2256 3621 2375 3675 loco
2428 3638 2524 3690 pro
2560 3622 2792 3676 invicem
2828 3635 3071 3685 oramus,
3116 3626 3171 3673 et
3197 3618 3299 3682 sic,
3339 3617 3642 3671 secundum

2060 3716 2282 3769 fratrem
2324 3714 2556 3776 Domini,
2592 3713 2911 3767 sanabimur
2936 3725 3127 3765 munes
3155 3719 3211 3764 et
3241 3709 3380 3765 salvi
3434 3710 3644 3763 erimus

2058 3807 2290 3861 libentes
2321 3814 2375 3859 et
2402 3804 2582 3858 inviti.
2642 3802 2981 3859 Communes
3020 3812 3200 3857 autem
3240 3816 3429 3872 preces
3484 3817 3644 3871 supe-

2059 3899 2173 3954 rior
2196 3898 2406 3968 perﬁcit
2436 3898 2689 3966 precibus
2719 3908 3036 3951 sanctorum
3068 3904 3387 3951 nostrorum
3414 3894 3639 3949 Patrum

2057 3992 2263 4046 Christi
2302 3990 2392 4045 Dei
2430 3992 2600 4045 nostri
2639 3990 3073 4045 misericordiam
3101 3987 3426 4059 ﬂagitantlo.

2604 4185 2834 4240 CAPUT
2882 4183 3111 4241 CCCIX.

2061 4300 2137 4352 De
2188 4301 2368 4352 ordine
2402 4299 2656 4351 matutini
2686 4299 2858 4366 ofﬁcii.
2886 4310 2932 4353 et
2967 4302 3194 4366 primunt
3232 4298 3357 4367 quid
3388 4299 3646 4367 signiﬁcet

2128 4370 2253 4423 vela
2294 4379 2573 4435 portarum
2613 4369 2791 4436 templi
2822 4372 3054 4437 aperiri,
3092 4379 3250 4437 atque
3288 4385 3381 4439 per
3412 4369 3533 4423 illas
3564 4370 3647 4422 in-

2126 4440 2311 4501 troire,
2339 4450 2386 4493 et
2414 4439 2637 4507 auditus.

2132 4530 2197 4584 Et
2231 4530 2311 4585 sic
2342 4541 2669 4584 nocturnum
2702 4529 2981 4598 perficitur
3007 4531 3268 4600 ofﬁcium.
3308 4530 3484 4587 Porta!
3514 4546 3645 4587 vero

2058 4623 2247 4690 templi
2285 4622 2613 4689 aperiuntur
2640 4633 2895 4691 tanquam
2930 4624 3152 4687 cadum,
3184 4632 3240 4678 et
3265 4622 3411 4679 velut
3440 4638 3469 4677 a
3500 4634 3641 4679 terra

354 4717 430 4781 ὡς
456 4719 566 4771 ἀπὸ
598 4719 697 4786 τῆς
718 4719 821 4785 γῆς
842 4719 920 4780 είς
959 4719 1123 4771 αὐτὸν
1153 4718 1537 4788 είσερχόμεθα.
1572 4716 1730 4772 Ksed
1758 4717 1823 4788 δὴ
1851 4718 1947 4771 καὶ
1980 4722 2023 4778 η
2056 4714 2095 4766 it

1900 4718 1947 4771 ιὶ
1980 4722 2023 4778 n
2056 4714 2111 4766 in
2166 4712 2301 4767 illud
2355 4712 2715 4781 ingrediatur,
2758 4715 3219 4787 quemadmodum
3271 4724 3328 4771 et
3371 4725 3499 4771 tunc
3548 4716 3641 4785 qui

357 4810 481 4862 τότε
532 4808 953 4878 ἁρπαγὴσονται
1007 4812 1057 4863 οῖ
1108 4809 1203 4862 τοῦ
1272 4808 1509 4879 Χριστοῦ
1568 4811 1627 4861 ἐν
1665 4808 1943 4877 νεφέλαις.

363 4904 475 4955 Καὶ
503 4901 646 4954 οὕτω
678 4902 908 4955 πάντοτε
942 4902 1042 4955 σὺν
1096 4902 1285 4971 Κυρίῳ
1314 4900 1551 4971 ἐσόμεθα
1585 4918 1598 4931 ·
1638 4903 1734 4955 καὶ
1762 4902 1837 4962 ὡς
1864 4918 1948 4953 νε-

364 4993 499 5063 φέλη
532 4993 589 5047 δὲ
622 4994 681 5046 τὸ
720 4993 991 5062 θυμίαμα,
1026 4994 1087 5046 τὸ
1112 4993 1335 5064 Πνεῦμα
1363 4994 1423 5046 τὸ
1444 4990 1598 5060 ἅγιον
1651 4992 1946 5047 ἐσιειυποῦν⁹

358 5084 496 5137 ἀλλὰ
528 5084 619 5137 καὶ
654 5084 713 5135 τὸ
748 5083 1101 5153 μεταδοτικὸν
1124 5085 1223 5151 τῆς
1260 5083 1412 5145 θείας
1441 5082 1607 5137 αὐτοῦ
1639 5083 1861 5153 χάριτός
1888 5099 1947 5135 τε

360 5178 457 5229 καὶ
485 5176 740 5243 εύῳδίας.
775 5176 951 5238 Εὐθὺς
987 5178 1096 5246 γὰρ
1130 5176 1487 5229 εἰσελθόντων
1514 5177 1797 5241 ἁπάντων,
1852 5177 1947 5228 τοῦ

363 5270 461 5337 μὲν
482 5269 901 5337 καθηγουμένου
933 5269 1021 5321 διὰ
1068 5272 1172 5339 τῆς
1242 5268 1531 5338 βασιλικῆς
1564 5268 1733 5337 κιο
1766 5268 1950 5335 Πύλης

362 5362 438 5424 ὡς
460 5360 556 5413 τοῦ
585 5360 823 5429 Χριστοῦ
854 5359 950 5413 τοῦ
983 5361 1072 5413 διὰ
1098 5360 1273 5427 πύλης
1310 5358 1649 5419 είσελθόντος
1707 5358 1770 5409 έν
1814 5359 1949 5426 ἡμῖν

362 5453 777 5521 κεκλεισμένης,
811 5452 911 5521 τῆς
940 5452 1233 5515 Θεοτόκου,
1276 5450 1372 5502 καὶ
1398 5450 1509 5501 τῶν
1536 5448 1788 5517 οὐρανῶν
1816 5450 1949 5517 ἡμῖν

365 5543 464 5605 τὰς
488 5542 661 5605 πύλας
693 5542 1029 5605 ἁνοίξαντος,
1074 5541 1183 5593 τῶν
1212 5540 1271 5592 δὲ
1319 5540 1525 5593 λοιπῶν
1569 5542 1633 5591 ἐκ
1690 5538 1949 5605 πλαγίου,

369 5636 445 5699 ὡς
474 5636 580 5688 ὑπὸ
600 5635 699 5695 τὰς
726 5635 1002 5705 πτέρυγας
1024 5634 1194 5686 ὅτεων
1216 5633 1381 5685 αὑτοῦ
1409 5634 1507 5685 καὶ
1522 5630 1726 5685 δούλων
1750 5630 1942 5693 αὐτοῦ,

369 5724 399 5773 ὁ
446 5724 627 5792 ιερεὺς
681 5722 792 5775 ἀπὸ
843 5723 938 5773 τοῦ
998 5722 1388 5791 θυσιαστηρίου
1444 5722 1680 5789 εύλογεῖ,
1730 5720 1805 5781 ὡς
1855 5718 1949 5772 τοῦ

368 5812 606 5880 Χριστοῦ
641 5815 934 5885 ὑπουργὸς,
970 5816 1136 5869 αὐτὸν
1180 5816 1421 5881 εὐλογῶν
1454 5815 1593 5884 μετὰ
1626 5814 1841 5883 Πατρός
1890 5830 1949 5864 τε

373 5907 470 5959 καὶ
498 5906 816 5976 Πνεύματος
850 5906 1085 5960 ὲνώπιον
1110 5906 1205 5959 τοῦ
1251 5906 1445 5977 θρόνου
1486 5906 1582 5959 καὶ
1612 5905 1721 5957 τῶν
1778 5905 1953 5972 ἁγίων

374 5998 564 6054 σῦτοῦ.
591 6000 699 6055 Καὶ
716 6000 765 6052 οῖ
801 5998 903 6066 μὲν
934 6000 1134 6061 πάντες
1167 5999 1354 6069 ᾄδουσι
1388 5998 1477 6052 τὸν
1500 5998 1817 6067 Τρισάγιον,
1858 5998 1950 6051 καὶ

2058 4814 2189 4861 sunt
2215 4804 2421 4859 Christi
2464 4804 2742 4873 rapientur
2792 4806 2845 4858 iu
2896 4806 3158 4874 nubibus,
3195 4814 3248 4859 et
3298 4807 3379 4862 sic
3426 4821 3645 4875 semper

2055 4911 2180 4951 cum
2216 4896 2447 4949 Domino
2492 4896 2743 4961 erimus;
2796 4897 3013 4951 suﬂitus
3064 4907 3246 4952 autem
3279 4898 3435 4967 quasi
3470 4898 3643 4952 nubes

2057 5002 2171 5057 quo
2214 4988 2455 5056 Spititus
2508 5000 2734 5042 sanctus
2790 4990 3135 5058 exprimitur,
3192 5002 3402 5043 necnon
3441 4989 3641 5043 divinae

2055 5079 2176 5148 ejus
2208 5081 2395 5148 gratiae
2420 5080 2658 5147 boniqttc
2688 5079 2875 5134 odoris
2896 5080 3349 5134 communicatio.
3376 5079 3642 5135 Omnibus

2056 5168 2201 5222 enim
2240 5168 2527 5237 ingressis,
2562 5169 2791 5237 prazside
2840 5168 3060 5237 quidem
3094 5183 3188 5237 per
3224 5180 3436 5239 portam
3493 5185 3647 5240 rega-

2053 5256 2185 5324 lem,
2234 5262 2381 5316 velut
2429 5262 2653 5316 Christo
2688 5278 2784 5331 per
2832 5272 3047 5329 portam
3088 5262 3332 5317 intrante
3379 5261 3432 5315 in
3484 5261 3644 5316 nobis

2054 5355 2322 5420 clausam,
2348 5356 2552 5408 Scilicet
2574 5353 2837 5422 Deipara',
2864 5356 3238 5423 malorumque
3266 5354 3641 5423 nobisjanuas

2055 5445 2423 5512 εάιιριινίιιιιιε,
2456 5446 2669 5498 ueteris
2704 5460 2833 5499 vero
2865 5462 2893 5499 a
2936 5447 3103 5500 latere
3136 5447 3293 5511 quasi
3326 5456 3513 5501 essent
3537 5446 3644 5500 sub

2059 5538 2163 5591 alis
2190 5538 2313 5606 ejus
2342 5549 2395 5591 et
2422 5539 2567 5591 illius
2596 5538 2765 5602 serti,
2790 5538 3048 5593 sacerdos
3080 5537 3148 5591 ab
3178 5537 3337 5591 altari
3370 5536 3643 5592 hencdicit

2058 5638 2241 5697 utpote
2265 5628 2472 5683 Christi
2508 5630 2780 5692 minister,
2808 5646 2932 5681 cum
2971 5628 3300 5683 benedicens
3321 5644 3447 5682 cum
3482 5629 3640 5682 Patre

2058 5730 2111 5773 et
2153 5720 2357 5787 Spiritu
2396 5720 2452 5773 in
2487 5729 2787 5788 conspectu
2821 5720 3003 5774 throni
3039 5728 3095 5773 et
3126 5730 3445 5775 sanctorum
3496 5721 3640 5790 ejus.

2057 5810 2123 5864 Et
2156 5826 2346 5865 omnes
2378 5819 2601 5880 cantant
2634 5810 2921 5878 Trisagion
2974 5827 3035 5866 ac
3084 5810 3245 5867 Pater
3283 5823 3488 5877 noster,
3523 5811 3642 5865 Tri-

2060 5902 2285 5957 nitatem
2339 5901 2684 5955 celebrantes
2718 5916 2843 5955 cum
2894 5903 3121 5972 angelis,
3158 5912 3211 5957 ct
3260 5903 3515 5957 traditam
3566 5905 3650 5958 di-

2059 6005 2242 6051 centes
2273 5997 2596 6052 orationcni.
2636 5994 2706 6051 lle
2733 6013 2835 6067 qua
2869 5995 3106 6069 Trisagii
3138 6000 3387 6053 oratione
3414 5998 3641 6070 dignum
