4408 6772
381 594 486 667 565

1536 613 1635 697 DE
1675 612 1916 675 SACRA
1960 613 2466 693 PllECATIONE.

3511 593 3631 668 596

376 721 470 773 καὶ
492 720 707 775 ἀπὸτοῦ
730 722 914 788 Ἀγιου
938 721 1047 775 τῶν
1072 720 1242 789 ἁγίων
1259 724 1353 775 τοῦ
1372 705 1759 794 θυσιαστηρίου
1782 726 1944 795 ἀρχὸο
1981 734 2019 781 Α
2052 742 2110 779 ca

1895 726 1944 776 ὁ.
1981 734 2201 781 Acans.
2268 704 2697 796 Quapropterfa
2756 728 2956 782 Santto
3014 736 3362 793 sanctorum,
3424 732 3632 787 Scilicet

381 832 562 885 μενος,
589 814 805 870 ἅπαντα
838 818 978 869 κατὰ
998 818 1151 883 τάξιν
1171 818 1478 887 θυμιᾷ,ξούχ
1496 806 1681 878 ὰπλῶς
1710 819 1876 871 ποιῶι
1893 822 1952 887 τὸ

377 907 651 976 θυμίαμα,
677 909 810 961 ἀλλὰ
844 909 1181 977 σφραγίζων,
1206 912 1301 963 καὶ
1323 899 1697 979 anethum.
1721 913 1797 980 τῷ
1827 915 1868 964 Χ
1878 930 1959 982 ρι-

379 1002 490 1070 στῷ
526 1001 593 1055 δι’
616 1002 781 1071 εὐχῆς
806 1004 1081 1064 ἀνατιθεὶς
1136 1004 1229 1056 καὶ
1252 985 1706 1076 προσφέρων,καὶ
1728 1007 1957 1075 προσδε-

379 1094 578 1162 χθῆναι
606 1094 717 1147 ἀνω
738 1093 938 1163 ζητῶν.
956 1098 1050 1148 καὶ
1074 1100 1542 1168 καταπεμφθῆναι
1569 1096 1701 1167 ἡμῖν
1727 1101 1830 1170 τὴν
1855 1101 1956 1168 χά·

383 1202 466 1253 ριν
488 1187 583 1239 τοῦ
603 1187 873 1254 παναγίου
896 1183 1214 1257 Πνεύματος
1240 1204 1256 1220 ⁸
1288 1190 1427 1243 ὥστε
1446 1192 1533 1245 διὰ
1560 1192 1652 1245 τοῦ
1676 1193 1961 1260 θυμιάμα-

378 1292 469 1338 τος
491 1275 591 1344 τὴν
613 1276 772 1344 χάριν
791 1277 1145 1346 λαμϐάνομεν
1175 1296 1189 1311 ·
1215 1281 1307 1333 καὶ
1340 1280 1528 1350 μηδεὶς
1571 1282 1841 1350 ἀμελείτω
1866 1285 1958 1337 τοῦ

380 1369 605 1437 θυμιᾷν.
627 1369 789 1423 Ὀλον
802 1366 894 1425 οὖν
910 1370 1134 1424 διελθὼν
1177 1373 1477 1442 ταχύτερον
1493 1357 1583 1427 τὸν
1609 1375 1755 1442 ναὸν,
1774 1378 1869 1429 καὶ
1894 1377 1962 1431 τὰ

381 1456 545 1525 219
582 1457 707 1524 ἔξω,
746 1462 876 1528 περὶ
906 1460 966 1512 τὸ
997 1461 1146 1523 τέλος
1166 1461 1268 1529 τῆς
1295 1467 1607 1533 προσευχῆς
1640 1465 1757 1529 τοῦ,
1796 1484 1815 1518 ι
1847 1467 1958 1520 1ιά-

381 1565 479 1617 τερ
513 1550 694 1617 ἡμῶν,
733 1568 752 1601 ι
789 1551 1103 1619 εἰσέρχεται
1168 1554 1265 1615 τὰς
1314 1554 1512 1619 πύλας,
1574 1558 1669 1608 καὶ
1725 1560 1961 1626 σταυρὸν

382 1638 571 1689 τυπῶν
590 1638 679 1691 διὰ
706 1641 799 1692 τοῦ
830 1642 1219 1712 θυμιατηρίου,
1257 1645 1446 1713 φησὶν,
1488 1664 1509 1708 r
1542 1646 1668 1698 Ὀτι
1706 1647 1962 1701 σοῦὲστιν

391 1730 423 1795 ἡ
486 1729 757 1799 βασιλεία,
796 1751 817 1784 ι
883 1735 1301 1803 ὲπισφραγίζων
1344 1738 1444 1806 τὴν
1491 1738 1681 1807 εὐχὴν,
1729 1740 1804 1801 ὡς
1858 1742 1961 1809 ἔφη

390 1820 646 1891 Χριστὸς,
684 1824 780 1876 καὶ
805 1825 904 1895 τὴν
944 1827 1151 1896 Τριάδα
1179 1828 1498 1897 δοξσλογῶν.
1532 1825 1664 1884 Εἶτα
1696 1833 1786 1886 τὸν
1824 1834 1962 1887 καθ-

392 1910 699 1980 ηγούμενον
724 1911 895 1986 θυμιᾷ
930 1917 993 1968 ὲκ
1037 1917 1322 1989 δευτέρου,
1369 1921 1538 1990 τιμὴν
1569 1922 1745 1983 διδοὺς
1784 1924 1856 1986 ὡς
1887 1924 1965 1992 τῷ

393 2002 636 2073 Χριστῷ,
690 2005 787 2057 καὶ
833 2007 934 2068 τὰς
970 2010 1029 2063 ὲν
1083 2011 1236 2079 μέσῳ
1290 2011 1441 2081 ἱερὰς
1495 2013 1696 2081 ὁμοίως
1728 2016 1964 2080 εἰκόνας,

390 2095 486 2148 καὶ
509 2096 571 2148 τὸ
600 2095 988 2169 θυσιαστήριον
1010 2101 1301 2165 εἰσελθὼν,
1340 2102 1659 2172 ἔμπροσθεν
1686 2107 1784 2175 τῆς
1801 2107 1966 2174 ἁγίας

390 2184 673 2255 τραπέζης
712 2188 868 2255 στὰς,
907 2190 983 2253 ὡς
1027 2193 1121 2245 ἐπὶ
1178 2194 1277 2247 τοῦ
1319 2194 1466 2247 θείου
1499 2197 1690 2265 θρόνου
1727 2199 1821 2250 καὶ
1873 2200 1969 2254 τοῦ

393 2277 541 2345 ίεροῦ
574 2278 813 2347 Χριστοῦ
853 2283 1163 2350 μνήματος,
1194 2284 1312 2350 τοῦ,
1349 2305 1368 2339 ι
1397 2288 1729 2359 Εὐλόγησον,
1762 2291 1967 2361 Πάτερ,

393 2371 548 2439 παρὰ
570 2371 679 2425 τῶν
700 2372 806 2439 ἔξω
835 2374 1156 2445 λεγομένου,
1198 2380 1437 2447 ὲκφωνεῑ
1499 2384 1620 2450 μετ’
1680 2384 1971 2449 εὐλαϐείας

393 2461 490 2512 καὶ
522 2461 714 2525 πόθου,
751 2482 772 2516 ι
814 2464 953 2532 Δόξα
984 2470 1049 2538 τῇ
1103 2470 1237 2541 ἁγίᾳ
1264 2473 1358 2524 καὶ
1408 2474 1681 2544 ὁμοουσίῳ
1708 2476 1803 2529 καὶ
1838 2478 1974 2540 ζωο-

394 2551 535 2619 ποιῷ
568 2556 663 2608 καὶ
690 2554 988 2629 ἀδιαιρέτῳ
1013 2560 1105 2613 καὶ
1147 2562 1551 2633 παντοδυνάμῳ
1582 2565 1776 2634 Τριάδι
1834 2565 1975 2620 πάν-

394 2660 540 2707 τοτε,
585 2663 603 2695 ι
630 2645 725 2698 τὸν
758 2647 934 2700 αἴτιον
966 2651 1187 2704 πάντων
1223 2654 1313 2705 καὶ
1343 2657 1647 2724 Δεσπότην,
1689 2662 1781 2709 τὸν
1815 2658 1974 2724 μόνον

395 2735 504 2787 τῶν
528 2736 664 2789 ὅλων
694 2740 750 2792 ἐν
779 2740 973 2809 Τριάδι
1005 2742 1138 2797 Θεὸν
1158 2745 1265 2813 πρὸ
1299 2747 1481 2815 πάσης
1504 2748 1650 2818 ᾠδῆς
1672 2749 1971 2818 θεολογῶν,

395 2825 493 2878 καὶ
538 2826 862 2897 δοξολογῶν,
903 2835 1000 2887 καὶ
1052 2834 1228 2904 ἀρχὴν
1270 2838 1383 2890 τῶν
1446 2837 1633 2907 ὓμνων
1670 2841 1973 2911 τιθέμενος,

400 2919 496 2971 καὶ
528 2918 602 2982 ὡς
627 2920 806 2990 ἀρχὴν
828 2921 958 2978 ὄντα
993 2927 1216 2979 πάντων
1247 2928 1341 2983 καὶ
1364 2929 1542 2992 τέλος.
1569 2932 1679 2983 Καὶ
1702 2930 1848 2984 οὕτω
1875 2932 1972 2985 τοῦ

407 3009 601 3079 Ἀμὴν
624 3012 946 3083 λεγομένου,
979 3016 1117 3086 ὅπερ
1152 3018 1269 3071 ἐστὶ
1326 3018 1684 3089 βεϐαιωτικὸν
1727 3023 1822 3076 καὶ
1854 3024 1974 3076 ἀντὶ⁵

397 3103 492 3155 τοῦ
518 3103 650 3167 Ναὶ,
679 3104 901 3159 πάντων
931 3108 1235 3176 σιγώντων,
1260 3110 1359 3181 τὴν
1384 3111 1567 3165 ἔνθεον
1596 3114 1973 3184 σημαινόντων

400 3192 705 3261 ἀφθεγξίαν
734 3194 845 3248 τῶν
869 3196 1121 3264 ἀγγέλων
1164 3200 1222 3251 ὲν
1249 3202 1365 3263 τοῖς
1398 3201 1491 3254 τοῦ
1523 3203 1663 3256 Θεοῦ
1720 3208 1975 3274 φρικτοίς

402 3284 499 3336 καὶ
532 3285 845 3351 εὐλάϐειαν,
886 3282 969 3351 εἷς
1027 3290 1136 3343 τῶν
1196 3290 1507 3361 ἱσταμένων
1554 3296 1731 3347 ἐκεῖσε
1766 3296 1863 3350 κα)⁵
1889 3313 1976 3349 τεο

2061 820 2220 871 altari
2255 820 2543 887 incipiens,
2592 806 3108 904 οὲιιιιίιιεεςιιιιιΙιιιιι
3143 819 3391 885 ordinem
3449 823 3631 873 inretr

2061 920 2165 973 sat,
2217 927 2322 966 non
2365 912 2538 965 Solum
2589 900 2827 975 snﬁitnm
2892 900 3115 974 iacit-ns,
3156 913 3248 965 sed
3306 920 3360 965 et
3415 900 3637 977 signatis

2059 1014 2114 1057 et
2144 1005 2520 1066 sanetiﬁcans,
2547 1002 2874 1072 Christoque
2899 1020 2994 1070 per
3027 1004 3333 1055 orationem
3371 999 3638 1053 adhibens

2061 1106 2114 1150 et
2150 1096 2407 1156 offerens,
2444 1111 2509 1149 ac
2541 1096 2841 1167 deprecans
2881 1105 2937 1147 ut
2986 1096 3201 1148 coalitus
3236 1094 3537 1161 accipiatur
3581 1100 3638 1145 et

2062 1190 2302 1257 desuper
2326 1190 2481 1243 nobis
2500 1189 2670 1257 gratia
2694 1190 3021 1243 sanctissimi
3046 1184 3636 1254 Spiritusdcmittattir,

2063 1285 2135 1335 ita
2158 1291 2215 1335 ιιι
2244 1298 2336 1350 per
2370 1283 2649 1336 incensmn
2687 1283 2915 1351 gratiam
2950 1282 3315 1344 accipiamus;
3345 1293 3505 1330 nemo
3542 1278 3638 1343 igi-

2065 1382 2153 1426 tur
2193 1372 2565 1432 sufﬁmentum
2598 1376 2850 1442 negligat.
2888 1372 3074 1439 Itaque
3104 1382 3219 1422 toto
3252 1369 3457 1437 templo
3489 1368 3638 1419 velo-

2062 1465 2179 1517 cius
2217 1474 2517 1531 permeato,
2562 1474 2617 1516 et
2644 1464 2788 1517 foras
2833 1480 3108 1530 egressus,
3138 1465 3281 1515 circa
3317 1461 3474 1513 ﬁnem
3513 1476 3639 1512 ora-

2064 1555 2275 1607 tionis:
2312 1553 2471 1607 Pater
2537 1564 2744 1615 uester,
2794 1569 2975 1619 portas
3032 1554 3239 1617 intrat,
3302 1561 3357 1605 et
3419 1565 3637 1604 crucem

2063 1642 2321 1708 efﬁngens
2347 1646 2397 1697 in
2425 1644 2759 1699 incensando
2779 1644 2911 1698 dicit
2940 1661 2953 1696 :
2991 1663 3007 1693 ι
3040 1642 3213 1695 Tnnm
3239 1650 3321 1695 est
3342 1653 3591 1709 regnum,
3620 1657 3637 1687 ι

2065 1734 2365 1802 obsignans
2422 1737 2725 1789 orationem
2788 1751 2951 1803 quam
3011 1734 3265 1787 Christus
3324 1734 3531 1790 docuit.
3588 1739 3644 1782 ct

2066 1826 2387 1880 Trinitatem
2438 1828 2772 1897 gloriﬁcans.
2831 1826 3032 1880 Deinde
3084 1825 3366 1890 przesidem
3420 1837 3641 1876 rursum

2069 1919 2336 1980 iurensat,
2364 1919 2623 1973 honorem
2653 1921 2900 1973 tribuens
2929 1920 3170 1977 Christo.
3197 1931 3408 1970 necnon
3444 1917 3649 1984 pariter

2069 2024 2257 2064 sacras
2289 2011 2554 2079 imagines
2580 2010 2633 2063 in
2668 2011 2846 2064 medio
2873 2011 3115 2078 positas;
3143 2007 3341 2062 deinde
3373 2007 3440 2061 ad
3475 2010 3647 2060 altare

2072 2117 2419 2171 progressus,
2461 2114 2722 2169 stansque
2766 2102 2818 2154 in
2878 2109 3173 2168 conspectu
3216 2114 3417 2152 niensrc
3457 2114 3648 2163 εσυ-ηδ,

2072 2203 2333 2260 tanquam
2370 2205 2495 2247 ante
2533 2196 2791 2246 thronum
2832 2193 2921 2245 hei
2951 2203 3004 2244 et
3035 2206 3252 2244 sacrum
3285 2190 3488 2244 Christi
3528 2208 3646 2239 itio-

2074 2294 2418 2344 nuinentutn,
2442 2283 2654 2337 caeteris
2680 2283 2770 2350 qui
2800 2283 2931 2335 loris
2959 2290 3082 2335 sunt
3111 2279 3412 2347 prolocutis
3446 2293 3460 2329 :
3501 2296 3518 2327 ι
3549 2276 3651 2329 Be-

2075 2374 2332 2437 ncdicitc,
2366 2374 2546 2437 Pater,
2584 2394 2600 2425 ι
2636 2375 2906 2427 οιιιειιισι
2936 2387 3060 2426 cuin
3101 2372 3299 2439 pietate
3327 2379 3381 2424 et
3419 2384 3603 2423 amere
3636 2384 3650 2419 :

2079 2486 2098 2518 ι
2146 2465 2326 2521 Gloria
2357 2476 2561 2522 sancta;
2611 2476 2663 2520 et
2710 2463 3166 2531 consubstantiali
3216 2473 3270 2515 et
3315 2461 3562 2524 viviﬁcar,
3596 2470 3655 2513 et

2077 2559 2395 2614 indirisihili
2422 2570 2586 2627 atque
2607 2555 2964 2621 omnipotenti
2996 2555 3252 2609 Trinitati
3277 2554 3349 2607 sit
3377 2567 3648 2620 semper,»

2074 2655 2316 2707 omnium
2346 2664 2628 2707 auctorem
2660 2666 2725 2706 ac
2750 2651 3035 2704 Dominum
3062 2650 3238 2703 solum
3271 2647 3653 2701 Ut|i\'el'50l'|l'tt

2077 2747 2131 2800 in
2173 2745 2444 2800 Trinitate
2478 2746 2645 2799 Demn
2681 2755 2807 2797 ante
2857 2740 3142 2811 quodlibet
3187 2754 3409 2792 carmen
3458 2737 3655 2807 przeiii-

2075 2853 2208 2893 cans
2240 2848 2293 2891 et
2324 2837 2659 2905 glorilicans,
2699 2849 2935 2903 cumque
2968 2832 3290 2903 hymnorum
3329 2828 3652 2897 principium

2077 2946 2288 2999 ponens
2322 2938 2511 2997 utpote
2558 2927 2884 2996 principimn
2938 2925 3210 2991 ﬁnemque
3245 2922 3653 2975 universorum.

2076 3024 2281 3091 Sicque
2317 3023 2461 3075 dicto
2495 3037 2515 3071 ι
2553 3019 2749 3082 Amen,
2796 3036 2815 3068 ι
2872 3015 3019 3083 quod
3064 3022 3150 3069 est
3186 3013 3569 3066 allirmativmn
3602 3027 3660 3065 ει

2075 3115 2198 3185 loco
2229 3114 2379 3168 vocis
2413 3127 2424 3161 :
2462 3130 2479 3162 ι
2510 3110 2689 3163 Etiam
2722 3126 2741 3159 ι
2777 3107 3037 3177 positum,
3063 3104 3319 3158 omnibus
3343 3102 3657 3165 silentibus,

2080 3220 2191 3275 quo
2243 3219 2459 3258 sacrum
2519 3203 2859 3269 signiﬁcatur
2890 3199 3206 3267 angelorum
3246 3195 3524 3250 silentium
3560 3208 3657 3247 eo-

2083 3312 2314 3365 rumque
2367 3295 2538 3362 pietas
2588 3295 2727 3347 inter
2761 3292 3043 3346 tremenda
3088 3289 3178 3343 Dci
3230 3286 3485 3356 mysteria
3518 3301 3674 3337 unus-

401 3391 507 3441 ταγ
517 3375 717 3441 μένων,
739 3376 911 3431 τύπον
930 3379 1167 3447 ἀγγέλου
1195 3380 1377 3449 φέρων
1403 3383 1802 3448 ἀποσταλέντος
1828 3387 1977 3453 παρὰ
2005 3388 2046 3443 G
2084 3406 2142 3444 ex

1918 3387 1977 3452 pa
2005 3388 2046 3443 G
2084 3406 2148 3444 ex
2180 3390 2455 3443 stantibus
2489 3388 2670 3457 ibique
2699 3385 2754 3439 in
2789 3384 2980 3439 ordine
3013 3381 3424 3460 assistentibus.
3465 3379 3659 3446 imagi-

403 3464 669 3547 Osoii,_1:&
690 3466 801 3519 τῶν
832 3469 1085 3536 ἀγγέλων
1133 3472 1582 3541 προοιμιάζεται,
1632 3475 1701 3528 τὰ
1740 3478 1981 3547 ἀνυμνη-

405 3557 565 3610 θέντα
590 3560 647 3609 ὲν
676 3560 743 3628 τῇ
776 3558 871 3611 τοῦ
910 3560 1116 3629 Κυρίου
1146 3563 1419 3632 γεννήσει,
1440 3565 1584 3633 ἅπερ
1613 3560 1694 3627 εἷς
1732 3567 1830 3636 μὲν
1848 3570 1984 3638 πρὸ·

406 3664 564 3718 τερον
592 3648 826 3718 ἄγγελος
856 3654 968 3714 τοῖς
1000 3653 1232 3720 ποιμέσι
1283 3659 1472 3724 φανεὶς
1503 3661 1761 3729 προῇδεν.
1799 3660 1983 3724 Εὐθὺς

404 3742 462 3794 δὲ
489 3742 694 3810 πλῆθος
723 3746 990 3813 στρατιᾶς
1023 3745 1281 3815 οὐρανίου
1327 3749 1512 3817 <5szsia,
1568 3752 1851 3823 ἀνύμνησε
1898 3756 1981 3820 τὸ,

412 3854 431 3886 ι
480 3836 618 3900 Δόξα
651 3840 709 3890 ὲν
740 3838 988 3907 ὑψίστοις
1015 3840 1159 3910 Θεῷ.
1209 3861 1227 3895 ι
1286 3842 1316 3896 ὸ
1349 3843 1446 3897 καὶ
1500 3847 1727 3918 ἀπαρχὴ
1771 3848 1981 3914 δοξολο-

409 3928 536 3994 γίας
568 3927 686 3981 ἐστὶ
718 3929 815 3982 καὶ
856 3932 970 3991 τοῖς
1007 3931 1264 3998 ἀγγέλοις
1294 3934 1389 3986 ἐπὶ
1419 3937 1486 4004 τῇ
1512 3936 1672 4004 ἡμῶν
1714 3938 1982 4009 σωτηρίᾳ.

412 4020 503 4071 Διὸ
538 4018 635 4071 καὶ
658 4011 761 4073 ὧδε
791 4015 870 4080 είς
897 4022 1317 4089 προοιμιάζεται
1356 4023 1537 4090 τοῦτο,
1572 4030 1665 4079 καί
1693 4044 1830 4096 φησι
1866 4033 1998 4099 τρὶς,

410 4115 491 4174 είς
528 4111 687 4175 δόξαν
714 4112 814 4181 τῆς
842 4112 1206 4182 ὐπερενδόξου
1245 4115 1500 4184 Τριάδος,
1545 4136 1563 4169 ι
1603 4119 1741 4185 Δόξα
1781 4122 1837 4173 ὲν
1868 4121 1990 4191 ὐψί-

413 4219 562 4267 στοις
598 4202 741 4274 Θεῷ.
774 4223 793 4256 ι
830 4206 942 4259 Καὶ
971 4205 1054 4268 δὶς
1102 4206 1271 4259 εἰπὼν
1304 4208 1464 4272 αὖθις
1493 4209 1574 4271 τὸ,
1634 4230 1651 4263 t
1690 4214 1887 4282 Κύριε,
1921 4217 1989 4267 τὰ

414 4294 567 4365 χείλη
604 4312 709 4365 μου
737 4296 993 4363 ἀνοίξοις,
1039 4316 1058 4351 ι
1095 4300 1155 4350 τὸ
1183 4300 1366 4367 τρίτον
1395 4302 1558 4355 πάλιν
1591 4305 1777 4372 φησὶν,
1806 4307 1887 4368 τίς
1908 4322 1990 4358 τιο

419 4386 526 4454 μὴν
560 4388 844 4441 καὶτοῦτο
896 4389 994 4457 τῆς
1040 4390 1294 4459 Τριάδος,
1336 4410 1353 4443 ι
1387 4394 1584 4463 Κύριε,
1639 4398 1692 4449 τί
1723 4398 1992 4468 ἐπληθύν-

417 4476 592 4544 Οησαν
642 4479 691 4530 oi
727 4478 1002 4541 θλίϐοντές
1044 4499 1136 4550 με,
1178 4500 1197 4533 ι
1252 4483 1345 4534 καὶ
1395 4486 1634 4555 καθεξῆς
1680 4487 1828 4557 λέγει
1865 4493 1992 4556 τοὺς

417 4566 477 4631 ἓξ
514 4568 610 4619 τοῦ
666 4566 866 4637 ὄρθρου
896 4569 1170 4639 ψαλμοὺς,
1199 4572 1321 4626 καθ’
1348 4574 1587 4643 ἑκάστην
1618 4576 1823 4646 Τριάδα
1854 4580 1993 4648 ψαλ-

426 4659 543 4726 μῶν
570 4658 886 4727 δοξολογίαν
920 4662 1111 4728 ποιῶν,
1144 4664 1224 4725 είς
1256 4648 1564 4735 ἀνύμνησιν
1606 4668 1705 4734 τῆς
1734 4670 1985 4737 Τριάδος,

416 4750 506 4801 ὅτε
556 4748 653 4801 καὶ
688 4749 717 4801 ὁ
771 4749 946 4819 ἱερεὺς
978 4752 1077 4814 τὰς
1140 4752 1369 4815 ἑωθινὰς
1399 4756 1566 4824 εὐχὰς
1624 4757 1745 4809 καθ’
1801 4761 1991 4813 ἑαυτὸν

423 4841 501 4907 τῷ
523 4841 645 4911 Θεῷ
675 4844 961 4912 ἀναφέρει,
1012 4846 1241 4913 μεσίτης
1273 4848 1363 4898 ἐπὶ
1395 4852 1507 4909 τοῖς
1543 4850 1855 4916 λεγομένοις
1890 4853 1997 4906 δει-

425 4934 717 5001 κνύμενος,
752 4936 847 4988 καὶ
885 4938 1085 5006 ἐνεργὰ
1117 4939 1287 4990 τελῶν
1322 4940 1390 4993 τὰ
1441 4941 1702 5009 ᾀδόμενα,
1744 4948 1808 5013 τῇ
1845 4947 2001 5014 ἱερω-

427 5026 564 5097 σύνῃ
608 5026 718 5095 γὰρ
747 5028 967 5080 ἅπαντα
1020 5028 1351 5084 τελειοῦται.
1398 5030 1565 5085 Ὅθεν
1602 5034 1693 5085 καὶ
1747 5036 1773 5086 ὁ
1824 5036 2004 5106 ιερεὺς

423 5117 715 5186 ἀρχεται,·
752 5120 846 5171 καὶ
913 5119 941 5171 ὁ
981 5119 1161 5187 ἱερεὺς
1199 5122 1413 5175 τελειοῒ.
1448 5124 1623 5187 Εὐθὺς
1676 5121 1769 5179 οὖν
1811 5128 1837 5178 ὁ
1901 5130 1999 5197 μὲν

428 5210 602 5262 ποιῶν
632 5210 733 5274 τὰς
770 5209 1001 5272 ἑωθινὰς
1037 5212 1203 5280 εὐχὰς
1233 5212 1330 5265 τοῦ
1377 5214 1514 5267 Θεοῦ
1544 5217 1804 5281 ἐνώπιον,
1830 5219 1898 5271 τὰ
1930 5221 2007 5271 εἰ·

431 5300 628 5372 ρηνικὰ
664 5303 805 5370 μετὰ
838 5303 897 5355 τὸ
920 5303 1071 5364 τέλος
1104 5305 1197 5356 τοῦ
1232 5305 1550 5375 ἐξαψάλμου
1587 5308 1756 5375 λέγει,
1790 5311 2009 5364 πάντων

427 5393 867 5462 ὐπερευχόμενος
900 5408 914 5422 ⁶
974 5395 1072 5446 καὶ
1131 5396 1311 5449 πάντα
1377 5398 1678 5449 ἀνάπτεται
1715 5400 1779 5449 τὰ
1828 5399 2008 5466 φῶτα,

428 5486 520 5540 διὰ
556 5487 637 5548 τὸ,
685 5506 704 5539 r
734 5485 872 5550 Δόξα
901 5488 1110 5556 Κυρίου
1160 5490 1535 5560 περιέλαμψεν
1570 5492 1791 5554 αὐτούς.
1838 5511 1854 5543 ι
1899 5494 2009 5545 Καὶ

430 5580 492 5633 τὸ
526 5598 543 5631 ι
596 5579 729 5641 Θεὸς
777 5579 1001 5648 Κύριος,
1045 5598 1063 5629 ι
1098 5582 1234 5647 μετά
1270 5582 1470 5650 μέλους
1518 5583 1778 5649 ἐκφὼνως
1822 5581 2009 5652 ᾅδεται

436 5668 580 5723 κατὰ
627 5669 863 5738 μίμησιν
888 5671 995 5720 τῶν
1021 5669 1450 5737 δοξολογούντων
1479 5672 1748 5739 ἀγγέλων.
1792 5672 1896 5725 Καὶ
1926 5674 2010 5725 ol-

436 5760 713 5812 κειότατον
737 5761 796 5811 τὸ
829 5760 1139 5827 λεγόμενον,
1182 5780 1201 5812 ι
1233 5761 1365 5823 Θεὸς
1402 5762 1623 5832 Κύριος,
1662 5763 1755 5815 καὶ
1792 5763 2001 5829 ἐπέφα-

450 5866 529 5900 ιεν
563 5850 718 5917 ἡμῖν,
754 5852 781 5901 ὸ
808 5849 901 5901 τοῦ
937 5850 1072 5902 Θεοῦ
1107 5852 1283 5917 Λόγος
1335 5852 1659 5921 σαρκωθείς.
1691 5852 2011 5920 Εὐλογημέο

2084 3495 2207 3533 nem
2249 3478 2429 3531 ferens
2468 3474 2645 3543 angeli
2690 3487 2718 3526 a
2756 3474 2864 3526 Deo
2900 3472 3076 3534 missi,
3103 3470 3406 3539 angelicum
3440 3468 3663 3521 inchoat

2085 3570 2356 3631 canticum
2395 3570 2448 3621 in
2497 3567 2781 3622 nativitate
2808 3565 3021 3619 Domini
3055 3573 3353 3625 cantatum,
3385 3558 3529 3629 quod
3563 3576 3663 3611 an-
3756 3560 3767 3571 "

2087 3662 2241 3731 gelus
2271 3677 2414 3714 unus
2443 3674 2715 3728 apparens
2748 3657 3062 3724 pastoribus
3093 3653 3240 3723 prius
3269 3654 3488 3722 quidem
3527 3668 3665 3716 pra:-

2086 3756 2255 3818 ciuit,
2323 3753 2508 3807 statim
2565 3766 2690 3804 vero
2748 3748 3041 3803 ntultitudo
3095 3747 3336 3801 cmlestis
3393 3745 3668 3798 exercitus

2088 3850 2204 3902 visa
2270 3857 2354 3901 est.
2408 3844 2746 3899 concinens:
2782 3860 2801 3892 ι
2843 3840 3024 3895 Gloria
3078 3840 3130 3894 in
3187 3839 3427 3892 exeel~is
3472 3839 3599 3901 Deo,
3642 3855 3661 3887 ι

2087 3939 2231 4010 quod
2264 3949 2347 3991 est
2380 3937 2592 3990 initium
2628 3933 2961 3987 laudationis
3008 3934 3077 3985 ab
3127 3932 3259 4000 ipsis
3300 3930 3508 3999 angelis
3543 3943 3670 3996 pro-

2091 4042 2211 4101 pter
2263 4033 2499 4084 salutem
2563 4034 2806 4080 nostram
2874 4035 3129 4090 peruetar.
3186 4019 3481 4089 Propterea
3540 4028 3670 4073 tunc

2094 4138 2235 4175 unus
2293 4117 2423 4172 illud
2479 4118 2715 4179 inchoat,
2764 4126 2815 4169 ct
2858 4124 2936 4169 ter
2987 4113 3119 4166 dicit
3175 4112 3228 4165 in
3268 4110 3498 4181 gloriam
3553 4109 3673 4179 ejus

2093 4227 2214 4280 qtnc
2244 4220 2327 4263 est
2350 4222 2515 4277 super
2545 4220 2761 4259 omnem
2810 4205 3038 4274 gloriam
3072 4202 3393 4256 Trinitatis:
3432 4218 3450 4252 ι
3484 4198 3675 4255 Gloria

2094 4303 2147 4357 in
2178 4300 2410 4356 excelsis
2442 4298 2568 4364 Deo,
2603 4315 2621 4349 ι
2658 4298 2851 4365 bisque
2902 4311 3120 4349 rursum
3156 4294 3344 4348 dicens
3377 4309 3393 4348 ;
3424 4291 3672 4359 Domine,

2095 4394 2236 4448 labia
2274 4406 2392 4445 mea
2444 4390 2682 4460 aperics,
2737 4408 2755 4441 ι
2811 4394 2969 4442 tertio
3020 4387 3151 4441 dicit
3195 4386 3418 4447 iterum,
3463 4395 3519 4441 et
3572 4385 3677 4441 huc

2095 4501 2317 4558 quoque
2373 4486 2428 4538 in
2487 4484 2746 4536 honorent
2803 4480 3088 4534 Trinitatis
3126 4494 3141 4532 :
3188 4497 3205 4529 ι
3252 4477 3499 4543 Domine,
3543 4477 3674 4546 quid

2099 4578 2442 4649 multiplicati
2489 4586 2619 4630 sunt
2667 4574 2756 4643 qui
2814 4572 3082 4627 tribulant
3120 4569 3251 4625 me?
3287 4589 3305 4621 ι
3341 4578 3679 4639 exterasque

2101 4676 2296 4729 recitat
2334 4670 2577 4741 psalmos
2614 4684 2679 4722 ex
2712 4666 2889 4720 cilicio
2934 4664 3185 4728 dilucnli,
3224 4663 3527 4718 secundum
3562 4662 3680 4715 sin-

2107 4764 2260 4834 gulos
2290 4771 2399 4815 tres
2444 4758 2678 4827 psalmos
2724 4755 3069 4823 doxologiam
3103 4752 3329 4816 iaciens,
3363 4752 3417 4805 in
3467 4751 3678 4806 laudem

2103 4853 2411 4912 Trinitatis,
2446 4848 2669 4917 quando
2706 4847 2962 4900 sacerdos
2998 4844 3293 4897 matutinas
3317 4856 3505 4911 preces
3529 4855 3682 4895 seor-

2102 4950 2203 5001 sim
2242 4937 2352 4998 Deo
2390 4950 2690 5009 nuncupat,
2732 4940 2783 4991 itt
2824 4939 2985 4992 dictis
3035 4937 3298 4991 neediator
3330 4949 3598 5004 apparens
3627 4943 3681 4987 et

2104 5051 2269 5105 opere
2319 5041 2536 5088 cantata
2597 5031 2920 5099 perﬁcienti;
2979 5044 3101 5082 nam
3157 5028 3340 5081 omnia
3373 5028 3683 5082 sacerdotio

2104 5138 2228 5182 sunt
2258 5124 2615 5179 sanctiﬁcata.
2637 5122 2787 5177 Unde
2816 5121 3075 5175 sacerdos
3109 5118 3321 5187 incipit,
3341 5125 3396 5171 et
3426 5117 3684 5172 sacerdos

2107 5217 2340 5287 perﬁcit.
2390 5214 2586 5267 Statim
2619 5227 2749 5279 ergo
2779 5212 2871 5280 qui
2905 5223 3092 5278 preces
3124 5208 3426 5261 matutinas
3467 5205 3595 5261 facit
3628 5207 3681 5260 in

2107 5309 2403 5375 conspectu
2444 5304 2560 5366 Dei,
2587 5304 2754 5357 ﬁnitis
2787 5319 2877 5357 sex
2908 5300 3159 5371 psalmis,
3187 5300 3348 5354 verba
3380 5299 3528 5366 pacis
3556 5297 3686 5351 facit

2109 5415 2207 5469 pro
2238 5398 2493 5451 omnibus
2521 5397 2843 5463 deprecans,
2895 5403 2947 5446 ct
2974 5392 3158 5445 omnia
3190 5389 3571 5444 accenduntur
3600 5390 3686 5441 lu-

2111 5494 2255 5544 mina
2302 5498 2523 5557 propter
2559 5487 2737 5539 illud:
2780 5503 2798 5536 ι
2843 5484 3027 5539 Gloria
3080 5481 3291 5535 Domini
3324 5479 3689 5534 circumfulsit

2107 5597 2224 5635 eis.
2264 5598 2283 5630 ι
2324 5578 2521 5631 Deinde
2554 5578 2684 5630 illud
2723 5594 2737 5629 :
2778 5595 2795 5627 ι
2834 5576 2977 5628 Deus
3012 5573 3276 5627 Dominus
3318 5590 3339 5623 ι
3375 5586 3500 5626 ευιη
3525 5578 3691 5624 cantu

2115 5685 2248 5725 voce
2279 5670 2384 5722 alta
2412 5669 2614 5722 dicitur
2644 5668 2709 5720 ad
2748 5670 2921 5720 instar
2951 5666 3287 5718 laudantium
3333 5664 3688 5731 angelorum;

2116 5769 2171 5816 et
2224 5760 2799 5813 convenientissimum
2832 5765 2915 5810 est
2953 5757 3095 5825 quod
3147 5764 3400 5809 cantatur
3435 5770 3450 5807 :
3491 5771 3510 5804 ι
3548 5751 3694 5807 Deus

2120 5852 2385 5904 Dominus
2419 5851 2596 5901 illuxit
2626 5849 2803 5911 nobis,
2840 5867 2858 5898 ι
2897 5863 3091 5915 nempe.
3123 5846 3358 5900 Verbum
3392 5843 3485 5896 Dei
3519 5844 3692 5897 incar-

442 5954 531 5999 νος
571 5939 598 5988 ὀ
626 5938 940 6006 ἐρχόμενος,
975 5939 1134 6002 αὐτὸς
1167 5940 1242 6001 ὠς
1305 5940 1438 6000 Θεὸς
1475 5940 1563 5991 διὰ
1617 5940 1839 6009 σαρκὸς,
1870 5958 1887 5991 ι
1923 5940 2015 5993 Ἐν
2119 5954 2183 5993 na

1953 5941 2015 5993 Εν
2119 5949 2345 5993 natum:
2387 5956 2404 5988 ι
2444 5938 2770 5991 Benedictus
2794 5938 2887 6006 qui
2919 5938 3087 5999 venit,
3119 5953 3138 5987 ι
3174 5936 3290 6003 ipse
3320 5933 3529 5986 scilicet
3558 5931 3694 5987 Denl

442 6028 669 6095 ὀνόματι
716 6029 945 6094 Κυρίου,
988 6046 1005 6080 ι
1043 6028 1139 6083 τοῦ
1188 6031 1399 6095 Πατρὶς
1437 6031 1600 6085 αὐτοῦ
1653 6032 1746 6083 καὶ
1792 6030 2012 6083 ἑαυτοῦ.

2120 6046 2213 6088 Dcr
2249 6044 2507 6090 carnem;
2546 6051 2562 6081 i
2591 6029 2648 6085 ln
2676 6029 2891 6084 nomine
2923 6027 3158 6090 lloiuini,
3203 6044 3221 6077 ι
3258 6036 3450 6089 ncntpe
3475 6023 3558 6077 sui
3587 6022 3705 6074 l’a-o
