4342 6770
281 601 389 664 605

1490 601 1587 663 DE
1630 604 1868 668 SACRA
1899 604 1992 663 PR
2007 604 2403 666 ECATIONE.

3439 596 3550 666 606

278 717 376 771 καὶ
409 716 523 779 τοῖς
566 716 891 785 μυστηρίοις
950 714 1307 784 ἡγιασμένοι,
1361 698 1459 770 καὶ
1505 719 1571 787 τῇ
1596 717 1857 785 ὁμολογίᾳ
1894 722 1931 773 Α
1964 719 1993 767 d

1836 732 1857 783 ᾳ
1894 722 1931 773 Α
1964 718 2245 773 debemus.
2274 721 2346 773 De
2374 722 2474 774 hac
2488 719 2962 775 commendatione
2977 734 3166 777 omnes
3187 704 3551 775 meminerim

280 807 430 877 αὖτῷ
445 807 819 877 ἀφιερωμένω
831 850 844 867 .
865 808 959 860 καὶ
974 806 1050 871 ὡς
1065 806 1493 877 παραδεδομένοι
1507 807 1751 876 Χριστῷ,
1767 808 1858 858 καὶ

280 900 652 968 ἠγορασμένοι
679 899 770 952 ὑπ’
805 899 994 959 αὐτοῦ,
1051 900 1220 968 μηδὲν
1250 900 1380 954 ἄλλο
1416 900 1448 966 ἢ
1482 901 1550 951 τὰ
1582 898 1679 951 τοῦ
1727 897 1860 966 Χρι-

282 990 408 1045 στοῦ
452 989 761 1057 ὀφείλοντες
797 991 1065 1057 ἐνεργεῖν.
1105 990 1240 1059 Περὶ
1286 990 1489 1057 ταύτης
1536 988 1634 1055 τῆς
1685 1006 1863 1056 παρα-

281 1082 456 1149 θήκης
503 1082 705 1144 πάντες
749 1084 799 1135 οί
854 1082 999 1149 ἀγιοι
1060 1080 1392 1150 μέμνηνται,
1426 1080 1523 1133 καὶ
1561 1080 1589 1130 ὁ
1627 1079 1816 1149 Σωτήρ
1843 1094 1857 1108 ο

280 1174 379 1241 καί
413 1172 512 1244 τὴν
545 1174 883 1245 παραθήκην
926 1175 1145 1244 πρῶτος
1176 1173 1479 1242 πεποίηκεν
1508 1172 1672 1233 αὐτὸς
1704 1172 1761 1223 ὲν
1784 1171 1860 1240 τῷ

285 1266 503 1335 μέλλειν
557 1269 835 1337 πάσχειν,
889 1267 1280 1338 παραθέμενος
1330 1266 1478 1334 ἡμᾶς
1526 1264 1604 1334 τῷ
1662 1265 1858 1336 "arpi,

289 1374 307 1407 ι
340 1358 582 1424 Φύλαξον
616 1360 839 1424 αὐτοὺς,
875 1360 1066 1421 είπὼν,
1105 1361 1164 1412 ὲν
1216 1360 1297 1429 τῷ
1326 1358 1552 1429 ὀνόματί
1603 1374 1722 1423 σου,
1767 1359 1860 1411 καὶ

283 1448 512 1514 ἁγίασον
543 1452 741 1512 αὐτοὺς
776 1454 834 1503 ὲν
863 1454 927 1520 τῇ
964 1453 1195 1521 ἀληθείᾳ
1233 1469 1354 1517 σου,
1398 1469 1415 1501 t
1458 1454 1550 1503 καὶ
1596 1451 1661 1501 τὰ
1696 1450 1859 1518 ἐξῆς⁹

285 1542 515 1610 ἀλήθεια
545 1541 605 1594 δὲ
652 1542 834 1603 αὐτός.
871 1542 1059 1619 Ῑαῦτα
1090 1542 1343 1605 τελέσας,
1376 1540 1765 1608 ὲπισφραγίζει
1793 1544 1859 1610 τῇ

288 1636 593 1702 ἐκφωνήσει
624 1637 651 1686 δ
685 1634 865 1701 ἱερεὺς
892 1636 991 1699 τὴν
1013 1635 1327 1703 δοξολογίαν
1352 1634 1450 1700 τῆς
1485 1633 1746 1704 Τριίιδος,
1778 1632 1860 1698 τὸ,

292 1743 309 1776 ι
350 1726 476 1777 Ὅτι
506 1726 710 1793 πρέπει
747 1743 852 1791 σοι,
900 1726 1162 1795 εἰρηκὼς,
1200 1744 1218 1777 ι
1257 1730 1322 1796 τῇ
1367 1726 1621 1795 θεολογίᾳ
1653 1726 1749 1776 καὶ
1778 1725 1865 1778 δο-

288 1816 504 1885 ξολογίᾳ
537 1817 672 1886 ὁμοῦ
716 1817 952 1886 βεϐαιῶν
978 1818 1047 1870 τά
1080 1818 1483 1888 προειρημένα,
1522 1818 1617 1869 καὶ
1647 1834 1860 1884 μαρτυ-

288 1907 398 1974 ρῶν
432 1908 506 1968 ὡς
558 1908 732 1960 ταῦτα
784 1910 937 1961 ἔσται
971 1911 1105 1976 ἡμῖν
1140 1908 1249 1960 ἀπὸ
1299 1907 1393 1960 τοῦ
1441 1907 1599 1959 Θεοῦ.
1650 1907 1774 1959 Τῶν
1807 1907 1865 1960 δι

1973 811 2173 873 sancti,
2203 812 2423 881 ipseque
2463 811 2714 865 Salvator
2742 813 2832 881 qui
2861 812 3386 895 commendationem
3441 810 3552 880 pri-

1972 918 2094 953 mus
2131 904 2256 957 fecit
2290 902 2508 971 iamjam
2547 917 2808 971 passurus
2840 920 2855 970 ;
2891 919 2991 959 nos
3020 903 3163 960 enim
3198 904 3343 958 Patri
3399 915 3553 957 com-

1973 992 2247 1045 tucndavit
2277 994 2463 1046 dicens
2494 1010 2507 1044 :
2542 1010 2559 1041 ι
2593 991 2759 1046 Serva
2814 1006 2911 1048 eos
2944 993 2999 1047 in
3068 994 3289 1048 nomine
3330 997 3553 1067 tuo,.ct

1973 1083 2256 1136 sanctiﬁca
2285 1098 2381 1137 eos
2438 1078 2491 1137 in
2525 1084 2755 1140 veritate
2782 1091 2892 1147 tua,
2929 1101 2944 1134 t
2987 1083 3103 1151 ipse
3134 1093 3315 1138 autem
3364 1091 3551 1137 estveo

1973 1174 2128 1226 ritas.
2158 1172 2369 1238 Quibus
2393 1174 2586 1243 jussis,
2612 1170 2857 1229 clamans
2889 1174 3143 1242 obsignat
3167 1173 3422 1229 sacerdos
3450 1173 3553 1227 do-

1972 1266 2240 1328 xnlngiam
2303 1265 2589 1320 Trinitatis
2624 1284 2639 1319 :
2680 1283 2699 1317 ι
2741 1263 2817 1319 Te
2878 1266 3070 1329 decet,
3110 1283 3129 1317 ι
3166 1265 3391 1330 dicens,
3455 1262 3550 1317 Dei

1970 1357 2314 1413 confessione
2342 1367 2396 1411 et
2436 1358 2831 1427 gloriﬁcatione
2862 1358 3023 1413 simul
3048 1356 3377 1413 conﬁrmans
3402 1356 3554 1425 prius

1969 1452 2135 1513 dicta,
2170 1458 2496 1519 testansque
2527 1451 2629 1503 ista
2652 1466 2681 1504 a
2711 1448 2822 1505 Deo
2864 1444 3022 1505 nobis
3057 1449 3196 1504 fore.
3232 1448 3400 1503 Porro
3472 1448 3558 1500 di-

1970 1541 2073 1595 ctis
2097 1540 2315 1611 hymnis
2340 1541 2392 1595 in
2426 1541 2723 1595 versiculos
2754 1544 3117 1610 strephasque
3142 1539 3415 1595 distinctis
3437 1552 3559 1607 quae

1973 1632 2252 1687 Dominica
2283 1633 2503 1699 quidem
2534 1635 2720 1689 decem
2746 1634 2988 1701 strOphis
3035 1641 3288 1687 constant
3338 1637 3557 1702 propter

1972 1727 2183 1780 numeri
2214 1726 2628 1795 perfectionem.
2686 1727 2823 1780 festo
2886 1736 3067 1781 autem
3133 1736 3447 1781 sanctorum
3503 1722 3558 1776 itt

1971 1826 2095 1871 octo
2114 1817 2364 1883 strophas
2386 1817 2740 1886 distinguitur
2758 1830 2979 1885 propter
3001 1827 3247 1871 octavam
3284 1824 3338 1871 et
3362 1813 3555 1868 indeli-

1972 1912 2204 1963 cicntem
2246 1909 2409 1969 diem,
2446 1910 2497 1961 in
2531 1924 2636 1976 qua
2668 1919 2828 1963 erunt
2860 1926 3075 1977 semper
3097 1909 3190 1978 qui
3260 1908 3350 1964 Dei
3406 1914 3556 1971 sunt,

288 1998 473 2067 ὓμνων
516 2003 575 2052 ὲν
604 2003 923 2070 τροπαρίοις
963 2002 995 2069 ἢ
1033 2002 1322 2071 ίδιομέλοις
1370 2001 1486 2070 ἃμα
1712 2002 1865 2069 λεγο·
1906 2068 1934 2071 _
1974 2020 1999 2053 ι·

1844 2031 1865 2043 -
1906 2068 1934 2071 _
1974 2008 2027 2053 ct
2056 2016 2201 2054 nunc
2231 2009 2523 2055 versantur
2547 2002 2744 2054 animte
2769 2016 2890 2054 cum
2915 2001 3152 2065 Christo,
3174 2000 3410 2070 singulis
3429 2012 3559 2053 vero

294 2091 475 2159 μένων
507 2095 620 2153 τοῖς
640 2068 886 2161 στίχοις,
914 2068 993 2162 τῇῗ
1020 2095 1118 2161 μὲν
1139 2068 1422 2165 ’κυριακῇή
1444 2068 1754 2163 ἱσταμένων
1788 2068 1871 2159 είς
1905 2068 1943 2121 Β
1974 2093 2005 2147 d

1846 2115 1871 2159 ;
1905 2068 1943 2121 Β
1974 2092 2167 2147 diebus
2201 2094 2253 2146 in
2286 2107 2380 2147 sex
2416 2092 2695 2159 strophas,
2721 2092 3175 2162 quoniatnmodo
3231 2068 3360 2148 sunt
3383 2090 3558 2147 sancti

289 2182 420 2235 δέκα⁸
444 2183 684 2250 στίχους,
709 2184 799 2235 διὰ
828 2184 889 2235 το
914 2184 1009 2235 τοῦ
1035 2183 1273 2253 ἀριθμοῦ
1292 2184 1519 2249 τέλειον,
1546 2187 1605 2236 ὲν
1628 2186 1685 2238 δὲ
1710 2187 1871 2256 ἑορτῇ

292 2292 440 2337 τινος
468 2275 580 2327 τῶν
622 2275 795 2342 ἀγίων
836 2276 917 2338 είς
951 2277 1180 2346 στίχους
1214 2276 1381 2340 ὀκτὼ,
1419 2277 1507 2330 διὰ
1536 2278 1635 2349 τὴν
1680 2277 1875 2345 ὀγδόην

290 2369 384 2422 καὶ
415 2370 846 2421 ἀκατάπαυστον
874 2370 1114 2440 ἡμέραν,
1140 2370 1198 2421 ὲν
1280 2370 1496 2423 ἔσονται
1527 2371 1577 2423 οί
1609 2369 1703 2423 τοῦ
1733 2368 1872 2423 Θεοῦ

287 2461 549 2520 πάντοτε,
588 2461 681 2513 καὶ
722 2461 819 2513 νῦν
853 2464 961 2514 είσι
1003 2464 1119 2523 τοίς
1158 2461 1434 2531 πνεύμασι
1469 2464 1568 2515 σὺν
1605 2462 1828 2532 Χριστῷ
1854 2480 1868 2494 ο

290 2555 372 2615 είς
403 2553 461 2616 ἒξ
482 2555 537 2606 δὲ
566 2554 690 2606 καθ’
713 2553 933 2621 ἡμέραν
964 2552 1053 2605 διὰ
1076 2553 1137 2605 τὸ
1162 2553 1304 2624 ὑπὲρ
1328 2556 1429 2621 τὴν
1455 2555 1709 2622 αἴσθησιν
1731 2552 1872 2606 εἶναι

291 2645 622 2715 πενταδικην
638 2641 805 2697 οὖσαν
833 2646 960 2705 τοὺς
978 2646 1164 2709 ἁγίους
1194 2644 1307 2704 νῦν,
1326 2646 1421 2697 καὶ
1439 2645 1521 2706 δὶς
1544 2646 1642 2714 τὴν
1668 2646 1873 2715 Τριάδα

293 2740 583 2808 σημαίνειν
600 2741 669 2791 τὰ
686 2739 764 2802 ἒξ,
787 2739 1130 2805 ἑκατέρωθεν
1144 2736 1289 2790 οἷτοι
1308 2739 1359 2791 oi
1381 2737 1540 2807 ὕμνοι
1557 2739 1868 2808 ψάλλονται,

288 2831 400 2882 είτε
434 2832 561 2899 περὶ
608 2831 705 2900 τῆς
752 2832 1106 2889 ἀναστάσεως
1141 2830 1314 2893 ὄντες,
1358 2833 1466 2883 εῐτε
1513 2832 1643 2899 περὶ
1680 2831 1873 2902 ἐτέρας

296 2923 675 2990 προκειμένης
692 2924 887 2990 ἑορτῆς
912 2922 944 2992 ἢ
976 2921 1152 2988 ἀγίου.
1176 2922 1267 2991 Τῷ
1300 2922 1602 2992 τελευταίῳ
1624 2922 1680 2976 δὲ
1705 2924 1874 2993 στίχῳ

290 3015 340 3065 oi
395 3015 548 3085 χοροὶ
600 3014 982 3083 συνέρχονται,
1030 3014 1135 3083 τὴν
1186 3014 1509 3083 συμφωνίαν
1558 3014 1871 3084 δηλοῦντες.

289 3108 384 3161 καὶ
411 3108 507 3176 τὴν
538 3107 628 3160 διὰ
651 3107 745 3159 τοῦ
780 3106 1031 3177 Σωτῆρος
1060 3107 1155 3161 τοῦ
1183 3107 1393 3177 κόσμου
1419 3107 1623 3171 παντὸς
1649 3108 1901 3183 ἕνωσινη

291 3199 461 3251 Ὅθεν
492 3198 631 3266 ὁμοῦ
667 3198 805 3267 πρὸς
839 3198 901 3250 τὸ
933 3198 1324 3266 θυσιαστήριον
1352 3196 1632 3261 κλίνοντες
1672 3198 1879 3252 ἐκϐοῶ-

292 3311 400 3355 σιν,
440 3311 459 3343 ι
499 3292 625 3344 Ὀτι
657 3290 1008 3360 ὲκραταιώθη
1039 3290 1102 3342 τὸ
1131 3289 1282 3353 ἔλεος
1314 3289 1479 3343 αὑτοῦ
1513 3290 1603 3360 ἀφ’
1631 3292 1779 3361 ἡμᾶς
1801 3308 1816 3322 ο
1848 3311 1868 3343 ι

287 3380 391 3451 τὴν
424 3383 482 3432 ὲν
512 3380 738 3450 Χριστῷ
767 3380 876 3432 τῶν
915 3380 1085 3432 ἐθνῶν
1118 3379 1409 3449 δηλοῦντες
1437 3383 1716 3452 σωτηρίαν
1735 3400 1752 3418 ο
1779 3384 1876 3436 καὶ
1905 3398 1946 3450 c
1980 3381 2002 3436 ί.

1980 3381 2268 3436 laudantes
2295 3378 2642 3439 Trinitatem.
2678 3393 2739 3431 ac
2791 3378 3015 3448 insuper
3063 3377 3350 3447 Deiparam
3391 3375 3560 3445 virgi-
3667 3401 3672 3406 -

284 3478 369 3528 ὅτι
396 3476 455 3527 ἐν
484 3473 624 3525 ὲλέει
646 3470 814 3527 αὐτοῦ
836 3472 979 3542 ὐπὶρ
1005 3471 1162 3541 ἡμῶν
1187 3470 1401 3539 παθὼν,
1429 3473 1525 3527 καὶ
1545 3474 1624 3544 τῷ
1650 3473 1872 3545 σταυρῷ

286 3565 458 3618 αὐτοῦ
514 3564 720 3635 κράτος
776 3564 1119 3633 στησάμενος
1169 3565 1266 3617 καὶ
1304 3564 1559 3633 νικήσας,
1608 3565 1761 3633 ἡμᾶς
1800 3566 1863 3615 ὲν

285 3655 465 3724 ἑαυτῷ
504 3654 873 3725 συνηγάγετο.
906 3656 1018 3707 Καὶ
1042 3654 1180 3723 ὁμοῦ
1223 3655 1387 3707 πάλιν
1429 3655 1513 3717 τὸ.
1550 3673 1570 3707 ι
1604 3655 1742 3719 Δόξα
1779 3658 1875 3710 καὶ

1974 2200 2136 2253 Supra
2155 2186 2396 2255 quinque
2426 2201 2643 2247 sensus,
2685 2184 2882 2253 bisque
2933 2182 3255 2239 Trinitatem
3289 2183 3562 2254 signiﬁcat

1974 2285 2160 2332 sextus
2190 2292 2497 2341 numerus;
2538 2278 2629 2347 qui
2669 2278 2857 2349 hymni
2911 2276 3169 2344 utrinque
3231 2276 3559 2345 psalluntur,

1973 2369 2086 2421 sive
2118 2369 2169 2422 in
2198 2371 2618 2433 resurrectione,
2643 2370 2758 2423 sive
2799 2372 2852 2423 in
2885 2368 2990 2422 alia
3050 2368 3417 2433 solemnitate,
3472 2366 3558 2421 vel

1978 2460 2028 2512 in
2061 2458 2199 2512 leSIo
2235 2460 2466 2527 alicujus
2498 2461 2693 2514 sancti.
2727 2461 2796 2514 At
2827 2460 2879 2513 in
2931 2460 3113 2513 ultima
3150 2460 3371 2529 struplta
3399 2456 3555 2514 chori

1975 2553 2334 2614 cauveniuut,
2405 2554 2787 2622 symphoniam
2852 2545 3204 2607 ostendentes
3269 2562 3554 2621 totumque

1979 2645 2242 2697 mundum
2278 2659 2373 2713 per
2409 2644 2743 2699 Salvatorent
2801 2643 3119 2697 adunatunt.
3181 2642 3333 2698 Unde
3389 2642 3553 2697 simul

1976 2738 2147 2789 altare
2177 2752 2366 2790 versus
2395 2736 2722 2791 inclinantes
2747 2736 2982 2790 clamant
3010 2753 3025 2791 :
3065 2755 3082 2787 ι
3116 2734 3381 2801 Quoniam
3414 2749 3547 2789 con-

1977 2828 2187 2880 ﬁrmata
2215 2838 2300 2883 est
2326 2843 2490 2896 super
2520 2844 2620 2882 nos
2665 2826 3035 2883 misericordia
3069 2827 3210 2893 ejus,
3244 2844 3263 2877 ι
3306 2825 3548 2896 gentium

1976 2919 2032 2973 in
2056 2918 2276 2975 Christo
2306 2921 2536 2975 salutem
2565 2920 2953 2990 significantes,
2988 2920 3245 2988 quoniam
3278 2919 3334 2973 in
3390 2919 3553 2972 mise—

1978 3011 2210 3067 ricordia
2243 3027 2341 3067 sua
2367 3027 2465 3083 pro
2505 3012 2663 3067 nobis
2690 3027 2904 3082 passus.
2933 3011 3133 3067 virtute
3157 3011 3211 3065 in
3236 3024 3401 3066 cruce
3428 3023 3562 3064 con-

1980 3106 2219 3171 ﬁrmata,
2257 3106 2428 3160 victor
2471 3120 2572 3160 nos
2617 3104 2671 3159 in
2718 3104 3013 3173 semetipso
3065 3102 3430 3173 congregavit.
3482 3101 3551 3156 Et

1976 3198 2173 3255 iterum
2205 3198 2367 3253 simul
2412 3199 2572 3251 modo
2621 3197 2783 3251 etiam
2815 3203 3059 3259 cantant,
3094 3213 3113 3246 ι
3140 3193 3347 3257 Gloria,
3382 3211 3401 3247 ι
3429 3193 3550 3249 sine

1980 3291 2243 3359 temporis
2298 3285 2701 3340 intermissione
2757 3300 2851 3340 seu
2920 3284 3190 3340 divisione
3253 3283 3543 3338 indivisatn

1980 3487 2106 3527 nem
2132 3472 2183 3525 in
2220 3471 2324 3525 line
2359 3469 2749 3540 gloriﬁcantes,
2782 3469 2907 3524 inde
2942 3469 3249 3524 conﬁtendo
3302 3467 3559 3522 incanta-

1981 3564 2181 3617 tionem
2214 3562 2331 3628 cjus
2358 3562 2453 3630 qui
2482 3576 2546 3615 ex
2576 3576 2641 3615 ea
2700 3561 3016 3615 incarnatus
3060 3571 3144 3615 est
3191 3571 3549 3630 magnamque

1981 3671 2030 3708 et
2068 3665 2459 3725 praepotentem
2508 3654 2628 3721 ejus
2667 3655 3132 3710 intercessionem.

286 3748 406 3810 νῦν,
447 3766 466 3799 ι
508 3747 718 3818 ᾅδουσι,
767 3745 1183 3815 δοξολογοῦντες
1227 3745 1553 3815 ἀδιαιρέτως
1614 3747 1715 3815 τὴν
1759 3747 1960 3817 Τριὰδα
2006 3750 2104 3812 τὴν
2160 3748 2501 3813 ἀδιαίρετον
2535 3747 2613 3798 ἔτι
2644 3748 2700 3798 δὲ
2732 3750 2826 3800 καὶ
2861 3746 2957 3817 τὴν
2992 3746 3316 3815 Θεομήτορα
3365 3732 3535 3811 κδρην

288 3846 348 3897 ἐν
372 3842 452 3913 τῷ
487 3842 655 3904 τέλει,
683 3840 770 3893 διὰ
806 3841 908 3911 τὴν
948 3839 1241 3911 ὁμολογίαν
1271 3840 1368 3907 τῆς
1420 3840 1747 3908 σαρκώσεως
1804 3841 1897 3893 τοῦ
1952 3843 2008 3906 ἐξ
2067 3844 2230 3909 alii};

288 3939 521 4013 δυνατὴν
550 3938 856 4009 μεσιτείαν.

858 4102 1083 4157 ΚΕΦΑΛ
1128 4102 1301 4157 TAI".

300 4243 363 4298 τι
381 4242 667 4310 σημαίνει
694 4239 732 4305 ἠ
770 4238 879 4310 τοῦ
903 4236 1231 4310 ἑσπερινσῦ
1276 4232 1541 4310 εισοὸος·
1576 4236 1675 4310 καί
1725 4237 1787 4310 τί
1806 4240 1871 4310 τι)

363 4306 601 4367 κλῆνειν
626 4311 733 4362 n‘r
763 4308 922 4374 ἱερέα
951 4308 1051 4359 καί
1084 4306 1470 4370 ἀνίστασθαι,
1503 4306 1599 4359 καί
1632 4307 1876 4359 ἀναϐαί-

364 4399 496 4436 νειν
513 4384 603 4446 είς
630 4380 698 4433 τὸ
721 4376 1182 4444 θυσιαστήριον,
1208 4376 1305 4428 καὶ
1326 4376 1731 4446 είσέρχεσθαι.

370 4497 542 4550 Ἐνθα
571 4496 638 4566 δὴ
667 4494 763 4549 καὶ
786 4495 815 4545 δ
852 4493 1035 4565 ίερεὺς
1093 4492 1328 4545 ποιεῖται
1360 4492 1461 4561 τὴν
1504 4493 1731 4557 εἴσοδον,
1767 4492 1877 4545 ἀπὺ

296 4590 391 4644 τοῦ
426 4586 823 4656 θυσιαστηρίου
861 4584 1111 4657 ἀσκεπὴς
1133 4584 1491 4655 ἐξερχόμενος
1525 4586 1666 4654 μετά
1680 4584 1879 4656 θυμια-

298 4680 393 4734 τοῦ
418 4698 477 4732 τε
504 4680 601 4731 καὶ
627 4678 997 4746 θυμιάματος,
1035 4676 1132 4730 καὶ
1164 4675 1331 4746 μέσον
1371 4675 1467 4729 τοῦ
1497 4676 1629 4729 ναοῦ
1676 4676 1879 4730 κλίνων

2267 3842 2659 3910 augendis-na;
2710 3843 2800 3893 xz‘.
2839 3842 2935 3912 τὴν
2975 3840 3148 3910 αὐτῆς
3202 3838 3399 3908 πνλλὴν
3447 3838 3541 3891 καὶ

2456 4099 2686 4157 CAPUT
2710 4100 3084 4157 CCCXXXIII.

1984 4234 2127 4299 Quid
2146 4235 2440 4306 signi/irent
2472 4238 2748 4302 vespertini
2777 4239 3131 4305 ingressus,“
3152 4250 3250 4289 cur
3269 4233 3565 4306 inclinatas

2057 4305 2325 4364 sacerdos,
2378 4315 2426 4358 et
2466 4306 2652 4358 iterum
2683 4307 2886 4376 surgit,
2924 4306 3266 4375 ascenditque
3292 4305 3363 4358 ad
3391 4305 3566 4358 altare

2053 4386 2101 4428 et
2126 4377 2443 4446 ingreditur.

2057 4488 2260 4544 Deinde
2283 4487 2538 4544 sacerdos
2573 4489 2877 4557 ingressum
2938 4487 3089 4552 facit.
3120 4504 3184 4544 ex
3217 4489 3375 4544 altari
3413 4489 3561 4544 nudo

1985 4583 2161 4649 capite
2184 4580 2489 4649 egrediens,
2518 4593 2641 4635 eum
2671 4579 2950 4634 thuribulo
2975 4590 3028 4634 et
3047 4581 3227 4645 thure,
3257 4590 3313 4637 et
3361 4582 3412 4635 in
3444 4595 3561 4635 me-

1986 4671 2077 4726 dio
2109 4671 2292 4739 templi
2322 4685 2443 4724 sese
2474 4671 2764 4733 inclinans,
2816 4686 2887 4727 ac
2913 4677 3169 4741 surgens,
3235 4674 3563 4743 signansque

299 4772 394 4825 καὶ
419 4771 736 4841 εὐχόμενος,
766 4770 864 4821 καὶ
910 4767 1276 4836 ἀνιστάμενος
1317 4769 1413 4819 καὶ
1461 4768 1781 4838 σφραγίζων
1806 4768 1875 4839 τῇ
1908 4753 1953 4810 Ῐ)
1983 4777 2014 4815 n

1843 4768 1875 4839 δ
1908 4753 1953 4810 D
1983 4777 2145 4816 manu
2169 4770 2224 4815 et
2245 4761 2546 4827 thuribulo,
2577 4778 2908 4831 rursumque
2938 4762 3003 4817 ad
3045 4764 3217 4819 altare
3258 4773 3558 4819 revertens.

297 4863 445 4933 χειρὶ
474 4863 571 4915 καί
604 4862 683 4930 τῷ
738 4860 1072 4930 θυμιάματι⁹
1124 4858 1222 4911 καὶ
1264 4859 1347 4919 είς
1375 4859 1438 4911 τὸ
1488 4858 1878 4930 θυσιαστήριον

299 4953 736 5023 ἐπανερχόμενος
757 4947 935 5014 αὖθις.
982 4950 1047 5005 Τί
1085 4950 1264 5019 τούτῳ
1294 4949 1471 5019 δηλῶν
1500 4967 1517 5018 ;
1568 4950 1696 5005 Ὀτι
1724 4950 1821 5005 καὶ
1848 4949 1878 5002 ὁ

296 5046 393 5098 τοῦ
422 5045 555 5097 Θεοῦ
584 5044 898 5113 Μονογενὴς
935 5044 1129 5112 μέχρις
1144 5042 1305 5112 ήμῶν
1338 5043 1447 5095 ἀπὸ
1469 5041 1578 5095 τῶν
1608 5042 1880 5113 οὐρανίων

298 5132 580 5188 κατελθὼν
602 5133 831 5204 ἀψίδων,
865 5132 1031 5185 πάλιν
1064 5133 1142 5195 είς
1172 5133 1265 5185 τὸν
1300 5133 1530 5205 οὐρανὸν
1578 5133 1878 5203 ἀνελήλυθε

298 5225 393 5277 καὶ
421 5223 569 5292 ἡμᾶς
586 5223 959 5292 ἐπανήγαγεν.
987 5222 1154 5275 Ὀθεν
1178 5226 1269 5276 καὶ
1294 5225 1359 5293 τῇ
1385 5222 1656 5288 ὲξελεύσει
1679 5223 1897 5299 ταύτῃ,⁸

300 5314 396 5367 καὶ
428 5316 494 5383 τῇ
522 5312 697 5365 κλίσει
751 5315 850 5381 τῆς
907 5314 1150 5381 κεφαλῆς
1175 5317 1269 5368 καὶ
1297 5315 1620 5385 ἁνορθὼσει,
1657 5316 1749 5367 καὶ
1797 5316 1875 5385 τῷ

302 5408 593 5474 ἔκςοῆσαι,
627 5407 827 5474 ιΣοφξᾳ.
854 5406 1029 5472 ὀρθοὶ,
1060 5424 1079 5455 ι
1114 5408 1207 5458 καὶ
1244 5408 1545 5477 σφραγίσαι
1574 5405 1652 5474 τῷ
1684 5408 1883 5475 θυμια-

301 5496 560 5564 τηρίῳ,ἢ
597 5494 884 5563 ἀνυψῶσαι
921 5496 980 5547 τὸ
1034 5496 1385 5564 Εὐαγγέλιον,
1437 5499 1486 5547 εἰ
1543 5496 1877 5564 Εὐαγγελίου

301 5581 505 5644 εἴσοδός
534 5586 671 5647 ἐστι,
712 5587 805 5638 καὶ
832 5587 912 5645 είς
939 5585 998 5637 τδ
1030 5584 1183 5652 βῆμα
1227 5587 1567 5652 ἐπανελθεῖν,
1600 5589 1781 5639 πάντα
1811 5586 1878 5638 τὰ

299 5679 401 5746 τῆς
423 5676 734 5743 οίκονομίας
765 5677 952 5747 δηλοί⁶
977 5679 1038 5729 τὸ
1071 5678 1309 5741 ἐξελθεῖν
1344 5680 1443 5746 μὲν
1490 5682 1584 5731 καὶ
1612 5682 1879 5749 κατέρχεο

304 5772 427 5822 σῧαι
456 5770 553 5837 τὴν
586 5770 889 5822 κατάϐασιν
916 5769 1155 5839 Χριστοῦ
1188 5772 1283 5822 καὶ
1326 5771 1653 5824 ταπείνωσιν
1674 5788 1687 5801 ·
1715 5774 1772 5824 τὸ
1797 5774 1881 5823 ἐν-

300 5863 391 5914 διδ
406 5863 590 5929 λμένον
621 5862 676 5914 δὲ
717 5859 861 5914 εἶναι
890 5863 957 5915 τὰ
1017 5864 1292 5929 ίερατικά,
1320 5864 1419 5932 τὴν
1470 5866 1750 5933 σάρκωσιν
1776 5881 1789 5894 ·
1822 5865 1882 5916 τὸ

307 5952 475 6021 μέσον
499 5968 559 6004 τε
589 5952 789 6005 στάντα
825 5955 1005 6005 κλῖναι
1050 5955 1149 6025 τὴν
1179 5958 1447 6025 κεφαλὴν,
1494 5958 1553 6007 τὸ
1587 5957 1750 6025 μέσον
1781 5956 1880 6024 τῆς

304 6042 411 6113 γῆς
457 6044 839 6114 σταυρωθῆναι
885 6044 1024 6116 ὑπὲρ
1074 6047 1232 6114 ἡμῶν
1263 6048 1357 6099 καὶ
1411 6046 1727 6110 ἀποθανεῖν,
1784 6049 1877 6099 καὶ

1981 4853 2121 4919 Quid
2179 4853 2265 4907 his
2313 4852 2631 4921 signiﬁcat?
2689 4855 2845 4918 Quod
2891 4855 3204 4925 unigenitus
3257 4854 3347 4910 Dei
3392 4854 3563 4909 Filius

1982 4959 2157 5012 usque
2187 4942 2253 4996 ad
2289 4959 2389 4997 nos
2427 4962 2458 4998 e
2509 4945 2829 5000 coelestibus
2880 4946 3102 5001 sedibus
3159 4948 3465 5013 descendit,
3504 4956 3560 5002 et

1982 5050 2175 5089 rursus
2197 5034 2251 5087 in
2277 5036 2477 5089 caelum
2512 5036 2759 5090 ascendit
2791 5052 3002 5107 nosque
3052 5040 3126 5093 ibi
3154 5040 3399 5094 adduxit.
3432 5040 3559 5095 Ideo

1981 5126 2109 5181 dum
2148 5125 2220 5180 ita
2250 5128 2531 5197 egreditur
2578 5135 2632 5180 et
2695 5136 2859 5196 caput
2903 5130 3128 5185 inclinat
3168 5146 3232 5186 ac
3288 5132 3466 5201 erigit,
3506 5143 3563 5189 et

1982 5217 2227 5270 clamat:
2264 5234 2283 5266 ι
2320 5216 2599 5287 Sapientia
2643 5220 2836 5283 erecti,
2877 5238 2895 5271 ι
2933 5222 3222 5292 signatque
3261 5224 3559 5291 thttribulo,

1966 5312 2065 5364 “vel
2100 5311 2455 5393 Evangelium
2488 5315 2718 5382 extollit,
2752 5319 2796 5370 si
2845 5318 3127 5385 ingressus
3184 5318 3343 5374 fuerit
3377 5319 3559 5373 Evan—

1983 5403 2128 5471 gelii,
2161 5413 2324 5472 atque
2349 5406 2413 5456 ad
2444 5409 2646 5471 gradus
2675 5411 2989 5475 revertitur,
3023 5411 3200 5465 omnia
3236 5413 3558 5465 oeconomia:

1983 5495 2240 5563 mysteria
2284 5496 2544 5549 ostendit.
2579 5495 2712 5550 Nam
2748 5500 3075 5567 egredietnlo
3113 5502 3330 5569 quidem
3365 5514 3419 5557 et
3462 5504 3561 5557 de~

1984 5589 2294 5642 sccndendo
2314 5589 2636 5643 descensum
2656 5590 2859 5646 Christi
2892 5593 3159 5662 hujusque
3190 5595 3549 5651 humilitatem

1985 5680 2240 5747 patefacit
2274 5698 2287 5743 ;
2322 5682 2445 5733 dum
2481 5683 2656 5735 Sacris
2688 5683 2929 5737 induitur
2995 5684 3237 5741 vestibus
3303 5687 3558 5742 incarna—

1984 5773 2183 5823 tionem
2222 5771 2424 5825 indicat
2456 5790 2469 5839 ;
2504 5774 2632 5826 dum
2674 5776 2724 5827 in
2751 5778 2925 5829 medio
2952 5790 3115 5847 caput
3167 5780 3412 5846 inclinat,
3441 5782 3561 5836 Sal-

1984 5871 2226 5915 vatorem
2263 5878 2360 5930 pro
2394 5866 2547 5917 nobis
2580 5867 2633 5917 in
2698 5866 2876 5920 medio
2934 5881 3090 5923 terra:
3132 5874 3453 5926 cruciﬁxum
3509 5884 3563 5929 et

1985 5965 2260 6008 mortuum
2302 5965 2461 6025 atque
2493 5957 2544 6009 in
2575 5958 2845 6013 infernum
2906 5962 3323 6018 descendentem
3376 5968 3560 6019 decla—

1986 6058 2088 6102 rat.
2127 6046 2249 6102 ldeo
2279 6048 2329 6101 in
2356 6048 2573 6104 silentio
2610 6062 2879 6124 caputque
2907 6054 3182 6111 inclinans
3210 6058 3555 6128 deprecatur,
