4342 6738
313 562 421 628 6ἳ5

1479 557 1577 618 DE
1618 557 1865 618 SACRA
1908 554 2421 618 PRECATIONE.

3482 550 3588 613 626

306 678 462 739 Θεός·
502 694 521 726 »
557 675 620 727 οὐ
664 674 774 742 γάρ
804 672 925 733 ἔθος
968 669 1129 723 τοῦτο
1169 670 1227 724 ὲν
1272 671 1339 738 τῇ
1388 669 1550 735 τάξει
1583 668 1680 722 τοῦ
1717 669 1901 736 ᾆσμα·
1930 670 2021 729 Α(

1878 697 1901 708 -
1930 670 1975 729 Α
2004 669 2349 729 cantionum,
2380 666 2639 735 quoniam
2670 664 2737 720 ad
2778 660 3350 718 vetnsTestamentum
3380 665 3587 715 solum-

304 783 415 827 τος·
447 767 530 817 ὅτι
582 764 679 831 τῆς
717 762 961 823 Παλαιᾶς
1022 759 1246 830 Γραφῆς
1301 756 1462 812 τοῦτο
1520 759 1712 828 μόνης.
1747 757 1890 810 Ἀλλ’

305 857 498 925 ὥσπερ
522 861 579 908 ὲν
618 858 683 923 τῇ
717 855 838 924 ίερᾷ
868 853 1206 923 λειτουργίᾳ,
1240 870 1263 905 ε
1314 852 1673 921 Εὐλογημένη
1721 853 1755 917 ὴ
1792 850 1891 919 βα-

309 949 480 999 σύεία
532 946 628 997 τοῦ
684 945 899 1014 “arpis;
958 944 1054 997 καὶ
1117 944 1212 997 τοῦ
1256 944 1386 997 Υἱοῦ
1436 947 1530 997 καὶ
1583 945 1678 996 τοῦ
1728 944 1889 1011 ἁγίου

310 1038 628 1104 “vulgato:
660 1039 917 1089 πάντοτε·
958 1055 975 1085 »
1024 1034 1083 1087 τὸ
1116 1037 1319 1089 ὲνιαῖον
1354 1036 1451 1104 τῆς
1488 1035 1769 1104 βασιλείας
1795 1037 1891 1088 καὶ

306 1131 545 1197 φύσεως,
587 1129 683 1179 καὶ
716 1128 775 1179 τὸ
806 1127 1089 1194 τριαδικὺν
1114 1126 1386 1194 θεολογῶν
1415 1126 1507 1179 τοῦ
1540 1124 1698 1191 Θεοῦ,
1725 1124 1754 1178 6
1791 1125 1893 1193 τῆς

305 1219 525 1287 [apt-:5;
559 1221 675 1270 ἐστι
704 1222 1009 1288 κήρυγμα,
1062 1220 1093 1286 ἡ
1145 1219 1443 1285 ἐπίγνωσις
1488 1220 1584 1271 καὶ
1631 1218 1893 1286 ὁμολογία

306 1310 467 1381 243
496 1309 589 1362 τοῦ
625 1310 787 1376 μόνου
823 1312 878 1361 ὲν
908 1308 1099 1378 Τριάδι
1126 1309 1283 1361 Θεοῦ.
1312 1311 1421 1361 Kal
1448 1309 1609 1372 εὐθὺς
1638 1311 1705 1361 τὰ
1740 1312 1895 1379 εἰρη-

306 1402 453 1458 νικὰ,
487 1398 585 1464 τὴν
636 1401 862 1467 είρὴνην
908 1399 1130 1468 πρῶτον
1178 1399 1285 1450 ἀπὸ
1321 1398 1415 1450 τοῦ
1456 1400 1661 1467 Κυρίου
1692 1398 1892 1461 διδοὺς,

307 1489 395 1539 καὶ
442 1488 712 1539 διδάσκων
768 1486 978 1549 πάντας
1032 1486 1306 1539 αἰτεῖσθαι
1357 1489 1382 1538 6
1427 1486 1631 1556 ἱερεύς.
1695 1488 1893 1539 ’ἰστέον

306 1577 423 1641 οὖν,
452 1579 534 1629 ὅτι
566 1580 598 1645 ἡ
638 1578 738 1644 τῆς
805 1576 1151 1646 λειτουργίας
1191 1577 1488 1629 ἀκολουθία
1526 1580 1662 1647 μόνη
1700 1576 1893 1630 ὑπολέο

304 1672 525 1723 λειπται
572 1671 713 1723 κατά
760 1670 856 1739 τὴν
887 1671 1129 1740 ἀρχαίαν
1160 1671 1412 1736 γίνεσθαι
1446 1670 1603 1734 τάξιν
1628 1686 1642 1700 ⁸
1690 1670 1769 1723 διὸ
1800 1673 1894 1724 καὶ

304 1763 481 1825 οὕτως
514 1764 730 1830 εὑλογεῖ
759 1764 851 1815 τὸν
903 1763 1037 1815 Θεὸν
1080 1764 1109 1816 6
1146 1763 1348 1831 ἱερεὺς,
1399 1763 1494 1815 καὶ
1524 1761 1699 1825 οὕτως
1729 1762 1894 1826 εὐθὺς

307 1856 377 1907 τὰ
409 1856 661 1925 εἰρηνικᾶ
687 1855 861 1921 λέγει,
893 1855 992 1909 καὶ
1034 1856 1103 1908 τὰ
1129 1856 1261 1925 τρία
1299 1854 1582 1925 ἀντίφωνα
1614 1855 1695 1916 είς
1720 1854 1895 1908 τύπον

308 1947 409 2014 τῆς
433 1947 663 2015 Τριάδος
693 1946 934 2016 ᾅδονται,
997 1946 1144 2018 ᾇπερ
1188 1947 1287 2015 τῆς
1315 1943 1551 2017 ἀρχαίας
1582 1944 1675 2000 τοῦ
1709 1947 1892 2017 ᾅσμα-

1998 759 2161 814 modo
2184 760 2441 827 pertinet.
2478 757 2582 812 Sed
2615 755 3074 823 quemadmodum
3110 752 3357 806 inmissa
3386 765 3404 804 ς
3438 768 3456 799 ι
3483 750 3587 805 Be-

1996 849 2267 903 nedictum
2307 864 2535 915 regnum
2572 847 2749 901 Patris
2780 857 2834 901 et
2862 845 2982 899 Filii
3016 853 3070 899 et
3110 841 3350 913 Spiritus
3408 843 3585 897 sancti

1993 954 2209 1003 semper
2235 959 2281 1003 »,
2309 942 2570 993 unitatem
2607 938 2817 1006 imperii
2844 948 2900 992 et
2929 947 3138 991 natura!
3169 936 3374 1000 Deique
3428 932 3589 1001 trini-

1995 1038 2163 1084 tatem
2223 1029 2551 1099 prmdicans,
2587 1029 2733 1099 quod
2784 1038 2869 1083 est
2931 1029 3120 1097 gratim
3179 1024 3490 1095 praedicatio
3518 1033 3572 1077 et

1994 1122 2210 1190 agnitio
2242 1136 2455 1175 necnon
2481 1122 2759 1176 confessio
2784 1121 2955 1176 solius
2985 1121 3037 1173 in
3073 1117 3344 1173 Trinitate
3372 1116 3489 1171 Dei.
3519 1114 3582 1171 Et

1994 1216 2178 1269 statim
2211 1214 2434 1283 paciﬁca
2476 1215 2660 1279 verba,
2702 1229 2893 1283 pacem
2934 1215 3078 1269 enim
3110 1229 3140 1267 a
3191 1211 3424 1267 Domino
3473 1212 3587 1279 pri-

1996 1322 2144 1359 mum
2169 1306 2262 1360 dat
2309 1308 2573 1361 sacerdos
2622 1317 2678 1360 et
2701 1321 2892 1361 omnes
2943 1306 3009 1361 ad
3069 1304 3339 1359 orandum
3374 1303 3584 1356 inritat.

1996 1399 2171 1466 Igitur
2201 1403 2344 1478 scire
2401 1410 2644 1469 oportet,
2698 1400 2961 1468 quoniam
2999 1400 3152 1453 solus
3213 1400 3349 1452 ordo
3408 1396 3586 1449 missae

1996 1501 2244 1560 superest
2268 1494 2570 1548 secundum
2594 1493 2873 1561 antiquam
2924 1493 3326 1545 institutionem
3360 1504 3588 1543 servan-

1996 1585 2120 1639 dus.
2150 1582 2517 1649 Quamobrem
2552 1586 2624 1640 ita
2652 1584 2925 1639 benedicit
2950 1583 3231 1645 sacerdos,
3281 1594 3335 1637 et
3362 1584 3437 1638 ita
3463 1599 3589 1654 pro-

1998 1678 2148 1730 tinus
2196 1692 2386 1745 pacem
2434 1677 2598 1742 dicit,
2664 1687 2888 1746 tresque
2939 1676 3250 1745 antipltona:
3287 1678 3339 1731 in
3398 1685 3586 1747 typum

1997 1766 2286 1824 Trinitatis
2340 1778 2655 1833 cantantur,
2699 1786 2822 1838 qua:
2875 1756 2944 1824 ad
3004 1770 3290 1839 antiquum
3316 1770 3591 1825 cantionis

1996 1861 2245 1915 ordinem
2304 1862 2607 1930 pertinent.
2679 1862 2836 1927 Quod
2891 1862 3205 1917 nescientes
3253 1862 3476 1930 quidam
3536 1861 3591 1915 in

1998 1952 2310 2021 vespertina
2338 1952 2596 2007 cautione
2646 1952 2922 2007 dictarum
2965 1952 3128 2008 trium
3161 1952 3589 2024 autip'nonarum

310 2055 403 2100 τος
443 2015 775 2099 ἀκολουθίας
830 2040 957 2092 εἰσί.
1012 2015 1127 2093 Kal
1168 2040 1245 2110 μὴ
1304 2015 1509 2102 εἰδότες
1559 2015 1899 2102 τοῦτότινες
1931 2015 1973 2071 Β
2002 2059 2025 2097 ε

1878 2057 1899 2102 ς
1931 2015 1973 2071 Β
2002 2052 2058 2097 et
2081 2015 2277 2098 deinde
2328 2042 2588 2112 Trisagii,
2625 2044 2811 2098 missas
2856 2058 3079 2099 nomine
3140 2044 3243 2099 hoc
3280 2015 3593 2113 appellant.

310 2132 370 2183 tv
421 2130 498 2199 τῷ
553 2131 848 2200 ᾴσματικῷ
880 2131 1157 2201 ἑσπερινῷ
1212 2130 1527 2201 λεγομένων
1572 2130 1683 2183 τῶν
1728 2132 1901 2202 τριῶν

310 2223 653 2289 ἀντιφώνων,
700 2224 931 2292 ὕστερον
956 2224 1014 2277 δὲ
1054 2226 1151 2277 καὶ
1189 2224 1284 2278 τοῦ
1316 2225 1640 2293 Τρισαγίου,
1670 2224 1747 2287 ὡς
1794 2224 1903 2277 λει-

309 2314 573 2383 τουργίαν
603 2314 762 2367 τοῦτο
795 2315 1258 2383 κατονομάζουσι.
1287 2316 1398 2369 Kal
1423 2314 1624 2384 μᾶλλον
1652 2316 1703 2366 οί
1736 2317 1900 2384 ἐσχη-

312 2408 469 2467 κότες
510 2407 750 2475 ἀρχῆθεν
788 2407 997 2474 ταύτην
1054 2408 1118 2474 δὴ
1163 2409 1263 2477 τὴν
1294 2409 1621 2461 ἀκολουθίαν
1657 2410 1706 2461 ol
1750 2410 1901 2459 Κων-

316 2499 823 2551 σταντινουπολίται
861 2498 1025 2552 τοῦτο
1080 2499 1207 2567 ἄρτι
1249 2501 1619 2569 θαυμάζουσι,
1657 2502 1731 2569 μη
1764 2502 1903 2553 ειδά-

312 2607 408 2651 τες
433 2590 511 2652 ὠς
540 2591 717 2643 ταῦτα
757 2591 986 2661 διωγμῷ
1018 2592 1269 2646 Λατίνων
1303 2594 1369 2645 τὰ
1419 2593 1690 2647 κάλλιστα
1741 2596 1895 2646 κατέ-

314 2681 476 2733 λιπον
502 2680 599 2750 ἔθη
626 2701 638 2711 ·
676 2682 751 2744 ὡς
780 2685 877 2735 καὶ
902 2684 961 2735 ἑν
982 2685 1105 2744 ταῖς
1139 2686 1417 2751 νηστείαις
1439 2686 1539 2751 τὴν
1571 2685 1659 2752 τῆς
1692 2686 1902 2753 τρττοέ-

314 2788 452 2841 κτης
487 2773 641 2841 ἱερὰν
677 2774 774 2827 καὶ
819 2776 1057 2845 ἀρχαίαν
1093 2775 1403 2844 ὑπηρεσίαν
1441 2794 1501 2827 τε
1539 2781 1631 2830 καὶ
1657 2778 1904 2842 διάταξιν

315 2866 411 2917 καὶ
451 2865 549 2935 την
603 2866 707 2935 τῆς
737 2866 1042 2937 λεγομένης
1096 2867 1467 2937 παννυχίδοςο
1526 2870 1670 2922 κατὰ
1721 2873 1905 2923 πᾶσαν

315 2956 561 3025 ἑσπέραν
613 2957 917 3026 γινομένην
964 2958 1119 3020 ποτὲ,
1182 2960 1281 3010 καὶ
1330 2958 1569 3027 μάλιστα
1619 2964 1759 3014 κατὰ
1807 2964 1905 3029 τὴν

314 3048 479 3115 ἁγίαν
535 3050 788 3118 μεγάλην
842 3049 1326 3121 Τεσσαρακοστὴν,
1365 3054 1463 3104 καὶ
1497 3052 1556 3105 ἑν
1593 3056 1662 3122 τῇ
1711 3054 1907 3125 πρώτῃ

316 3141 546 3217 ταύτης¹
566 3145 663 3197 καὶ
686 3146 752 3212 τῇ
783 3144 1001 3215 μεγάλῃ
1037 3143 1314 3209 ὲδδομάδι,
1348 3138 1424 3198 ὧν
1456 3146 1552 3196 καὶ
1583 3146 1741 3214 εὐχαί
1766 3150 1908 3199 εἰσιν

319 3236 622 3300 ἀναγκαῖαι
655 3236 710 3287 al
742 3237 884 3288 κατά
914 3235 1015 3305 τὴν
1054 3235 1373 3304 ¹’παννυχίδα
1421 3236 1902 3308 ἐπιγραφόμεναι·

2004 2134 2070 2188 Et
2094 2137 2395 2204 praesertim
2438 2138 2533 2205 qui
2564 2151 2592 2189 a
2618 2137 2889 2205 principio
2915 2138 3081 2192 istum
3109 2136 3423 2192 habuerunt
3451 2136 3601 2191 ordi-

2006 2242 2128 2280 nem
2155 2227 2758 2297 Constantinopolitani
2782 2229 2929 2283 istud
2962 2230 3127 2283 modo
3147 2231 3420 2285 mirantur
3439 2230 3598 2297 igna-

2005 2326 2193 2375 rantes
2230 2335 2289 2375 se
2325 2320 2727 2388 pulcherrimos
2758 2323 2863 2377 bos
2894 2322 3035 2377 ritus
3068 2321 3460 2392 persecutione
3494 2320 3595 2374 La-

2004 2413 2244 2465 tinorum
2279 2413 2553 2476 amisisse,
2580 2413 2723 2468 sicut
2774 2426 2829 2468 et
2868 2415 2921 2468 in
2960 2414 3182 2483 jejuniis
3206 2428 3426 2467 sacrum
3452 2413 3601 2467 anti-

2004 2518 2286 2570 quumque
2346 2504 2521 2558 tertia:
2574 2514 2629 2557 et
2690 2513 2861 2560 sextae.
2922 2504 3069 2559 bura‘.
3104 2504 3474 2564 ministerium
3527 2518 3595 2559 ac

2007 2591 2316 2643 institutum
2380 2600 2546 2661 atque
2596 2594 3015 2663 praeceptionem
3058 2593 3334 2663 Παννυχὶς
3365 2593 3594 2656 dictam.

2006 2683 2130 2746 quia
2168 2698 2263 2750 per
2290 2691 2457 2736 totam
2498 2692 2712 2738 noctem
2740 2684 2999 2749 durabat,
3030 2684 3442 2755 qumquondam
3475 2686 3597 2739 sin-

2007 2771 2150 2836 gulis
2192 2773 2439 2839 vesperis
2482 2772 2663 2839 liebat,
2719 2773 2772 2828 in
2811 2774 3000 2841 primis
3024 2790 3116 2842 per
3146 2789 3398 2844 magnam
3454 2774 3603 2841 Qua-

2006 2861 2396 2928 dragesimam.
2454 2873 2510 2918 et
2560 2864 2614 2917 in
2645 2865 2821 2933 prima
2857 2880 3166 2937 magnaque
3198 2866 3365 2935 hujus
3388 2865 3597 2921 hebdo-

2008 2954 2189 3021 made,
2225 2972 2289 3009 ex
2328 2957 2529 3024 quibus
2552 2971 2744 3025 preces
2800 2965 2931 3012 sunt
2957 2958 3303 3023 necessaria',
3338 2973 3461 3027 qua:
3490 2966 3599 3011 tota

2010 3058 2172 3103 nocte
2200 3048 2564 3112 dicebantur,
2596 3062 2810 3102 necnon
2837 3064 3029 3119 preces
3063 3050 3204 3105 inter
3229 3052 3446 3104 tertiam
3479 3062 3603 3103 ses-

2012 3148 2234 3206 tanique
2283 3137 2475 3191 horam
2532 3136 2838 3192 secundum
2889 3138 3171 3207 antiquam
3222 3138 3598 3200 traditionem,

2009 3244 2134 3312 qna-
2164 3230 2351 3283 cantio
2387 3229 2554 3281 horas
2580 3237 2965 3299 repraesentat,
2995 3238 3051 3282 et
3086 3229 3207 3283 ideo
3236 3229 3344 3283 hoc
3378 3229 3600 3282 nomine

319 3326 417 3380 καὶ
458 3327 514 3377 al
577 3326 680 3393 τῆς
737 3328 1061 3397 τριτοέκτης
1112 3326 1256 3379 κατὰ
1308 3329 1615 3396 παράδοσιν
1648 3330 1906 3398 ἀρχαίαν,
1937 3342 1980 3395 c
2014 3338 2034 3371 ν

1892 3369 1906 3392 ,
1937 3342 1980 3395 C
2014 3332 2248 3376 vocatur
2276 3338 2291 3387 ;
2320 3322 2549 3388 insuper
2609 3335 2800 3390 preces
2832 3331 3038 3375 sancta:
3068 3320 3252 3375 missae
3298 3320 3366 3374 de
3402 3320 3605 3387 quibus

318 3416 493 3468 τύπον
530 3417 640 3467 τῶν
671 3416 831 3485 ὡρῶν
863 3415 1118 3485 ἐχούσης,
1152 3421 1247 3470 καὶ
1276 3416 1435 3470 τοῦτο
1477 3417 1818 3487 καλουμένης
1845 3422 1908 3471 ἐκ

321 3506 420 3559 τοῦ
457 3507 753 3576 ὀνόματος,
794 3508 891 3559 καὶ
928 3508 1027 3575 τῆς
1066 3510 1218 3575 ἱερᾶς
1262 3508 1629 3578 λειτουργίας,
1673 3511 1799 3577 περὶ
1834 3504 1911 3561 ὧν

322 3596 422 3649 καὶ
450 3594 689 3663 ἐροῦμεν
718 3596 795 3657 ὡς
825 3597 884 3648 ιν
914 3594 1113 3665 βραχεί
1150 3596 1271 3665 μετ’
1310 3596 1513 3664 ὀλίγον.
1545 3597 1657 3649 Νῦν
1690 3598 1747 3650 δὲ
1780 3599 1910 3663 περὶ

322 3686 418 3739 τοῦ
438 3684 732 3752 ὲσπερινοῦ
759 3685 1017 3752 λέγομεν,
1045 3684 1119 3745 ὡς
1145 3683 1241 3735 τοῦ
1268 3686 1457 3754 ἱερέως
1485 3684 1908 3753 εὖλογήσαντος,

325 3781 420 3830 καὶ
445 3777 514 3829 τὰ
546 3777 804 3846 είρηνικὶ
830 3776 1118 3845 εἰρηκότος
1157 3776 1361 3839 πάντα,
1397 3777 1494 3828 καὶ
1540 3777 1620 3839 τὸ,
1669 3795 1688 3826 ι
1735 3777 1911 3828 Ἀντι-

324 3869 513 3935 λασοῦ,
569 3870 765 3933 σῶσον,
799 3868 1045 3937 ἐλέησον,
1112 3888 1130 3920 ι
1166 3870 1216 3921 οἰ
1242 3869 1445 3936 ψάλται
1501 3869 1682 3930 εὐθὺς,
1749 3889 1765 3919 ι
1811 3868 1907 3920 καὶ

339 3961 676 4014 Ἐπάκουσόν
742 3977 869 4029 μου,
920 3959 1049 4024 δόξα
1079 3977 1183 4024 σοι,
1226 3963 1252 4012 6
1293 3960 1446 4020 Θεὸς,
1490 3978 1507 4010 »
1545 3961 1752 4031 ᾀδνυῑι.
1801 3962 1910 4013 Kal

328 4054 629 4118 ἀναγκαῖον
654 4051 715 4102 τὸ
752 4051 1187 4121 μελῳδούμενον,
1224 4053 1437 4105 ίκεσίαν
1468 4052 1585 4120 ἇμα
1628 4056 1719 4105 καὶ
1756 4054 1908 4119 δοξο-

328 4143 519 4209 λογίαν
554 4144 807 4211 περιέχον
843 4142 978 4196 Θεοῦ
1002 4159 1015 4172 '
1051 4145 1148 4196 καὶ
1176 4145 1237 4196 τὸ
1271 4146 1370 4211 μὲν
1395 4146 1501 4197 ἀπὸ
1526 4146 1621 4197 τοῦ
1652 4144 1908 4214 Ψαλμοῦ,

334 4253 356 4285 ι
392 4235 613 4296 κλῖνον,
648 4235 845 4300 Κύριε,
877 4234 939 4286 τὸ
968 4231 1062 4297 οῦς
1094 4252 1213 4301 σου,
1240 4236 1335 4288 καὶ
1360 4236 1671 4290 ἐπάκουσόν
1696 4255 1799 4304 μου
1826 4254 1839 4268 ο
1885 4257 1904 4289 »

327 4328 391 4378 τὸ
432 4327 491 4378 δὲ
536 4326 645 4378 ἀπὸ
674 4326 781 4377 τῶν
812 4326 1087 4393 ἀγγέλων,
1126 4345 1144 4378 ι
1181 4328 1319 4391 Δόξα
1350 4330 1409 4379 ὲν
1461 4328 1706 4396 ὑψίστοις
1751 4330 1908 4399 Θεῷ’

330 4418 447 4481 Ital,
484 4434 503 4467 »
531 4417 753 4487 Πλήρης
811 4421 839 4471 6
868 4418 1095 4487 οὐρανὸς
1125 4419 1217 4472 καὶ
1246 4420 1279 4488 ὴ
1301 4418 1377 4488 γῆ
1395 4418 1495 4488 τῆς
1519 4420 1679 4486 δόξης
1707 4420 1870 4472 αὑτοῦ
1893 4436 1907 4450 ·

330 4509 446 4571 καὶ,
489 4525 508 4557 ι
561 4507 918 4577 Εὐλογημένη
958 4509 991 4576 ἡ
1018 4506 1145 4571 δόξα
1178 4508 1406 4576 Κυρίου.
1451 4527 1471 4561 s
1518 4507 1653 4564 Εἶτά
1684 4528 1852 4579 φησιν
1882 4514 1911 4565 6

329 4598 536 4668 ἱερεὺς,
576 4616 595 4649 ι
631 4596 744 4666 Τῆς
790 4597 1068 4663 Παναγίας
1096 4599 1403 4667 ἀχράντου·
1460 4616 1480 4648 »
1516 4603 1610 4650 καὶ
1647 4600 1910 4667 ίκφώνως

2010 3414 2094 3468 vel
2123 3414 2366 3469 breviter
2389 3430 2516 3469 mox
2543 3414 2903 3470 disseremus.
2932 3412 3091 3468 Nunc
3121 3427 3251 3467 vero
3271 3411 3340 3468 de
3360 3412 3605 3481 vesperis

2011 3506 2275 3560 dicimus.
2342 3507 2638 3576 Postquam
2693 3522 2826 3577 ergo
2884 3505 3230 3561 benedixerit
3266 3506 3521 3561 sacerdos
3554 3513 3609 3557 et

2013 3612 2201 3667 pacem
2227 3598 2464 3658 dixerit.
2487 3613 2699 3652 necnon
2731 3616 2745 3652 :
2780 3597 3044 3667 «Suscipe
3078 3597 3250 3661 salva,
3284 3597 3600 3651 miserere.»

2018 3700 2275 3744 cantores
2343 3690 2489 3745 illico
2549 3690 2832 3757 psallunt:
2867 3709 2885 3742 ι
2926 3691 2995 3745 Ει
3027 3689 3226 3745 exaudi
3262 3705 3368 3750 me.
3434 3689 3604 3754 gloria

2011 3780 2133 3840 tibi,
2164 3779 2312 3833 Deus
2339 3799 2357 3829 »
2388 3780 2536 3847 quod
2585 3780 2759 3835 melus
2784 3789 2873 3835 est
2907 3781 3303 3845 necessarium,
3344 3780 3606 3848 depreca-

2016 3871 2223 3924 tionem
2280 3872 2559 3940 simulque
2609 3871 3071 3940 gloriﬁcationem
3148 3873 3243 3926 Dei
3291 3874 3603 3927 continens.

2012 3963 2251 4016 Cantant
2280 3963 2446 4015 etiam
2505 3962 2638 4017 illud
2676 3978 2704 4016 e
2738 3964 2991 4032 psalmo:
3033 3981 3052 4014 ι
3079 3963 3315 4025 lnclina.
3356 3963 3607 4026 Domine,

2013 4068 2201 4106 aurem
2237 4063 2407 4116 tuam,
2442 4064 2497 4106 et
2527 4055 2727 4109 exaudi
2784 4070 2896 4113 me.
2928 4074 2945 4106 »
2972 4056 3393 4125 angelirumque
3437 4058 3609 4109 canti-

2011 4157 2136 4196 cum
2160 4160 2172 4195 :
2197 4143 2407 4195 «Gloria
2428 4144 2483 4195 in
2510 4143 2795 4197 altissimis
2816 4144 2983 4206 Deo,t
3010 4156 3085 4208 et,
3114 4164 3131 4196 ι
3150 4145 3297 4198 Pleni
3319 4156 3449 4199 sunt
3480 4146 3604 4199 cmli

2010 4245 2068 4288 et
2096 4245 2241 4287 terra
2258 4234 2435 4302 gloria
2460 4233 2635 4302 ejus,»
2668 4242 2758 4296 et;
2787 4253 2803 4285 ι
2821 4233 3115 4290 Bettedicta
3136 4235 3309 4305 gloria
3332 4233 3568 4290 Domini.
3584 4255 3603 4288 ι

2016 4321 2279 4391 Deinceps
2309 4322 2565 4376 sacerdos
2614 4322 2691 4376 ait
2724 4337 2739 4377 ;
2781 4340 2799 4373 ι
2829 4320 3203 4379 Sanetissimze
3248 4334 3303 4378 et
3330 4324 3603 4378 immacu-

2016 4415 2209 4480 lata»,
2272 4416 2494 4480 altaque
2547 4428 2678 4471 voce
2734 4414 2900 4468 Deum
2958 4414 3012 4468 in
3068 4413 3335 4469 Trinitate
3365 4416 3602 4470 celebrat

2014 4504 2239 4557 dicens:
2274 4522 2293 4553 1
2325 4503 2591 4569 Quoniam
2653 4513 2703 4558 te
2730 4505 2884 4558 decet
2913 4506 3094 4558 omnis
3126 4504 3322 4575 gloria,
3360 4506 3535 4559 bonor
3556 4519 3612 4562 et

2014 4596 2283 4649 adoratio.
2310 4615 2328 4646 »
2355 4594 2417 4648 Et
2439 4596 2510 4649 ita
2546 4605 2691 4649 totus
2721 4594 2920 4648 dicitur
2950 4595 3196 4665 psalmus
3245 4611 3369 4651 cum
3401 4596 3485 4651 bis
3518 4612 3609 4649 vo-

328 4690 561 4757 ἀνυμνεῖ
606 4690 699 4740 τὸν
741 4690 800 4741 ὲν
852 4688 1042 4758 Τριάδι
1080 4690 1236 4755 Θεὸν,
1291 4708 1310 4742 ι
1366 4692 1491 4742 Ὅτι
1551 4691 1753 4761 πρέπει
1804 4711 1910 4761 σοι,
1944 4699 1987 4753 ι)
2015 4702 2043 4741 c

1892 4734 1910 4761 ,
1944 4699 1987 4753 ι)
2015 4687 2168 4741 cibus
2204 4702 2217 4737 :
2260 4686 2469 4741 «Gloria
2506 4687 2625 4751 tibi,
2662 4686 2857 4750 Deus,»
2885 4694 2981 4744 et:
3022 4686 3136 4740 die
3163 4686 3327 4756 igitur
3352 4686 3603 4743 exaudi.»

331 4781 528 4848 λέγων,
586 4781 738 4836 πᾶσα
792 4780 941 4845 δόξα,
983 4782 1122 4851 τιμὴ
1155 4783 1253 4835 καὶ
1307 4783 1704 4852 προσκύνησις.
1745 4805 1764 4838 »
1804 4788 1911 4840 Kal

330 4868 473 4921 οὕτω
505 4870 611 4924 πᾶς
647 4870 675 4921 6
708 4870 939 4936 Ψαλμὸς
991 4870 1212 4933 λέγεται
1249 4872 1385 4938 μετά
1411 4871 1530 4933 τοῦ,
1567 4888 1584 4921 ι
1628 4871 1764 4935 Δόξα
1806 4890 1911 4935 σοι,

330 4963 359 5013 6
396 4961 548 5023 Θεός.
594 4979 613 5014 »
645 4961 719 5015 T6
760 4961 1099 5015 Ἐπάκουσόν
1140 4980 1241 5031 μου
1287 4961 1402 5024 οὖν,
1427 4962 1522 5015 τοῦ
1568 4963 1913 5033 ἐπαγομένου

327 5052 548 5122 ψαλμοῦ
599 5052 890 5120 τυγχάνον,
932 5050 1008 5117 ὡς
1055 5054 1303 5122 εἴρηται.
1347 5052 1517 5105 Τοῦτο
1575 5052 1695 5116 ἔθος
1735 5055 1829 5107 καὶ
1858 5058 1917 5107 ἐν

329 5147 452 5207 ταῖς
484 5145 677 5206 ἄλλαις
703 5144 1053 5207 ἀκολουθίαις
1084 5146 1235 5198 ἐστὶν
1255 5146 1312 5197 ιν
1337 5146 1412 5214 τῷ
1445 5146 1653 5216 ᾅσματι
1674 5162 1689 5176 ⁸
1724 5147 1918 5217 προλέ-

330 5251 491 5301 γουσι
521 5235 630 5304 γάρ
673 5251 725 5287 τι
760 5235 944 5304 στίχου
996 5234 1169 5304 μέρος
1206 5236 1303 5293 ἀεὶ
1356 5236 1451 5289 τοῦ
1507 5238 1916 5306 ἐπιφερομένου

329 5326 575 5395 ψαλμοῦ,
606 5326 639 5396 ἢ
680 5327 818 5394 μετά
842 5327 936 5379 τοῦ
979 5323 1328 5393 ’Ᾱλληλούῐα,
1360 5329 1393 5398 ἢ
1430 5331 1545 5396 τοῦ,
1584 5347 1603 5380 ι
1643 5330 1781 5393 Δόξα
1805 5346 1911 5392 σοι,

328 5421 359 5471 6
392 5418 549 5485 Θεὸς,
612 5437 630 5471 »
678 5419 713 5487 ἦ
746 5435 891 5481 τινος
944 5420 1338 5490 ὑποψάλματος
1398 5423 1915 5492 προοιμιαζόμενοι·

333 5508 637 5576 ὑπόψαλμα
711 5508 770 5561 δι
822 5508 1041 5577 λέγεται
1112 5510 1200 5563 διὰ
1250 5512 1312 5565 τδ
1365 5514 1506 5581 μετὰ
1552 5512 1647 5565 τοῦ
1698 5512 1919 5582 ψαλμοῦ

336 5598 477 5650 κατὰ
501 5597 683 5665 στίχον
731 5597 976 5669 ᾄδεσθαι.
1033 5600 1140 5653 Καὶ
1177 5600 1393 5669 πρῶτον
1442 5608 1541 5671 μὲν
1572 5605 1663 5655 τὸν
1716 5603 1919 5671 στίχον,

336 5689 532 5741 ἔπειτα
576 5689 633 5741 δὲ
685 5690 843 5742 τοῦτο
895 5691 1193 5759 λέγεσθαι·
1236 5687 1368 5757 οἷον,
1410 5712 1429 5745 ι
1466 5694 1679 5756 κλῖνον,
1720 5695 1919 5764 Κύριε,

336 5783 401 5833 τὸ
434 5779 527 5843 οὓς
555 5798 674 5847 σου,
712 5783 806 5834 καὶ
829 5784 1133 5838 ιπάκουσόν
1171 5804 1297 5854 μου.
1334 5786 1473 5851 Δόξα
1507 5803 1613 5852 σοι,
1638 5787 1819 5851 δθεός
1842 5804 1855 5819 °
1896 5808 1914 5839 »

340 5871 433 5923 καὶ
466 5872 526 5922 ὲν
556 5873 669 5934 τοῖς
710 5870 918 5936 λοιποῖς
948 5874 1171 5943 ὁμοίως.
1224 5876 1312 5929 Ἐν
1342 5880 1457 5940 τοῖς
1499 5879 1805 5945 ἐσπερινοϊς
1829 5876 1923 5932 οὖν

342 5964 516 6023 ἅπασι
548 5964 629 6033 τὸ,
668 5982 688 6016 ‹
729 5963 944 6036 κλῖνον,
981 5966 1173 6035 Κύριε,
1208 5968 1267 6021 τὸ
1299 5967 1389 6033 οῦς
1420 5985 1537 6038 σου,
1578 5989 1594 6023 »
1632 5970 1920 6040 ψάλλεται.

2017 4792 2137 4846 quae
2174 4777 2226 4831 in
2295 4778 2507 4845 psalmo
2554 4778 2683 4832 dum
2748 4781 3101 4833 continuatur
3164 4780 3609 4848 interponuntur.

2015 4870 2160 4923 sicut
2186 4870 2398 4924 dictum
2427 4878 2533 4924 est.
2568 4869 2692 4925 Haec
2719 4879 2803 4925 est
2834 4870 2984 4924 enim
3031 4870 3084 4923 in
3139 4870 3397 4925 cautione
3445 4871 3608 4924 etiam

2017 4962 2071 5014 in
2102 4961 2225 5015 aliis
2259 4961 2547 5016 ordinibus
2582 4961 2921 5015 consuetudo
2950 4977 2966 5019 :
2997 4961 3150 5029 prius
3182 4971 3390 5032 partem
3423 4976 3613 5018 versus

2017 5052 2228 5116 dicunt,
2256 5062 2311 5105 et
2341 5051 2571 5119 singulis
2591 5052 2781 5121 pssimi
2806 5052 3110 5106 continuati
3142 5053 3391 5108 versibus
3414 5054 3612 5122 piaclu-

2016 5144 2149 5199 dunt
2175 5143 2418 5197 dicentes
2440 5141 2794 5213 Alleluia,ivel
2830 5154 2845 5196 :
2885 5141 3099 5196 (Gloria
3128 5143 3248 5209 tibi,
3289 5145 3429 5199 Deus
3464 5162 3485 5197 »
3528 5146 3609 5200 vel

2017 5235 2181 5289 alium
2214 5233 2590 5288 intercalarem
2623 5234 2975 5297 versiculum,
2999 5234 3095 5303 qui
3128 5236 3230 5288 hoc
3263 5245 3489 5289 vocatur
3515 5251 3610 5289 nu-

2022 5327 2166 5381 mine
2199 5327 2329 5397 quia
2361 5340 2485 5380 cum
2509 5325 2721 5395 psalmo
2749 5326 2889 5380 inter
2932 5338 3129 5379 versus
3152 5335 3427 5380 cantatur.
3484 5324 3607 5379 Pri.

2021 5437 2147 5475 mus
2176 5418 2400 5489 quidem
2430 5418 2631 5472 dicitur
2662 5431 2875 5482 versus,
2906 5426 2962 5471 et
3012 5416 3212 5471 deinde
3242 5416 3336 5471 ille
3364 5418 3609 5472 versicu-

2022 5512 2130 5577 lus,
2153 5511 2389 5580 exempli
2418 5508 2591 5581 gratia
2621 5527 2635 5563 :
2669 5527 2688 5561 ι
2718 5507 2946 5575 biclina,
2968 5506 3219 5575 Domine,
3243 5525 3432 5565 aurem
3457 5520 3603 5588 tuam

2022 5614 2076 5660 et
2103 5604 2301 5659 exaudi
2354 5596 2485 5669 me;
2517 5600 2697 5657 Gloria
2752 5599 2847 5656 tibi
2900 5600 3116 5665 Deus».
3168 5611 3224 5656 et
3276 5601 3530 5657 similiter
3558 5601 3613 5657 in

2023 5698 2257 5753 caeteris.
2287 5694 2456 5764 igitur
2519 5697 2573 5748 in
2607 5695 2921 5762 vespertina
2986 5694 3247 5748 cautione
3278 5701 3388 5747 tota
3421 5701 3612 5747 canta—

2027 5800 2115 5844 tur
2144 5804 2158 5840 :
2192 5807 2209 5839 α
2231 5788 2453 5850 lnclina,
2478 5788 2726 5849 Domine,
2757 5801 2946 5840 aurem
2979 5796 3124 5840 tuam
3154 5803 3202 5844 ».
3234 5787 3502 5855 quoniam
3530 5786 3610 5840 sol

2021 5881 2246 5948 justitia:
2296 5878 2575 5932 inclinavit
2596 5879 2766 5933 caelos
2792 5886 2847 5932 et
2892 5877 3174 5932 descendit
3204 5876 3329 5932 licet
3352 5892 3613 5933 occasum

2029 5970 2300 6037 nesciens,
2338 5978 2480 6025 tunc
2517 5983 2649 6026 vero
2682 5968 2960 6027 sensibilis
2995 5968 3270 6027 inclinans
3288 5968 3371 6027 sol
3394 5968 3614 6038 occidit;
