4446 6740
414 502 526 574 669

1583 511 1678 570 DE
1720 510 1956 570 SACRA
2008 502 2522 568 I‘BECATIONE.

3579 487 3688 551 650

418 620 704 689 ἀντίληψιν
729 624 844 683 ταῖς
874 619 1076 690 ψυχαῖς
1109 620 1288 692 ἡμῶν.
1341 640 1359 675 3
1385 616 1569 676 Ταῦτα
1614 621 1671 674 δὲ
1702 621 1803 691 τὴν
1856 622 1996 673 οίκο-
2030 631 2072 683 Α
2106 618 2174 671 oi!

1925 637 1996 672 ιο-
2030 631 2072 683 Α
2106 618 2441 672 οίϊεηεατυιη
2489 613 2872 670 remissionem
2916 619 2970 667 et
3009 607 3341 677 adiutorium
3390 604 3681 663 animabus

420 712 618 781 νομίαν
650 713 1128 781 προκηρυχθεῐσαν
1164 714 1403 783 Χριστοῦ
1474 711 1866 782 μεγαλύνουσι,
1900 711 1997 764 καὶ

423 806 657 874 μάλιστα
676 806 763 857 διὰ
788 804 883 856 τοῦ
929 806 1095 859 τόκου
1122 807 1218 859 τοῦ
1258 804 1599 883 Βαπτιστοῦ,
1644 804 1718 867 ώς
1749 803 1991 874 προέςη-

422 906 543 957 μεν.
580 889 688 943 Καὶ
721 890 887 954 εὐθὺς
941 894 1000 945 ιν
1042 893 1118 963 τῷ
1172 894 1389 963 άμόωνι
1442 894 1593 962 παρὰ
1642 894 1993 961 ἀναγνώστου

418 984 500 1048 τὸ,
541 1002 559 1035 ι
612 984 750 1049 Δόξα
788 981 845 1037 ἐν
905 969 1153 1055 ὑψίστοις
1205 986 1346 1056 Θεῷ,
1400 1006 1417 1039 ι
1477 985 1853 1056 λαμϐάνοντος
1904 983 1995 1035 τὸν

420 1076 655 1147 σταυρὸν
683 1077 801 1137 ταῖς
822 1078 1004 1147 χερσὶ,
1064 1078 1159 1131 καὶ
1190 1078 1247 1135 ιν
1277 1076 1354 1148 τῷ
1403 1074 1620 1147 άμϐωνι
1680 1076 1993 1145 ἱσταμένου,

422 1168 518 1221 καὶ
554 1164 989 1222 ὲπισυνάπτεται
1029 1168 1180 1238 παρὰ
1212 1169 1320 1221 τῶν
1352 1156 1630 1238 ψαλτῶνή
1663 1167 1875 1237 μεγάλη
1909 1168 1995 1221 δο-

422 1257 671 1324 ξολογία.
707 1255 881 1310 Τοῦτο
906 1257 963 1311 δὲ
993 1258 1207 1325 γίνεται
1243 1257 1368 1311 καθ’
1397 1258 1663 1327 ἑκάστην.
1696 1257 1778 1327 Τῇ
1837 1257 1895 1310 δέ
1929 1275 1993 1327 γε

418 1352 676 1421 κυριακῇ
723 1348 865 1404 κατὰ
917 1352 1009 1403 τὸν
1063 1347 1197 1420 ἦχον
1246 1355 1295 1405 οἰ
1367 1369 1387 1403 ι
1420 1352 1631 1407 Δίνεῖτε
1661 1369 1679 1402 3
1739 1349 1993 1417 λέγονται

418 1443 557 1508 μετὰ
580 1441 689 1493 τῶν
729 1441 1094 1511 ὑποψάλμιιιν.
1136 1443 1246 1495 Καὶ
1268 1444 1346 1505 είς
1370 1443 1431 1495 τὸ
1455 1443 1608 1506 τέλος
1640 1442 1995 1511 άναστάσιμα

417 1532 715 1602 στεχηράῆ
766 1532 862 1602 τῆς
895 1532 1113 1603 ἑορτῆς,
1161 1534 1194 1604 ἦ
1254 1536 1496 1604 μεγάλου
1550 1535 1731 1604 ἁγίου,
1781 1538 1830 1588 si
1874 1536 1994 1587 ἔστι

418 1628 608 1693 μνήμη
638 1622 833 1689 αὐτοῦ,
885 1625 1023 1691 Δόξα
1078 1626 1138 1678 τὸ
1182 1626 1429 1683 ἑωθινόν.
1470 1628 1560 1682 Ἔν
1587 1621 1633 1696 ᾧ
1662 1628 1865 1692 ετσοδος
1886 1628 1995 1681 τῶν

416 1714 609 1782 ίερὲων
647 1716 787 1783 μετὰ
842 1717 935 1768 τοῦ
977 1715 1218 1786 σταυροῦ
1273 1712 1371 1773 καὶ
1409 1719 1506 1773 τοῦ
1545 1719 1693 1774 θείου
1750 1720 1997 1788 Εὐαγγεο

415 1807 557 1874 λίω,
587 1808 687 1877 τὴν
730 1809 825 1861 τοῦ
859 1801 1116 1879 Σωτῆρος
1152 1811 1451 1865 ἀνάστασιν
1494 1814 1701 1883 ταύτης
1731 1813 1828 1882 τῆς
1857 1813 1995 1866 ιίσό-

414 1898 504 1951 ὅου
560 1900 941 1972 σημαινούσης
986 1905 1117 1973 περὶ
1172 1904 1266 1957 τὸν
1338 1904 1538 1976 ὄρθρον
1594 1905 1994 1975 γεγενημένης.

414 1990 507 2042 Διὸ
532 1990 642 2043 τῶν
666 1992 858 2061 ίερέων
880 1992 981 2062 τὴν
1008 1992 1175 2062 εὐχὴν
1208 1994 1548 2064 κλινομένων
1604 1996 1870 2065 λεγόντων
1894 1998 1993 2065 τῆς

415 2084 624 2137 εἰσόδου
661 2086 719 2137 ιν
751 2085 828 2154 τῷ
875 2086 1108 2155 ἐωθινῴ,
1147 2086 1175 2139 ὅ
1212 2087 1367 2157 δηλοῖ
1400 2088 1502 2159 τὴν
1558 2089 1639 2151 είς
1698 2090 1845 2158 ἡμᾶς
1897 2093 1994 2143 καὶ

414 2178 543 2246 ἄχρι
576 2176 672 2230 τοῦ
710 2176 839 2249 ᾅδου
876 2179 1211 2231 ταπείνωσιν
1259 2181 1356 2232 καὶ
1406 2179 1713 2235 κατάϐασιν
1746 2180 1839 2233 τοῦ
1882 2182 1995 2234 Ku-

416 2270 559 2339 ρίου,
590 2269 685 2323 καὶ
736 2269 1105 2341 ἐγειρομένων
1171 2269 1274 2340 τὴν
1322 2270 1565 2343 ἔγερσιν,
1614 2270 1692 2336 ώς
1734 2273 1993 2335 πολλάκις

414 2364 741 2432 είρήκαμεν,
771 2362 833 2415 τὸ
861 2362 1195 2431 Εὐαγγέλιον
1220 2364 1544 2432 άνυψοῦται,
1601 2366 1875 2434 κηρῦττον
1900 2367 1994 2420 καὶ⁵

414 2454 545 2507 αὐτὸ
573 2456 674 2525 τὴν
696 2454 999 2509 ἀνάστασιν
1028 2456 1124 2508 καὶ
1158 2456 1239 2521 τὸ,
1286 2473 1306 2507 ι
1351 2456 1519 2525 Σοφία
1566 2455 1741 2525 ὀρθοὶ,
1776 2474 1794 2507 3
1838 2458 1993 2524 λέγε-

413 2562 528 2612 ται,
564 2548 643 2607 είς
676 2546 941 2616 κήρυγμα
974 2548 1068 2600 καὶ
1105 2546 1264 2601 τοῦτο
1293 2548 1391 2618 τῆς
1457 2548 1836 2615 ἀναστάσεως,
1900 2552 1994 2603 καὶ

416 2636 755 2706 ψαλλομένου
788 2639 868 2700 είς
893 2638 976 2702 τὸ,
1008 2655 1027 2688 ι
1069 2635 1173 2690 Καὶ
1229 2636 1325 2689 νῦν
1390 2637 1484 2690 καὶ
1541 2639 1650 2704 άεὶ,
1702 2638 1971 2708 ὐπερευλο

418 2730 632 2799 γημένη
669 2728 971 2799 ὑπάρχεις*
1007 2748 1027 2782 3
1056 2728 1246 2798 ἐπειδὴ
1274 2729 1362 2784 διὰ
1388 2734 1485 2802 τῆς
1514 2731 1781 2785 Θεοτόκου
1817 2730 1849 2801 ἡ
1883 2750 1989 2785 σωο

418 2822 585 2889 τηρία
612 2823 745 2891 ἡμῖν
779 2823 1011 2885 δέδοται,
1038 2824 1185 2893 καὶὴ
1210 2824 1427 2893 κατάρα
1456 2824 1552 2893 τῆς
1580 2825 1718 2888 Εὔας
1750 2826 1990 2880 λέλυται.

423 2913 789 2966 [εἰσελθόντων
838 2912 990 2965 ἔνδον
1039 2913 1150 2967 τῶν
1210 2913 1424 2984 ἱερέων,
1491 2915 1708 2985 πρῶτον
1749 2918 1847 2985 μὲν
1902 2918 1992 2971 ὑπ’

419 3003 770 3071 ἀναγνώστου
815 3003 873 3056 ἐν
905 3004 981 3074 τῷ
1010 3003 1227 3072 άμσωνι
1262 3005 1353 3058 τὸν
1388 3007 1623 3076 σταυρὸν
1670 3006 1993 3074 nat-Lana;

418 3098 501 3159 τὸ,
535 3114 552 3148 ι
588 3097 727 3163 Δόξα
763 3098 822 3150 ιν
869 3096 1119 3165 ὑψίστοις
1153 3097 1293 3167 Θεῷ,
1344 3117 1362 3147 3
1432 3098 1674 3164 λέγεται,
1705 3098 1901 3153 ἔπειτα
1938 3099 1995 3151 δὲ

418 3187 525 3240 ὑπὸ
553 3186 662 3239 τῶν
687 3186 907 3256 ψαλτῶν
934 3187 1257 3258 ᾀσματικῶς
1297 3186 1503 3257 ᾄδεται.
1549 3182 1681 3239 Εἶτα
1723 3189 1873 3249 ἐντὸς
1900 3187 1995 3241 τοῦ

421 3279 570 3348 ίεροῦ
619 3279 861 3349 βήματος
890 3279 1043 3346 παρὰ
1072 3279 1180 3332 τῶν
1206 3278 1422 3349 ,ίιρέων
1477 3277 1613 3347 ὁμοῦ
1664 3277 1810 3332 ἁπαν
1845 3279 1997 3347 λέγει
2026 3322 2069 3379 C

418 3390 533 3437 ται,
555 3371 662 3424 άπὸ
687 3370 805 3437 τοῦ,
858 3365 982 3423 «Ἔν
1012 3370 1321 3440 ἀνθρώποις
1367 3370 1603 3433 εὐδοκία,
1638 3390 1658 3424 3
1696 3370 1994 3440 συμφώνου

419 3464 517 3532 τῆς
548 3462 858 3529 δοξολογίας
890 3462 1093 3525 ἔξωθέν
1142 3479 1201 3514 τε
1240 3464 1335 3515 καὶ
1394 3461 1597 3514 ἔσωθεν
1651 3462 1945 3531 γινομένης
1977 3475 1993 3491 ·

416 3557 498 3609 ὅτι
528 3556 620 3607 καὶ
645 3553 743 3622 μία
764 3552 1061 3623 Ἐκκλησία
1094 3552 1183 3607 διὰ
1215 3553 1309 3606 τοῦ
1363 3552 1603 3625 Χριστοῦ
1653 3553 1767 3607 ἄνω
1801 3572 1857 3606 τε
1902 3554 1997 3605 καὶ

421 3644 573 3697 κάτω
601 3641 931 3710 γεγόναμεν’
988 3643 1082 3693 καὶ
1130 3640 1289 3694 τοῦτο
1338 3641 1417 3702 είς
1486 3642 1749 3710 κήρυγμα
1790 3642 1883 3693 καὶ
1916 3641 1999 3694 δό-

422 3732 522 3798 ξαν
549 3731 649 3799 τῆς
674 3727 914 3800 Χριστοῦ
968 3729 1347 3791 ἀναστάσεως.
1398 3728 1490 3781 Διὸ
1545 3729 1640 3781 καὶ
1704 3728 1998 3797 τροπάριον

419 3820 802 3891 ἁναστάσιμζον
858 3821 941 3883 τὸ,
1018 3838 1036 3871 ι
1074 3819 1325 3888 Σήμερον
1380 3822 1647 3889 σωτηρία,
1697 3840 1712 3871 3
1779 3820 1835 3873 ὲν
1900 3820 1999 3889 μιᾷ

421 3910 680 3983 Κυριακῇ
710 3930 724 3945 ο
760 3914 852 3966 καὶ
878 3912 959 3973 τὸ,
1001 3932 1018 3963 «
1072 3912 1338 3972 ’Δναστάς
1370 3913 1433 3964 ὲκ
1466 3910 1560 3964 τοῦ
1599 3912 1886 3982 μνήματος
1939 3913 1997 3962 ἑν

420 4010 604 4077 ἑτέρᾳ,
645 4026 662 4060 3
700 4008 817 4076 τρὶς
842 4004 1148 4076 ἡδυμτλῶς,
1180 4004 1343 4064 ἐκτός
1402 4020 1461 4055 τε
1494 4002 1643 4072 παρὰ
1702 4002 1810 4054 τῶν
1855 4000 1997 4069 ψαλ-

418 4102 551 4163 τῶν,
601 4099 696 4151 καὶ
751 4099 905 4160 ἐντὸς
955 4096 1107 4164 παρὰ
1152 4095 1259 4147 τῶν
1320 4095 1513 4162 ἱερέων
1555 4092 1836 4163 ψάλλεται,
1897 4094 1997 4161 τῆς

419 4192 677 4259 τοιαύτης
707 4189 917 4254 τάξεως
956 4186 1145 4255 σαφῶς
1187 4185 1543 4255 παριστώσης
1584 4184 1680 4252 τὴν
1698 4183 1997 4237 ἀνάστασιν

420 4284 513 4337 τοῦ
541 4282 810 4351 Σωτῆρος.
848 4278 937 4332 Διὸ
966 4280 1058 4331 καὶ
1104 4276 1261 4339 εὑθ)ς
1310 4277 1391 4340 τὸ,
1434 4293 1451 4325 ι
1500 4273 1824 4341 Ἀνάστηθι,
1889 4273 1999 4326 Κύ-

425 4392 529 4442 ριε,
568 4392 585 4423 3
675 4371 975 4439 ψάλλεταιο
1030 4367 1125 4421 καὶ
1187 4366 1249 4417 τὸ
1309 4364 1528 4419 ἑωθινὸν
1592 4363 1683 4417 ἐπ’
1742 4365 1998 4431 ἄμϐωνας

421 4462 861 4532 ἀναγινώσκεται
898 4459 1229 4527 Εὐαγγέλιον
1288 4459 1437 4526 παρὰ
1469 4456 1866 4526 πρεσϐυτέρου,
1902 4458 1998 4519 τὴν

421 4554 757 4622 τελεωτέραν
786 4551 937 4615 τάξιν
966 4551 1077 4603 τῶν
1146 4548 1397 4616 ἀγγέλων
1455 4549 1834 4615 ἐμφαίνοντος.
1889 4548 1997 4599 Καὶ

2101 710 2329 764 nostris.
2364 703 2470 761 Ista
2501 720 2630 760 vero
2661 696 3012 775 praedicatam
3047 702 3254 757 Christi
3307 700 3675 756 mconomiam

2096 799 2459 871 magniﬁcam
2507 808 2561 853 et
2611 797 2910 868 praesertim
2966 812 3060 866 per
3108 805 3325 865 partum
3396 792 3676 864 Baptism,

2097 900 2263 965 prout
2285 889 2659 961 praediximus.
2694 888 2756 942 Et
2774 889 2959 943 statim
2991 888 3043 941 in
3068 894 3324 956 suggesta
3348 887 3678 965 inchoatur:

2113 984 2333 1042 «Gloria
2368 985 2421 1039 in
2445 983 2674 1039 excelsis
2703 982 2865 1046 Deo,»
2910 994 2939 1037 a
2972 983 3175 1038 lectore
3209 979 3303 1052 qui
3331 981 3386 1035 in
3417 981 3677 1035 manibus

2098 1092 2320 1135 crucem
2358 1076 2557 1146 accipit
2593 1075 2827 1130 stans‘in
2860 1084 3141 1145 suggesta,
3207 1082 3313 1129 eta
3354 1070 3678 1127 cantoribus

2098 1170 2455 1226 continuatur
2488 1180 2685 1238 magna
2720 1165 3030 1236 doxologia.
3055 1163 3171 1219 Hoc
3193 1172 3375 1219 autem
3402 1163 3460 1218 lit
3481 1162 3678 1217 diebus

2096 1262 2347 1332 singulis.
2366 1259 2650 1316 Dominica
2664 1272 2792 1315 vero
2804 1264 3097 1314 cantantur
3112 1254 3305 1327 psalmi
3330 1272 3344 1310 :
3366 1275 3384 1307 «
3398 1254 3670 1310 Laudates

2096 1370 2221 1411 cum
2241 1352 2560 1409 iutercalari
2588 1350 2880 1417 versiculo,
2914 1352 3036 1407 etin
3058 1348 3165 1405 line
3178 1348 3246 1405 de
3274 1349 3679 1404 resurrectione

2097 1430 2380 1509 versiculi,
2416 1445 2498 1498 vel
2540 1443 2663 1499 festi
2700 1443 2785 1499 vel
2834 1443 3015 1512 magni
3052 1442 3342 1512 cujusdam
3395 1444 3595 1505 sancti,
3630 1444 3677 1493 si

2098 1540 2192 1595 ﬁat
2240 1538 2359 1609 ejus
2416 1536 2891 1599 commemoratio,
2962 1536 3147 1591 Gloria
3225 1542 3282 1591 et
3346 1538 3675 1591 matutinum

2083 1625 2476 1696 «Evangelium.
2512 1621 2566 1679 In
2597 1626 2705 1681 ista
2739 1626 2797 1681 iit
2831 1626 3112 1694 ingressus
3143 1626 3492 1682 sacerdotum
3550 1642 3675 1682 cum

2096 1732 2261 1774 cruce
2315 1718 2614 1788 divinaque
2641 1718 2974 1788 Evangelia;
3009 1719 3101 1789 qui
3127 1720 3411 1791 ingressus
3430 1715 3574 1775 circa
3602 1721 3685 1772 di-

2099 1808 2346 1863 luculum
2398 1808 2577 1865 factus
2638 1810 2940 1865 Salvatoris
3004 1811 3463 1866 resurreCtionem
3510 1811 3685 1881 signi-

2100 1898 2248 1963 ﬁcat.
2296 1897 2425 1952 ideo
2455 1899 2832 1955 sacerdotibus
2864 1900 3047 1970 capite
3074 1901 3345 1955 inclinato
3367 1900 3684 1957 dicentibus

2100 1989 2409 2045 arationem
2466 1991 2748 2061 ingressus
2796 1991 2851 2046 in
2902 1991 3173 2047 matutino
3243 1991 3423 2049 factus
3480 1994 3681 2058 allicit»,

2102 2081 2249 2151 quod
2281 2082 2519 2137 ostendit
2541 2081 2608 2136 ad
2644 2097 2745 2138 nos
2775 2091 2830 2138 et
2863 2098 3037 2154 usque
3067 2084 3134 2139 ad
3177 2085 3451 2141 internum
3498 2088 3679 2143 humi-

2103 2172 2386 2228 liationem
2422 2183 2477 2228 et
2520 2172 2857 2230 descensum
2924 2178 3161 2233 Domini
3217 2190 3681 2253 mortuorumque

2101 2267 2589 2333 resurrectionem.
2619 2268 2762 2323 sicut
2812 2284 2958 2338 saepe
2982 2286 3150 2339 supra
3193 2273 3463 2340 diximus,
3490 2278 3682 2333 elei-ae

2103 2367 2191 2413 tur
2229 2358 2590 2429 Evangelium
2618 2362 2765 2431 quod
2809 2361 2989 2431 ipsum
3034 2371 3502 2442 resurrectionem
3538 2386 3676 2441 prau-

2100 2451 2334 2517 dicat,et
2358 2452 2561 2507 dicitur
2585 2469 2600 2510 :
2631 2454 2937 2525 «Sapientia
2956 2459 3182 2524 erecti,3
3211 2461 3418 2530 pariter
3453 2464 3508 2518 in
3539 2480 3677 2535 pra:-

2100 2544 2429 2601 dicationem
2455 2548 2905 2617 resurrectionis,
2937 2560 2993 2607 et
3041 2552 3296 2621 psallitur
3361 2554 3431 2610 ad
3472 2558 3635 2613 verba
3660 2574 3679 2613 :

2108 2655 2127 2688 «
2167 2636 2230 2691 Et
2254 2651 2403 2692 nunc
2435 2643 2491 2692 et
2513 2653 2753 2709 semper,
2785 2656 2950 2710 super
2981 2657 3175 2700 omnes
3212 2644 3498 2703 benedicta
3536 2666 3616 2707 es.
3656 2670 3676 2704 3

2101 2730 2360 2797 quoniam
2385 2730 2481 2801 per
2506 2731 2796 2800 Deiparam
2832 2734 2988 2790 salus
3022 2735 3187 2792 nobis
3225 2738 3353 2793 data
3388 2751 3491 2806 est,
3529 2745 3682 2797 solu-

2101 2830 2267 2891 taque
2326 2821 2452 2877 Eva
2503 2823 2833 2879 maledictio.
2876 2825 3147 2897 ingressis
3180 2828 3331 2886 intus
3381 2836 3686 2889 sacerdoti-

2104 2911 2231 2979 bus,
2262 2913 2499 2983 primum
2534 2916 2751 2985 quidem
2789 2932 2820 2971 a
2864 2917 3070 2975 lectore
3103 2936 3321 2978 crucem
3355 2931 3573 2982 tenente
3627 2932 3679 2983 in

2102 3013 2357 3072 suggesta
2373 3004 2601 3061 dicitur:
2629 3005 2842 3061 «Gloria
2863 3008 2916 3063 in
2945 3011 3174 3067 excelsis
3200 3014 3365 3075 Deo.3
3399 3024 3452 3071 et
3479 3018 3682 3073 deinde

2102 3109 2132 3148 a
2174 3098 2495 3153 cantoribus
2531 3100 2805 3156 modulate
2833 3102 3112 3171 psallitur.
3152 3104 3352 3165 Postea
3409 3110 3553 3167 intra
3584 3129 3678 3169 sa-

2104 3200 2256 3241 crum
2287 3189 2661 3244 sanctuarium
2693 3206 2722 3245 a
2756 3194 3138 3253 sacerdotibus
3165 3200 3330 3254 simul
3371 3210 3545 3257 totum
3591 3206 3679 3259 «li-

2103 3275 2245 3331 citur
2260 3278 2327 3332 ah
2352 3278 2464 3333 his:
2498 3280 2596 3335 «Et
2618 3281 2671 3336 in
2697 3283 3016 3339 honiuibus
3036 3287 3175 3343 bona
3190 3290 3497 3357 voluntas,3
3531 3294 3602 3349 ita
3624 3308 3683 3349 ut

2102 3378 2210 3422 tam
2258 3380 2412 3425 extra
2447 3386 2610 3442 quam
2647 3376 2787 3429 intra
2819 3379 3171 3434 concorditer
3213 3381 3306 3437 liat
3345 3385 3632 3458 doxulogia
3662 3429 3678 3451 ,

2099 3459 2355 3528 quoniam
2382 3476 2477 3528 per
2509 3462 2789 3519 Christum
2821 3483 2926 3522 una
2962 3468 3202 3524 Ecclesia
3231 3488 3396 3541 supra
3431 3486 3488 3529 et
3534 3477 3680 3532 intra

2100 3546 2230 3605 facti
2289 3565 2516 3617 sumus;
2555 3554 2698 3621 quod
2731 3556 2894 3609 etiam
2950 3558 3008 3611 lit
3064 3558 3133 3613 ad
3191 3562 3591 3631 prmdicandatu
3626 3580 3682 3622 et

2099 3640 2508 3711 glarilicaudam
2541 3643 2743 3699 Christi
2776 3651 3399 3711 resurrectionen3.|dea
3422 3664 3477 3711 et
3507 3662 3682 3714 versi-

2101 3733 2262 3787 culus
2296 3735 2747 3792 rcsurrectionis:
2773 3738 2981 3796 «Hodie
3000 3742 3202 3809 salus,3
3270 3746 3324 3799 in
3359 3762 3465 3803 una
3492 3747 3681 3805 Domi—

2103 3826 2245 3890 nica,
2277 3829 2378 3881 iste
2413 3842 2543 3883 vero
2569 3845 2866 3901 resurgens
2888 3849 2955 3888 ex
3007 3848 3381 3904 monumento,
3424 3842 3479 3894 in
3508 3842 3680 3898 altera

2104 3927 2185 3971 ter
2242 3918 2374 3972 foris
2419 3934 2449 3972 a
2506 3922 2828 3977 cantoribus
2900 3923 3163 3995 intusque
3212 3944 3245 3984 a
3290 3932 3672 3989 sacerdotibus

2101 4010 2345 4063 suaviter
2380 4011 2652 4078 psallitur.
2679 4012 2776 4068 Hic
2797 4015 2932 4069 ordo
2961 4017 3285 4075 mirabiliter
3318 4029 3679 4083 resurrectio-

2102 4114 2224 4153 nem
2262 4100 2562 4158 Salvataris
2589 4105 2830 4161 exhibet.
2850 4105 3199 4179 Quapropter
3228 4111 3378 4169 illico
3398 4117 3679 4185 psallitur:

2112 4192 2417 4262 «Exsurge,
2457 4194 2746 4263 Domine,3
2789 4208 2843 4252 et
2874 4203 3204 4258 matutinum
3239 4203 3593 4278 Evangelium
3626 4212 3681 4266 in

2100 4282 2334 4337 amboue
2370 4284 2565 4354 legitur
2603 4301 2633 4340 a
2673 4290 2957 4348 sacerdote
3005 4305 3099 4364 qut
3143 4295 3525 4364 perfectiorem
3577 4317 3679 4355 an-

2101 4374 2343 4442 gelorum
2378 4377 2625 4432 ordinem
2663 4381 2945 4450 exprimit,
2969 4393 3027 4439 et
3068 4396 3193 4454 post
3244 4388 3349 4443 hoc
3378 4392 3674 4449 continens

2101 4465 2434 4533 deprecatio,
2495 4484 2703 4538 magna:
2750 4488 2964 4542 preces,
3018 4476 3212 4543 capitis
3275 4480 3585 4550 inclinatio,
3623 4496 3680 4538 et

2102 4554 2392 4611 absolutio.
2458 4558 2534 4612 lta
2584 4561 2805 4628 quidem
2845 4568 3176 4622 matutinum
3222 4572 3506 4639 perlicltur
3562 4576 3681 4630 οω.

426 4648 565 4713 μετὰ
595 4643 754 4695 τοῦτο
785 4644 817 4713 ἡ
852 4641 1073 4711 ἑκτενὴς
1108 4639 1315 4709 δέησις,
1345 4639 1403 4691 αί
1446 4638 1680 4705 μεγάλαι
1727 4638 1997 4705 αἰτήσεις,
2029 4655 2076 4713 υ
2102 4644 2182 4698 ciu

1928 4653 1997 4698 ις.
2029 4655 2076 4713 υ
2102 4644 2282 4710 cium;
2315 4647 2453 4702 ritus
2494 4665 2623 4705 vero
2655 4655 3015 4710 sanctissima
3046 4638 3283 4727 liturgize
3310 4660 3431 4715 aliis
3456 4664 3510 4717 in
3547 4664 3680 4719 locis

424 4741 455 4807 ἡ
491 4735 910 4804 κεφαλοκλισία,
944 4734 1038 4785 καὶ
1070 4734 1103 4801 ὴ
1139 4732 1433 4791 ἀπόλυσις.
1467 4729 1627 4781 Οὕτω
1658 4728 1760 4797 μὲν
1786 4728 1880 4781 οῦν
1908 4730 2002 4779 καὶ

426 4831 493 4879 τὰ
539 4828 632 4879 τοῦ
669 4825 873 4895 ὄρθρου
908 4822 1249 4875 τετέλεσται.
1284 4822 1367 4873 Τὰ
1399 4821 1452 4873 δὲ
1501 4819 1596 4888 τῆς
1632 4819 1845 4881 τελείας
1896 4818 2003 4869 λει-

425 4922 684 4997 τουργίας
716 4918 1159 4988 προεγράφησαν
1196 4918 1253 4968 εν
1277 4915 1506 4985 ἑτέροις.

996 5030 1252 5084 ΚΕΦΑΔ.
1286 5028 1465 5083 TNB'.

424 5126 564 5195 Περὶ
598 5124 704 5192 τῆς
736 5124 1080 5195 τριτοέκτης
1101 5124 1171 5195 ἐν
1190 5121 1318 5195 ταῖς
1352 5120 1687 5195 νηστείαις,
1740 5102 1837 5171 καί
1893 5114 2000 5184 τῆς

741 5191 1231 5263 ἑρσηγιασμέιης
1273 5191 1674 5258 λειτουργίας.

493 5285 608 5339 Νῦν
657 5286 713 5339 δὲ
764 5285 1028 5356 περὶτῆς
1076 5286 1133 5335 ἐν
1195 5282 1314 5345 ταῖς
1364 5280 1640 5350 νηστείαις
1680 5280 2000 5348 τριτοὲκτης

421 5378 659 5448 ἔροῦμεν
721 5377 844 5446 ἥτις
914 5374 1363 5439 άναγκαιοτάτως
1432 5369 1686 5441 ἡνωμένη
1758 5371 1872 5421 ἐστὶ
1931 5373 1993 5437 τῇ

420 5468 741 5538 λειτουργίᾳ
762 5467 906 5519 κατὰ
930 5466 1031 5533 τὴν
1061 5464 1223 5531 ἁγίαν
1242 5461 1708 5531 Τεσσαρακοστὴν
1733 5461 1995 5527 γινομένη

420 5567 480 5618 ἐν
499 5565 618 5621 ταῖς
639 5560 959 5622 καθολικαῖς
980 5558 1303 5627 ἐκκλησίαις
1326 5557 1479 5626 παρὰ
1496 5555 1605 5609 τῶν
1627 5555 1908 5622 κοσμικὼν
1929 5555 2004 5604 is-

422 5655 587 5725 ρέων·
609 5653 641 5721 ἢ
670 5652 873 5703 καὶτὸν
895 5650 1067 5702 τύπον
1094 5647 1371 5711 ἀποσώζει
1391 5648 1487 5717 τῆς
1510 5644 1807 5715 καθολικῆς
1830 5647 2003 5714 μεγὰ-

2101 4738 2352 4806 explicati
2389 4751 2538 4795 sunt.

2637 5018 2865 5081 CAPUT
2900 5027 3147 5083 CCCLII.

2101 5116 2177 5170 De
2206 5114 2411 5169 cantica
2443 5118 2579 5193 utter
2601 5119 2811 5193 tertiam
2841 5129 2891 5172 et
2907 5130 3115 5193 sextam
3146 5120 3332 5176 lteram
3361 5122 3415 5176 in
3431 5122 3679 5193 jejuniis,

2402 5199 2452 5240 et
2484 5189 2548 5240 de
2582 5190 2743 5242 missa
2768 5187 3381 5258 Prwsaucti/icatorum.

2171 5280 2323 5335 Nunc
2377 5281 2443 5335 de
2502 5282 2757 5335 cautione
2807 5298 2929 5352 qua:
2988 5282 3048 5336 tit
3082 5283 3136 5337 in
3168 5283 3397 5353 jejuniis
3459 5289 3679 5343 tertiam

2099 5372 2239 5426 inter
2283 5382 2339 5425 et
2391 5383 2601 5426 sextam
2662 5373 2850 5425 horam
2913 5372 3405 5443 disserimus,qua
3451 5390 3682 5444 prorsus

2100 5464 2411 5519 necessario
2440 5463 2618 5519 Missa:
2655 5464 2885 5518 adunata
2919 5480 3015 5533 per
3077 5474 3321 5520 sanctam
3363 5464 3684 5539 Quadragn-

2098 5557 2292 5609 simam
2330 5556 2382 5609 in
2418 5556 2690 5610 universis
2743 5554 3003 5612 Ecclesiis
3050 5556 3109 5611 ﬁt
3139 5572 3171 5612 a
3204 5559 3563 5613 smcularibus
3594 5576 3683 5613 sa-

2100 5647 2459 5712 cerdotibus,
2512 5648 2564 5699 in
2614 5662 2719 5716 qua
2768 5647 3052 5702 catholicae
3108 5663 3319 5719 magna:
3348 5658 3403 5704 et
3468 5662 3680 5707 sanctae

420 5746 521 5815 λης
559 5742 719 5811 253
787 5742 938 5808 ίερᾶς
992 5740 1337 5810 λειτουργίας
1366 5739 1497 5808 ἄχρι
1526 5739 1743 5805 καὶτῆς
1766 5738 2007 5806 μεγάλης
2106 5742 2175 5793 mi

1922 5744 2007 5804 in:
2106 5742 2285 5794 missze
2315 5752 2567 5795 servatur
2596 5742 2730 5793 ordo
2755 5755 2931 5809 usque
2960 5738 3026 5793 ad
3050 5754 3303 5808 magnum
3350 5741 3678 5809 ingressum.

420 5835 651 5889 εἰσόδου.
681 5833 852 5886 Τοῦτο
874 5835 929 5886 δὲ
952 5834 1223 5903 ἐπενοήθη
1244 5836 1355 5896 τοῖς
1370 5833 1619 5903 άρχαῖοις
1651 5831 1895 5900 Πατράσι
1920 5831 2009 5882 διὰ
2106 5834 2176 5885 Hc

1924 5831 2009 5882 διὰ
2106 5834 2221 5885 Hoc
2251 5842 2432 5884 autem
2464 5846 2492 5884 a
2525 5831 2721 5900 priscis
2776 5831 3027 5901 patribus
3066 5832 3351 5885 inventum
3378 5840 3486 5893 est.
3539 5848 3680 5904 quo‘

417 5927 478 5982 τὸ
530 5926 604 5997 μὴ
665 5926 880 5979 τελείαν
937 5926 1284 5991 λειτουργίαν
1342 5928 1398 5978 ἐν
1438 5928 1503 5995 τῇ
1568 5926 1700 5994 ἁγία
1760 5923 2006 5992 γίνεσθαι
2109 5922 2165 5977 ui

1923 5923 2006 5976 Dat
2109 5922 2257 5977 niam
2286 5920 2448 5978 Missa
2480 5938 2587 5978 non
2623 5923 2903 5995 perﬁcitur
2934 5924 2985 5977 in
3011 5932 3199 5979 sancta
3227 5922 3679 5995 Quadragesimar

705 6023 971 6078 ΡΑτιιοι.
1028 6017 1072 6075 G
1087 6036 1123 6074 ιι
1184 6017 1224 6073 C
1238 6017 1355 6077 LV.

3286 6014 3354 6075 21
