4446 6778
743 506 850 574 851

1573 499 1949 561 SYMEONIS
1978 498 2735 560 THESSALOMCENSIS
2776 502 3136 562 ARCHIEP.

3882 504 3992 573 652

738 616 876 673 Illud
906 619 1087 668 autem
1115 610 1392 663 canticum
1433 608 1537 661 hoc
1569 606 1729 662 modo
1762 604 2109 676 adimpletur.
2145 602 2307 659 Tem-
2338 614 2382 667 Α
2411 607 2494 659 Te.

2235 620 2307 657 m-
2338 614 2382 667 Α
2411 607 2862 678 Τεσσαρακοττῇ.
2892 609 3144 662 Τελεῖται
3184 609 3239 663 δὲ
3271 611 3304 681 ἡ
3337 609 3631 682 τριτοέκτη
3665 608 3834 666 οὕτω.
3876 614 3991 666 Λα-

736 726 869 781 pore
885 716 1191 779 opportuno
1211 704 1475 759 diaconus
1497 701 1627 756 dicit
1655 717 1669 755 :
1705 719 1723 751 «
1738 699 1987 763 Benedic,
2016 698 2263 752 Domine.
2283 717 2302 750 ι

737 803 995 858 sacerdos
1016 812 1173 853 vero:
1199 795 1579 850 «Benedictum
1609 806 1833 863 regnum
1854 809 1899 856 ;r
1930 791 2194 845 diaconus
2218 804 2311 859 pa-

736 894 892 947 «-iﬁca
936 890 1132 952 addit,
1186 888 1448 943 sacerdos
1508 895 1688 939 autem
1754 883 1943 949 prima:
2000 882 2312 951 antiplionze

733 984 1078 1040 orationem:
1114 981 1309 1044 «Deus,
1342 979 1437 1049 qui
1472 980 1628 1033 sedes
1662 993 1826 1047 super
1874 975 2221 1041 Cherubim,»
2258 982 2313 1030 et

738 1075 1007 1129 exclamat
1041 1088 1057 1128 ε
1101 1071 1403 1139 «Quoniam
1440 1078 1497 1123 tu
1531 1084 1592 1124 cs
1619 1068 1763 1125 Deus
1796 1076 2005 1130 noster,
2040 1064 2182 1121 Deus
2213 1066 2314 1121 mi-

737 1165 1103 1221 sericordiae.»
1130 1166 1195 1217 Et
1218 1172 1473 1217 cantores
1490 1162 1758 1231 psalmum
1788 1160 2063 1229 integrum
2086 1157 2309 1213 dicunt:

742 1260 852 1313 «Ad
872 1269 945 1322 te,
979 1258 1226 1319 Domine,
1257 1254 1433 1309 levavi
1451 1255 1687 1307 animam
1720 1266 1951 1317 meam,»
1990 1267 2087 1321 per
2120 1264 2312 1305 versus

739 1351 987 1422 singulos
1024 1356 1313 1403 cantantes
1340 1364 1376 1404 ε,
1399 1345 1827 1401 «Intercessione
1844 1343 1938 1397 Dei
1955 1341 2246 1397 Genitrim’s
2260 1358 2274 1396 :
2290 1358 2308 1391 ι

738 1445 979 1511 itemque
998 1440 1209 1495 :Gloria
1225 1448 1281 1494 et
1297 1454 1461 1493 nunc.
1475 1458 1496 1491 ι
1520 1438 1790 1492 Diaconus
1810 1435 2002 1490 iterum
2022 1449 2065 1490 :«
2089 1432 2154 1488 Et
2172 1449 2315 1489 nunc

739 1528 1015 1603 quoque"
1045 1543 1100 1587 et
1122 1532 1381 1588 sacerdos
1403 1539 1615 1585 secreto
1636 1526 2088 1582 dicitorationem
2118 1540 2317 1580 secun-

739 1631 821 1680 «tu:
846 1627 1192 1695 antipltonatz
1218 1643 1237 1676 «
1274 1622 1639 1692 Deprecamur
1689 1632 1760 1696 te,
1810 1620 2037 1675 Domine
2056 1617 2317 1673 Deusuo-

743 1732 914 1782 βίον.»
953 1730 1007 1771 ct
1036 1717 1343 1773 exclamat:
1372 1716 1669 1781 «Quoniam
1697 1712 2054 1785 gluriﬁcatum
2086 1719 2312 1766 estsan-

738 1813 1042 1865 ctissimum
1099 1824 1298 1864 nomen
1355 1819 1561 1862 tuum.»
1608 1806 1675 1860 Et
1703 1815 1961 1860 cantores
2018 1805 2314 1858 secundam

742 1903 1096 1973 :tntipltunam
1120 1902 1376 1970 psallunt,
1399 1899 1667 1969 psalmum
1688 1898 1955 1965 integrum
1980 1898 1995 1948 ἑ
2027 1892 2320 1948 «Dominus

742 1997 1068 2053 itlutninatio
1092 2008 1212 2047 mea
1240 2000 1295 2047 et
1342 1994 1491 2046 salus
1520 2006 1661 2055 mea,
1706 2008 1726 2040 ι
1758 1988 1969 2043 duobus
1998 1988 2183 2041 choris
2218 2002 2313 2055 per

741 2088 987 2157 singulos
1007 2101 1195 2142 versus
1217 2085 1526 2140 dicentibus
1548 2099 1565 2141 ;
1591 2081 1784 2136 «Salva
1809 2094 1934 2145 nos,
1958 2078 2057 2133 Fili
2078 2078 2193 2143 Dei,
2218 2079 2313 2133 tibi

751 2183 1047 2253 psallentes
1102 2177 1373 2241 Alleluia;
1404 2194 1425 2227 ι
1460 2187 1517 2230 et
1548 2174 1689 2229 idem
1744 2192 1763 2225 «
1798 2170 1978 2227 Gloria
2028 2180 2083 2227 et
2112 2186 2309 2225 nunc.»

777 2274 1097 2340 Rursusque
1116 2270 1417 2322 diaconus:
1446 2263 1541 2320 «Et
1566 2277 1711 2319 nunc
1740 2276 2012 2333 quoque:
2049 2264 2317 2316 Sacerdos

745 2378 875 2419 vero
891 2364 1107 2418 tertiam
1127 2371 1338 2415 secreto
1355 2359 1661 2413 orationem
1679 2356 1812 2411 dicit
1835 2371 1849 2408 :
1886 2371 1905 2406 «
1926 2353 2152 2407 Domine
2177 2352 2318 2408 Deus

745 2456 1093 2523 omnipotens
1114 2470 1163 2516 ,ι
1201 2462 1255 2506 et
1292 2451 1586 2515 exclamat,
1619 2465 1641 2500 «
1668 2446 1934 2515 Quoniam
1965 2448 2162 2501 bonus.
2198 2463 2216 2496 ι
2254 2445 2319 2499 Et

747 2548 905 2602 tertia
938 2545 1192 2616 psallitur
1220 2544 1544 2613 antiphona,
1592 2550 1824 2610 utroque
1873 2541 2042 2595 choro
2084 2538 2320 2609 singulis

749 2638 996 2693 versibus
1022 2636 1257 2691 addente
1287 2634 1486 2704 duplex
1516 2630 1754 2687 alleluia.
1782 2630 1952 2686 Porro
1979 2631 2046 2685 ad
2075 2645 2321 2691 versum.

754 2730 887 2798 «Qui
918 2730 1159 2784 ambulat
1186 2728 1243 2781 in
1271 2729 1357 2780 via
1388 2726 1797 2791 immaculata,»
1836 2738 2012 2795 usque
2042 2723 2109 2777 ad
2158 2724 2320 2776 ﬁnem

749 2822 964 2892 psalmi,
988 2819 1137 2875 velut
1161 2820 1216 2872 in
1249 2833 1360 2874 uno
1395 2833 1606 2873 versua
1637 2816 1953 2872 sanctuario
1979 2814 2034 2868 in
2061 2813 2323 2883 σωλέαῌ)

756 2914 1140 2985 ingrediuntur
1163 2914 1429 2967 diaconus
1465 2918 1520 2965 et
1548 2910 1827 2975 sacerdos,
1854 2910 2065 2978 absque
2095 2908 2322 2962 lumini-

693 3017 695 3019 ‘
753 3010 855 3062 bus
877 3022 977 3060 nec
1010 3006 1257 3069 incenso,
1304 3002 1598 3058 Dominum
1629 3002 1685 3055 in
1710 3015 1929 3055 crucem
1959 3000 2105 3054 circa
2132 2999 2323 3054 horam

752 3110 965 3156 sextam
987 3099 1262 3153 sublatum
1297 3096 1672 3151 ostendentes.
1711 3094 1838 3149 Ideo
1864 3095 2009 3148 istud
2044 3093 2187 3148 inter
2218 3101 2328 3147 ter-

754 3198 881 3247 tiam
931 3203 1256 3260 sextamque
1314 3190 1529 3253 horam,
1584 3187 1818 3241 diacono
1849 3186 2073 3257 quidem
2109 3186 2325 3240 dicente

2412 696 2520 767 βὼν
2540 698 2733 768 καιρὸν
2748 698 2777 750 6
2798 698 3043 763 διάκονος
3064 700 3234 769 λέγει,
3268 720 3287 753 ι
3314 700 3647 773 Εύλόγησον,
3669 702 3934 761 δέσποτα.
3970 725 3988 757 ι

2423 790 2484 842 '0
2519 792 2720 859 ίερεὺς,
2769 811 2786 843 ι
2813 792 3168 863 Εὐλογημένη
3206 797 3239 865 ὴ
3273 794 3543 865 βασιλεία.
3578 814 3601 848 ι
3651 796 3711 849 '0
3741 796 3993 861 διάκονος

2412 879 2479 930 τὰ
2518 879 2791 949 εἰρηνικά.
2835 879 2900 936 Ὀ
2932 882 3114 951 ἱερεὺς
3145 883 3243 955 τὴν
3272 885 3439 955 εὐχὴν
3472 886 3568 940 τοῦ
3597 886 3820 958 πρώτου
3839 889 3993 941 ἀντι·

2413 969 2618 1037 φὼνου,
2652 989 2670 1023 ι
2694 972 2755 1028 Ὀ
2786 971 2918 1038 Θεὸς
2945 975 2973 1027 6
3004 974 3091 1027 ἐπὶ
3116 974 3226 1029 τῶν
3250 975 3533 1047 Χερουϐὶμ
3555 979 3941 1049 καθεζόμενος.
3972 998 3990 1031 ι

2414 1064 2526 1117 Kal
2548 1066 2809 1134 ἑκφωνεῖ,
2854 1085 2873 1118 «
2915 1062 3041 1120 'O'ct
3078 1067 3143 1120 σὺ
3177 1062 3226 1121 εἴ
3259 1069 3286 1121 6
3317 1065 3451 1134 Θεὸς
3501 1071 3683 1141 ἡμῶν,
3711 1072 3845 1135 Θεὸς
3896 1071 3993 1124 τοῦ

2416 1158 2613 1211 ἐλεεῖν.
2651 1177 2668 1210 ι
2702 1160 2810 1214 Kal
2839 1162 2886 1213 οί
2916 1160 3118 1230 ψάλται
3139 1165 3231 1215 τὸν
3252 1162 3483 1235 Ψαλμὸν
3510 1165 3728 1219 ἅπαντα
3752 1166 3994 1235 λέγουσι,

2422 1270 2440 1304 ι
2476 1252 2619 1320 Πρὸς
2649 1252 2728 1317 οὲ,
2770 1252 2966 1323 Κύριε,
3001 1251 3113 1326 ἦρα
3140 1255 3240 1328 τὴν
3272 1256 3453 1328 ψυχήν
3489 1260 3613 1329 μου,
3654 1278 3673 1311 ι
3715 1261 3857 1314 κατὰ
3880 1262 3999 1314 στίο

2416 1360 2512 1413 χον
2533 1344 2772 1413 ᾅδοντες,
2814 1364 2833 1397 «
2865 1342 3000 1409 Ταῖς
3034 1349 3360 1416 πρεσϐείαις
3398 1351 3497 1421 τῆς
3537 1350 3825 1405 Θεοτόκου.
3857 1352 3999 1414 Δόξα

2418 1438 2513 1489 καὶ
2535 1436 2631 1490 νῦν
2657 1437 2717 1489 τὸ
2761 1439 2913 1491 αὐτό.
2958 1460 2977 1492 ι
3022 1440 3083 1493 Ὀ
3136 1441 3387 1505 διάκονος
3442 1443 3630 1507 πάλιν,
3674 1463 3692 1497 ι
3726 1445 3851 1499 Ἔτι
3900 1448 3999 1497 καὶ

2419 1527 2522 1581 ἔτι.
2559 1546 2577 1578 ι
2645 1528 2704 1583 Ὀ
2735 1532 2915 1597 ἱερεὺς
2945 1532 3227 1599 μυστικῶς
3260 1533 3361 1603 τὴν
3399 1534 3565 1605 εὐχὴν
3607 1535 3701 1588 τοῦ
3740 1536 3998 1605 δευτέρου

2418 1620 2757 1689 ἀντιφώνου,
2800 1641 2818 1673 «
2851 1623 3097 1692 ΔεόμεΘά
3123 1641 3241 1689 σου,
3300 1625 3470 1694 Κύριε
3518 1630 3546 1679 6
3574 1628 3705 1692 Θεὸς
3734 1630 3893 1696 ἡμῶν
3920 1648 3935 1661 ·
3977 1649 3993 1679 ι

2420 1714 2515 1764 καὶ
2554 1714 2867 1781 ὲκφωνεῖ,ἰ
2933 1716 3057 1767 Ὀτι
3115 1716 3431 1783 δεδόξασταί
3494 1736 3589 1771 σου
3616 1719 3679 1771 τὸ
3731 1721 4001 1788 πανὰγιον

2421 1803 2611 1872 ὄνομα.
2646 1822 2666 1857 ι
2707 1806 2814 1858 Kal
2852 1806 2901 1858 οί
2926 1806 3126 1874 ψάλται
3149 1807 3211 1860 τὸ
3243 1809 3495 1877 δεύτερον
3555 1810 3878 1880 ἀντίφωνον,
3908 1812 4002 1863 τὸν

2426 1892 2654 1964 Ψαλμὸν
2690 1898 2930 1961 ἅπαντα,
2988 1916 3005 1949 t
3045 1900 3248 1968 Κύριος
3300 1900 3586 1970 φωτισμός
3618 1918 3723 1970 μου
3761 1904 3853 1953 καὶ
3885 1902 4001 1955 Sw-

2420 1989 2524 2057 τήρ
2558 2005 2681 2057 μου,
2716 2008 2735 2040 ι
2778 1991 2874 2042 καὶ
2914 1990 3101 2060 στίχον
3132 1991 3383 2058 λέγοντες
3415 1993 3465 2044 οἱ
3496 1993 3589 2044 δύο
3614 1996 3789 2063 χοροὶ,
3825 2014 3843 2045 ι
3884 1994 4003 2046 Σώο

2420 2095 2513 2131 σον
2554 2081 2720 2149 ἡμᾶς,
2785 2080 2880 2134 Υίὲ
2946 2082 3105 2147 Θεοῦ,
3172 2083 3480 2152 ψάλλοντάς
3517 2103 3601 2137 σοι
3656 2086 4000 2157 Ἀλληλοιίῖα.

2417 2169 2555 2235 Δόξα
2609 2170 2706 2223 καὶ
2748 2170 2845 2224 νῦν
2899 2171 2958 2224 τὸ
3010 2172 3165 2224 αὑτό.
3222 2191 3239 2223 ι
3286 2173 3396 2227 Καὶ
3447 2174 3605 2237 αὖθις
3636 2178 3663 2229 6
3724 2177 4003 2243 διάκονος,

2424 2278 2443 2309 ι
2480 2260 2601 2311 Ἔτι
2630 2262 2725 2313 καὶ
2772 2260 2875 2315 ἔτι.
2921 2281 2939 2313 ι
2988 2262 3047 2314 '0
3102 2263 3284 2332 ίερεὺς
3334 2267 3616 2335 μυστικῶς
3649 2268 3748 2338 τὴν
3806 2271 4004 2339 τρίτην

2420 2350 2609 2422 εὐχὴν,
2650 2370 2668 2403 «
2709 2352 2881 2424 Κύριε
2908 2355 2935 2407 6
2967 2354 3101 2418 Θεὸς
3126 2356 3155 2407 6
3189 2358 3611 2427 παντοκράτωρ,
3642 2378 3659 2410 ι
3701 2361 3796 2413 καὶ
3828 2362 4010 2428 ἐκφω-

2422 2446 2520 2506 νεῐ,
2562 2462 2580 2495 ι
2614 2445 2739 2497 Ὀτι
2790 2445 3017 2514 ἁγαθός.
3057 2466 3076 2501 ι
3123 2450 3233 2503 Kal
3266 2450 3528 2519 ψάλλεται
3551 2452 3614 2505 τὸ
3643 2452 3828 2520 τρίτον
3858 2451 4006 2507 ἀντί-

2423 2554 2603 2603 φωνον
2648 2539 2793 2591 κατὰ
2842 2540 3025 2611 στίχον
3058 2542 3330 2610 λεγόντων
3391 2545 3709 2615 Ἀλληλούῐα
3756 2546 4001 2602 διπλοῦν.

2424 2628 2521 2692 Είς
2547 2630 2601 2683 δὲ
2628 2630 2719 2683 τὸν
2749 2631 2954 2701 στίχον,
2998 2652 3017 2684 «
3055 2635 3432 2704 Πορευόμενος
3464 2639 3521 2689 ὲν
3547 2638 3652 2706 ὁδῷ
3699 2638 3940 2708 ἀμώμῳ.
3978 2659 3996 2691 ι

2425 2719 2554 2791 ἄχρι
2585 2722 2775 2785 τέλους
2809 2723 2903 2776 τοῦ
2935 2726 3167 2793 Ψαλμοῦ
3218 2727 3295 2789 ὡς
3352 2729 3409 2781 ἂν
3438 2730 3517 2781 ἐνὶ
3570 2730 3741 2796 στίχω
3792 2734 4004 2799 γίνεται

2427 2812 2631 2875 εἴσοδος
2661 2814 2741 2875 είς
2773 2813 2866 2866 τὸν
2903 2816 3080 2868 σωλέα
3114 2818 3179 2869 ὲκ
3211 2818 3305 2869 τοῦ
3339 2818 3582 2887 βήματος
3631 2820 3880 2873 διακόνου
3912 2822 4005 2873 καὶ

2430 2905 2623 2974 ἱερέως
2668 2906 2790 2975 δίχα
2818 2904 3013 2974 φώτων
3080 2908 3177 2982 καὶ
3237 2908 3515 2978 θυμιατοῦ
3563 2912 3665 2981 τὴν
3724 2912 3859 2981 πρὸς
3914 2916 4006 2965 τὸν

2430 2998 2668 3065 σταυρὸν
2707 3000 3014 3069 ἀπαγωγὴν
3067 3000 3375 3070 δηλούντων
3431 3001 3525 3055 τοῦ
3571 3004 3798 3073 Κυρίου,
3868 3006 4010 3058 κατὰ

2427 3089 2526 3160 τὴν
2557 3090 2725 3160 ἕκτην
2754 3091 2907 3161 ὤραν
2932 3095 3335 3163 γεγενημένην.
3387 3095 3479 3147 Διὸ
3513 3096 3605 3147 καὶ
3667 3096 3807 3165 αὕτη
3840 3099 3898 3149 ὲν
3941 3101 4006 3167 τῇ

2430 3183 2723 3254 τριτοέκτῃ
2783 3182 3040 3249 τελεῖται,
3108 3184 3201 3237 τοῦ
3275 3184 3525 3238 διακόνου
3585 3188 3686 3255 μὲν
3734 3189 4005 3255 λέγοντος,

757 3285 1016 3351 ltencdic,
1040 3282 1295 3349 Domine,
1317 3293 1569 3335 sanctum
1595 3280 1906 3344 introitum,
1924 3279 2211 3333 sacerdote
2228 3293 2329 3330 au-
2354 3301 2397 3358 c
2436 3292 2455 3325 «
2490 3273 2513 3326 Ε

2250 3293 2329 3330 ιιι-
2354 3301 2397 3358 c
2436 3292 2455 3325 ι
2490 3273 2819 3343 Εὑλὸγησον,
2884 3273 3144 3337 δέσποτα,
3207 3275 3311 3346 τὴν
3367 3277 3535 3343 ἁγίαν
3571 3277 3798 3340 εἴσοδον,
3839 3297 3857 3329 ι
3916 3277 4006 3329 τοῦ

757 3392 865 3433 tem
888 3376 1105 3431 dicente
1135 3374 1468 3435 orationem,
1510 3371 1868 3425 «Benedictus
1904 3371 2184 3441 ingressus
2206 3383 2331 3423 san-

758 3480 975 3523 ctorum
1021 3462 1535 3530 tuorum,Domine.
1575 3466 1625 3515 in
1660 3470 1980 3531 perpetuum
2002 3468 2059 3515 et
2102 3474 2248 3514 nunc
2276 3466 2331 3513 et

757 3572 997 3627 semper.
1011 3575 1031 3608 ι
1057 3557 1166 3611 Iste
1186 3570 1315 3609 vero
1336 3555 1637 3622 ingresStts,
1662 3561 1723 3605 ut
1742 3552 1947 3606 dictum
1968 3560 2071 3615 est,
2097 3552 2151 3605 in
2167 3566 2332 3605 cruce

760 3650 1120 3719 suspendium
1142 3646 1382 3701 ostendit
1405 3645 1707 3700 Salvatoris
1726 3644 1869 3700 circa
1899 3646 2089 3697 horam
2120 3652 2330 3698 sextam

760 3740 960 3797 sublati
1003 3750 1060 3793 et
1115 3735 1402 3803 cruciﬁxi,
1457 3736 1679 3805 quando
1743 3746 1798 3789 et
1852 3735 2114 3789 latronem
2170 3734 2331 3788 simul

758 3833 1082 3890 cruciﬁxum
1133 3840 1355 3902 propter
1387 3844 1558 3897 pauca
1588 3827 1922 3898 pwnitentiae
1942 3827 2108 3881 verba
2141 3828 2195 3880 in
2224 3840 2333 3880 cae-

762 3928 875 3981 lmn
930 3923 1255 3978 introduxit.
1283 3921 1648 3987 Quamobrem
1698 3933 1938 3990 purpura
2000 3918 2174 3972 induti
2207 3927 2336 3972 sunt

761 4023 1033 4076 diaconus
1078 4028 1137 4074 et
1186 4018 1447 4072 sacerdos
1486 4016 1614 4070 hinc
1663 4013 1875 4069 Domini
1934 4014 2242 4083 passionem
2280 4020 2335 4065 et

762 4120 995 4165 mortem
1029 4108 1425 4178 signiﬁcantes.
1461 4104 1664 4160 Verum
1726 4105 1872 4160 facto
1913 4107 2187 4176 ingressu,
2216 4104 2337 4158 dia-

762 4202 1161 4257 conttsilerum
1216 4200 1445 4269 paciﬁca
1490 4197 1645 4263 dicit,
1680 4198 1986 4253 orationem
2032 4204 2212 4249 autem
2248 4211 2336 4249 sa-

762 4292 977 4355 cci-dus,
1015 4289 1273 4344 «Domine
1306 4291 1447 4342 Deus
1464 4300 1680 4357 patrum
1700 4295 2071 4349 nostrorum,»
2097 4300 2217 4354 qua:
2250 4292 2337 4339 est

766 4387 916 4438 Itone
943 4394 1110 4437 sexta:
1151 4381 1351 4444 oratio,
1383 4389 1438 4434 et
1478 4389 1733 4449 precatur
1779 4387 1839 4433 ut
1893 4379 2264 4433 custodiamur
2305 4392 2335 4431 a

764 4478 961 4545 sagitta
995 4477 1210 4529 volante
1260 4473 1317 4527 in
1350 4473 1461 4539 die,
1503 4487 1533 4527 a
1565 4472 1785 4541 negOIio
1829 4472 2247 4542 perambulante
2281 4470 2334 4523 in

773 4568 1033 4632 tenebris,
1081 4567 1150 4620 ab
1182 4565 1407 4619 incursu
1446 4570 1504 4617 et
1549 4562 1818 4617 daemonio
1847 4561 2173 4625 meridiano,
2206 4562 2336 4613 alia-

2433 3366 2623 3436 ἱερέως
2660 3365 2717 3419 δὲ
2760 3366 2860 3434 τὴν
2920 3366 3087 3436 εὐχὴν
3110 3367 3229 3433 τοῦ,
3262 3385 3280 3417 «
3322 3367 3685 3438 Εὐλογημένη
3741 3371 3775 3438 ὴ
3808 3370 4011 3431 είσοίος

2430 3461 2538 3511 τῶν
2564 3457 2739 3525 ἁγίων
2774 3476 2889 3523 σου,
2927 3458 3123 3528 Κύριε,
3157 3460 3389 3513 πάντοτε
3426 3461 3521 3513 νῦν
3548 3463 3641 3513 καὶ
3671 3462 3779 3516 ἀεί,
3814 3480 3831 3512 ι
3863 3460 4011 3530 Αὕτη

2432 3552 2466 3619 ἠ
2492 3550 2725 3617 εἴσοδος,
2774 3551 2850 3613 ὡς
2886 3551 3121 3621 εἴρηται,
3149 3552 3239 3604 τὸν
3265 3552 3344 3613 είς
3373 3553 3467 3605 τὸν
3485 3554 3715 3622 σταυρὸν
3741 3552 4011 3623 ἐλκυσμὸν

2432 3642 2587 3711 δηλοῖ
2613 3642 2707 3695 τοῦ
2740 3628 3014 3713 Σωτῆρος,
3046 3644 3187 3695 κατὰ
3232 3644 3331 3713 τὴν
3378 3643 3545 3713 ἕκτην
3576 3645 3727 3713 ὥραν
3788 3662 4013 3714 γεγενη-

2438 3736 2598 3806 μένον
2628 3736 2971 3805 ἀπαχθέντος
3010 3737 3105 3789 καὶ
3152 3736 3562 3803 σταυρωθέντος
3587 3753 3603 3766 ·
3638 3738 3725 3789 ὅτε
3767 3737 3861 3789 καὶ
3922 3737 4013 3789 τὸν

2435 3827 2891 3897 ουσταυρωθέντα
2939 3828 3149 3899 λῃστὴν
3185 3828 3402 3897 είσῆξεν
3458 3831 3518 3881 ὲν
3550 3828 3751 3895 ὀλίγοις
3802 3832 4012 3897 ῥήμασι

2436 3921 2729 3989 μετανοίας
2762 3924 2842 3983 εἰς
2870 3920 2962 3971 τὸν
2995 3920 3346 3985 παράδεισον.
3375 3910 3467 3971 Διὸ
3500 3921 3593 3972 καὶ
3624 3922 3884 3990 πορφυρᾶ
3925 3938 4014 3973 πε-

2436 4012 2822 4083 ριεεῦλημένοι
2874 4012 3013 4065 είσὶν
3064 4012 3093 4064 ὃ
3122 4028 3181 4064 τι
3225 4012 3477 4075 διάκονος
3512 4013 3605 4065 καὶ
3658 4012 3687 4062 ὁ
3719 4012 3921 4081 ἱερεὺς,
3951 4012 4012 4063 τὸ

2434 4106 2606 4168 πάθος
2638 4107 2699 4158 ὲκ
2744 4104 2933 4157 τούτου
2981 4105 3075 4155 καὶ
3107 4104 3198 4156 τὸν
3230 4105 3461 4155 θάνατον
3506 4104 3870 4171 σημαίνοντες
3920 4103 4012 4155 τοῦ

2436 4198 2663 4267 Κυρίου.
2695 4195 2846 4251 Μετὰ
2876 4197 2933 4249 δὲ
2979 4197 3077 4264 τὴν
3106 4194 3310 4247 εἴσοδον
3335 4197 3362 4248 ὀ
3415 4195 3517 4262 μὲν
3563 4196 3807 4257 διάκονος
3849 4195 4014 4248 πάλιν

2435 4290 2503 4342 τὰ
2530 4284 2812 4359 εἰρηνικὰ,
2852 4291 2880 4340 6
2901 4288 2957 4340 δὲ
2993 4289 3170 4357 ἱερεὺς
3195 4287 3293 4357 τὴν
3320 4286 3487 4356 εὐχὴν
3521 4288 3690 4354 λέγει,
3728 4307 3746 4340 ι
3787 4288 3955 4359 Κύριε
3987 4290 4014 4339 6

2436 4384 2568 4444 Θεὸς
2600 4385 2707 4435 τῶν
2749 4383 3000 4450 πατέρων
3035 4380 3216 4451 ἡμῶν,
3253 4399 3270 4431 ι
3307 4381 3341 4449 ἢ
3367 4384 3467 4450 τῆς
3506 4382 3672 4451 ἕκτης
3701 4380 3849 4451 ὥρας
3874 4382 4008 4447 ἐστὶ,

2439 4478 2532 4529 καὶ
2562 4474 2782 4544 εὔχεται
2819 4472 3254 4543 διαφυλαχθῆναι
3288 4474 3436 4542 ἡμᾶς
3482 4491 3500 4524 ι
3540 4475 3648 4526 ἀπὸ
3693 4473 3879 4544 βέλους
3916 4492 4013 4528 πε-

2439 4570 2667 4638 τομένου
2698 4567 2937 4638 ἡμέρας,
2968 4568 3080 4621 ἀπὸ
3120 4568 3447 4636 πράγματος
3492 4570 3552 4621 ἐν
3590 4571 3771 4622 σκότει
3827 4570 4012 4624 διαπο-

770 4676 877 4731 que
906 4661 1076 4713 multa
1097 4673 1126 4713 a
1161 4658 1271 4713 Deo
1296 4654 1585 4723 eﬂlagitat.
1611 4654 1676 4706 Et
1708 4653 2002 4715 exclamat,
2038 4651 2335 4717 «Quoniam
2367 4637 2413 4688 υ
2442 4637 2526 4731 pag

2256 4666 2335 4705 ἱιηι
2367 4637 2413 4688 D
2442 4637 2759 4731 ρευομὲνου,
2787 4637 2895 4711 απὸ
2925 4658 3330 4729 συμπτώματος
3360 4661 3454 4712 καὶ
3482 4661 3764 4729 δαιμονίου
3800 4680 4012 4731 μεσημ-

773 4766 825 4807 te
856 4752 1066 4812 decet,»
1102 4750 1398 4817 statimque
1421 4754 1678 4800 cantores
1696 4744 1989 4814 prophetiae
2004 4742 2337 4797 versiculum

775 4846 1147 4906 modulantur,
1175 4849 1232 4895 et
1257 4840 1431 4894 lector
1460 4838 1516 4891 in
1550 4835 1782 4891 amboue
1801 4836 1934 4904 legit
1961 4834 2335 4903 prophetiam;

776 4955 883 5010 qua
911 4940 1077 5001 dicta,
1098 4938 1361 4990 diaconus
1390 4933 1489 4997 ait,
1513 4932 1799 4986 «Dicamus
1812 4943 2057 4983 omnesn
2074 4926 2340 5007 Sacerdos

779 5045 907 5084 vero
946 5030 1251 5082 orationem
1285 5023 1621 5078 continentis
1674 5020 2075 5090 deprecationis
2127 5004 2339 5072 secreto

2442 4752 2653 4823 ὀρινοῦ,
2698 4769 2716 4802 ι
2752 4751 2845 4803 καὶ
2867 4750 3033 4819 ἔτερα
3064 4750 3360 4815 ὲξαιτεῖται
3395 4751 3626 4804 πλεῖστα
3661 4753 3813 4818 παρὰ
3854 4753 4013 4811 Θεοῦ.

2443 4843 2556 4896 Kal
2581 4842 2839 4910 ικφωνεῖ,
2874 4858 2894 4891 «
2923 4840 3047 4891 Ὅτι
3076 4840 3280 4910 πρέπει
3303 4857 3405 4893 σοι.
3437 4859 3456 4891 ι
3494 4841 3603 4894 Kal
3626 4842 3788 4907 εὐθὺς
3816 4844 3865 4896 οί
3889 4844 4018 4911 ψάλ-

2441 4951 2530 4987 ται
2557 4935 2619 4987 τὸ
2643 4932 2942 5003 τροπάριον
2977 4933 3247 5001 μέλπουσι
3288 4935 3387 5003 τῆς
3437 4936 3800 5003 προφητείας.
3855 4937 3965 4989 Kal
3989 4937 4019 4988 6

2444 5025 2800 5092 ἀναγνώστης
2826 5024 2913 5076 ἐπ’
2958 5022 3214 5092 ἄμϐωνος
3266 5022 3633 5091 ἀναγινώσκει
3669 5025 3770 5095 τὴν
3806 5043 4021 5095 προφη-

780 5110 2345 5186 τυοὶιυι,οιοιο1ιωαι,«ρυοιιίιιιιιιιίεεήοοι-εηϐκιυτα-
2443 5117 2615 5170 τείαν.
2671 5117 2780 5169 Kal
2834 5116 2949 5184 μετ’
3001 5115 3172 5184 αὐτὴν
3213 5115 3511 5179 ὁδιάκονος
3567 5114 3649 5180 τὸ,
3706 5136 3724 5169 «
3764 5118 4019 5187 Εῑπωμεν

781 5232 889 5285 que
927 5216 1061 5267 ﬁunt
1110 5211 1415 5266 secundum
1467 5206 1713 5262 ordinem
1760 5205 1938 5259 Missa:
2000 5213 2124 5274 post
2169 5204 2344 5257 Evan-

2444 5210 2667 5273 πάντες,
2706 5226 2725 5258 ι
2768 5207 2956 5277 φησίν.
3013 5206 3072 5260 ’0
3100 5208 3157 5260 δὲ
3214 5207 3394 5277 ἱερεὺς
3421 5208 3540 5260 καθ’
3586 5209 3780 5263 ἑαυτὸν
3808 5211 3908 5281 τὴν
3930 5211 4019 5263 εύ-

774 5306 998 5373 geltum.
1080 5301 1213 5354 Nam
1288 5300 1343 5355 in
1430 5298 1658 5369 ﬁguram
1734 5298 1974 5367 Apostoli
2043 5297 2203 5351 simul
2290 5308 2345 5352 et
2446 5302 2530 5370 xlp

2290 5308 2345 5352 et
2446 5302 2546 5370 χὴν
2572 5302 2667 5371 τῆς
2690 5300 2948 5364 ὲκτινοῦς
2977 5302 3205 5361 ίκεσίας.
3238 5302 3349 5354 Kal
3376 5303 3632 5368 ὲκφωνεῐ,
3663 5321 3682 5354 ι
3718 5303 3839 5355 Ὀτι
3867 5304 4020 5373 ἐλεή-

780 5390 1056 5464 Εναηέειίἰ
1082 5394 1275 5461 legitur
1308 5392 1466 5446 lectio
1494 5392 1615 5445 libri
1644 5392 1815 5457 Isaiae,
1857 5403 1977 5445 acta
2040 5392 2341 5446 Salvatoris

774 5487 1079 5543 evidentius
1117 5486 1242 5539 aliis
1277 5484 1621 5552 prxdicantis
1643 5493 1699 5539 et
1736 5485 2035 5553 praesertim
2071 5485 2343 5553 passmnis

778 5581 900 5650 «-jus
928 5577 1395 5632 circumstantias.
1430 5574 1575 5629 Hanc
1600 5574 1772 5630 fuisse
1790 5577 2069 5646 antiquam
2105 5591 2132 5627 a
2169 5574 2345 5629 Patri-

777 5674 883 5728 bus
914 5669 1366 5726 consuetudinem
1396 5677 1541 5736 patet
1566 5684 1628 5721 ex
1661 5683 1727 5721 eo
1751 5672 1895 5737 quod
1957 5669 2011 5720 in
2052 5666 2184 5735 ipsis
2222 5682 2341 5719 mo-

2454 5412 2587 5463 μων.
2631 5413 2649 5445 ι
2698 5395 2807 5446 Kal
2838 5393 2906 5445 τὰ
2938 5395 3101 5446 λοιπὰ
3148 5394 3359 5460 γίνεται
3389 5394 3533 5445 κατὰ
3597 5394 3689 5446 τὸν
3721 5394 3890 5447 τύπον
3919 5395 4019 5462 τῆς

2453 5486 2608 5556 ἱερᾶς
2638 5486 2984 5555 λειτουργίας
3022 5486 3161 5551 μετὰ
3197 5486 3256 5537 τὸ
3308 5485 3659 5551 Εύαγγέλιον.
3698 5484 3792 5547 Et;
3850 5485 4020 5536 τύπον

2452 5580 2561 5645 γὰρ
2592 5577 2683 5630 τοῦ
2728 5578 3052 5631 Ἀποστόλου
3078 5578 3193 5647 ἅμα
3228 5578 3323 5629 καὶ
3355 5576 3450 5629 τού
3483 5574 3819 5643 Εύαγγελίου
3844 5578 3901 5629 τὸ
3925 5575 4019 5627 τοῦ

2464 5669 2689 5722 Ἡσαΐου
2722 5654 3065 5740 ἀνάγνωσμα
3083 5670 3325 5737 λέγεται,
3363 5669 3431 5720 τὰ
3469 5667 3601 5736 περὶ
3644 5666 3736 5718 τοῦ
3767 5666 4020 5737 Σωτῆρος

848 5830 924 5900 (1)
958 5827 1199 5883 Meursio
1232 5830 1420 5882 solium
1452 5829 1568 5883 sive
1592 5828 1849 5900 thromg:
1883 5820 2555 5900 GrctseroinAQodinum,
2579 5825 2725 5879 locus
2750 5826 2818 5878 ad
2848 5828 3103 5880 orientem
3133 5828 3319 5893 solem,
3348 5827 3655 5896 contiguum
3691 5825 3887 5881 διιπταιὲ
3909 5825 4022 5880 sive

778 5893 1145 5956 tabernaculo.
1185 5900 1631 5954 Vide-Suicerum
1662 5900 1716 5950 in
1753 5896 2044 5961 Thesauro,
2075 5910 2126 5959 ῃ).
2154 5893 2311 5949 1⁸209.
