4342 6754
396 574 504 643 653

1562 572 1660 631 DE
1706 571 1950 633 SACRA
1986 538 2487 635 PRECATIONE.

3538 570 3647 642 656

376 687 782 762 ιμρανὲετερον
813 686 919 741 τῶν
956 688 1130 742 ἄλλων
1159 687 1551 759 κηρύττοντος,
1607 691 1703 742 καὶ
1732 689 1801 743 τὰ
1833 689 1961 760 περὶ
1992 699 2010 751 Α

2083 694 2325 749 tasteriis
2382 695 2515 749 liora
2574 703 2727 750 sexta
2775 695 2973 767 legitur
3019 697 3187 752 lectio
3239 696 3363 753 libri
3405 697 3559 753 lsaic
3590 697 3647 754 in

378 785 471 836 ταῦ
499 781 703 843 πάθους
738 779 938 848 μᾶλλον
975 778 1167 833 αὑτοῦ.
1228 778 1354 833 Ὀτι
1408 780 1466 833 δὲ
1496 781 1656 833 τοῦτο
1711 780 1829 843 ἔθος
1854 782 1958 850 ἁρ-

381 878 538 945 χαίον
567 875 633 927 ὲκ
656 871 765 926 τῶν
797 872 1081 942 Πατέρων,
1126 871 1287 941 δῆλον
1318 870 1394 933 ὡς
1434 873 1528 923 καὶ
1561 872 1619 925 ἐν
1648 873 1761 935 τοῖς
1793 890 1963 935 μονα-

383 967 651 1037 στηρίοις,
678 966 819 1019 κατὰ
848 966 949 1035 τὴν
976 966 1145 1036 ἕκτην
1171 966 1206 1035 ἡ
1246 967 1561 1038 προφητεία
1603 965 1697 1017 τοῦ
1738 966 1963 1018 Ἡσαΐου

381 1059 821 1128 ἀναγινώσκεται
866 1058 923 1111 ἐν
979 1058 1075 1129 ὅλῃ
1128 1060 1194 1127 τῇ
1249 1057 1706 1129 Τεσσαρακοστῇ.
1750 1057 1819 1110 Ἥ
1869 1058 1963 1109 τοῦ

395 1151 663 1222 Ἰεζεκιὴλ
697 1149 755 1203 δὲ
782 1151 842 1203 ὲν
872 1152 937 1221 τῇ
973 1151 1209 1220 μεγίστῃ
1247 1149 1530 1219 ἐὸδομάδι,
1572 1150 1649 1212 ὼς
1672 1149 1771 1202 καὶ
1797 1149 1966 1202 αὑτοῦ

384 1247 452 1300 τὰ
476 1244 624 1313 πάθη
654 1242 751 1297 τοῦ
784 1244 1040 1313 Σωτῆρος
1067 1245 1162 1297 καὶ
1190 1244 1291 1311 τὴν
1318 1242 1540 1313 ἔγερσιν
1566 1240 1971 1313 προαγορεύον-

384 1354 495 1400 τος.
531 1337 642 1391 Καὶ
670 1336 702 1388 6
731 1336 828 1405 μιν
863 1334 1131 1398 διάκονος,
1171 1353 1190 1386 ι
1223 1333 1488 1401 Εῦξασθε,
1533 1334 1582 1386 οί
1618 1334 1969 1403 κατηχούμε-

385 1444 489 1487 νοι.
530 1445 550 1480 »
595 1426 781 1497 φησίνο
816 1425 926 1480 ὁδὶ
958 1426 1137 1496 ἱερεὺς
1174 1424 1342 1495 εὐχὴν
1375 1424 1517 1497 ὑπὲρ
1560 1424 1671 1478 τῶν
1694 1438 1966 1494 κατηχουυ

391 1526 573 1595 μένων
603 1524 861 1577 ποιεῖται.
898 1523 1008 1575 Καὶ
1055 1521 1167 1575 ἀπὸ
1197 1521 1295 1589 τῆς
1343 1518 1745 1591 μεσονηστίμου
1773 1521 1971 1584 τετρά-

330 1674 333 1675 ν
385 1618 470 1680 δος
501 1617 530 1669 6
561 1616 663 1684 μὶν
689 1616 940 1676 διάκονος
969 1612 1069 1677 τὰς
1114 1613 1364 1684 αἰτήσεις
1416 1611 1557 1681 ὑπὲρ
1586 1610 1698 1664 τῶν
1750 1608 1887 1680 πρὸς
1909 1609 1971 1662 τὸ

388 1705 544 1773 ἅγιον
576 1706 836 1776 φώτίσμα
869 1704 1351 1775 εὖτρεπιζομένων
1374 1718 1392 1736 ⁸
1431 1705 1461 1758 6
1492 1702 1549 1758 δὲ
1596 1702 1778 1774 ἱερεὺς
1804 1700 1971 1771 εὐχὴν

389 1796 532 1867 ὐπὶρ
569 1796 773 1864 αὐτῶν,
810 1815 830 1849 «
865 1797 1043 1868 Κύριε
1075 1796 1105 1848 6
1142 1795 1277 1859 Θεὸς
1305 1794 1486 1866 ήμῶν,
1543 1793 1810 1863 ἑπίφανον
1840 1794 1969 1855 τοὺς

386 1889 708 1959 οίκτιρμούς
759 1902 881 1954 σου,
920 1906 941 1942 ι
1003 1888 1101 1943 καὶ
1154 1888 1488 1959 ὲκφώνησιν,
1536 1906 1555 1941 »
1586 1890 1710 1943 Ὅτι
1740 1889 1805 1942 σὺ
1857 1883 1909 1941 sl
1944 1890 1973 1942 6

2070 794 2182 839 tota
2214 787 2657 863 quadragesima,
2683 795 2739 841 at
2767 788 2820 843 in
2852 802 3045 858 magna
3078 787 3425 849 hebdomade
3450 789 3649 859 legitur

2068 874 2229 932 lectio
2259 877 2385 933 libri
2422 876 2705 943 Ezechiel,
2737 880 2832 950 qui
2884 880 2999 950 ipse
3056 895 3274 951 quoque
3333 880 3646 951 passionem

2070 966 2370 1024 Salvatoris
2388 979 2441 1023 et
2483 973 2949 1025 resurrectionem
2982 972 3252 1041 praatlixit.
3289 972 3354 1028 Et
3383 974 3649 1029 diaconus

2069 1061 2315 1132 quidem,
2354 1080 2373 1113 «
2407 1061 2591 1129 Orate,
2636 1064 2731 1126 ait,
2764 1065 3201 1131 catechumeni,»
3236 1067 3495 1122 sacerdos
3522 1082 3653 1122 vero

2069 1154 2374 1209 orationem
2407 1154 2535 1211 facit
2568 1172 2666 1226 pro
2719 1156 3152 1212 catechumenis.
3215 1154 3417 1212 Verum
3461 1171 3489 1211 ιι
3518 1174 3655 1229 qua-

2076 1248 2255 1301 triduo
2285 1248 2478 1303 media
2517 1248 2972 1319 quadragesimae,
2995 1250 3265 1305 diaconus
3280 1250 3503 1321 quidem
3536 1267 3658 1319 pre-

2071 1354 2165 1395 ces
2218 1340 2350 1395 facit
2406 1356 2504 1410 pro
2552 1341 2869 1411 praeparatis
2899 1342 2967 1396 ad
3003 1349 3253 1397 sanctzmt
3296 1340 3691 1415 illuminatio-r

2074 1445 2223 1496 ueni,
2284 1431 2547 1501 sacerdos
2589 1444 2771 1487 autem
2804 1433 3108 1487 orationem
3138 1445 3240 1502 pro
3280 1431 3460 1501 ipsis:
3496 1450 3514 1483 «
3550 1432 3658 1485 Do-

2074 1524 2224 1576 mine
2252 1521 2424 1587 Deus.
2451 1525 2683 1578 ostende
2716 1524 3126 1579 misericordias
3156 1532 3301 1590 tuas,
3338 1540 3357 1575 »
3387 1531 3443 1579 et
3472 1523 3661 1577 excla-

2079 1623 2214 1679 mat,
2248 1633 2267 1666 «
2291 1613 2562 1681 Quoniam
2586 1622 2642 1668 tu
2674 1630 2734 1669 cs
2754 1615 3082 1670 illuminatio
3111 1624 3357 1670 nostra.)
3384 1613 3664 1671 Diaconus

2076 1701 2272 1757 iterum
2307 1711 2571 1758 consueta
2600 1704 2775 1759 dicit:
2819 1723 2837 1757 «
2870 1705 3196 1775 Quicunque
3216 1706 3657 1781 catechumeni.»

2074 1805 2127 1847 et
2155 1794 2411 1851 sacerdos
2445 1796 2677 1863 primam
2720 1795 2961 1851 ﬁdelium
2994 1797 3346 1854 orationem:
3382 1816 3401 1849 «
3431 1796 3664 1852 Domine

2079 1888 2223 1942 Deus
2282 1899 2472 1943 noster
2520 1889 2615 1957 qui
2670 1904 3012 1959 paganorum
3045 1891 3275 1946 erroris.
3307 1904 3328 1944 »
3362 1890 3664 1955 Diaconus,

388 1981 669 2051 φωτισμδς
723 1981 908 2051 ἡμῶν.
947 1994 967 2033 »
1013 1981 1075 2035 ’0
1111 1981 1361 2046 διάκονος
1409 1980 1686 2082 natura
1738 1980 1968 2082 συνήθη,
2002 2026 2010 2082 Ι

2083 1978 2396 2049 «Sapientia
2419 1981 2590 2035 erecti
2612 1997 2665 2047 ;»
2694 1983 2978 2047 sacerdos,
3008 1981 3312 2048 «Quoniam
3345 1992 3402 2037 tu
3431 1997 3494 2039 es
3524 1983 3667 2039 Deus

394 2090 414 2122 ι
449 2072 609 2127 Ὅσοι
664 2073 1091 2144 κατηχούμενοι.
1126 2087 1146 2126 »
1197 2074 1257 2127 Ὅ
1305 2073 1488 2143 ίιρεὺς
1541 2071 1709 2145 εὐχὴν
1761 2072 1968 2125 πιστῶν

386 2164 635 2235 πρώτην,
676 2184 695 2217 ι
731 2166 903 2235 Κύριε
943 2168 972 2219 6
1028 2166 1164 2229 Θεὸς
1222 2167 1403 2235 ἡμῶν,
1460 2168 1488 2219 6
1539 2166 1641 2237 τῆς
1698 2166 1967 2219 πολυθέου

387 2258 619 2328 πλάνης.
660 2277 678 2310 »
728 2257 789 2314 '0
837 2260 1107 2323 διάκονος,
1162 2276 1180 2310 ι
1213 2259 1383 2327 Σοφία
1426 2257 1590 2330 254
1637 2256 1807 2329 ὀρθοί.
1842 2277 1859 2309 »
1908 2257 1969 2311 Ὀ

390 2350 592 2419 ἱερεὺς,
630 2369 649 2401 ι
694 2350 819 2403 Ὀτι
875 2351 940 2403 σὺ
987 2346 1040 2403 εί
1066 2352 1095 2403 6
1120 2350 1251 2411 Θεὸς
1287 2350 1501 2419 ἡμῶν.»
1540 2350 1601 2402 ’0
1620 2348 1865 2411 διάκονος
1899 2350 1969 2401 τὰ

386 2442 660 2513 είρηνικὰ.
695 2443 755 2495 '0
792 2444 972 2513 ἱερεὺς
1015 2441 1183 2511 εὐχὴν
1218 2441 1431 2495 πιστῶν
1483 2440 1764 2511 δευτέραν,
1802 2459 1820 2493 ι
1856 2441 1971 2493 Κύ-

388 2550 473 2605 ριε
507 2536 535 2587 6
566 2534 702 2596 Θεὸς
728 2533 886 2603 ἡμῶν
919 2535 948 2587 6
992 2535 1050 2587 ἐν
1074 2534 1244 2605 όλίγῳ
1265 2532 1466 2603 χρόνῳ.
1502 2550 1521 2585 »
1599 2533 1659 2587 '0
1699 2532 1969 2596 διάκονος,

394 2642 413 2677 ι
443 2624 631 2693 Σοφία.
667 2643 686 2677 »
764 2624 825 2678 Ὀ
876 2626 1060 2696 ἱερεὺς
1115 2627 1394 2695 ἔκφωνεῖ,
1433 2642 1452 2675 ι
1489 2626 1611 2679 Ὀτι
1672 2624 1969 2693 εὐλόγηται

387 2718 485 2770 καὶ
507 2717 842 2781 διδάξασται.
882 2736 901 2769 »
948 2718 1009 2770 '0
1063 2718 1337 2780 διάκονος,
1398 2733 1418 2768 ι
1458 2716 1850 2786 Πληρώσωμεν
1873 2718 1972 2786 τὴν

386 2809 575 2878 δέησιν
611 2808 766 2878 ἡμῶν
804 2809 883 2880 τῷ
920 2809 1135 2878 Κυρίῳ,
1166 2829 1184 2862 »
1223 2812 1317 2864 καὶ
1362 2811 1431 2863 τὰ
1463 2809 1646 2862 λοιπά.
1687 2809 1749 2862 '0
1793 2811 1972 2880 ἱερεὺς

389 2902 487 2972 τὴν
519 2903 763 2973 μεγάλην
788 2903 975 2974 εὐχήν
1010 2920 1029 2954 «
1070 2904 1242 2973 Κύριε
1298 2905 1325 2956 ὁ
1350 2902 1482 2963 Θεὸς
1513 2902 1697 2971 ἡμῶν,
1747 2903 1776 2954 6
1811 2904 1972 2970 μόιος

389 2992 594 3062 ἀγαθὸς
622 2994 719 3046 καὶ
765 2994 1175 3065 φιλάνθρωπος·
1217 3012 1237 3047 »
1292 2996 1348 3049 ὲν
1448 2994 1545 3048 καὶ
1576 2993 1677 3062 τῆς
1724 2993 1976 3065 σταυρώ-

392 3106 532 3153 σεως
582 3088 860 3159 μέμνηται
914 3090 1017 3140 τοῦ
1076 3087 1351 3158 Σωτῆρος,
1405 3088 1497 3140 καὶ
1548 3088 1646 3157 τῆς
1702 3087 1975 3157 ὲγέρσεως

389 3179 585 3243 αὐτοῦ,
618 3180 837 3243 καὶτῆς
893 3178 1247 3247 ἀναλήψεως·
1298 3180 1395 3232 καὶ
1453 3179 1747 3245 ὲξαιτείται
1800 3180 1975 3231 ἐλθεῖν

388 3274 491 3338 τὴν
526 3274 687 3342 χάριν
715 3270 811 3323 τοῦ
869 3269 1007 3323 Θεοῦ
1072 3270 1157 3338 ἐφ’
1216 3271 1387 3341 ἡμᾶς,
1451 3272 1546 3323 καὶ
1594 3270 1975 3340 ὲνδυναμῶσαι

390 3366 539 3433 ἡμᾶς
573 3364 667 3415 καὶ
698 3362 954 3431 φωτίσαι,
984 3362 1079 3414 καὶ
1126 3363 1289 3432 ἕτερα
1348 3362 1575 3416 πλεῖστα
1598 3379 1613 3393 ’
1666 3365 1761 3417 καὶ
1823 3366 1974 3433 παρὰ
2006 3382 2050 3436 (ς

392 3454 531 3507 θεοῦ
563 3454 785 3522 εὔχεται
812 3454 879 3506 τὰ
900 3454 1174 3521 ἀναγκαῖά
1196 3471 1255 3508 τι
1290 3454 1385 3506 καὶ
1440 3454 1791 3523 συμφέροντα
1820 3470 1835 3484 °
1884 3456 1977 3507 καὶ

394 3546 479 3597 τέ)
494 3562 575 3609 ος,
603 3545 746 3614 ἵναή
781 3544 940 3614 χάρις
962 3546 1057 3597 καὶ
1087 3545 1146 3597 τὸ
1188 3544 1335 3607 ἔλεος
1388 3543 1484 3596 τοῦ
1538 3544 1676 3597 Θεοῦ
1731 3545 1817 3615 εἴη
1857 3546 1977 3614 μεθ’

391 3636 551 3707 ἡμῶν
578 3638 829 3699 πάντοτε,
867 3638 960 3689 καὶ
983 3638 1238 3703 ἑκφωνεῖ,
1273 3655 1291 3687 ι
1328 3638 1449 3690 Ὀτι
1482 3636 1572 3689 σὸν
1613 3637 1673 3691 τὸ
1701 3639 1920 3708 κράτος.
1952 3658 1970 3691 »

392 3728 525 3784 Εῐτα
549 3731 629 3796 τὸ,
663 3750 682 3781 «
722 3732 927 3802 Εἰρήνη
978 3732 1135 3793 πᾶσι,
1172 3751 1189 3782 »
1249 3732 1420 3799 λέγει.
1487 3731 1599 3785 Καὶ
1646 3733 1674 3784 6
1719 3731 1976 3795 διάκονος

391 3820 571 3887 αὖθις,
595 3842 613 3875 «
638 3823 751 3887 Τὰς
776 3824 1017 3892 κεφαλὰς
1045 3823 1254 3892 ἡμῶν.»
1276 3825 1385 3877 Καὶ
1418 3825 1444 3875 6
1476 3824 1657 3893 ἱερεὺς
1689 3824 1855 3896 εὐχὴν
1883 3842 1976 3877 κε·

394 3914 772 3983 φαλοκλισίας·
801 3932 819 3965 ι
857 3915 1029 3983 Κύριε
1061 3916 1089 3966 6
1114 3914 1249 3977 Θεὸς
1280 3915 1461 3985 ἡμῶν,
1488 3916 1515 3967 6
1540 3914 1853 3985 καθήμενος
1884 3918 1979 3969 ἐπὶ

396 4007 591 4076 θρόνου
620 4006 801 4075 δόξης.
841 4026 860 4059 »
917 4008 1024 4059 Καὶ
1052 4008 1309 4073 ἔκφωνεῖ,
1368 4024 1388 4057 «
1442 4007 1543 4078 Εἴη
1602 4008 1663 4061 τὸ
1709 4009 1978 4085 πανᾲγιον

392 4098 567 4169 δνομα
588 4102 686 4169 τῆς
732 4099 1146 4169 φιλανθρωπίας
1206 4117 1300 4151 σου
1342 4100 1707 4169 εὐλογημένον
1769 4103 1861 4153 καὶ
1888 4101 1977 4154 δε-

393 4191 747 4261 δοξασμένον.
784 4210 804 4244 »
842 4191 901 4243 '0
945 4192 1219 4253 διάκονος.
1262 4210 1279 4243 ι
1330 4192 1421 4245 Ἐν
1451 4193 1648 4265 είρήνῃ
1700 4192 1978 4262 προέλθω-

397 4299 523 4353 μσν.
562 4299 581 4334 »
610 4284 721 4335 Καὶ
745 4282 1060 4347 ἐξελθόντος
1093 4284 1188 4336 τοῦ
1220 4284 1434 4352 ἱερέως,
1475 4283 1593 4353 ἃμα
1650 4284 1977 4353 πορεύονται

394 4374 623 4428 ὄπισθεν
651 4375 749 4429 τοῦ
774 4375 1051 4445 ἀμσωνος,
1094 4375 1180 4428 ἵνα
1234 4377 1401 4444 μέσον
1463 4376 1722 4429 ἁπάντων
1771 4376 1981 4439 δοξολοο

401 4467 618 4536 γήσωσι
648 4466 741 4519 τὸν
770 4466 922 4531 Θτδιν,
951 4468 1049 4519 xci.
1074 4465 1167 4520 τοῦ
1198 4465 1490 4536 ἑσπερινοῦ
1522 4466 1820 4535 ἄρξωνται.
1868 4467 1977 4521 Τοῦ

396 4559 644 4612 διακόνου
674 4558 769 4612 οῦν
794 4559 1063 4625 είπόντος,
1098 4576 1117 4609 «
1154 4558 1262 4610 Τοῦ
1290 4558 1498 4627 Κυρίου
1549 4558 1854 4629 δεηθῶμεν,
1895 4579 1913 4612 »
1950 4562 1979 4612 6

397 4650 581 4722 ίερεὺς
611 4650 825 4719 βλέπων
857 4648 997 4702 κατὰ
1024 4648 1315 4714 ἀνατολὰς,
1362 4652 1618 4717 ὲκφιυνεῖ,
1673 4668 1692 4700 ι
1730 4650 1976 4720 Εὐλογη-

2079 2080 2295 2137 noster;
2326 2073 2595 2127 diaconus
2632 2073 2858 2141 paciﬁca
2888 2073 3045 2135 dicit.
3079 2076 3338 2130 sacerdos
3364 2076 3665 2132 secundam

2080 2162 2324 2219 ﬁdelium
2359 2164 2690 2231 orationem,
2738 2165 3002 2221 «Domine
3027 2167 3168 2223 Deus
3208 2176 3426 2233 noster,
3462 2170 3555 2238 qui
3612 2171 3666 2222 iu

2078 2254 2228 2310 brevi
2257 2264 2498 2324 tempore
2524 2272 2569 2319 ;»
2598 2255 2888 2320 diaconus,
2923 2256 3293 2327 «Sapientia,»
3326 2258 3535 2328 inquit;
3578 2274 3669 2313 sae

2077 2345 2276 2400 cerdus
2289 2346 2508 2411 clamat,
2536 2348 2828 2413 «Quoniam
2844 2348 3186 2403 beuedicitur
3201 2358 3254 2405 et
3268 2351 3625 2420 gloriﬁcatur.
3640 2370 3663 2407 »

2080 2436 2378 2500 Diaconos,
2412 2455 2430 2487 ι
2465 2436 2876 2505 Adimpleamus
2923 2440 3229 2505 orationem
3265 2441 3550 2507 Doutiuo,i
3609 2457 3668 2496 et

2082 2528 2312 2598 reliqua.
2334 2526 2603 2583 Sacerdos
2629 2543 2877 2599 magnam
2900 2526 3031 2585 facit
3048 2532 3378 2594 orationem,
3402 2552 3421 2585 «
3438 2534 3671 2589 Domino

2083 2617 2225 2672 Deus
2259 2626 2467 2681 noster,
2504 2617 2656 2672 solus
2692 2617 2870 2673 bonus
2903 2628 2957 2673 et
2977 2619 3265 2675 hominum
3286 2633 3557 2686 amator,»
3605 2626 3660 2680 in

2079 2725 2189 2779 qua
2212 2711 2275 2765 de
2304 2710 2663 2767 cruciﬁxiuue
2721 2712 3024 2767 Salvatoris
3076 2717 3403 2771 recordatur
3437 2718 3672 2790 ejusque

2086 2803 2493 2858 resurrectione
2529 2813 2585 2857 et
2653 2804 3001 2870 ascensione,
3051 2816 3426 2879 precaturque
3477 2821 3537 2865 ut
3579 2828 3673 2864 vu-

2083 2895 2199 2948 niat
2266 2896 2443 2963 gratia
2501 2895 2592 2950 Dei
2652 2911 2817 2965 super
2861 2913 2965 2952 nos
3024 2912 3235 2968 nosque
3276 2904 3566 2959 conﬁrmet
3613 2914 3671 2960 et

2084 2984 2360 3040 illominet
2390 3025 2404 3050 ,
2446 2986 2663 3055 aliaque
2709 2987 2879 3042 multa
2910 2989 3177 3059 deposcit,
3214 3007 3427 3048 necnon
3482 3012 3509 3049 a
3560 2995 3675 3051 Deo

2084 3075 2293 3145 ﬂagitat
2322 3080 2634 3133 necessaria
2665 3089 2721 3135 et
2747 3081 2925 3143 utilia,
2968 3097 3033 3137 ac
3076 3084 3314 3155 «lenique
3338 3099 3391 3141 ιιι
3420 3090 3596 3159 gratia
3619 3101 3677 3146 et

2085 3171 2466 3225 misericordia
2489 3171 2580 3227 Dei
2615 3174 2686 3227 sit
2715 3190 2932 3244 semper
2986 3176 3301 3246 uobiscum,
3351 3192 3405 3236 et
3431 3182 3670 3251 clamat,

2091 3259 2234 3314 «Tua
2258 3273 2340 3316 est
2365 3262 2680 3318 fortitudo.»
2706 3265 2929 3330 Deinde,
2955 3268 3094 3322 «Pax
3116 3272 3431 3333 omnibus,»
3467 3273 3670 3344 inquit,

2083 3364 2137 3408 et
2163 3356 2429 3411 diaconus
2461 3358 2655 3411 iterum
2687 3372 2701 3411 :
2735 3377 2753 3409 «
2791 3357 2984 3428 Capita
3012 3370 3201 3416 nostra
3232 3380 3245 3427 ;
3280 3381 3300 3414 »
3339 3374 3393 3417 ct
3422 3368 3676 3423 sacerdos

2081 3449 2280 3518 capitis
2363 3449 2729 3504 inclinationis
2786 3456 3095 3507 orationem
3168 3453 3343 3513 facit:
3393 3457 3673 3514 «Domine

2085 3537 2228 3593 Deus
2259 3548 2446 3593 noster
2503 3539 2594 3607 qui
2626 3542 2782 3596 sedes
2835 3556 3006 3609 super
3038 3545 3299 3600 thronum
3335 3548 3578 3617 gloriae,»
3619 3562 3674 3605 et

2080 3630 2375 3695 exclamat,
2413 3627 2970 3684 «Sitsauctissimum
3022 3633 3371 3702 benignitatis
3412 3645 3519 3691 tuae
3576 3654 3672 3692 no-

2083 3734 2205 3773 men
2232 3719 2577 3775 benedictum
2609 3732 2664 3775 οι
2689 3721 3111 3791 gloriﬁcatum.»
3147 3725 3467 3782 Diacouus:
3506 3727 3674 3783 «Pro-
3752 3712 3759 3719 ’

2082 3814 2342 3869 cedamus
2377 3816 2433 3868 in
2483 3831 2687 3885 pace.»
2732 3817 2793 3871 Et
2842 3832 3064 3888 egresso
3146 3822 3433 3876 sacerdote
3504 3824 3674 3879 simul

2084 3905 2386 3973 procedunt
2433 3916 2556 3975 post
2629 3908 2919 3963 ambuncm
2967 3920 3025 3963 ut
3078 3912 3133 3964 in
3192 3913 3373 3967 medio
3424 3915 3669 3971 omnium

2086 3996 2393 4063 gloriﬁcent
2444 3998 2637 4064 Deum,
2682 4015 2748 4054 ac
2798 4003 3176 4071 vespertinum
3240 4005 3507 4073 incipiant
3555 4009 3675 4062 olli-

2086 4088 2254 4143 cium.
2313 4089 2501 4160 Itaque
2537 4092 2769 4147 diacono
2815 4093 3034 4150 dicente
3071 4111 3087 4149 :
3120 4097 3441 4153 «Dominum
3474 4099 3674 4170 depreo

2083 4196 2331 4245 cemur,»
2376 4184 2639 4238 sacerdos
2672 4188 2740 4239 ad
2772 4187 3041 4241 orientem
3073 4198 3327 4253 spectans
3352 4191 3622 4246 exclamat
3655 4205 3673 4245 :

2095 4272 2428 4326 «Benedicta
2461 4274 2633 4343 gloria
2668 4275 2884 4331 Domini
2920 4276 2975 4331 in
3011 4278 3131 4332 loco
3160 4289 3349 4335 sancto
3386 4282 3506 4351 ejus
3554 4283 3676 4338 ubi-

2083 4379 2191 4431 que
2240 4380 2387 4421 nunc
2442 4375 2498 4421 et
2544 4381 2762 4438 semper
2821 4380 2878 4426 et
2931 4370 2987 4424 in
3043 4372 3249 4428 saecula
3278 4376 3667 4435 sreculoruni.»

2090 4458 2248 4523 Quod
2336 4475 2467 4528 ergo
2558 4459 2625 4513 ad
2717 4462 2940 4516 litanias
3031 4464 3275 4532 attinet,
3332 4467 3675 4525 .litaniaruu»

2086 4553 2190 4604 hoc
2240 4559 2326 4605 est
2379 4551 2619 4617 initium,
2654 4554 2916 4621 pontiﬁce
2987 4554 3122 4609 illud
3190 4566 3315 4625 post
3380 4557 3673 4615 amboncm

2083 4644 2329 4711 dicente;
2364 4645 2455 4701 hic
2510 4661 2641 4701 vero
2704 4647 2919 4701 initium
2971 4659 3058 4703 est
3092 4648 3407 4720 lampadom
3455 4655 3671 4723 hymni.

400 4713 538 4812 μένη
576 4713 622 4811 ἡ-
639 4741 765 4807 δόξα
788 4741 999 4810 Κυρίου
1053 4742 1118 4792 ἐκ
1152 4739 1248 4791 τοῦ
1283 4713 1452 4794 τόπου
1480 4739 1574 4792 τοῦ
1600 4713 1757 4808 ἁγίου
1813 4713 1976 4796 αὑτοῦ

2088 4734 2155 4789 Ει
2200 4738 2383 4788 statim
2444 4735 2497 4788 in
2534 4736 2703 4791 latere
2753 4736 2941 4802 templi
2979 4752 3009 4792 a
3055 4713 3378 4811 cantoribus
3410 4713 3670 4811 psallitur

397 4836 631 4887 πάντοτε
660 4832 755 4885 νῦν
781 4832 877 4884 καὶ
905 4832 992 4884 ἀεὶ
1024 4832 1119 4884 καὶ
1161 4833 1241 4893 εἰς
1274 4830 1402 4891 τοὺς
1456 4832 1659 4894 αἰῶνας
1709 4834 1818 4887 τῶν
1844 4836 1975 4887 αἰώ-

399 4944 531 4980 νων.
564 4944 583 4976 »
627 4924 802 4977 Τοῦτο
828 4924 923 4977 οῦν
972 4926 1049 4986 είς
1081 4924 1179 4993 μὲν
1225 4922 1325 4987 τὰς
1362 4924 1656 4989 λιτανείας,
1702 4926 1846 4997 ἀρχὴ
1873 4928 1982 4979 τῶν

398 5018 682 5070 λιατνειῶν
717 5020 857 5082 ἔστι,
890 5016 1142 5083 λέγοντος
1163 5033 1325 5069 τουτο
1372 5016 1471 5069 τοῦ
1524 5017 1832 5088 ἀρχιερέως
1880 5020 1974 5071 τοῦ

396 5109 655 5177 ἄμϐωνος
688 5108 949 5160 ὄπισθεν·
1019 5107 1257 5161 ἐνταῦθα
1292 5107 1348 5160 δὲ
1377 5109 1524 5178 ἁρχὴ
1548 5110 1642 5161 τοῦ
1690 5110 1970 5178 λυχνικοῦ.

400 5202 508 5252 Καὶ
537 5200 697 5261 εὐθὺς
730 5201 786 5251 ὲν
813 5203 881 5269 τῇ
918 5199 1124 5269 πλαγία
1150 5199 1413 5269 ψάλλεται
1468 5202 1564 5253 τοῦ
1594 5201 1723 5255 ναοῦ
1757 5203 1833 5265 ὡς
1867 5222 1973 5256 πα-

398 5292 661 5364 ράκλησις
693 5295 719 5345 ὁ
751 5294 1040 5363 ἑσπερινὸς
1073 5292 1221 5362 παρᾶ
1269 5294 1381 5345 τῶν
1410 5293 1652 5361 ψαλτῶν.
1683 5296 1852 5347 Ἕνοα
1883 5298 1976 5349 καὶ

394 5387 456 5437 τὸ
482 5385 781 5455 ψαλτήριον
808 5385 1051 5451 λέγεται,
1086 5386 1181 5436 καὶ
1212 5386 1281 5437 τὰ
1327 5388 1562 5456 στιχηρὰ
1587 5386 1684 5440 τοῦ
1716 5389 1974 5456 τριῳδίου

395 5481 491 5531 καὶ
520 5478 615 5531 τοῦ
652 5478 907 5548 μηναίου,
936 5477 1077 5530 κατὰ
1102 5480 1192 5531 τὸν
1225 5482 1398 5532 τύπον
1422 5480 1529 5531 τῶν
1567 5483 1973 5551 μοναστηρίων,

395 5573 489 5623 καὶ
521 5573 603 5636 τὶ,
638 5589 657 5621 ι
686 5569 806 5631 Φῶς
837 5570 1044 5640 ἱλαρὸν,
1079 5589 1097 5621 »
1140 5572 1233 5624 καὶ
1257 5573 1337 5636 τὸ,
1381 5590 1400 5623 ι
1439 5572 1815 5639 Καταξίωσον,
1849 5592 1867 5624 »
1900 5574 1974 5637 ὡς

396 5661 743 5725 κατανύξεως
778 5660 1071 5714 ἀκολουθία
1102 5662 1196 5714 καὶ
1224 5657 1338 5713 οἷον
1368 5661 1664 5732 μοναχικὴ,
1716 5664 1808 5716 καί
1837 5665 1971 5716 ἀπο-

397 5756 581 5826 στέχνιυ
608 5758 666 5806 τὸ
709 5754 1010 5823 ’1διό,ιε).ον,
1057 5755 1173 5818 καὶ,
1208 5774 1226 5807 ι
1266 5756 1383 5807 Νῦν
1413 5757 1695 5820 dualis“,
1737 5776 1755 5809 »
1792 5757 1885 5807 κλὶ
1920 5759 1979 5809 τὸ

2087 4830 2460 4895 vespertinum
2512 4827 2751 4883 oﬁicium
2804 4845 2955 4884 more
3001 4831 3491 4888 invitatorii.Tum
3526 4835 3669 4889 ιίὶιοὶο

2098 4931 2184 4973 ιιιι·
2232 4922 2551 4991 psalterium
2606 4922 2863 4977 versiculi
2914 4922 3059 4977 tertii
3116 4922 3307 4995 hymni
3369 4934 3424 4981 et
3464 4929 3673 4982 mensis

2084 5012 2382 5064 secundum
2410 5012 2657 5066 ordinem
2690 5015 3182 5079 monasteriorum,
3223 5014 3369 5070 «Lux
3397 5015 3668 5087 jucunda,

2086 5102 2342 5171 dignare,
2368 5121 2386 5154 »
2419 5106 2575 5172 quasi
2616 5104 2752 5159 ordo
2788 5106 3119 5174 paenitentiae
3150 5118 3207 5162 et
3258 5108 3561 5163 monastica
3592 5110 3675 5162 iu-

2085 5193 2314 5247 stitutio.
2340 5192 2545 5248 Deinde
2576 5195 2860 5265 proprium
2894 5196 3234 5266 rcspousorii
3268 5198 3463 5265 melos,
3485 5195 3674 5251 «Num

2084 5282 2369 5347 dimittis,»
2405 5282 2711 5354 Trisagiou,
2740 5286 2869 5339 «Dei
2894 5285 3143 5340 Genitrix
3174 5284 3337 5356 Virgo
3358 5303 3404 5351 ;»
3439 5288 3533 5342 sed
3561 5286 3673 5355 1ιύ-

2085 5370 2163 5422 rie
2216 5372 2415 5424 clcison
2465 5386 2572 5426 nou
2619 5374 2843 5437 dicitur,
2905 5390 3085 5441 neque
3140 5380 3277 5430 liunt
3338 5380 3673 5445 pmuitentta:

2089 5481 2189 5517 nec
2225 5464 2524 5527 alzsolutio,
2568 5480 2667 5519 nec
2695 5467 3075 5520 accenduntur
3104 5468 3381 5539 lampades
3402 5486 3575 5540 usque
3602 5473 3669 5524 ad

2087 5558 2507 5612 l‘rovenbiorum
2552 5560 2840 5614 lectionem
2873 5563 2923 5614 in
2969 5564 3134 5616 missa
3174 5547 3671 5617 l’ra-sauctilicato-

2086 5663 2208 5703 rum
2234 5663 2250 5712 ;
2272 5663 2396 5701 nam
2424 5658 2547 5717 post
2586 5666 2783 5705 voces:
2813 5670 2831 5703 «
2862 5652 2953 5707 Dei
2988 5652 3235 5707 Genitrix
3273 5650 3459 5723 Virgo,
3492 5672 3510 5705 ι
3535 5668 3636 5707 c0u
3658 5683 3671 5694 -

2086 5750 2240 5795 sueta
2267 5742 2546 5811 dicuntur,
2574 5753 2627 5798 et
2656 5761 2847 5800 omnes
2874 5748 2925 5801 in
2977 5763 3108 5801 suos
3160 5747 3314 5801 locos
3380 5747 3668 5800 recedunt.

394 5854 710 5920 ἰ’ρισάγιον,
756 5854 849 5903 καὶ
884 5852 965 5914 τὸ,
1005 5871 1022 5903 ι
1056 5852 1285 5904 θεοτόκε
1324 5853 1588 5919 Παρθένε·
1628 5873 1646 5904 »
1710 5855 1887 5920 Κύριε
1942 5855 1996 5905 δὲ
2055 5855 2321 5922 ἐλέησον
2388 5858 2449 5910 οῦ
2509 5859 2773 5924 λέγεται·
2841 5863 2962 5914 οὐδὲ
3025 5863 3310 5930 μετάνοιαι
3380 5863 3622 5931 γίνονται
3652 5880 3666 5895 ⁸

395 5944 503 5996 οὐδ’
540 5945 823 6006 ἀπόλυσις⁹
856 5945 976 5997 οὐδὲ
1008 5946 1161 6013 φῶτα
1193 5947 1544 6012 ἀνάπτονται,
1576 5947 1703 6017 ἄχρι
1749 5950 1843 5999 καὶ
1876 5950 1971 6017 τῆς
2013 5952 2316 6019 παροιμίας
2339 5953 2392 6003 ὲν
2416 5956 2481 6022 τῇ
2506 5957 2926 6028 προηαίιασμέυῃ
2958 5956 3296 6027 λειτουργὶα.
3353 5958 3505 6012 Μετὰ
3556 5957 3669 6028 γὰρ

406 6038 495 6103 τὲ,
528 6057 545 6087 ι
587 6039 812 6092 Geor/,2:
847 6040 1114 6110 Παρθένε,
1149 6059 1165 6089 »
1204 6043 1293 6094 mi.
1330 6043 1390 6093 τὰ
1417 6042 1579 6094 ictui
1611 6042 1817 6113 συνήθη
1851 6042 2096 6113 ἔρχονται
2131 6049 2329 6109 πάντες
2372 6050 2448 6108 εἰς

2498 6056 2618 6111 τοὺς
2662 6052 2852 6114 τόπους
2892 6052 3091 6104 αὐτῶν.
