4342 6772
375 612 477 673 657

1484 684 1493 689 ἰ
1528 602 1626 664 DE
1663 602 1906 663 SACRA
1950 599 2461 662 PBECATIONE.

3511 598 3617 662 658

377 721 442 771 Οἱ
466 718 523 771 δὲ
556 714 904 783 ἁναγνῶσται
935 712 1368 784 προπορεύονται
1404 712 1543 782 μετά
1575 714 1939 783 μανουαλίων.
1974 724 2016 780 Α
2047 713 2092 766 la

1903 731 1939 767 θ.
1974 724 2016 780 Α
2047 713 2325 768 lateralcm
2372 713 2595 784 januam
2634 711 2808 783 pergit
2855 720 2909 769 et
2962 711 3028 769 ad
3062 710 3223 768 linem
3269 707 3453 781 templi
3490 718 3618 782 pro:

373 809 433 862 El
464 809 634 863 δὀὐκ
672 809 790 861 ἔστι
839 806 1120 869 διάκονος,
1158 805 1441 877 ἐξέρχεται
1478 806 1637 874 μόνος
1673 808 1700 859 6
1732 807 1933 876 ἱερεὺς,

2045 808 2207 864 cedit.

370 897 589 967 κρατῶν
613 897 712 964 τὴν
743 896 1005 967 λαμπάδα
1044 864 1139 949 διαὶ
1170 864 1632 966 τδθῦμιατηριον
1666 864 2293 982 καὶιπροπορευομένων
2334 899 2444 953 τῶν
2518 899 2911 969 ἁναγνωστῶν,
2970 896 3245 973 διέρχεται
3312 899 3410 971 τὴν
3484 899 3618 953 πλα-

368 994 515 1062 γίαν,
546 990 643 1044 καὶ
671 988 753 1055 είς
780 989 842 1045 τὸ
859 989 1014 1055 τέλος
1035 989 1131 1044 τοῦ
1156 986 1282 1044 ναοῦ
1312 990 1553 1062 ιρχεται.

922 1197 1175 1253 ΚΕΦΔΛ.
1205 1195 1376 1252 ΤΝΔ’.

370 1316 534 1370 Διατί
565 1314 638 1367 ἐν
660 1312 739 1376 τῷ
760 1309 1059 1382 ἐσπεριγῷ
1083 1312 1179 1363 καὶ
1214 1310 1292 1382 τῇ
1326 1310 1624 1380 Παροιμίᾳ
1652 1312 1722 1366 τὰ
1745 1313 1936 1382 φῶτα*

544 1384 643 1440 και
668 1384 725 1437 τί
748 1384 842 1449 τὸ,
868 1377 1030 1447 «Mc
1049 1381 1308 1449 Χριστοῦ
1342 1377 1541 1449 φαίνεί
1575 1377 1780 1438 πᾶσί»

439 1588 555 1642 Καὶ
580 1586 970 1657 πληρωθείσης
993 1585 1094 1655 τῆς
1128 1586 1425 1651 Γενέσεως,
1483 1586 1735 1653 φαίνεται
1775 1585 1939 1648 εὐθὺς

370 1678 512 1748 μετὰ
547 1680 658 1731 τῶν
688 1677 907 1745 φώτων,
940 1677 1040 1740 τὰς
1076 1678 1368 1746 βασιλικὰς
1397 1677 1572 1740 πύλας
1608 1674 1820 1741 εἰσιὼν,
1846 1677 1946 1729 ἀν-

372 1768 681 1837 ισταμένων
714 1769 996 1824 ἁπάντων.
1049 1769 1148 1829 Ὃς
1178 1770 1275 1822 καὶ
1297 1770 1378 1833 εἰς
1399 1769 1459 1822 τὸ
1487 1770 1658 1838 μέσον
1682 1769 1813 1831 στὰς
1843 1768 1937 1821 τοῦ

369 1859 522 1923 ναοῦ,
554 1861 794 1912 ποιεῐται
831 1859 1072 1928 σταυροῦ
1129 1859 1303 1914 τύπον
1346 1861 1425 1929 τῷ
1454 1861 1802 1931 θυμιατηρίῳ
1847 1863 1941 1913 ὲκ-

2584 1198 2813 1267 CAPUT
2841 1197 3108 1255 CCCLIV.

2048 1308 2227 1388 Quare
2257 1318 2316 1388 in
2348 1319 2639 1388 vespertino
2677 1319 2857 1386 ofﬁcio
2888 1322 2936 1388 et
2966 1315 3091 1368 dam
3120 1322 3280 1388 caput
3310 1328 3376 1388 ea
3403 1312 3621 1388 Proser-

2119 1387 2217 1438 biis
2245 1382 2457 1453 legitur,
2501 1382 3112 1446 lumiua'ucceudautur,
3142 1394 3193 1438 et
3220 1382 3437 1438 deillo:
3473 1382 3620 1437 «Lua:

2119 1454 2317 1513 Christi
2341 1458 2584 1512 omnibus
2609 1467 2851 1527 apparet.
2885 1475 2904 1507 ι

2116 1588 2338 1654 lmpleta
2366 1599 2548 1644 autem
2586 1591 2707 1645 libri
2754 1590 2985 1647 Genesis
3018 1591 3289 1655 lectione,
3328 1589 3477 1644 illico
3523 1601 3621 1653 ap-

2046 1690 2199 1749 paret
2245 1697 2369 1736 cum
2411 1683 2738 1747 luminibus,
2784 1699 2882 1752 per
2911 1683 3119 1751 regales
3147 1681 3348 1750 ‘januas
3383 1681 3621 1737 intrans.

2046 1773 2322 1827 stantibus
2353 1774 2650 1835 universis,
2685 1775 2776 1843 qui
2812 1784 2964 1831 stans
3006 1775 3060 1829 in
3095 1775 3273 1829 medio
3304 1772 3512 1841 templo
3539 1772 3620 1826 si-

2046 1879 2211 1931 gnum
2242 1865 2424 1919 crucis
2456 1865 2584 1919 facit
2612 1881 2735 1919 cum
2770 1866 3071 1931 tburibnlo,
3099 1865 3205 1920 alta
3229 1879 3364 1919 voce
3394 1852 3581 1919 dicens
3606 1879 3620 1915 :

372 1949 566 2020 φώνως
622 1950 816 2015 λέγων,
853 1968 872 2002 «
910 1950 1081 2019 Σοφία
1127 1950 1299 2019 ὀρθοὶ,
1328 1951 1444 2018 φῶς
1495 1951 1733 2023 Χριστοῦ
1760 1950 1938 2018 φαίνει
1970 1987 2017 2045 Β
2049 1957 2087 2004 «1

1905 1968 1938 2003 ιι
1970 1987 2017 2045 Β
2049 1952 2360 2021 «Sapientia
2396 1957 2585 2019 erecti,
2610 1955 2919 2011 luaCltristi
2943 1957 3201 2011 omnilms
3230 1963 3513 2023 apparet,»
3562 1963 3620 2007 et

378 2046 535 2097 πᾶσι.
571 2063 589 2095 ι
636 2043 747 2097 Καὶ
778 2044 857 2106 εἰς
885 2044 945 2098 τὸ
974 2045 1130 2111 ἄτιον
1156 2044 1307 2115 βῆμα
1332 2046 1641 2115 ἀνέρχεται.
1675 2045 1809 2097 Τότε
1830 2043 1944 2096 τοί-

374 2152 471 2187 νυν
503 2135 532 2186 6
566 2136 666 2205 μὶν
694 2137 753 2190 ἐν
784 2136 864 2206 τῷ
901 2136 1120 2205 ἄμϐωνι
1169 2137 1527 2206 ἁναγνὼστης
1574 2135 1945 2203 ἀναγινώσκει

369 2227 471 2295 τὴν
494 2228 820 2295 Παροιμίανο
851 2227 921 2280 τὰ
944 2227 1000 2280 δὲ
1041 2228 1100 2280 ὲν
1113 2227 1190 2298 τῷ
1222 2228 1334 2297 ναῷ
1362 2227 1566 2297 συνήθη
1594 2227 1750 2297 φῶτα
1769 2228 1945 2281 ἀνάπ-

375 2334 550 2371 τεται.
589 2318 765 2370 Τοῦτο
798 2316 857 2370 δὲ
882 2317 1054 2388 δηλοῖ,
1082 2318 1160 2381 ὡς
1193 2319 1330 2389 πρὸς
1360 2318 1442 2387 τῷ
1472 2318 1616 2372 τέλει
1675 2319 1787 2372 τῶν
1812 2318 1946 2373 alti)-

373 2428 482 2463 νων
520 2410 581 2462 τὸ
612 2409 727 2477 φῶς
759 2408 820 2461 τὸ
851 2408 1105 2479 ἀληθινὸν
1128 2411 1264 2478 ἡμῖν
1294 2412 1408 2472 τοῖς
1438 2412 1496 2463 ἐν
1543 2411 1725 2465 σκότει
1770 2411 1945 2481 καθη-

378 2502 561 2570 μένοις
611 2500 702 2555 διά
747 2499 949 2571 σαρκὸς
1008 2500 1252 2571 ἔλαμψεν
1304 2500 1514 2571 Ἰησοῦς
1540 2503 1801 2572 Χριστὸς,
1854 2504 1949 2556 καὶ

372 2591 468 2646 τοῦ
501 2591 680 2661 φωτὸς
709 2594 812 2662 τῆς
840 2592 1067 2663 χάριτος
1087 2592 1253 2647 αὐτοῦ
1288 2594 1387 2664 τὴν
1419 2595 1749 2665 οἰκουμένην
1779 2595 1947 2664 tuli;-

375 2701 545 2755 ρωσε.
580 2687 674 2738 Διὸ
712 2686 807 2738 καὶ
868 2686 964 2739 ἐπὶ
1004 2684 1153 2740 τέλει
1196 2687 1397 2749 παντὸς
1456 2688 1747 2756 ἑσπερινοῦ
1789 2687 1949 2742 τοῦτο

370 2766 613 2845 λέγεται,
658 2796 677 2829 ι
708 2778 833 2833 Ὀτι
862 2779 924 2831 σὺ
960 2777 1010 2831 εἴ
1062 2780 1090 2833 6
1116 2777 1397 2850 φωτισμδς
1452 2779 1635 2852 ἡμῶν,
1663 2780 1891 2850 Χριστὲ,
1922 2783 1950 2834 6

372 2870 507 2932 Θεὸς
558 2869 777 2939 ἡμῶν.)
805 2870 1019 2924 Γίνεται
1048 2871 1106 2924 δὲ
1134 2870 1289 2925 τοῦτο
1313 2871 1452 2939 μετὰ
1486 2872 1585 2938 τὴν
1606 2871 1827 2927 Γένεσιν
1853 2875 1950 2944 ἀρ-

374 2960 614 3029 χομένης
660 2963 763 3028 τῆς
819 2960 1153 3030 [Ιαροιμίας.
1208 2962 1402 3033 ’οτιὴ
1456 2962 1558 3032 μιν
1602 2963 1820 3027 Γένεσις
1879 2964 1949 3017 τὰ

374 3049 636 3120 ἀπαρχῆς
665 3050 958 3118 διηγεῖται,
996 3054 1096 3119 τὴν
1118 3052 1478 3122 δημιουργίαν
1505 3052 1613 3107 τῶν
1633 3054 1827 3116 όντων.
1855 3056 1949 3107 καὶ

373 3140 471 3210 τὴν
500 3142 774 3195 ἔκπτωσιν
802 3143 894 3193 τοῦ
935 3140 1139 3207 Ἀδάμυ
1201 3145 1235 3210 ἡ
1284 3144 1559 3213 Παροιμίαι
1604 3146 1660 3197 δὲ
1693 3146 1951 3215 αἰνιγμα-

376 3234 562 3294 mea;
601 3234 669 3286 τὰ
697 3235 823 3303 περὶ
862 3234 954 3287 τοῦ
988 3235 1117 3286 Υίοῦ
1152 3235 1245 3287 τοῦ
1285 3235 1423 3289 Θεοῦ
1478 3236 1809 3299 ἐκδιδάσκει,
1854 3240 1949 3289 καὶ

2049 2046 2115 2100 ad
2147 2060 2367 2100 sacrum
2401 2048 2781 2103 sanctuarium
2810 2047 3077 2103 ascendit.
3102 2045 3241 2101 Tum
3267 2046 3431 2116 igitur
3458 2045 3626 2098 lector

2047 2138 2267 2207 quidem
2305 2139 2360 2193 iu
2394 2140 2628 2194 amboue
2660 2149 2818 2209 caput
2848 2139 2979 2210 legit
3002 2155 3067 2194 ex
3100 2137 3451 2205 Proverbiis;
3495 2151 3625 2190 con-

2048 2241 2206 2287 sueta
2250 2239 2438 2285 autem
2490 2232 2543 2285 in
2600 2232 2802 2302 templo
2832 2231 3210 2290 accenduntur
3238 2230 3470 2284 lumlua.
3511 2225 3627 2283 Hoc

2048 2337 2177 2377 vero
2207 2323 2449 2378 ostendit
2476 2323 2533 2385 in
2566 2324 2674 2377 line
2706 2323 3034 2380 saeculorum
3075 2324 3258 2377 lumen
3294 2335 3481 2377 verum
3526 2337 3629 2375 no-

2052 2416 2137 2470 bis
2172 2414 2226 2468 iu
2256 2415 2501 2470 tenebris
2531 2416 2848 2472 sedentibus
2878 2432 2975 2487 per
3008 2430 3229 2471 carnem
3262 2414 3510 2469 illuxisse
3535 2412 3629 2468 le-

2050 2520 2172 2560 squ
2205 2503 2509 2568 Christum,
2548 2515 2863 2576 terramque
2902 2504 3246 2574 luce'gratite
3292 2517 3406 2559 aure
3436 2501 3631 2569 imple-

2051 2595 2215 2651 visse.
2260 2595 2385 2650 Ideo
2416 2595 2614 2665 legitur
2656 2596 2799 2651 istud
2850 2596 2906 2650 in
2955 2597 3063 2651 tlne
3104 2593 3405 2665 vespertini
3460 2593 3629 2647 totius

2050 2686 2213 2742 ofﬁcii
2246 2701 2261 2741 :
2301 2686 2602 2753 «Quoniam
2641 2695 2697 2742 tu
2730 2703 2790 2741 es
2823 2688 3152 2743 illuminatio
3168 2696 3378 2750 nostra,
3412 2683 3631 2740 Christo

2054 2778 2195 2836 Deus
2223 2789 2462 2835 noster.»
2521 2778 2667 2832 lllttd
2698 2789 2879 2833 autem
2920 2778 2979 2833 fit
3022 2786 3148 2851 post
3186 2777 3475 2833 lectionem
3501 2773 3629 2828 libri

2052 2871 2307 2935 Genesis,
2354 2872 2572 2941 incepto
2619 2870 3045 2926 Proverbiorutn
3098 2870 3316 2939 capite,
3362 2868 3627 2938 quoniam

2051 2962 2282 3019 Genesis
2311 2962 2530 3032 quidem
2574 2977 2695 3032 qua:
2736 2960 2877 3016 facta
2928 2971 3058 3017 sunt
3104 2960 3174 3015 ab
3214 2959 3374 3015 initio
3406 2967 3632 3015 enarrat

2053 3068 2237 3108 rerum
2289 3055 2624 3107 creationem
2675 3060 2730 3107 et
2787 3054 2958 3106 Adam
3019 3052 3279 3117 lapsum;
3333 3050 3629 3105 Provetb‘a

2054 3160 2188 3199 vero
2220 3147 2272 3199 in
2300 3146 2588 3214 aenigmate
2617 3145 2817 3199 docent
2846 3160 2967 3214 qure
2996 3143 3063 3199 ad
3102 3141 3301 3197 Filium
3338 3142 3430 3196 Dei
3466 3141 3633 3209 pet-ti-

2056 3247 2207 3302 nent,
2242 3248 2407 3305 atque
2435 3253 2532 3306 per
2557 3252 2681 3291 eum
2719 3238 3005 3307 adoptatus
3037 3244 3296 3303 tanquam
3332 3236 3470 3291 illius
3506 3237 3631 3288 bor-

374 3328 490 3387 τοῖς
523 3324 593 3377 δι’
621 3325 783 3378 αὑτοῦ
844 3327 1203 3395 υίοθετηθείσι
1246 3332 1505 3399 παραινεῖ
1554 3329 1744 3394 ὥσπερ
1781 3331 1946 3395 υίοῐς,
1979 3329 2020 3385 C
2057 3339 2089 3382 t:

1913 3349 1946 3395 ν,
1979 3329 2020 3385 C
2057 3339 2276 3392 tantur,
2331 3330 2623 3397 ipsumque
2672 3328 2870 3384 Filium
2934 3328 3259 3398 sapientiam
3314 3327 3628 3396 appellant,

378 3417 472 3468 aut
522 3417 723 3484 Σοφίαν
781 3416 943 3468 αὐτὸν
989 3417 1079 3469 τὸν
1130 3417 1257 3469 Υἱδν
1322 3418 1600 3487 ὀνομάζει,
1654 3421 1748 3473 καὶ
1802 3416 1950 3473 οἷκον

377 3508 741 3577 οἰκοδομῆσαι
767 3508 934 3576 ἑαυτῇ
959 3508 1130 3574 λέγει.
1163 3509 1224 3561 τὸ
1260 3510 1522 3577 πανάγιον
1546 3510 1711 3563 αὐτοῦ
1768 3512 1947 3579 σῶμα.

2054 3436 2217 3489 quam
2246 3420 2437 3474 dicunt
2461 3420 2814 3474 :edilicavissc
2844 3418 2949 3474 sibi
2973 3420 3216 3480 domum,
3252 3434 3447 3481 nempe
3506 3431 3632 3471 san-

2055 3511 2359 3569 ctissimum
2397 3526 2601 3579 corpus
2633 3527 2812 3573 Slltlnl,
2842 3512 2894 3562 in
2927 3525 3037 3579 quo
3068 3518 3279 3578 septem
3304 3509 3507 3563 excidit
3535 3522 3629 3563 co-

378 3604 438 3653 ὲν
466 3593 508 3665 ᾧ
541 3603 635 3654 καὶ
664 3600 803 3654 ἑπτὰ
865 3599 1093 3661 στύλους
1128 3602 1195 3653 τὰ
1261 3600 1355 3655 τοῦ
1402 3602 1717 3672 Πνεύματος
1771 3604 1951 3657 πάντα
2054 3604 2091 3657 lt

1917 3620 1951 3657 a
2054 3604 2308 3668 lumnas,
2339 3604 2521 3656 omnia
2556 3602 2763 3657 scilicet
2792 3601 3028 3672 Spiritus
3052 3601 3626 3663 cliarismata,nvcnon

364 3695 718 3763 χαρίσματα,
752 3693 826 3754 ὠς
857 3695 951 3745 καὶ
997 3694 1075 3759 τῷ
1121 3694 1307 3763 οἰκείῳ
1337 3694 1490 3765 ἄρτῳ
1544 3695 1640 3748 τοῦ
1697 3696 1950 3764 σώματος
2060 3709 2079 3763 ι

1914 3713 1950 3758 »ς
2060 3693 2283 3763 proprio
2333 3696 2585 3760 corporis
2624 3706 2763 3760 pane
2800 3702 2855 3744 et
2897 3690 3177 3760 sanguinis
3220 3692 3395 3744 calice
3439 3704 3629 3742 ouines

376 3788 469 3837 καὶ
494 3783 570 3851 τῷ
596 3783 830 3851 κρατῆρι
868 3783 963 3835 τοῦ
987 3782 1239 3852 αἵματος,
1272 3784 1464 3854 τρέφει
1490 3801 1549 3837 τε
1599 3786 1693 3838 καὶ
1729 3785 1947 3848 ποτίζει
2062 3799 2091 3837 ll

1911 3803 1947 3837 ει
2062 3785 2272 3837 nutrire
2309 3782 2677 3850 omnibusque
2713 3783 3027 3850 propinare,
3057 3790 3113 3835 et
3140 3780 3319 3855 lumen
3338 3795 3461 3836 esse
3482 3780 3626 3849 quod

377 3876 621 3937 πάντας·
656 3876 752 3927 καὶ
781 3875 896 3942 φῶς
933 3877 1051 3927 ὲστι
1076 3876 1144 3927 τὰ
1168 3875 1281 3927 ἄνω
1329 3875 1423 3929 καὶ
1476 3876 1544 3929 τὰ
1577 3876 1729 3930 κάτω
1786 3876 1953 3944 φωτί·
2054 3889 2092 3927 σε

2054 3873 2299 3928 coelestia
2335 3883 2389 3926 et
2418 3864 2696 3928 terrestria
2731 3874 3023 3927 illuminat.
3058 3873 3202 3927 Deus
3232 3871 3376 3927 enim
3408 3871 3629 3938 sapien-
3670 3879 3680 3891 '

376 3964 506 4027 ζων.
536 3961 615 4016 ς⁹0
648 3962 780 4025 Θεὸς
809 3965 917 4031 γὰρ
949 3967 1014 4032 τῇ
1046 3963 1217 4034 Σοφίᾳ
1267 3965 1595 4035 ὲθεμελίωσε
1653 3966 1753 4036 τὴν
1795 3966 1899 4033 γῆν
1934 3982 1948 3998 ο
2055 3964 2091 4017 ti

1934 3982 1948 3998 ο
2055 3964 2127 4017 tia
2167 3964 2416 4017 fundavit
2447 3972 2646 4016 terram
2676 4001 2692 4024 ,
2742 3962 2957 4031 inquit,
2997 3961 3165 4018 ccelos
3198 3976 3329 4017 vero
3366 3960 3631 4016 stabilivit

379 4056 647 4125 ἡτοίμασε
677 4055 734 4107 δὲ
768 4056 1053 4124 οὐρανοὺς,
1091 4058 1278 4123 φησὶν,
1326 4058 1384 4109 ὲν
1421 4059 1715 4128 φρονήσει·
1748 4058 1824 4121 ὡς
1859 4060 1951 4111 καὶ
2054 4070 2094 4125 ιη

1914 4060 1951 4110 tt
2054 4054 2360 4125 prudentia,
2384 4053 2836 4122 quemadmodum
2856 4065 2908 4108 et
2939 4052 3106 4107 David
3134 4053 3374 4107 cecinit:
3407 4051 3629 4109 «Omnia

379 4150 407 4199 6
458 4145 644 4210 Aa6‘t6,
692 4164 710 4196 «
754 4146 938 4198 Πάντα
985 4147 1043 4196 ὲν
1101 4146 1272 4216 Σοφίᾳ
1322 4147 1605 4217 ἐποίησας,
1648 4166 1667 4199 ι
1702 4150 1949 4218 ἀνυμνεῗ.
2053 4145 2094 4199 it

1913 4152 1949 4204 ἶ.
2053 4145 2108 4199 in
2150 4145 2415 4214 sapientia
2445 4144 2643 4200 fecisti.
2694 4164 2712 4198 ι
2744 4144 2940 4211 Porro,
2980 4144 3242 4214 quoniam
3291 4152 3478 4214 typum
3518 4147 3628 4198 veri

378 4236 501 4289 Ὀτι
549 4236 605 4288 δὲ
661 4237 832 4289 τύπον
885 4234 979 4287 τοῦ
1014 4235 1266 4304 ἀληθινοῦ
1303 4236 1479 4305 φωτὸς
1504 4237 1680 4307 Ἰησοῦ
1712 4237 1950 4309 Χριστοῦ
2053 4238 2093 4293 ιι

1911 4237 1950 4291 ›ῦ
2053 4236 2278 4293 luminis
2310 4236 2440 4293 Jesu
2472 4237 2672 4293 Cbristi
2703 4237 2981 4305 significat
3034 4237 3125 4291 lux
3178 4236 3305 4302 ista,
3355 4235 3527 4305 liquet
3555 4251 3626 4292 ex

381 4328 641 4397 σημαίνει
671 4327 827 4380 τοῦτο
848 4329 907 4379 τὸ
931 4327 1068 4395 φῶς,
1102 4327 1293 4393 δῆλον
1346 4328 1419 4391 ὡς
1454 4329 1704 4382 διακόνου
1743 4331 1953 4383 συλλει-
2053 4345 2096 4387 et

1915 4348 1953 4383 ι-
2053 4345 2116 4387 eo
2144 4329 2312 4399 quod,
2337 4328 2570 4384 diacono
2598 4344 2723 4383 cum
2756 4329 3043 4383 sacerdote
3072 4328 3236 4384 simul
3262 4328 3630 4390 ministrante,

379 4420 739 4487 τουργοῦντος
798 4420 952 4488 ἱερεῖ,
1005 4420 1369 4488 προσέρχεται
1412 4421 1561 4490 αὐτῷ
1589 4438 1744 4486 ουτος
1787 4423 1821 4493 ῆ
1878 4422 1954 4492 τῷ
2057 4422 2089 4476 lt

1917 4422 1954 4492 ᾧ
2057 4421 2146 4476 llic
2188 4420 2255 4474 ad
2293 4436 2416 4476 eum
2449 4420 2531 4475 vel
2564 4419 2629 4475 ad
2664 4420 2978 4489 pontificem
3024 4420 3423 4474 ministrantem
3448 4435 3632 4475 acro-

380 4512 630 4578 ἀρχιερεῖ
661 4509 1087 4577 λειτουργοῦν-ιι.
1126 4511 1232 4563 Καὶ
1259 4511 1520 4580 λαμπάδα
1550 4514 1829 4579 ἀνάπτων,
1848 4514 1953 4584 πρὸ
2054 4512 2095 4567 (1η

1915 4514 1953 4566 ιδ
2054 4512 2153 4576 dit,
2184 4520 2239 4567 ct
2269 4515 2575 4567 accendens
2618 4512 2940 4581 lampadem,
2977 4512 3297 4579 priusquam
3339 4521 3521 4575 exeat,
3545 4510 3630 4565 «li-

376 4604 470 4653 τοῦ
495 4600 968 4671 ὲξε).θεζν,ιφησίνο
1006 4620 1023 4653 «
1061 4602 1388 4674 Εύλόγησον,
1418 4603 1751 4669 δέσποτα,τδ
1776 4606 1945 4674 φῶς.»
1983 4651 2027 4705 D
2055 4606 2091 4660 ci

1925 4624 1945 4658 ι
1983 4651 2027 4705 D
2055 4605 2130 4660 cit
2170 4616 2187 4657 ι
2228 4603 2511 4668 «Benedic,
2543 4602 2786 4667 domine,
2821 4602 3054 4656 lucem.»
3077 4602 3145 4656 Et
3176 4600 3420 4670 pontifex
3439 4600 3523 4653 vel
3547 4614 3636 4653 sa-

378 4692 487 4743 Kal
512 4695 539 4742 6
562 4693 849 4758 ἀρχιερεὺς
875 4691 906 4759 ἢ
931 4696 957 4744 6
987 4693 1188 4760 ίερεις,
1227 4694 1471 4761 εὐλογῶν
1500 4695 1560 4747 τὸ
1597 4696 1733 4763 φῶς,
1760 4696 1948 4765 φησίν·
1986 4691 2024 4705 ν
2056 4712 2093 4752 οι

1923 4712 1948 4733 ι’
1986 4691 2024 4705 ⁷
2056 4696 2247 4752 eerdos
2268 4696 2443 4749 lucem
2467 4697 2791 4750 benedicens
2820 4695 2894 4747 ait
2925 4712 2939 4747 :
2980 4712 2999 4745 «
3032 4694 3300 4759 Quoniam
3333 4703 3388 4747 tu
3415 4708 3475 4746 es
3507 4692 3638 4745 illu-

381 4802 400 4833 «
440 4782 561 4834 Ὅτι
583 4782 647 4834 σὺ
673 4784 721 4835 εί
742 4783 771 4835 6
800 4784 1079 4851 φωτισμὸς
1110 4785 1290 4853 ἡμῶν,
1323 4785 1525 4855 Χριστὶ
1556 4787 1585 4839 6
1616 4787 1747 4850 Θεὸς
1770 4787 1949 4857 ἡμῶν,
2061 4803 2096 4841 n

1921 4805 1949 4854 ν,
2061 4786 2291 4841 minatio
2321 4796 2533 4849 nostra,
2569 4786 2783 4839 Christe
2820 4785 2963 4840 Deus
2994 4794 3178 4838 noster
3207 4784 3260 4838 in
3312 4784 3463 4839 omni
3495 4794 3636 4838 tem-

379 4875 634 4927 πάντοτε.
677 4892 695 4925 ι
731 4877 840 4928 Καὶ
872 4874 1015 4927 ούτω
1052 4877 1158 4945 πρὸ
1200 4875 1302 4944 τῆς
1333 4878 1641 4948 Παροιμίας
1668 4880 1952 4951 ἐξέρχεται
2057 4896 2092 4950 p

1924 4900 1952 4935 .t
2057 4894 2244 4950 pore.»
2277 4877 2341 4933 Et
2365 4877 2444 4933 sic
2470 4885 2596 4932 ante
2616 4878 2900 4931 lectionem
2924 4874 3346 4930 Proverbiorum
3368 4874 3639 4943 egreditur

377 4966 698 5027 όδιάκονος.
742 4967 897 5021 Μετὰ
942 4968 1045 5037 τὴν
1100 4968 1265 5039 256
1308 4972 1615 5040 Παροιμίαν
1666 4974 1723 5026 δὲ
1787 4974 1952 5038 εὐθὺς
2059 4972 2092 5026 d

1924 4992 1952 5038 ς
2059 4972 2373 5035 diaconus;
2420 4985 2524 5039 qua
2554 4969 2783 5025 lectione
2835 4969 3009 5031 facta.
3070 4969 3319 5036 protinus
3355 4977 3578 5024 cantant
3619 4986 3635 5027 :

377 5056 640 5125 ψάλλεται
673 5058 754 5123 τδ,
782 5076 801 5111 «
844 5059 1302 5131 Κατευθυνθήτω.
1337 5081 1354 5112 ι
1394 5064 1501 5116 Καὶ
1533 5065 1564 5133 ὴ
1600 5064 1762 5134 λοιπὴ
1806 5067 1952 5134 γίνε-
2047 5079 2086 5113 νι

1930 5095 1952 5106 -
2047 5079 2086 5113 γι
2103 5062 2395 5127 Dirigatur.
2414 5079 2432 5113 ι
2470 5061 2533 5115 Et
2553 5061 2793 5130 reliquus
2818 5062 2885 5116 de
2905 5077 3055 5117 more
3078 5060 3138 5115 iit
3154 5061 3291 5117 ordo
3316 5058 3639 5115 Praesancti-

378 5163 470 5200 ται
498 5147 745 5217 συνήθως
765 5149 1058 5203 ἀκολουθία
1088 5152 1199 5204 τῶν
1231 5154 1716 5224 προηγιασμένων,

928 5352 1178 5409 ΚΕΦΑΛ.
1209 5353 1383 5406 TNE’.

382 5465 515 5519 Ὀτι
541 5464 637 5518 δεῖ
664 5464 1034 5519 ὑποπίπτειν
1060 5466 1253 5537 πλέον
1286 5465 1440 5534 ἡμᾶς
1462 5466 1531 5519 ἐν
1565 5465 1641 5537 τῇ
1663 5465 1781 5521 τῶν
1812 5483 1953 5536 προ-

843 5535 1231 5604 ηγιασμένων
1257 5538 1498 5602 εἰσόδῳ.

456 5650 588 5702 Ὅτε
614 5648 707 5701 καὶ
737 5649 797 5700 ὲν
826 5650 891 5718 τῇ
916 5648 1023 5711 τῶν
1056 5649 1228 5717 ἁγίων
1256 5650 1447 5720 είσόδῳ
1472 5651 1555 5703 δεῖ
1578 5651 1727 5720 ἡμᾶς
1752 5652 1955 5720 μᾶλλον

380 5741 732 5805 ὑποπίπτειν,
758 5741 833 5803 ὡς
864 5741 1267 5808 τετελεσμένων
1297 5741 1467 5796 ὄντων
1515 5742 1626 5795 τῶν
1666 5742 1828 5796 θείων
1855 5743 1957 5799 δώ·

382 5849 517 5900 ρων,
548 5834 645 5899 καὶ
698 5832 864 5885 αὐτοῦ
891 5833 984 5885 τοῦ
1026 5834 1281 5902 Σωτῆρος
1312 5833 1468 5901 ἡμῶν
1524 5833 1741 5901 άληθῶς
1772 5836 1949 5896 ὄντος.

378 5922 521 5975 Αὐτὸ
543 5922 652 5993 γάρ
672 5924 789 5975 ἐστι
822 5924 884 5975 τὸ
916 5924 1279 5993 κατεχόμενον
1327 5926 1385 5975 ὲν
1416 5924 1494 5993 τῷ
1526 5924 1716 5991 δίσκῳ,
1739 5926 1797 5977 τὸ
1822 5942 1953 5979 παν.

381 6016 537 6085 ἅγιον
576 6014 743 6081 αὑτοῦ
773 6017 933 6085 σῶμα
962 6018 1099 6086 μετὰ
1124 6015 1217 6070 τοῦ
1246 6015 1523 6074 θειοτάτου
1554 6016 1805 6087 αἵματος.

2064 5155 2375 5208 ﬂcatorum.

2594 5354 2678 5408 CA
2694 5352 2829 5411 PUT
2861 5352 2990 5410 CCC
2999 5352 3110 5411 LV.

2063 5468 2216 5535 Quod
2239 5469 2362 5521 dum
2393 5468 2838 5534 pra’snuctt‘ﬁcata
2876 5467 3195 5537 inferuntur,
3223 5469 3453 5536 amplius
3476 5470 3637 5525 etiam

2525 5539 2797 5606 procidere
2830 5554 2924 5591 nos
2953 5548 3177 5607 oportet.

2139 5654 2316 5705 Porro
2369 5652 2497 5704 dum
2553 5650 2998 5719 praesauctificata
3042 5648 3374 5715 inferuntur,
3402 5652 3636 5720 amplius

2061 5744 2226 5798 etiam
2264 5758 2363 5796 nos
2407 5750 2621 5811 oportet
2670 5742 2975 5810 procidere,
3023 5744 3280 5811 quoniam
3317 5756 3636 5801 consecrata

2067 5848 2193 5888 stzut
2234 5834 2325 5887 Ilei
2361 5838 2526 5891 a'ona.
2559 5832 2781 5901 ipseque
2811 5849 2934 5887 vere
2966 5835 3116 5887 adest
3154 5833 3409 5888 Salvator
3433 5844 3637 5898 noster;

2071 5940 2194 5976 nam
2225 5924 2368 5993 quod
2405 5924 2455 5976 in
2497 5934 2688 5991 pateua
2724 5923 2958 5978 infertur
3011 5926 3141 5978 nihil
3176 5934 3257 5980 est
3299 5926 3443 5979 aliud
3474 5942 3637 5995 quam

2058 6015 2471 6072 Sanctissitttttzu
2495 6015 2613 6085 ejus
2634 6031 2829 6087 t'o'pus
2852 6031 2975 6081 cum
2998 6017 3338 6073 divinissituo
3354 6019 3644 6090 sanguine.
