  <div class='ocr_page' id='page_1' title='image "/cluster/home/n/w/nwhite01/storage/ocr_20150623/155/hvd.32044025239666/388.png"; bbox 0 0 4288 6732; ppageno 0'>
   <div class='ocr_carea' id='block_1_1' title="bbox 261 530 370 591">
    <p class='ocr_par' dir='ltr' id='par_1_1' title="bbox 261 530 370 591">
     <span class='ocr_line' id='line_1_1' title="bbox 261 530 370 591; baseline 0.028 -3"><span class='ocrx_word' id='word_1_1' title='bbox 261 530 370 591; x_wconf 82' lang='lat'><strong>763</strong></span> 
     </span>
    </p>
   </div>
   <div class='ocr_carea' id='block_1_2' title="bbox 1322 535 2383 608">
    <p class='ocr_par' dir='ltr' id='par_1_2' title="bbox 1322 535 2383 608">
     <span class='ocr_line' id='line_1_2' title="bbox 1322 535 2383 608; baseline 0.011 -12"><span class='ocrx_word' id='word_1_2' title='bbox 1322 535 1738 599; x_wconf 83' lang='lat' dir='ltr'><strong>EXPOSITIO</strong></span> <span class='ocrx_word' id='word_1_3' title='bbox 1764 539 1983 603; x_wconf 80' lang='lat' dir='ltr'><strong>SACRI</strong></span> <span class='ocrx_word' id='word_1_4' title='bbox 2019 542 2383 608; x_wconf 73' lang='lat' dir='ltr'><strong>SYMBOLI.</strong></span> 
     </span>
    </p>
   </div>
   <div class='ocr_carea' id='block_1_3' title="bbox 3354 530 3506 623">
    <p class='ocr_par' dir='ltr' id='par_1_3' title="bbox 3354 530 3506 623">
     <span class='ocr_line' id='line_1_3' title="bbox 3354 530 3506 623; baseline 0.007 -1"><span class='ocrx_word' id='word_1_5' title='bbox 3354 530 3506 623; x_wconf 69' lang='grc' dir='ltr'><strong>’πει</strong></span> 
     </span>
    </p>
   </div>
   <div class='ocr_carea' id='block_1_4' title="bbox 256 620 1949 739">
    <p class='ocr_par' dir='ltr' id='par_1_4' title="bbox 256 640 1949 717">
     <span class='ocr_line' id='line_1_4' title="bbox 256 640 1949 717; baseline 0.006 -26"><span class='ocrx_word' id='word_1_6' title='bbox 256 640 476 705; x_wconf 88' lang='grc' dir='ltr'><strong>σιλέως,</strong></span> <span class='ocrx_word' id='word_1_7' title='bbox 518 642 613 696; x_wconf 72' lang='grc' dir='ltr'><strong>καὶ</strong></span> <span class='ocrx_word' id='word_1_8' title='bbox 645 643 678 712; x_wconf 74' lang='grc' dir='ltr'>ἡ</span> <span class='ocrx_word' id='word_1_9' title='bbox 731 640 965 711; x_wconf 85' lang='grc' dir='ltr'><strong>δευτέρα</strong></span> <span class='ocrx_word' id='word_1_10' title='bbox 994 641 1089 695; x_wconf 71' lang='grc' dir='ltr'><strong>ἐπὶ</strong></span> <span class='ocrx_word' id='word_1_11' title='bbox 1116 640 1401 697; x_wconf 81' lang='grc' dir='ltr'><strong>Θεοδοσίου</strong></span> <span class='ocrx_word' id='word_1_12' title='bbox 1451 645 1543 697; x_wconf 83' lang='grc' dir='ltr'><strong>τοῦ</strong></span> <span class='ocrx_word' id='word_1_13' title='bbox 1595 644 1839 717; x_wconf 87' lang='grc' dir='ltr'><strong>φιλοχρί-</strong></span> <span class='ocrx_word' id='word_1_14' title='bbox 1865 660 1908 713; x_wconf 68' lang='grc' dir='ltr'><strong>Α</strong></span> <span class='ocrx_word' id='word_1_15' title='bbox 1941 669 1949 702; x_wconf 78' lang='grc' dir='ltr'><strong>ι</strong></span> 
     </span>
    </p>
   </div>
   <div class='ocr_carea' id='block_1_5' title="bbox 1808 620 3501 739">
    <p class='ocr_par' dir='ltr' id='par_1_5' title="bbox 1808 644 3501 739">
     <span class='ocr_line' id='line_1_5' title="bbox 1808 644 3501 739; baseline 0.013 -36"><span class='ocrx_word' id='word_1_16' title='bbox 1808 648 1839 695; x_wconf 75' lang='grc' dir='ltr'><strong>Ῑ-</strong></span> <span class='ocrx_word' id='word_1_17' title='bbox 1865 660 1908 713; x_wconf 70' lang='grc' dir='ltr'><strong>Α</strong></span> <span class='ocrx_word' id='word_1_18' title='bbox 1941 650 2343 708; x_wconf 81' lang='lat' dir='ltr'><strong>confessionem</strong></span> <span class='ocrx_word' id='word_1_19' title='bbox 2376 670 2624 728; x_wconf 74' lang='lat' dir='ltr'><strong>vermque</strong></span> <span class='ocrx_word' id='word_1_20' title='bbox 2658 672 2724 715; x_wconf 83' lang='lat' dir='ltr'><strong>ac</strong></span> <span class='ocrx_word' id='word_1_21' title='bbox 2770 661 3089 718; x_wconf 68' lang='lat' dir='ltr'><strong>orthodoxae</strong></span> <span class='ocrx_word' id='word_1_22' title='bbox 3131 664 3251 721; x_wconf 76' lang='grc' dir='ltr'><strong>Ωιίεί</strong></span> <span class='ocrx_word' id='word_1_23' title='bbox 3285 644 3501 739; x_wconf 78' lang='lat' dir='ltr'><strong>signum</strong></span> 
     </span>
    </p>
   </div>
   <div class='ocr_carea' id='block_1_6' title="bbox 258 731 1830 805">
    <p class='ocr_par' dir='ltr' id='par_1_6' title="bbox 258 731 1830 805">
     <span class='ocr_line' id='line_1_6' title="bbox 258 731 1830 805; baseline 0.005 -22"><span class='ocrx_word' id='word_1_24' title='bbox 258 748 388 784; x_wconf 90' lang='grc' dir='ltr'><strong>στου</strong></span> <span class='ocrx_word' id='word_1_25' title='bbox 416 731 681 803; x_wconf 74' lang='grc' dir='ltr'><strong>βασιλέως</strong></span> <span class='ocrx_word' id='word_1_26' title='bbox 713 734 769 785; x_wconf 73' lang='grc' dir='ltr'><strong>ἐν</strong></span> <span class='ocrx_word' id='word_1_27' title='bbox 793 734 859 804; x_wconf 72' lang='grc' dir='ltr'><strong>τῇ</strong></span> <span class='ocrx_word' id='word_1_28' title='bbox 901 733 1264 805; x_wconf 80' lang='grc' dir='ltr'><strong>βασιλευούσῃ</strong></span> <span class='ocrx_word' id='word_1_29' title='bbox 1311 736 1830 791; x_wconf 77' lang='grc' dir='ltr'><strong>Κωνσταντινουπό·</strong></span> 
     </span>
    </p>
   </div>
   <div class='ocr_carea' id='block_1_7' title="bbox 252 822 1831 898">
    <p class='ocr_par' dir='ltr' id='par_1_7' title="bbox 252 822 1831 898">
     <span class='ocr_line' id='line_1_7' title="bbox 252 822 1831 898; baseline 0.004 -22"><span class='ocrx_word' id='word_1_30' title='bbox 252 822 336 876; x_wconf 87' lang='grc' dir='ltr'><strong>λει</strong></span> <span class='ocrx_word' id='word_1_31' title='bbox 388 824 499 877; x_wconf 89' lang='grc' dir='ltr'><strong>τῶν</strong></span> <span class='ocrx_word' id='word_1_32' title='bbox 529 823 725 878; x_wconf 70' lang='grc' dir='ltr'><strong>ἑκατὸν</strong></span> <span class='ocrx_word' id='word_1_33' title='bbox 758 828 1100 894; x_wconf 74' lang='grc' dir='ltr'><strong>πεντήκοντα</strong></span> <span class='ocrx_word' id='word_1_34' title='bbox 1157 826 1329 893; x_wconf 81' lang='grc' dir='ltr'>ἁγίων</span> <span class='ocrx_word' id='word_1_35' title='bbox 1367 826 1627 898; x_wconf 83' lang='grc' dir='ltr'><strong>Πατέρων</strong></span> <span class='ocrx_word' id='word_1_36' title='bbox 1679 828 1831 883; x_wconf 76' lang='grc' dir='ltr'><strong>σύνοο</strong></span> 
     </span>
    </p>
   </div>
   <div class='ocr_carea' id='block_1_8' title="bbox 246 914 1830 986">
    <p class='ocr_par' dir='ltr' id='par_1_8' title="bbox 246 914 1830 986">
     <span class='ocr_line' id='line_1_8' title="bbox 246 914 1830 986; baseline 0.004 -19"><span class='ocrx_word' id='word_1_37' title='bbox 246 914 470 978; x_wconf 79' lang='grc' dir='ltr'><strong>δοι,καὶ</strong></span> <span class='ocrx_word' id='word_1_38' title='bbox 513 917 952 986; x_wconf 70' lang='grc' dir='ltr'><strong>συνεγράψαντο,</strong></span> <span class='ocrx_word' id='word_1_39' title='bbox 1011 919 1104 971; x_wconf 84' lang='grc' dir='ltr'><strong>καὶ</strong></span> <span class='ocrx_word' id='word_1_40' title='bbox 1149 916 1512 971; x_wconf 82' lang='grc' dir='ltr'><strong>τελειώσασαι</strong></span> <span class='ocrx_word' id='word_1_41' title='bbox 1566 920 1830 974; x_wconf 70' lang='grc' dir='ltr'><strong>ἐΰεδαίω-</strong></span> 
     </span>
    </p>
   </div>
   <div class='ocr_carea' id='block_1_9' title="bbox 250 999 1829 1081">
    <p class='ocr_par' dir='ltr' id='par_1_9' title="bbox 250 999 1829 1081">
     <span class='ocr_line' id='line_1_9' title="bbox 250 999 1829 1081; baseline 0.004 -24"><span class='ocrx_word' id='word_1_42' title='bbox 250 1022 373 1059; x_wconf 88' lang='grc' dir='ltr'><strong>σαν.</strong></span> <span class='ocrx_word' id='word_1_43' title='bbox 430 999 501 1077; x_wconf 72' lang='grc' dir='ltr'><strong><em>Ὦ</em></strong></span> <span class='ocrx_word' id='word_1_44' title='bbox 559 1025 667 1061; x_wconf 87' lang='grc' dir='ltr'><strong>τινι</strong></span> <span class='ocrx_word' id='word_1_45' title='bbox 724 1007 791 1078; x_wconf 73' lang='grc' dir='ltr'><strong>δὴ</strong></span> <span class='ocrx_word' id='word_1_46' title='bbox 839 1010 934 1063; x_wconf 81' lang='grc' dir='ltr'><strong>καὶ</strong></span> <span class='ocrx_word' id='word_1_47' title='bbox 980 1010 1036 1061; x_wconf 85' lang='grc' dir='ltr'><strong>αἱ</strong></span> <span class='ocrx_word' id='word_1_48' title='bbox 1087 1008 1209 1079; x_wconf 82' lang='grc' dir='ltr'><strong>μετ’</strong></span> <span class='ocrx_word' id='word_1_49' title='bbox 1247 1011 1418 1073; x_wconf 77' lang='grc' dir='ltr'><strong>αὐτὰς</strong></span> <span class='ocrx_word' id='word_1_50' title='bbox 1444 1012 1829 1081; x_wconf 78' lang='grc' dir='ltr'><strong>οἰκουμενικαὶ</strong></span> 
     </span>
    </p>
   </div>
   <div class='ocr_carea' id='block_1_10' title="bbox 246 1096 1829 1173">
    <p class='ocr_par' dir='ltr' id='par_1_10' title="bbox 246 1096 1829 1173">
     <span class='ocr_line' id='line_1_10' title="bbox 246 1096 1829 1173; baseline 0.004 -24"><span class='ocrx_word' id='word_1_51' title='bbox 246 1096 390 1150; x_wconf 85' lang='grc' dir='ltr'><strong>θείαι</strong></span> <span class='ocrx_word' id='word_1_52' title='bbox 418 1096 584 1151; x_wconf 77' lang='grc' dir='ltr'><strong>πέντε</strong></span> <span class='ocrx_word' id='word_1_53' title='bbox 614 1098 823 1152; x_wconf 75' lang='grc' dir='ltr'><strong>σύνοδοι</strong></span> <span class='ocrx_word' id='word_1_54' title='bbox 854 1100 1424 1171; x_wconf 79' lang='grc' dir='ltr'><strong>κατακολουθήσασαι,</strong></span> <span class='ocrx_word' id='word_1_55' title='bbox 1465 1102 1632 1173; x_wconf 87' lang='grc' dir='ltr'><strong>μηδὲν</strong></span> <span class='ocrx_word' id='word_1_56' title='bbox 1660 1120 1829 1173; x_wconf 85' lang='grc' dir='ltr'><strong>προσ-</strong></span> 
     </span>
    </p>
   </div>
   <div class='ocr_carea' id='block_1_11' title="bbox 248 1186 1828 1263">
    <p class='ocr_par' dir='ltr' id='par_1_11' title="bbox 248 1186 1828 1263">
     <span class='ocr_line' id='line_1_11' title="bbox 248 1186 1828 1263; baseline 0.004 -23"><span class='ocrx_word' id='word_1_57' title='bbox 248 1186 430 1243; x_wconf 80' lang='grc' dir='ltr'><strong>θεῖσαι</strong></span> <span class='ocrx_word' id='word_1_58' title='bbox 489 1189 615 1258; x_wconf 81' lang='grc' dir='ltr'><strong>μηδ’</strong></span> <span class='ocrx_word' id='word_1_59' title='bbox 659 1189 1017 1260; x_wconf 84' lang='grc' dir='ltr'><strong>ἀφελόμεναι,</strong></span> <span class='ocrx_word' id='word_1_60' title='bbox 1078 1192 1362 1260; x_wconf 80' lang='grc' dir='ltr'><strong>ἀκραιφνῆ</strong></span> <span class='ocrx_word' id='word_1_61' title='bbox 1418 1193 1511 1245; x_wconf 74' lang='grc' dir='ltr'><strong>τὸν</strong></span> <span class='ocrx_word' id='word_1_62' title='bbox 1560 1194 1828 1263; x_wconf 85' lang='grc' dir='ltr'><strong>Χριστια-</strong></span> 
     </span>
    </p>
   </div>
   <div class='ocr_carea' id='block_1_12' title="bbox 246 1280 1826 1355">
    <p class='ocr_par' dir='ltr' id='par_1_12' title="bbox 246 1280 1826 1355">
     <span class='ocr_line' id='line_1_12' title="bbox 246 1280 1826 1355; baseline 0.005 -26"><span class='ocrx_word' id='word_1_63' title='bbox 246 1280 440 1347; x_wconf 76' lang='grc' dir='ltr'><strong>νισμὸν</strong></span> <span class='ocrx_word' id='word_1_64' title='bbox 482 1281 619 1350; x_wconf 65' lang='grc' dir='ltr'><strong>ἡμίν</strong></span> <span class='ocrx_word' id='word_1_65' title='bbox 649 1283 1013 1351; x_wconf 85' lang='grc' dir='ltr'><strong>τετηρήκασι,</strong></span> <span class='ocrx_word' id='word_1_66' title='bbox 1042 1285 1140 1337; x_wconf 72' lang='grc' dir='ltr'><strong>καὶ</strong></span> <span class='ocrx_word' id='word_1_67' title='bbox 1166 1282 1327 1336; x_wconf 90' lang='grc' dir='ltr'><strong>τοῦτο</strong></span> <span class='ocrx_word' id='word_1_68' title='bbox 1368 1284 1468 1353; x_wconf 83' lang='grc' dir='ltr'><strong>τῆς</strong></span> <span class='ocrx_word' id='word_1_69' title='bbox 1498 1284 1826 1355; x_wconf 81' lang='grc' dir='ltr'><strong>Ἐκκλησίας</strong></span> 
     </span>
    </p>
   </div>
   <div class='ocr_carea' id='block_1_13' title="bbox 246 1369 1825 1444">
    <p class='ocr_par' dir='ltr' id='par_1_13' title="bbox 246 1369 1825 1444">
     <span class='ocr_line' id='line_1_13' title="bbox 246 1369 1825 1444; baseline 0.006 -23"><span class='ocrx_word' id='word_1_70' title='bbox 246 1369 519 1439; x_wconf 80' lang='grc' dir='ltr'><strong>θεμέλιος.</strong></span> <span class='ocrx_word' id='word_1_71' title='bbox 583 1374 696 1442; x_wconf 68' lang='grc' dir='ltr'><strong>Καὶ</strong></span> <span class='ocrx_word' id='word_1_72' title='bbox 788 1374 900 1426; x_wconf 84' lang='grc' dir='ltr'><strong>τῶν</strong></span> <span class='ocrx_word' id='word_1_73' title='bbox 971 1372 1349 1428; x_wconf 74' lang='grc' dir='ltr'><strong>εὐσεϐούντων</strong></span> <span class='ocrx_word' id='word_1_74' title='bbox 1413 1374 1677 1443; x_wconf 78' lang='grc' dir='ltr'><strong>ὁμολογία</strong></span> <span class='ocrx_word' id='word_1_75' title='bbox 1726 1376 1825 1444; x_wconf 80' lang='grc' dir='ltr'><strong>τῆς</strong></span> 
     </span>
    </p>
   </div>
   <div class='ocr_carea' id='block_1_14' title="bbox 242 1461 1824 1536">
    <p class='ocr_par' dir='ltr' id='par_1_14' title="bbox 242 1461 1824 1536">
     <span class='ocr_line' id='line_1_14' title="bbox 242 1461 1824 1536; baseline 0.003 -22"><span class='ocrx_word' id='word_1_76' title='bbox 242 1461 476 1529; x_wconf 77' lang='grc' dir='ltr'><strong>ἀληθοῦς</strong></span> <span class='ocrx_word' id='word_1_77' title='bbox 533 1480 594 1517; x_wconf 89' lang='grc' dir='ltr'><strong>τε</strong></span> <span class='ocrx_word' id='word_1_78' title='bbox 650 1467 745 1519; x_wconf 78' lang='grc' dir='ltr'><strong>καὶ</strong></span> <span class='ocrx_word' id='word_1_79' title='bbox 800 1466 1085 1536; x_wconf 80' lang='grc' dir='ltr'><strong>όρθοδόξου</strong></span> <span class='ocrx_word' id='word_1_80' title='bbox 1142 1467 1382 1529; x_wconf 86' lang='grc' dir='ltr'><strong>πίστεως</strong></span> <span class='ocrx_word' id='word_1_81' title='bbox 1413 1462 1691 1535; x_wconf 73' lang='grc' dir='ltr'><strong>σημεῖον,</strong></span> <span class='ocrx_word' id='word_1_82' title='bbox 1731 1470 1824 1520; x_wconf 82' lang='grc' dir='ltr'><strong>καὶ</strong></span> 
     </span>
    </p>
   </div>
   <div class='ocr_carea' id='block_1_15' title="bbox 244 1554 1824 1629">
    <p class='ocr_par' dir='ltr' id='par_1_15' title="bbox 244 1554 1824 1629">
     <span class='ocr_line' id='line_1_15' title="bbox 244 1554 1824 1629; baseline 0.004 -25"><span class='ocrx_word' id='word_1_83' title='bbox 244 1554 441 1624; x_wconf 78' lang='grc' dir='ltr'><strong>στήλη,</strong></span> <span class='ocrx_word' id='word_1_84' title='bbox 472 1557 567 1609; x_wconf 81' lang='grc' dir='ltr'><strong>καὶ</strong></span> <span class='ocrx_word' id='word_1_85' title='bbox 620 1558 746 1627; x_wconf 85' lang='grc' dir='ltr'><strong>ὅρος</strong></span> <span class='ocrx_word' id='word_1_86' title='bbox 786 1559 1037 1627; x_wconf 79' lang='grc' dir='ltr'><strong>ἀσφαλὴς</strong></span> <span class='ocrx_word' id='word_1_87' title='bbox 1095 1560 1189 1612; x_wconf 84' lang='grc' dir='ltr'><strong>καὶ</strong></span> <span class='ocrx_word' id='word_1_88' title='bbox 1232 1558 1549 1623; x_wconf 82' lang='grc' dir='ltr'><strong>ἀσάλευτος.</strong></span> <span class='ocrx_word' id='word_1_89' title='bbox 1606 1559 1824 1629; x_wconf 81' lang='grc' dir='ltr'><strong>Ταύτην</strong></span> 
     </span>
    </p>
   </div>
   <div class='ocr_carea' id='block_1_16' title="bbox 241 1644 1821 1720">
    <p class='ocr_par' dir='ltr' id='par_1_16' title="bbox 241 1644 1821 1720">
     <span class='ocr_line' id='line_1_16' title="bbox 241 1644 1821 1720; baseline 0.005 -23"><span class='ocrx_word' id='word_1_90' title='bbox 241 1644 342 1714; x_wconf 83' lang='grc' dir='ltr'><strong>τὴν</strong></span> <span class='ocrx_word' id='word_1_91' title='bbox 376 1645 671 1716; x_wconf 75' lang='grc' dir='ltr'><strong>ὁμολογίαν</strong></span> <span class='ocrx_word' id='word_1_92' title='bbox 692 1649 721 1699; x_wconf 98' lang='lat'><strong>6</strong></span> <span class='ocrx_word' id='word_1_93' title='bbox 750 1650 990 1719; x_wconf 75' lang='grc' dir='ltr'><strong>ἀρχῆθεν</strong></span> <span class='ocrx_word' id='word_1_94' title='bbox 1020 1651 1279 1719; x_wconf 84' lang='grc' dir='ltr'><strong>πολέμιος</strong></span> <span class='ocrx_word' id='word_1_95' title='bbox 1326 1652 1386 1715; x_wconf 75' lang='grc' dir='ltr'><strong>ἐξ</strong></span> <span class='ocrx_word' id='word_1_96' title='bbox 1417 1652 1592 1720; x_wconf 85' lang='grc' dir='ltr'><strong>ἀρχῆς</strong></span> <span class='ocrx_word' id='word_1_97' title='bbox 1650 1668 1821 1705; x_wconf 85' lang='grc' dir='ltr'><strong>κατα-</strong></span> 
     </span>
    </p>
   </div>
   <div class='ocr_carea' id='block_1_17' title="bbox 244 1736 1821 1810">
    <p class='ocr_par' dir='ltr' id='par_1_17' title="bbox 244 1736 1821 1810">
     <span class='ocr_line' id='line_1_17' title="bbox 244 1736 1821 1810; baseline 0.005 -23"><span class='ocrx_word' id='word_1_98' title='bbox 244 1736 529 1804; x_wconf 78' lang='grc' dir='ltr'><strong>πολεμῶν,</strong></span> <span class='ocrx_word' id='word_1_99' title='bbox 563 1737 640 1801; x_wconf 84' lang='grc' dir='ltr'><strong>ὼς</strong></span> <span class='ocrx_word' id='word_1_100' title='bbox 680 1737 777 1790; x_wconf 63' lang='grc' dir='ltr'><strong>καὶ⁵</strong></span> <span class='ocrx_word' id='word_1_101' title='bbox 821 1739 913 1791; x_wconf 81' lang='grc' dir='ltr'><strong>τὸν</strong></span> <span class='ocrx_word' id='word_1_102' title='bbox 962 1738 1253 1810; x_wconf 78' lang='grc' dir='ltr'><strong>ἄνθρωπον</strong></span> <span class='ocrx_word' id='word_1_103' title='bbox 1290 1741 1463 1795; x_wconf 84' lang='grc' dir='ltr'><strong>πάλαι</strong></span> <span class='ocrx_word' id='word_1_104' title='bbox 1519 1741 1624 1810; x_wconf 83' lang='grc' dir='ltr'><strong>τῆς</strong></span> <span class='ocrx_word' id='word_1_105' title='bbox 1670 1742 1821 1804; x_wconf 90' lang='grc' dir='ltr'><strong>θείας</strong></span> 
     </span>
    </p>
   </div>
   <div class='ocr_carea' id='block_1_18' title="bbox 237 1827 1822 1901">
    <p class='ocr_par' dir='ltr' id='par_1_18' title="bbox 237 1827 1822 1901">
     <span class='ocr_line' id='line_1_18' title="bbox 237 1827 1822 1901; baseline 0.005 -24"><span class='ocrx_word' id='word_1_106' title='bbox 237 1827 577 1883; x_wconf 74' lang='grc' dir='ltr'><strong>ἐσπούδακεν</strong></span> <span class='ocrx_word' id='word_1_107' title='bbox 606 1828 810 1896; x_wconf 80' lang='grc' dir='ltr'><strong>ἐξῶσαι</strong></span> <span class='ocrx_word' id='word_1_108' title='bbox 857 1830 1077 1899; x_wconf 79' lang='grc' dir='ltr'><strong>βουλῆς.</strong></span> <span class='ocrx_word' id='word_1_109' title='bbox 1116 1833 1224 1885; x_wconf 78' lang='grc' dir='ltr'><strong>Καὶ</strong></span> <span class='ocrx_word' id='word_1_110' title='bbox 1256 1832 1352 1884; x_wconf 89' lang='grc' dir='ltr'><strong>νῦν</strong></span> <span class='ocrx_word' id='word_1_111' title='bbox 1386 1832 1593 1895; x_wconf 78' lang='grc' dir='ltr'><strong>ἀθέοις,</strong></span> <span class='ocrx_word' id='word_1_112' title='bbox 1622 1832 1822 1901; x_wconf 76' lang='grc' dir='ltr'><strong>ἑτερο-</strong></span> 
     </span>
    </p>
   </div>
   <div class='ocr_carea' id='block_1_19' title="bbox 234 1918 1820 1995">
    <p class='ocr_par' dir='ltr' id='par_1_19' title="bbox 234 1918 1820 1995">
     <span class='ocr_line' id='line_1_19' title="bbox 234 1918 1820 1995; baseline 0.003 -24"><span class='ocrx_word' id='word_1_113' title='bbox 234 1918 409 1984; x_wconf 78' lang='grc' dir='ltr'><strong>δόξοις</strong></span> <span class='ocrx_word' id='word_1_114' title='bbox 453 1938 513 1973; x_wconf 86' lang='grc' dir='ltr'><strong>τε</strong></span> <span class='ocrx_word' id='word_1_115' title='bbox 574 1923 852 1986; x_wconf 77' lang='grc' dir='ltr'><strong>πλείστοις</strong></span> <span class='ocrx_word' id='word_1_116' title='bbox 900 1923 1001 1994; x_wconf 80' lang='grc' dir='ltr'><strong>τὴν</strong></span> <span class='ocrx_word' id='word_1_117' title='bbox 1051 1925 1194 1994; x_wconf 77' lang='grc' dir='ltr'><strong>πρὸς</strong></span> <span class='ocrx_word' id='word_1_118' title='bbox 1241 1924 1418 1994; x_wconf 75' lang='grc' dir='ltr'><strong>αὐτὴν</strong></span> <span class='ocrx_word' id='word_1_119' title='bbox 1482 1924 1820 1995; x_wconf 72' lang='grc' dir='ltr'><strong>ἀναθέμενος</strong></span> 
     </span>
    </p>
   </div>
   <div class='ocr_carea' id='block_1_20' title="bbox 1936 742 3506 817">
    <p class='ocr_par' dir='ltr' id='par_1_20' title="bbox 1936 742 3506 817">
     <span class='ocr_line' id='line_1_20' title="bbox 1936 742 3506 817; baseline 0.013 -23"><span class='ocrx_word' id='word_1_120' title='bbox 1936 742 2279 813; x_wconf 90' lang='lat' dir='ltr'><strong>reliquerint,</strong></span> <span class='ocrx_word' id='word_1_121' title='bbox 2314 746 2552 817; x_wconf 88' lang='lat' dir='ltr'><strong>itemque</strong></span> <span class='ocrx_word' id='word_1_122' title='bbox 2575 751 2886 806; x_wconf 85' lang='lat' dir='ltr'><strong>columnam</strong></span> <span class='ocrx_word' id='word_1_123' title='bbox 2911 769 2975 808; x_wconf 90' lang='lat' dir='ltr'><strong>ac</strong></span> <span class='ocrx_word' id='word_1_124' title='bbox 2996 756 3289 811; x_wconf 92' lang='lat' dir='ltr'><strong>terminum</strong></span> <span class='ocrx_word' id='word_1_125' title='bbox 3318 760 3506 814; x_wconf 84' lang='lat' dir='ltr'><strong>incon-</strong></span> 
     </span>
    </p>
   </div>
   <div class='ocr_carea' id='block_1_21' title="bbox 1932 835 3506 917">
    <p class='ocr_par' dir='ltr' id='par_1_21' title="bbox 1932 835 3506 917">
     <span class='ocr_line' id='line_1_21' title="bbox 1932 835 3506 917; baseline 0.011 -29"><span class='ocrx_word' id='word_1_126' title='bbox 1932 849 2153 909; x_wconf 74' lang='lat' dir='ltr'><strong>cussum</strong></span> <span class='ocrx_word' id='word_1_127' title='bbox 2193 835 2525 891; x_wconf 82' lang='lat' dir='ltr'><strong>delinierint.</strong></span> <span class='ocrx_word' id='word_1_128' title='bbox 2566 840 2712 895; x_wconf 84' lang='lat' dir='ltr'><strong>llanc</strong></span> <span class='ocrx_word' id='word_1_129' title='bbox 2746 844 3146 900; x_wconf 84' lang='lat' dir='ltr'><strong>contessionem</strong></span> <span class='ocrx_word' id='word_1_130' title='bbox 3172 862 3506 917; x_wconf 74' lang='lat' dir='ltr'><strong>oppugnans</strong></span> 
     </span>
    </p>
   </div>
   <div class='ocr_carea' id='block_1_22' title="bbox 1933 926 3507 1003">
    <p class='ocr_par' dir='ltr' id='par_1_22' title="bbox 1933 926 3507 1003">
     <span class='ocr_line' id='line_1_22' title="bbox 1933 926 3507 1003; baseline 0.01 -24"><span class='ocrx_word' id='word_1_131' title='bbox 1933 926 1980 979; x_wconf 88' lang='lat' dir='ltr'><strong>is</strong></span> <span class='ocrx_word' id='word_1_132' title='bbox 2011 928 2105 995; x_wconf 91' lang='lat' dir='ltr'><strong>qni</strong></span> <span class='ocrx_word' id='word_1_133' title='bbox 2131 943 2161 981; x_wconf 90' lang='lat' dir='ltr'><strong>a</strong></span> <span class='ocrx_word' id='word_1_134' title='bbox 2194 929 2464 1000; x_wconf 71' lang='lat' dir='ltr'><strong>principio</strong></span> <span class='ocrx_word' id='word_1_135' title='bbox 2498 932 2753 987; x_wconf 88' lang='lat' dir='ltr'><strong>inimicus</strong></span> <span class='ocrx_word' id='word_1_136' title='bbox 2786 938 3060 991; x_wconf 80' lang='lat' dir='ltr'><strong>hominem</strong></span> <span class='ocrx_word' id='word_1_137' title='bbox 3086 940 3154 993; x_wconf 86' lang='lat' dir='ltr'><strong>ad</strong></span> <span class='ocrx_word' id='word_1_138' title='bbox 3184 940 3507 1003; x_wconf 87' lang='lat' dir='ltr'><strong>inobcdieu-</strong></span> 
     </span>
    </p>
   </div>
   <div class='ocr_carea' id='block_1_23' title="bbox 1933 1016 3506 1104">
    <p class='ocr_par' dir='ltr' id='par_1_23' title="bbox 1933 1016 3506 1104">
     <span class='ocr_line' id='line_1_23' title="bbox 1933 1016 3506 1104; baseline 0.013 -36"><span class='ocrx_word' id='word_1_139' title='bbox 1933 1016 2061 1069; x_wconf 89' lang='lat' dir='ltr'><strong>tiam</strong></span> <span class='ocrx_word' id='word_1_140' title='bbox 2086 1034 2211 1090; x_wconf 76' lang='lat' dir='ltr'><strong>erga</strong></span> <span class='ocrx_word' id='word_1_141' title='bbox 2240 1020 2568 1075; x_wconf 77' lang='lat' dir='ltr'><strong>voluntatem</strong></span> <span class='ocrx_word' id='word_1_142' title='bbox 2602 1023 2843 1079; x_wconf 78' lang='lat' dir='ltr'><strong>divinam</strong></span> <span class='ocrx_word' id='word_1_143' title='bbox 2866 1030 3101 1094; x_wconf 81' lang='lat' dir='ltr'><strong>seduxit,</strong></span> <span class='ocrx_word' id='word_1_144' title='bbox 3122 1047 3268 1086; x_wconf 90' lang='lat' dir='ltr'><strong>nunc</strong></span> <span class='ocrx_word' id='word_1_145' title='bbox 3284 1049 3506 1104; x_wconf 80' lang='lat' dir='ltr'><strong>quoque</strong></span> 
     </span>
    </p>
   </div>
   <div class='ocr_carea' id='block_1_24' title="bbox 1932 1105 3503 1181">
    <p class='ocr_par' dir='ltr' id='par_1_24' title="bbox 1932 1105 3503 1181">
     <span class='ocr_line' id='line_1_24' title="bbox 1932 1105 3503 1181; baseline 0.011 -22"><span class='ocrx_word' id='word_1_146' title='bbox 1932 1105 2213 1164; x_wconf 70' lang='lat' dir='ltr'><strong>hmreticos</strong></span> <span class='ocrx_word' id='word_1_147' title='bbox 2234 1112 2300 1165; x_wconf 91' lang='lat' dir='ltr'><strong>ad</strong></span> <span class='ocrx_word' id='word_1_148' title='bbox 2325 1114 2673 1181; x_wconf 78' lang='lat' dir='ltr'><strong>rebellionem</strong></span> <span class='ocrx_word' id='word_1_149' title='bbox 2714 1117 2917 1171; x_wconf 69' lang='lat' dir='ltr'><strong>excitat</strong></span> <span class='ocrx_word' id='word_1_150' title='bbox 2940 1131 2993 1172; x_wconf 88' lang='lat' dir='ltr'><strong>ut</strong></span> <span class='ocrx_word' id='word_1_151' title='bbox 3016 1121 3286 1177; x_wconf 83' lang='lat' dir='ltr'><strong>hominem</strong></span> <span class='ocrx_word' id='word_1_152' title='bbox 3306 1139 3335 1177; x_wconf 85' lang='lat' dir='ltr'><strong>a</strong></span> <span class='ocrx_word' id='word_1_153' title='bbox 3362 1126 3503 1177; x_wconf 84' lang='lat' dir='ltr'><strong>veri-</strong></span> 
     </span>
    </p>
   </div>
   <div class='ocr_carea' id='block_1_25' title="bbox 1930 1198 3501 1275">
    <p class='ocr_par' dir='ltr' id='par_1_25' title="bbox 1930 1198 3501 1275">
     <span class='ocr_line' id='line_1_25' title="bbox 1930 1198 3501 1275; baseline 0.013 -26"><span class='ocrx_word' id='word_1_154' title='bbox 1930 1198 2079 1260; x_wconf 87' lang='lat' dir='ltr'><strong>tatis,</strong></span> <span class='ocrx_word' id='word_1_155' title='bbox 2105 1198 2156 1251; x_wconf 91' lang='lat' dir='ltr'><strong>in</strong></span> <span class='ocrx_word' id='word_1_156' title='bbox 2178 1216 2284 1268; x_wconf 90' lang='lat' dir='ltr'><strong>qua</strong></span> <span class='ocrx_word' id='word_1_157' title='bbox 2323 1204 2455 1257; x_wconf 84' lang='lat' dir='ltr'><strong>nihil</strong></span> <span class='ocrx_word' id='word_1_158' title='bbox 2486 1204 2633 1269; x_wconf 63' lang='lat' dir='ltr'><strong>falsi,</strong></span> <span class='ocrx_word' id='word_1_159' title='bbox 2656 1208 2965 1275; x_wconf 76' lang='lat' dir='ltr'><strong>cegnitione</strong></span> <span class='ocrx_word' id='word_1_160' title='bbox 3000 1224 3297 1269; x_wconf 71' lang='lat' dir='ltr'><strong>semoveal.</strong></span> <span class='ocrx_word' id='word_1_161' title='bbox 3332 1215 3501 1271; x_wconf 82' lang='lat' dir='ltr'><strong>Nobis</strong></span> 
     </span>
    </p>
   </div>
   <div class='ocr_carea' id='block_1_26' title="bbox 1927 1295 3495 1367">
    <p class='ocr_par' dir='ltr' id='par_1_26' title="bbox 1927 1295 3495 1367">
     <span class='ocr_line' id='line_1_26' title="bbox 1927 1295 3495 1367; baseline 0.011 -24"><span class='ocrx_word' id='word_1_162' title='bbox 1927 1300 2110 1343; x_wconf 89' lang='lat' dir='ltr'><strong>autem</strong></span> <span class='ocrx_word' id='word_1_163' title='bbox 2131 1302 2257 1345; x_wconf 89' lang='lat' dir='ltr'><strong>ante</strong></span> <span class='ocrx_word' id='word_1_164' title='bbox 2278 1295 2457 1347; x_wconf 84' lang='lat' dir='ltr'><strong>omnia</strong></span> <span class='ocrx_word' id='word_1_165' title='bbox 2493 1296 2625 1351; x_wconf 88' lang='lat' dir='ltr'><strong>tidcs</strong></span> <span class='ocrx_word' id='word_1_166' title='bbox 2655 1305 2742 1351; x_wconf 87' lang='lat' dir='ltr'><strong>est</strong></span> <span class='ocrx_word' id='word_1_167' title='bbox 2760 1300 3047 1355; x_wconf 79' lang='lat' dir='ltr'><strong>servanda.</strong></span> <span class='ocrx_word' id='word_1_168' title='bbox 3067 1299 3331 1367; x_wconf 80' lang='lat' dir='ltr'><strong>Quamvis</strong></span> <span class='ocrx_word' id='word_1_169' title='bbox 3347 1307 3495 1360; x_wconf 85' lang='lat' dir='ltr'><strong>enim</strong></span> 
     </span>
    </p>
   </div>
   <div class='ocr_carea' id='block_1_27' title="bbox 1926 1382 3497 1454">
    <p class='ocr_par' dir='ltr' id='par_1_27' title="bbox 1926 1382 3497 1454">
     <span class='ocr_line' id='line_1_27' title="bbox 1926 1382 3497 1454; baseline 0.011 -22"><span class='ocrx_word' id='word_1_170' title='bbox 1926 1394 1955 1432; x_wconf 88' lang='lat' dir='ltr'><strong>a</strong></span> <span class='ocrx_word' id='word_1_171' title='bbox 1989 1382 2231 1448; x_wconf 79' lang='lat' dir='ltr'><strong>peccatis</strong></span> <span class='ocrx_word' id='word_1_172' title='bbox 2267 1382 2489 1437; x_wconf 86' lang='lat' dir='ltr'><strong>minime</strong></span> <span class='ocrx_word' id='word_1_173' title='bbox 2523 1386 2795 1441; x_wconf 86' lang='lat' dir='ltr'><strong>immunes</strong></span> <span class='ocrx_word' id='word_1_174' title='bbox 2831 1390 3025 1454; x_wconf 84' lang='lat' dir='ltr'><strong>simus,</strong></span> <span class='ocrx_word' id='word_1_175' title='bbox 3071 1407 3266 1447; x_wconf 90' lang='lat' dir='ltr'><strong>omnes</strong></span> <span class='ocrx_word' id='word_1_176' title='bbox 3317 1406 3497 1450; x_wconf 84' lang='lat' dir='ltr'><strong>tamen</strong></span> 
     </span>
    </p>
   </div>
   <div class='ocr_carea' id='block_1_28' title="bbox 1928 1457 3501 1550">
    <p class='ocr_par' dir='ltr' id='par_1_28' title="bbox 1928 1457 3501 1550">
     <span class='ocr_line' id='line_1_28' title="bbox 1928 1457 3501 1550; baseline 0.012 -29"><span class='ocrx_word' id='word_1_177' title='bbox 1928 1484 2024 1538; x_wconf 92' lang='lat' dir='ltr'><strong>pcr</strong></span> <span class='ocrx_word' id='word_1_178' title='bbox 2057 1457 2432 1535; x_wconf 69' lang='lat' dir='ltr'><strong>paenitentiam</strong></span> <span class='ocrx_word' id='word_1_179' title='bbox 2484 1474 2640 1527; x_wconf 82' lang='lat' dir='ltr'><strong>Iidem</strong></span> <span class='ocrx_word' id='word_1_180' title='bbox 2677 1478 2934 1531; x_wconf 70' lang='lat' dir='ltr'><strong>amissum</strong></span> <span class='ocrx_word' id='word_1_181' title='bbox 2977 1495 3303 1550; x_wconf 87' lang='lat' dir='ltr'><strong>recuperare</strong></span> <span class='ocrx_word' id='word_1_182' title='bbox 3357 1487 3501 1539; x_wconf 79' lang='lat' dir='ltr'><strong>valc-</strong></span> 
     </span>
    </p>
   </div>
   <div class='ocr_carea' id='block_1_29' title="bbox 1926 1560 3500 1640">
    <p class='ocr_par' dir='ltr' id='par_1_29' title="bbox 1926 1560 3500 1640">
     <span class='ocr_line' id='line_1_29' title="bbox 1926 1560 3500 1640; baseline 0.011 -29"><span class='ocrx_word' id='word_1_183' title='bbox 1926 1574 2069 1614; x_wconf 91' lang='lat' dir='ltr'><strong>tnus.</strong></span> <span class='ocrx_word' id='word_1_184' title='bbox 2093 1560 2462 1615; x_wconf 83' lang='lat' dir='ltr'><strong>Cnnliteamur</strong></span> <span class='ocrx_word' id='word_1_185' title='bbox 2493 1564 2655 1631; x_wconf 74' lang='lat' dir='ltr'><strong>igitur</strong></span> <span class='ocrx_word' id='word_1_186' title='bbox 2688 1577 2941 1621; x_wconf 74' lang='lat' dir='ltr'><strong>sanctum</strong></span> <span class='ocrx_word' id='word_1_187' title='bbox 2984 1572 3315 1640; x_wconf 82' lang='lat' dir='ltr'><strong>symbolum,</strong></span> <span class='ocrx_word' id='word_1_188' title='bbox 3347 1576 3500 1635; x_wconf 90' lang='lat' dir='ltr'><strong>eius—</strong></span> 
     </span>
    </p>
   </div>
   <div class='ocr_carea' id='block_1_30' title="bbox 1925 1652 3499 1731">
    <p class='ocr_par' dir='ltr' id='par_1_30' title="bbox 1925 1652 3499 1731">
     <span class='ocr_line' id='line_1_30' title="bbox 1925 1652 3499 1731; baseline 0.013 -29"><span class='ocrx_word' id='word_1_189' title='bbox 1925 1665 2030 1719; x_wconf 79' lang='lat' dir='ltr'><strong>que</strong></span> <span class='ocrx_word' id='word_1_190' title='bbox 2058 1652 2425 1720; x_wconf 76' lang='lat' dir='ltr'><strong>cognitionem</strong></span> <span class='ocrx_word' id='word_1_191' title='bbox 2456 1652 2657 1723; x_wconf 88' lang='lat' dir='ltr'><strong>ubique</strong></span> <span class='ocrx_word' id='word_1_192' title='bbox 2694 1658 2995 1725; x_wconf 71' lang='lat' dir='ltr'><strong>rulgemns.</strong></span> <span class='ocrx_word' id='word_1_193' title='bbox 3020 1659 3100 1716; x_wconf 83' lang='lat' dir='ltr'><strong>Tu</strong></span> <span class='ocrx_word' id='word_1_194' title='bbox 3130 1672 3333 1731; x_wconf 82' lang='lat' dir='ltr'><strong>autem,</strong></span> <span class='ocrx_word' id='word_1_195' title='bbox 3357 1665 3499 1721; x_wconf 81' lang='lat' dir='ltr'><strong>Deus</strong></span> 
     </span>
    </p>
   </div>
   <div class='ocr_carea' id='block_1_31' title="bbox 1924 1744 3495 1821">
    <p class='ocr_par' dir='ltr' id='par_1_31' title="bbox 1924 1744 3495 1821">
     <span class='ocr_line' id='line_1_31' title="bbox 1924 1744 3495 1821; baseline 0.011 -27"><span class='ocrx_word' id='word_1_196' title='bbox 1924 1752 2112 1797; x_wconf 86' lang='lat' dir='ltr'><strong>noster</strong></span> <span class='ocrx_word' id='word_1_197' title='bbox 2139 1744 2283 1800; x_wconf 87' lang='lat' dir='ltr'><strong>trine</strong></span> <span class='ocrx_word' id='word_1_198' title='bbox 2323 1752 2377 1799; x_wconf 83' lang='lat' dir='ltr'><strong>et</strong></span> <span class='ocrx_word' id='word_1_199' title='bbox 2425 1745 2610 1811; x_wconf 89' lang='lat' dir='ltr'><strong>unice,</strong></span> <span class='ocrx_word' id='word_1_200' title='bbox 2672 1749 2764 1816; x_wconf 87' lang='lat' dir='ltr'><strong>qui</strong></span> <span class='ocrx_word' id='word_1_201' title='bbox 2829 1751 2981 1805; x_wconf 82' lang='lat' dir='ltr'><strong>solus</strong></span> <span class='ocrx_word' id='word_1_202' title='bbox 3021 1768 3080 1805; x_wconf 90' lang='lat' dir='ltr'><strong>cs</strong></span> <span class='ocrx_word' id='word_1_203' title='bbox 3122 1763 3249 1807; x_wconf 83' lang='lat' dir='ltr'><strong>ante</strong></span> <span class='ocrx_word' id='word_1_204' title='bbox 3275 1759 3495 1821; x_wconf 66' lang='lat' dir='ltr'><strong>saecula,</strong></span> 
     </span>
    </p>
   </div>
   <div class='ocr_carea' id='block_1_32' title="bbox 1922 1837 3499 1914">
    <p class='ocr_par' dir='ltr' id='par_1_32' title="bbox 1922 1837 3499 1914">
     <span class='ocr_line' id='line_1_32' title="bbox 1922 1837 3499 1914; baseline 0.011 -30"><span class='ocrx_word' id='word_1_205' title='bbox 1922 1846 2088 1901; x_wconf 81' lang='lat' dir='ltr'><strong>super</strong></span> <span class='ocrx_word' id='word_1_206' title='bbox 2119 1847 2337 1890; x_wconf 88' lang='lat' dir='ltr'><strong>omnem</strong></span> <span class='ocrx_word' id='word_1_207' title='bbox 2368 1837 2752 1903; x_wconf 84' lang='lat' dir='ltr'><strong>substantiam,</strong></span> <span class='ocrx_word' id='word_1_208' title='bbox 2789 1855 3007 1895; x_wconf 74' lang='lat' dir='ltr'><strong>omnem</strong></span> <span class='ocrx_word' id='word_1_209' title='bbox 3041 1859 3309 1914; x_wconf 86' lang='lat' dir='ltr'><strong>superans</strong></span> <span class='ocrx_word' id='word_1_210' title='bbox 3336 1848 3499 1901; x_wconf 74' lang='lat' dir='ltr'><strong>intel-</strong></span> 
     </span>
    </p>
   </div>
   <div class='ocr_carea' id='block_1_33' title="bbox 1923 1922 3494 2004">
    <p class='ocr_par' dir='ltr' id='par_1_33' title="bbox 1923 1922 3494 2004">
     <span class='ocr_line' id='line_1_33' title="bbox 1923 1922 3494 2004; baseline 0.012 -30"><span class='ocrx_word' id='word_1_211' title='bbox 1923 1922 2143 1986; x_wconf 82' lang='lat' dir='ltr'><strong>lectum,</strong></span> <span class='ocrx_word' id='word_1_212' title='bbox 2173 1923 2335 1981; x_wconf 80' lang='lat' dir='ltr'><strong>Pater</strong></span> <span class='ocrx_word' id='word_1_213' title='bbox 2365 1928 2570 1996; x_wconf 81' lang='lat' dir='ltr'><strong>Optime</strong></span> <span class='ocrx_word' id='word_1_214' title='bbox 2615 1939 2670 1984; x_wconf 88' lang='lat' dir='ltr'><strong>et</strong></span> <span class='ocrx_word' id='word_1_215' title='bbox 2708 1946 2931 1985; x_wconf 86' lang='lat' dir='ltr'><strong>causam</strong></span> <span class='ocrx_word' id='word_1_216' title='bbox 2962 1950 3072 1988; x_wconf 89' lang='lat' dir='ltr'><strong>non</strong></span> <span class='ocrx_word' id='word_1_217' title='bbox 3126 1935 3359 2004; x_wconf 85' lang='lat' dir='ltr'><strong>habens,</strong></span> <span class='ocrx_word' id='word_1_218' title='bbox 3394 1939 3494 1993; x_wconf 84' lang='lat' dir='ltr'><strong>Fili</strong></span> 
     </span>
    </p>
   </div>
   <div class='ocr_carea' id='block_1_34' title="bbox 239 2001 1932 2093">
    <p class='ocr_par' dir='ltr' id='par_1_34' title="bbox 239 2001 1932 2086">
     <span class='ocr_line' id='line_1_34' title="bbox 239 2001 1932 2086; baseline 0 -21"><span class='ocrx_word' id='word_1_219' title='bbox 239 2013 445 2083; x_wconf 85' lang='grc' dir='ltr'><strong>μάχην,</strong></span> <span class='ocrx_word' id='word_1_220' title='bbox 476 2016 680 2081; x_wconf 77' lang='grc' dir='ltr'><strong>ἐξῶσαι</strong></span> <span class='ocrx_word' id='word_1_221' title='bbox 704 2017 871 2070; x_wconf 81' lang='grc' dir='ltr'><strong>πάλιν</strong></span> <span class='ocrx_word' id='word_1_222' title='bbox 904 2017 1003 2084; x_wconf 84' lang='grc' dir='ltr'><strong>τῆς</strong></span> <span class='ocrx_word' id='word_1_223' title='bbox 1029 2016 1291 2086; x_wconf 76' lang='grc' dir='ltr'><strong>ἀψευδοῦς</strong></span> <span class='ocrx_word' id='word_1_224' title='bbox 1336 2016 1658 2071; x_wconf 82' lang='grc' dir='ltr'><strong>ὲπισπεύδει</strong></span> <span class='ocrx_word' id='word_1_225' title='bbox 1723 2017 1817 2069; x_wconf 82' lang='grc' dir='ltr'><strong>τὸν</strong></span> <span class='ocrx_word' id='word_1_226' title='bbox 1848 2001 1890 2057; x_wconf 76' lang='grc' dir='ltr'><strong><em>Β</em></strong></span> <span class='ocrx_word' id='word_1_227' title='bbox 1923 2031 1932 2065; x_wconf 91' lang='lat' dir='ltr'><strong>l</strong></span> 
     </span>
    </p>
   </div>
   <div class='ocr_carea' id='block_1_35' title="bbox 1802 2001 3495 2093">
    <p class='ocr_par' dir='ltr' id='par_1_35' title="bbox 1802 2001 3495 2093">
     <span class='ocr_line' id='line_1_35' title="bbox 1802 2001 3495 2093; baseline 0.011 -24"><span class='ocrx_word' id='word_1_228' title='bbox 1802 2037 1817 2069; x_wconf 72' lang='grc' dir='ltr'><strong>ν</strong></span> <span class='ocrx_word' id='word_1_229' title='bbox 1848 2001 1890 2057; x_wconf 80' lang='grc' dir='ltr'><strong><em>Β</em></strong></span> <span class='ocrx_word' id='word_1_230' title='bbox 1923 2015 2202 2083; x_wconf 75' lang='lat' dir='ltr'><strong>unigenite</strong></span> <span class='ocrx_word' id='word_1_231' title='bbox 2221 2026 2277 2071; x_wconf 91' lang='lat' dir='ltr'><strong>et</strong></span> <span class='ocrx_word' id='word_1_232' title='bbox 2302 2017 2396 2073; x_wconf 85' lang='lat' dir='ltr'><strong>Dei</strong></span> <span class='ocrx_word' id='word_1_233' title='bbox 2434 2018 2694 2085; x_wconf 85' lang='lat' dir='ltr'><strong>Verbum,</strong></span> <span class='ocrx_word' id='word_1_234' title='bbox 2720 2031 2774 2077; x_wconf 89' lang='lat' dir='ltr'><strong>et</strong></span> <span class='ocrx_word' id='word_1_235' title='bbox 2802 2024 3042 2093; x_wconf 86' lang='lat' dir='ltr'><strong>Spiritus</strong></span> <span class='ocrx_word' id='word_1_236' title='bbox 3070 2039 3262 2084; x_wconf 87' lang='lat' dir='ltr'><strong>sancte</strong></span> <span class='ocrx_word' id='word_1_237' title='bbox 3280 2045 3310 2084; x_wconf 90' lang='lat' dir='ltr'><strong>e</strong></span> <span class='ocrx_word' id='word_1_238' title='bbox 3338 2001 3495 2087; x_wconf 74' lang='lat' dir='ltr'><strong>l‘atre</strong></span> 
     </span>
    </p>
   </div>
   <div class='ocr_carea' id='block_1_36' title="bbox 237 2100 1930 2192">
    <p class='ocr_par' dir='ltr' id='par_1_36' title="bbox 237 2100 1930 2178">
     <span class='ocr_line' id='line_1_36' title="bbox 237 2100 1930 2178; baseline 0.006 -26"><span class='ocrx_word' id='word_1_239' title='bbox 237 2100 529 2171; x_wconf 74' lang='grc' dir='ltr'><strong>ἄνθρωπον</strong></span> <span class='ocrx_word' id='word_1_240' title='bbox 584 2104 861 2174; x_wconf 81' lang='grc' dir='ltr'><strong>γνώσεως.</strong></span> <span class='ocrx_word' id='word_1_241' title='bbox 929 2105 1069 2159; x_wconf 79' lang='grc' dir='ltr'><strong>Ἀλλ’</strong></span> <span class='ocrx_word' id='word_1_242' title='bbox 1130 2108 1265 2176; x_wconf 74' lang='grc' dir='ltr'><strong>ἡμῖν</strong></span> <span class='ocrx_word' id='word_1_243' title='bbox 1341 2106 1652 2176; x_wconf 78' lang='grc' dir='ltr'><strong>φυλακτέον</strong></span> <span class='ocrx_word' id='word_1_244' title='bbox 1712 2106 1813 2178; x_wconf 77' lang='grc' dir='ltr'><strong>τὴν</strong></span> <span class='ocrx_word' id='word_1_245' title='bbox 1924 2125 1930 2177; x_wconf 80' lang='grc' dir='ltr'>ι</span> 
     </span>
    </p>
   </div>
   <div class='ocr_carea' id='block_1_37' title="bbox 1799 2100 3492 2192">
    <p class='ocr_par' dir='ltr' id='par_1_37' title="bbox 1799 2109 3492 2192">
     <span class='ocr_line' id='line_1_37' title="bbox 1799 2109 3492 2192; baseline 0.012 -37"><span class='ocrx_word' id='word_1_246' title='bbox 1799 2124 1813 2155; x_wconf 74' lang='grc' dir='ltr'><strong>ι</strong></span> <span class='ocrx_word' id='word_1_247' title='bbox 1924 2109 2248 2177; x_wconf 87' lang='lat' dir='ltr'><strong>procedens,</strong></span> <span class='ocrx_word' id='word_1_248' title='bbox 2275 2113 2433 2166; x_wconf 88' lang='lat' dir='ltr'><strong>unica</strong></span> <span class='ocrx_word' id='word_1_249' title='bbox 2461 2122 2721 2181; x_wconf 77' lang='lat' dir='ltr'><strong>potestas,</strong></span> <span class='ocrx_word' id='word_1_250' title='bbox 2753 2116 2973 2169; x_wconf 91' lang='lat' dir='ltr'><strong>unicum</strong></span> <span class='ocrx_word' id='word_1_251' title='bbox 3000 2121 3492 2192; x_wconf 72' lang='lat' dir='ltr'><strong>omniuurprinci-</strong></span> 
     </span>
    </p>
   </div>
   <div class='ocr_carea' id='block_1_38' title="bbox 235 2193 1928 2278">
    <p class='ocr_par' dir='ltr' id='par_1_38' title="bbox 235 2193 1928 2270">
     <span class='ocr_line' id='line_1_38' title="bbox 235 2193 1928 2270; baseline 0.005 -24"><span class='ocrx_word' id='word_1_252' title='bbox 235 2193 443 2248; x_wconf 87' lang='grc' dir='ltr'><strong>πίστιν.</strong></span> <span class='ocrx_word' id='word_1_253' title='bbox 484 2196 547 2248; x_wconf 83' lang='lat' dir='ltr'><strong>El</strong></span> <span class='ocrx_word' id='word_1_254' title='bbox 577 2198 685 2266; x_wconf 82' lang='grc' dir='ltr'><strong>γὰρ</strong></span> <span class='ocrx_word' id='word_1_255' title='bbox 721 2199 816 2251; x_wconf 80' lang='grc' dir='ltr'><strong>καὶ</strong></span> <span class='ocrx_word' id='word_1_256' title='bbox 850 2200 1151 2267; x_wconf 77' lang='grc' dir='ltr'><strong>ἁμαρτίαις</strong></span> <span class='ocrx_word' id='word_1_257' title='bbox 1195 2198 1296 2251; x_wconf 78' lang='grc' dir='ltr'><strong>οὐκ</strong></span> <span class='ocrx_word' id='word_1_258' title='bbox 1340 2199 1626 2253; x_wconf 87' lang='grc' dir='ltr'><strong>ἀνεύθυνοι</strong></span> <span class='ocrx_word' id='word_1_259' title='bbox 1679 2201 1815 2254; x_wconf 79' lang='grc' dir='ltr'><strong>πάν·</strong></span> <span class='ocrx_word' id='word_1_260' title='bbox 1921 2218 1928 2270; x_wconf 82' lang='grc' dir='ltr'>ι</span> 
     </span>
    </p>
   </div>
   <div class='ocr_carea' id='block_1_39' title="bbox 1802 2193 3495 2278">
    <p class='ocr_par' dir='ltr' id='par_1_39' title="bbox 1802 2203 3495 2278">
     <span class='ocr_line' id='line_1_39' title="bbox 1802 2203 3495 2278; baseline 0.01 -24"><span class='ocrx_word' id='word_1_261' title='bbox 1802 2231 1815 2242; x_wconf 92' lang='lat'><strong>-</strong></span> <span class='ocrx_word' id='word_1_262' title='bbox 1921 2203 2095 2270; x_wconf 90' lang='lat' dir='ltr'><strong>pium,</strong></span> <span class='ocrx_word' id='word_1_263' title='bbox 2135 2218 2316 2257; x_wconf 90' lang='lat' dir='ltr'><strong>rerum</strong></span> <span class='ocrx_word' id='word_1_264' title='bbox 2364 2219 2488 2273; x_wconf 70' lang='lat' dir='ltr'><strong>quae</strong></span> <span class='ocrx_word' id='word_1_265' title='bbox 2536 2221 2642 2260; x_wconf 83' lang='lat' dir='ltr'><strong>non</strong></span> <span class='ocrx_word' id='word_1_266' title='bbox 2694 2218 2851 2262; x_wconf 81' lang='lat' dir='ltr'><strong>erant</strong></span> <span class='ocrx_word' id='word_1_267' title='bbox 2885 2209 3174 2278; x_wconf 88' lang='lat' dir='ltr'><strong>Conditor,</strong></span> <span class='ocrx_word' id='word_1_268' title='bbox 3213 2222 3269 2268; x_wconf 86' lang='lat' dir='ltr'><strong>et</strong></span> <span class='ocrx_word' id='word_1_269' title='bbox 3308 2216 3495 2271; x_wconf 90' lang='lat' dir='ltr'><strong>omnia</strong></span> 
     </span>
    </p>
   </div>
   <div class='ocr_carea' id='block_1_40' title="bbox 231 2284 1924 2377">
    <p class='ocr_par' dir='ltr' id='par_1_40' title="bbox 231 2284 1924 2361">
     <span class='ocr_line' id='line_1_40' title="bbox 231 2284 1924 2361; baseline 0.005 -26"><span class='ocrx_word' id='word_1_270' title='bbox 231 2298 363 2348; x_wconf 87' lang='grc' dir='ltr'><strong>τως,</strong></span> <span class='ocrx_word' id='word_1_271' title='bbox 396 2284 536 2361; x_wconf 84' lang='grc' dir='ltr'><strong>ἀλλά</strong></span> <span class='ocrx_word' id='word_1_272' title='bbox 559 2303 622 2354; x_wconf 88' lang='grc' dir='ltr'><strong>γε</strong></span> <span class='ocrx_word' id='word_1_273' title='bbox 646 2290 714 2357; x_wconf 79' lang='grc' dir='ltr'><strong>τῇ</strong></span> <span class='ocrx_word' id='word_1_274' title='bbox 742 2287 1005 2358; x_wconf 74' lang='grc' dir='ltr'><strong>μετανοίᾳ</strong></span> <span class='ocrx_word' id='word_1_275' title='bbox 1036 2288 1131 2343; x_wconf 81' lang='grc' dir='ltr'><strong>καὶ</strong></span> <span class='ocrx_word' id='word_1_276' title='bbox 1156 2287 1338 2341; x_wconf 83' lang='grc' dir='ltr'><strong>πίστει</strong></span> <span class='ocrx_word' id='word_1_277' title='bbox 1374 2288 1511 2358; x_wconf 83' lang='grc' dir='ltr'><strong>πρὸς</strong></span> <span class='ocrx_word' id='word_1_278' title='bbox 1550 2287 1613 2342; x_wconf 81' lang='grc' dir='ltr'><strong>τὸ</strong></span> <span class='ocrx_word' id='word_1_279' title='bbox 1637 2289 1814 2358; x_wconf 81' lang='grc' dir='ltr'><strong>σωθῆ-</strong></span> <span class='ocrx_word' id='word_1_280' title='bbox 1920 2316 1924 2343; x_wconf 80' lang='grc'>‹</span> 
     </span>
    </p>
   </div>
   <div class='ocr_carea' id='block_1_41' title="bbox 1804 2284 3497 2377">
    <p class='ocr_par' dir='ltr' id='par_1_41' title="bbox 1804 2296 3497 2377">
     <span class='ocr_line' id='line_1_41' title="bbox 1804 2296 3497 2377; baseline 0.009 -30"><span class='ocrx_word' id='word_1_281' title='bbox 1804 2318 1814 2330; x_wconf 92' lang='lat'><strong><em>-</em></strong></span> <span class='ocrx_word' id='word_1_282' title='bbox 1920 2296 2231 2358; x_wconf 80' lang='lat' dir='ltr'><strong>continens,</strong></span> <span class='ocrx_word' id='word_1_283' title='bbox 2282 2302 2337 2349; x_wconf 92' lang='lat' dir='ltr'><strong>et</strong></span> <span class='ocrx_word' id='word_1_284' title='bbox 2372 2297 2771 2354; x_wconf 88' lang='lat' dir='ltr'><strong>rationabiliutn</strong></span> <span class='ocrx_word' id='word_1_285' title='bbox 2806 2301 3150 2358; x_wconf 77' lang='lat' dir='ltr'><strong>illuminator</strong></span> <span class='ocrx_word' id='word_1_286' title='bbox 3193 2312 3360 2377; x_wconf 79' lang='lat' dir='ltr'><strong>atque</strong></span> <span class='ocrx_word' id='word_1_287' title='bbox 3393 2308 3497 2363; x_wconf 85' lang='lat' dir='ltr'><strong>do-</strong></span> 
     </span>
    </p>
   </div>
   <div class='ocr_carea' id='block_1_42' title="bbox 234 2372 1927 2466">
    <p class='ocr_par' dir='ltr' id='par_1_42' title="bbox 234 2372 1927 2449">
     <span class='ocr_line' id='line_1_42' title="bbox 234 2372 1927 2449; baseline 0.006 -26"><span class='ocrx_word' id='word_1_288' title='bbox 234 2389 324 2425; x_wconf 90' lang='grc' dir='ltr'><strong>ναι</strong></span> <span class='ocrx_word' id='word_1_289' title='bbox 349 2372 575 2445; x_wconf 76' lang='grc' dir='ltr'><strong>θαρρεῖν</strong></span> <span class='ocrx_word' id='word_1_290' title='bbox 627 2376 866 2441; x_wconf 77' lang='grc' dir='ltr'><strong>ἅπαντες</strong></span> <span class='ocrx_word' id='word_1_291' title='bbox 904 2378 1123 2449; x_wconf 75' lang='grc' dir='ltr'><strong>ἔχομεν.</strong></span> <span class='ocrx_word' id='word_1_292' title='bbox 1186 2377 1586 2447; x_wconf 83' lang='grc' dir='ltr'><strong>Ὀμολογητέον</strong></span> <span class='ocrx_word' id='word_1_293' title='bbox 1633 2380 1811 2430; x_wconf 85' lang='grc' dir='ltr'><strong>τοίνυν</strong></span> <span class='ocrx_word' id='word_1_294' title='bbox 1918 2402 1927 2434; x_wconf 79' lang='grc' dir='ltr'><strong>ι</strong></span> 
     </span>
    </p>
   </div>
   <div class='ocr_carea' id='block_1_43' title="bbox 1802 2372 3495 2466">
    <p class='ocr_par' dir='ltr' id='par_1_43' title="bbox 1802 2372 3495 2466">
     <span class='ocr_line' id='line_1_43' title="bbox 1802 2372 3495 2466; baseline 0.011 -31"><span class='ocrx_word' id='word_1_295' title='bbox 1802 2398 1811 2427; x_wconf 72' lang='grc' dir='ltr'>ν</span> <span class='ocrx_word' id='word_1_296' title='bbox 1918 2392 2061 2450; x_wconf 87' lang='lat' dir='ltr'><strong>ctor,</strong></span> <span class='ocrx_word' id='word_1_297' title='bbox 2095 2384 2267 2453; x_wconf 81' lang='lat' dir='ltr'><strong>dirige</strong></span> <span class='ocrx_word' id='word_1_298' title='bbox 2306 2401 2407 2441; x_wconf 90' lang='lat' dir='ltr'><strong>nos</strong></span> <span class='ocrx_word' id='word_1_299' title='bbox 2443 2388 2540 2457; x_wconf 88' lang='lat' dir='ltr'><strong>qui</strong></span> <span class='ocrx_word' id='word_1_300' title='bbox 2586 2388 2827 2443; x_wconf 87' lang='lat' dir='ltr'><strong>divinam</strong></span> <span class='ocrx_word' id='word_1_301' title='bbox 2880 2372 3389 2466; x_wconf 35' lang='lat' dir='ltr'><strong>expandamus&#39;pro</strong></span> <span class='ocrx_word' id='word_1_302' title='bbox 3420 2400 3495 2452; x_wconf 80' lang='lat' dir='ltr'><strong>vi-</strong></span> 
     </span>
    </p>
   </div>
   <div class='ocr_carea' id='block_1_44' title="bbox 234 2463 1927 2555">
    <p class='ocr_par' dir='ltr' id='par_1_44' title="bbox 234 2463 1927 2541">
     <span class='ocr_line' id='line_1_44' title="bbox 234 2463 1927 2541; baseline 0.004 -23"><span class='ocrx_word' id='word_1_303' title='bbox 234 2463 335 2535; x_wconf 73' lang='grc' dir='ltr'><strong>ςὴν</strong></span> <span class='ocrx_word' id='word_1_304' title='bbox 366 2466 538 2537; x_wconf 80' lang='grc' dir='ltr'><strong>καλὴν</strong></span> <span class='ocrx_word' id='word_1_305' title='bbox 562 2468 879 2537; x_wconf 84' lang='grc' dir='ltr'><strong>ὁμολογίαν,</strong></span> <span class='ocrx_word' id='word_1_306' title='bbox 906 2472 1003 2523; x_wconf 78' lang='grc' dir='ltr'><strong>καὶ</strong></span> <span class='ocrx_word' id='word_1_307' title='bbox 1054 2470 1423 2541; x_wconf 80' lang='grc' dir='ltr'><strong>ἑρμηνευτέον</strong></span> <span class='ocrx_word' id='word_1_308' title='bbox 1467 2471 1568 2538; x_wconf 72' lang='grc' dir='ltr'><strong>τὴν</strong></span> <span class='ocrx_word' id='word_1_309' title='bbox 1611 2471 1814 2539; x_wconf 87' lang='grc' dir='ltr'><strong>γνῶσιν</strong></span> <span class='ocrx_word' id='word_1_310' title='bbox 1925 2492 1927 2524; x_wconf 74' lang='lat' dir='ltr'><strong>l</strong></span> 
     </span>
    </p>
   </div>
   <div class='ocr_carea' id='block_1_45' title="bbox 1798 2463 3491 2555">
    <p class='ocr_par' dir='ltr' id='par_1_45' title="bbox 1798 2463 3491 2555">
     <span class='ocr_line' id='line_1_45' title="bbox 1798 2463 3491 2555; baseline 0.011 -32"><span class='ocrx_word' id='word_1_311' title='bbox 1798 2490 1814 2523; x_wconf 68' lang='grc' dir='ltr'><strong>ι</strong></span> <span class='ocrx_word' id='word_1_312' title='bbox 1925 2476 2076 2530; x_wconf 88' lang='lat' dir='ltr'><strong>ribus</strong></span> <span class='ocrx_word' id='word_1_313' title='bbox 2106 2477 2413 2542; x_wconf 80' lang='lat' dir='ltr'><strong>scientiam,</strong></span> <span class='ocrx_word' id='word_1_314' title='bbox 2458 2480 2658 2535; x_wconf 85' lang='lat' dir='ltr'><strong>virtute</strong></span> <span class='ocrx_word' id='word_1_315' title='bbox 2702 2471 3057 2555; x_wconf 81' lang='lat' dir='ltr'><strong>bottitateque</strong></span> <span class='ocrx_word' id='word_1_316' title='bbox 3088 2498 3201 2541; x_wconf 90' lang='lat' dir='ltr'><strong>tua.</strong></span> <span class='ocrx_word' id='word_1_317' title='bbox 3230 2463 3491 2543; x_wconf 64' lang='lat' dir='ltr'><strong>Sanctitio</strong></span> 
     </span>
    </p>
   </div>
   <div class='ocr_carea' id='block_1_46' title="bbox 226 2556 1919 2647">
    <p class='ocr_par' dir='ltr' id='par_1_46' title="bbox 226 2556 1813 2631">
     <span class='ocr_line' id='line_1_46' title="bbox 226 2556 1813 2631; baseline 0.004 -23"><span class='ocrx_word' id='word_1_318' title='bbox 226 2556 429 2626; x_wconf 83' lang='grc' dir='ltr'><strong>ταύτης</strong></span> <span class='ocrx_word' id='word_1_319' title='bbox 450 2558 525 2622; x_wconf 84' lang='grc' dir='ltr'><strong>ὡς</strong></span> <span class='ocrx_word' id='word_1_320' title='bbox 564 2561 811 2629; x_wconf 75' lang='grc' dir='ltr'><strong>ἐφικτόν.</strong></span> <span class='ocrx_word' id='word_1_321' title='bbox 847 2562 920 2614; x_wconf 83' lang='grc' dir='ltr'><strong>Σὺ</strong></span> <span class='ocrx_word' id='word_1_322' title='bbox 955 2561 1203 2631; x_wconf 74' lang='grc' dir='ltr'><strong>δὲτριάς</strong></span> <span class='ocrx_word' id='word_1_323' title='bbox 1232 2562 1327 2615; x_wconf 81' lang='grc' dir='ltr'><strong>καὶ</strong></span> <span class='ocrx_word' id='word_1_324' title='bbox 1369 2563 1535 2631; x_wconf 81' lang='grc' dir='ltr'><strong>μονάς</strong></span> <span class='ocrx_word' id='word_1_325' title='bbox 1593 2565 1622 2615; x_wconf 91' lang='lat'><strong>6</strong></span> <span class='ocrx_word' id='word_1_326' title='bbox 1678 2562 1813 2625; x_wconf 71' lang='grc' dir='ltr'><strong>Θεὸς</strong></span> 
     </span>
    </p>
   </div>
   <div class='ocr_carea' id='block_1_47' title="bbox 1801 2556 3494 2647">
    <p class='ocr_par' dir='ltr' id='par_1_47' title="bbox 1801 2565 3494 2647">
     <span class='ocr_line' id='line_1_47' title="bbox 1801 2565 3494 2647; baseline 0.011 -30"><span class='ocrx_word' id='word_1_327' title='bbox 1801 2579 1813 2624; x_wconf 85' lang='lat'><strong><em>;</em></strong></span> <span class='ocrx_word' id='word_1_328' title='bbox 1923 2565 2031 2619; x_wconf 81' lang='lat' dir='ltr'><strong>cati</strong></span> <span class='ocrx_word' id='word_1_329' title='bbox 2059 2581 2190 2633; x_wconf 77' lang='lat' dir='ltr'><strong>ergo</strong></span> <span class='ocrx_word' id='word_1_330' title='bbox 2224 2577 2278 2621; x_wconf 84' lang='lat' dir='ltr'><strong>et</strong></span> <span class='ocrx_word' id='word_1_331' title='bbox 2303 2567 2587 2624; x_wconf 81' lang='lat' dir='ltr'><strong>Trinitatis</strong></span> <span class='ocrx_word' id='word_1_332' title='bbox 2622 2573 2967 2629; x_wconf 75' lang='lat' dir='ltr'><strong>invocatione</strong></span> <span class='ocrx_word' id='word_1_333' title='bbox 2998 2576 3241 2647; x_wconf 77' lang='lat' dir='ltr'><strong>signati,</strong></span> <span class='ocrx_word' id='word_1_334' title='bbox 3276 2578 3494 2636; x_wconf 79' lang='lat' dir='ltr'><strong>confes-</strong></span> 
     </span>
    </p>
   </div>
   <div class='ocr_carea' id='block_1_48' title="bbox 228 2646 1921 2731">
    <p class='ocr_par' dir='ltr' id='par_1_48' title="bbox 228 2646 1921 2724">
     <span class='ocr_line' id='line_1_48' title="bbox 228 2646 1921 2724; baseline 0.004 -25"><span class='ocrx_word' id='word_1_335' title='bbox 228 2646 411 2715; x_wconf 66' lang='grc' dir='ltr'><strong>ἡμῶν,</strong></span> <span class='ocrx_word' id='word_1_336' title='bbox 442 2650 471 2702; x_wconf 94' lang='lat'><strong>6</strong></span> <span class='ocrx_word' id='word_1_337' title='bbox 492 2651 651 2719; x_wconf 78' lang='grc' dir='ltr'><strong>μόνος</strong></span> <span class='ocrx_word' id='word_1_338' title='bbox 675 2652 763 2705; x_wconf 78' lang='grc' dir='ltr'><strong>ἀεὶ</strong></span> <span class='ocrx_word' id='word_1_339' title='bbox 778 2650 875 2716; x_wconf 84' lang='grc' dir='ltr'><strong>ὢν,</strong></span> <span class='ocrx_word' id='word_1_340' title='bbox 905 2652 1067 2723; x_wconf 71' lang='lat'><strong>293</strong></span> <span class='ocrx_word' id='word_1_341' title='bbox 1092 2655 1121 2705; x_wconf 90' lang='lat'><strong>6</strong></span> <span class='ocrx_word' id='word_1_342' title='bbox 1150 2652 1500 2721; x_wconf 83' lang='grc' dir='ltr'><strong>προαιώνιος,</strong></span> <span class='ocrx_word' id='word_1_343' title='bbox 1530 2654 1557 2705; x_wconf 93' lang='lat'><strong>6</strong></span> <span class='ocrx_word' id='word_1_344' title='bbox 1577 2652 1813 2724; x_wconf 78' lang='grc' dir='ltr'><strong>ὑπερού-</strong></span> <span class='ocrx_word' id='word_1_345' title='bbox 1920 2698 1921 2705; x_wconf 50' lang='grc' dir='ltr'><strong>η</strong></span> 
     </span>
    </p>
   </div>
   <div class='ocr_carea' id='block_1_49' title="bbox 1144 2646 2837 2731">
    <p class='ocr_par' dir='ltr' id='par_1_49' title="bbox 1150 2652 2837 2731">
     <span class='ocr_line' id='line_1_49' title="bbox 1150 2652 2837 2731; baseline 0.008 -26"><span class='ocrx_word' id='word_1_346' title='bbox 1150 2652 1500 2721; x_wconf 84' lang='grc' dir='ltr'><strong>προαιώνιος,</strong></span> <span class='ocrx_word' id='word_1_347' title='bbox 1530 2652 1813 2724; x_wconf 80' lang='grc' dir='ltr'><strong>όὺπερού-</strong></span> <span class='ocrx_word' id='word_1_348' title='bbox 1920 2656 2093 2711; x_wconf 89' lang='lat' dir='ltr'><strong>sionis</strong></span> <span class='ocrx_word' id='word_1_349' title='bbox 2130 2657 2449 2728; x_wconf 80' lang='lat' dir='ltr'><strong>Symbolum</strong></span> <span class='ocrx_word' id='word_1_350' title='bbox 2495 2661 2837 2731; x_wconf 84' lang='lat' dir='ltr'><strong>incipiamus.</strong></span> 
     </span>
    </p>
   </div>
   <div class='ocr_carea' id='block_1_50' title="bbox 228 2742 3493 2831">
    <p class='ocr_par' dir='ltr' id='par_1_50' title="bbox 228 2742 3493 2831">
     <span class='ocr_line' id='line_1_50' title="bbox 228 2742 3493 2831; baseline 0.007 -40"><span class='ocrx_word' id='word_1_351' title='bbox 228 2757 364 2808; x_wconf 89' lang='grc' dir='ltr'><strong>σιος,</strong></span> <span class='ocrx_word' id='word_1_352' title='bbox 398 2742 428 2795; x_wconf 85' lang='lat'><strong>6</strong></span> <span class='ocrx_word' id='word_1_353' title='bbox 450 2743 857 2815; x_wconf 84' lang='grc' dir='ltr'><strong>ἀκατάληπτος,</strong></span> <span class='ocrx_word' id='word_1_354' title='bbox 888 2747 1072 2817; x_wconf 80' lang='grc' dir='ltr'><strong>Πάτερ</strong></span> <span class='ocrx_word' id='word_1_355' title='bbox 1101 2746 1271 2815; x_wconf 67' lang='grc' dir='ltr'><strong>ἀγαθὲ</strong></span> <span class='ocrx_word' id='word_1_356' title='bbox 1297 2748 1389 2801; x_wconf 79' lang='grc' dir='ltr'><strong>καὶ</strong></span> <span class='ocrx_word' id='word_1_357' title='bbox 1417 2746 1650 2814; x_wconf 83' lang='grc' dir='ltr'><strong>ἀναίτιε,</strong></span> <span class='ocrx_word' id='word_1_358' title='bbox 1673 2748 1765 2801; x_wconf 84' lang='grc' dir='ltr'><strong>Υἱὲ</strong></span> <span class='ocrx_word' id='word_1_359' title='bbox 1801 2753 2089 2818; x_wconf 79' lang='grc' dir='ltr'><strong>μονογενὲς</strong></span> <span class='ocrx_word' id='word_1_360' title='bbox 2129 2754 2224 2805; x_wconf 82' lang='grc' dir='ltr'><strong>καὶ</strong></span> <span class='ocrx_word' id='word_1_361' title='bbox 2250 2753 2390 2819; x_wconf 75' lang='grc' dir='ltr'><strong>Λόγε</strong></span> <span class='ocrx_word' id='word_1_362' title='bbox 2416 2753 2570 2813; x_wconf 76' lang='grc' dir='ltr'><strong>Θεοῦ.</strong></span> <span class='ocrx_word' id='word_1_363' title='bbox 2603 2756 2699 2809; x_wconf 69' lang='grc' dir='ltr'><strong>καὶ</strong></span> <span class='ocrx_word' id='word_1_364' title='bbox 2730 2755 2952 2827; x_wconf 83' lang='grc' dir='ltr'><strong>Πνεῦμα</strong></span> <span class='ocrx_word' id='word_1_365' title='bbox 2974 2757 3131 2827; x_wconf 82' lang='grc' dir='ltr'><strong>ἀγιον</strong></span> <span class='ocrx_word' id='word_1_366' title='bbox 3179 2760 3244 2813; x_wconf 72' lang='grc' dir='ltr'><strong>ἐκ</strong></span> <span class='ocrx_word' id='word_1_367' title='bbox 3278 2762 3493 2831; x_wconf 68' lang='grc' dir='ltr'><strong>Πατρθις</strong></span> 
     </span>
    </p>
   </div>
   <div class='ocr_carea' id='block_1_51' title="bbox 227 2841 3494 2924">
    <p class='ocr_par' dir='ltr' id='par_1_51' title="bbox 227 2841 3494 2924">
     <span class='ocr_line' id='line_1_51' title="bbox 227 2841 3494 2924; baseline 0.006 -35"><span class='ocrx_word' id='word_1_368' title='bbox 227 2841 652 2909; x_wconf 74' lang='grc' dir='ltr'><strong>προερχόμενον,</strong></span> <span class='ocrx_word' id='word_1_369' title='bbox 678 2845 713 2913; x_wconf 76' lang='grc' dir='ltr'><strong>η</strong></span> <span class='ocrx_word' id='word_1_370' title='bbox 746 2843 846 2913; x_wconf 86' lang='grc' dir='ltr'><strong>μία</strong></span> <span class='ocrx_word' id='word_1_371' title='bbox 876 2842 1125 2913; x_wconf 87' lang='grc' dir='ltr'><strong>δύναμις,</strong></span> <span class='ocrx_word' id='word_1_372' title='bbox 1158 2844 1193 2912; x_wconf 76' lang='grc' dir='ltr'><strong>ἡ</strong></span> <span class='ocrx_word' id='word_1_373' title='bbox 1229 2846 1326 2912; x_wconf 87' lang='grc' dir='ltr'><strong>μία</strong></span> <span class='ocrx_word' id='word_1_374' title='bbox 1344 2843 1452 2896; x_wconf 86' lang='grc' dir='ltr'><strong>τῶν</strong></span> <span class='ocrx_word' id='word_1_375' title='bbox 1475 2844 1612 2897; x_wconf 84' lang='grc' dir='ltr'><strong>ὅλων</strong></span> <span class='ocrx_word' id='word_1_376' title='bbox 1636 2845 1801 2915; x_wconf 84' lang='grc' dir='ltr'><strong>ἀρχὴ,</strong></span> <span class='ocrx_word' id='word_1_377' title='bbox 1834 2847 1867 2915; x_wconf 80' lang='grc' dir='ltr'><strong>ὴ</strong></span> <span class='ocrx_word' id='word_1_378' title='bbox 1901 2846 2233 2916; x_wconf 83' lang='grc' dir='ltr'><strong>δημιουργὸς</strong></span> <span class='ocrx_word' id='word_1_379' title='bbox 2264 2850 2327 2900; x_wconf 77' lang='grc' dir='ltr'><strong>ἐκ</strong></span> <span class='ocrx_word' id='word_1_380' title='bbox 2361 2850 2436 2919; x_wconf 76' lang='grc' dir='ltr'><strong>μὴ</strong></span> <span class='ocrx_word' id='word_1_381' title='bbox 2468 2849 2655 2909; x_wconf 74' lang='grc' dir='ltr'><strong>ὄντων,</strong></span> <span class='ocrx_word' id='word_1_382' title='bbox 2690 2850 2783 2904; x_wconf 84' lang='grc' dir='ltr'><strong>καὶ</strong></span> <span class='ocrx_word' id='word_1_383' title='bbox 2803 2856 3101 2924; x_wconf 76' lang='grc' dir='ltr'><strong>συνεκτικὴ</strong></span> <span class='ocrx_word' id='word_1_384' title='bbox 3136 2857 3355 2910; x_wconf 74' lang='grc' dir='ltr'><strong>πάντωι</strong></span> <span class='ocrx_word' id='word_1_385' title='bbox 3395 2856 3494 2908; x_wconf 62' lang='grc' dir='ltr'><strong>καὶ</strong></span> 
     </span>
    </p>
   </div>
   <div class='ocr_carea' id='block_1_52' title="bbox 226 2932 3494 3019">
    <p class='ocr_par' dir='ltr' id='par_1_52' title="bbox 226 2932 3494 3019">
     <span class='ocr_line' id='line_1_52' title="bbox 226 2932 3494 3019; baseline 0.005 -33"><span class='ocrx_word' id='word_1_386' title='bbox 226 2933 337 2986; x_wconf 87' lang='grc' dir='ltr'><strong>τῶν</strong></span> <span class='ocrx_word' id='word_1_387' title='bbox 374 2932 611 3002; x_wconf 83' lang='grc' dir='ltr'><strong>λογικῶν</strong></span> <span class='ocrx_word' id='word_1_388' title='bbox 637 2935 940 3007; x_wconf 83' lang='grc' dir='ltr'><strong>φωτιστικὴ</strong></span> <span class='ocrx_word' id='word_1_389' title='bbox 967 2938 1063 2992; x_wconf 80' lang='grc' dir='ltr'><strong>καὶ</strong></span> <span class='ocrx_word' id='word_1_390' title='bbox 1096 2936 1441 3001; x_wconf 84' lang='grc' dir='ltr'><strong>διδάσκαλος,</strong></span> <span class='ocrx_word' id='word_1_391' title='bbox 1472 2939 1779 3009; x_wconf 82' lang='grc' dir='ltr'><strong>χορήγησον</strong></span> <span class='ocrx_word' id='word_1_392' title='bbox 1828 2942 1960 3008; x_wconf 76' lang='grc' dir='ltr'><strong>ἡμῖν</strong></span> <span class='ocrx_word' id='word_1_393' title='bbox 1998 2957 2094 2991; x_wconf 77' lang='grc' dir='ltr'><strong>σου</strong></span> <span class='ocrx_word' id='word_1_394' title='bbox 2147 2940 2244 3011; x_wconf 79' lang='grc' dir='ltr'><strong>τὴν</strong></span> <span class='ocrx_word' id='word_1_395' title='bbox 2284 2940 2436 2993; x_wconf 87' lang='grc' dir='ltr'><strong>θείαν</strong></span> <span class='ocrx_word' id='word_1_396' title='bbox 2484 2942 2821 3013; x_wconf 80' lang='grc' dir='ltr'><strong>διασαφῆσαι</strong></span> <span class='ocrx_word' id='word_1_397' title='bbox 2861 2947 3064 3013; x_wconf 86' lang='grc' dir='ltr'><strong>γνῶσιν</strong></span> <span class='ocrx_word' id='word_1_398' title='bbox 3125 2949 3203 3010; x_wconf 86' lang='grc' dir='ltr'><strong>ὠς</strong></span> <span class='ocrx_word' id='word_1_399' title='bbox 3256 2950 3494 3019; x_wconf 75' lang='grc' dir='ltr'><strong>ἐγχωρεῖ</strong></span> 
     </span>
    </p>
   </div>
   <div class='ocr_carea' id='block_1_53' title="bbox 225 3028 3497 3124">
    <p class='ocr_par' dir='ltr' id='par_1_53' title="bbox 225 3028 3497 3124">
     <span class='ocr_line' id='line_1_53' title="bbox 225 3028 3497 3124; baseline 0.006 -46"><span class='ocrx_word' id='word_1_400' title='bbox 225 3028 477 3097; x_wconf 68' lang='grc' dir='ltr'><strong>ἐνεργείᾳ</strong></span> <span class='ocrx_word' id='word_1_401' title='bbox 503 3028 570 3096; x_wconf 66' lang='grc' dir='ltr'><strong>τῇ</strong></span> <span class='ocrx_word' id='word_1_402' title='bbox 596 3029 661 3098; x_wconf 74' lang='grc' dir='ltr'><strong>σῇ</strong></span> <span class='ocrx_word' id='word_1_403' title='bbox 682 3028 776 3079; x_wconf 75' lang='grc' dir='ltr'><strong>καὶ</strong></span> <span class='ocrx_word' id='word_1_404' title='bbox 799 3028 1152 3099; x_wconf 85' lang='grc' dir='ltr'><strong>χρηστότητι.</strong></span> <span class='ocrx_word' id='word_1_405' title='bbox 1184 3029 1667 3094; x_wconf 75' lang='grc' dir='ltr'><strong>Καθαγιασθέντες</strong></span> <span class='ocrx_word' id='word_1_406' title='bbox 1695 3029 1890 3083; x_wconf 82' lang='grc' dir='ltr'><strong>οὐκοῦν</strong></span> <span class='ocrx_word' id='word_1_407' title='bbox 1924 3032 2104 3100; x_wconf 68' lang='grc' dir='ltr'><strong>ἡμεῖς,</strong></span> <span class='ocrx_word' id='word_1_408' title='bbox 2130 3049 2221 3083; x_wconf 71' lang='grc' dir='ltr'><strong>και</strong></span> <span class='ocrx_word' id='word_1_409' title='bbox 2248 3034 2676 3102; x_wconf 69' lang='grc' dir='ltr'><strong>σφραγισθέντες</strong></span> <span class='ocrx_word' id='word_1_410' title='bbox 2704 3039 2772 3107; x_wconf 78' lang='grc' dir='ltr'><strong>τῇ</strong></span> <span class='ocrx_word' id='word_1_411' title='bbox 2800 3038 3084 3110; x_wconf 70' lang='grc' dir='ltr'><strong>ἐπικλήσει</strong></span> <span class='ocrx_word' id='word_1_412' title='bbox 3113 3041 3211 3111; x_wconf 82' lang='grc' dir='ltr'><strong>τῆς</strong></span> <span class='ocrx_word' id='word_1_413' title='bbox 3235 3043 3497 3124; x_wconf 40' lang='grc' dir='ltr'><strong>Τριάδυςῒ</strong></span> 
     </span>
    </p>
   </div>
   <div class='ocr_carea' id='block_1_54' title="bbox 225 3117 1773 3193">
    <p class='ocr_par' dir='ltr' id='par_1_54' title="bbox 225 3117 1773 3193">
     <span class='ocr_line' id='line_1_54' title="bbox 225 3117 1773 3193; baseline 0.002 -21"><span class='ocrx_word' id='word_1_414' title='bbox 225 3122 321 3173; x_wconf 74' lang='grc' dir='ltr'><strong>καὶ</strong></span> <span class='ocrx_word' id='word_1_415' title='bbox 355 3117 450 3172; x_wconf 86' lang='grc' dir='ltr'><strong>τοῦ</strong></span> <span class='ocrx_word' id='word_1_416' title='bbox 484 3119 761 3189; x_wconf 79' lang='grc' dir='ltr'><strong>Συμσόλου</strong></span> <span class='ocrx_word' id='word_1_417' title='bbox 799 3121 897 3189; x_wconf 82' lang='grc' dir='ltr'><strong>τῆς</strong></span> <span class='ocrx_word' id='word_1_418' title='bbox 920 3121 1210 3188; x_wconf 79' lang='grc' dir='ltr'><strong>ὁμολογίας</strong></span> <span class='ocrx_word' id='word_1_419' title='bbox 1232 3123 1403 3193; x_wconf 76' lang='grc' dir='ltr'><strong>αὐτῆς</strong></span> <span class='ocrx_word' id='word_1_420' title='bbox 1453 3121 1773 3193; x_wconf 79' lang='grc' dir='ltr'><strong>ἀρξώμεθα.</strong></span> 
     </span>
    </p>
   </div>
   <div class='ocr_carea' id='block_1_55' title="bbox 226 3207 1919 3290">
    <p class='ocr_par' dir='ltr' id='par_1_55' title="bbox 226 3207 1800 3280">
     <span class='ocr_line' id='line_1_55' title="bbox 226 3207 1800 3280; baseline 0.001 -17"><span class='ocrx_word' id='word_1_421' title='bbox 226 3208 496 3263; x_wconf 77' lang='grc' dir='ltr'><strong>Πιστεύω</strong></span> <span class='ocrx_word' id='word_1_422' title='bbox 548 3211 637 3273; x_wconf 78' lang='grc' dir='ltr'><strong>είς</strong></span> <span class='ocrx_word' id='word_1_423' title='bbox 690 3207 799 3261; x_wconf 78' lang='grc' dir='ltr'><strong>ἕνα</strong></span> <span class='ocrx_word' id='word_1_424' title='bbox 848 3208 998 3262; x_wconf 67' lang='grc' dir='ltr'><strong>Θεύτ⁴</strong></span> <span class='ocrx_word' id='word_1_425' title='bbox 1041 3208 1273 3278; x_wconf 81' lang='grc' dir='ltr'><strong>Πατέρα</strong></span> <span class='ocrx_word' id='word_1_426' title='bbox 1322 3213 1800 3280; x_wconf 78' lang='grc' dir='ltr'><strong>παντοκράτορα.</strong></span> 
     </span>
    </p>
   </div>
   <div class='ocr_carea' id='block_1_56' title="bbox 1688 3207 3381 3290">
    <p class='ocr_par' dir='ltr' id='par_1_56' title="bbox 1688 3207 3381 3290">
     <span class='ocr_line' id='line_1_56' title="bbox 1688 3207 3381 3290; baseline 0.009 -28"><span class='ocrx_word' id='word_1_427' title='bbox 1688 3228 1800 3280; x_wconf 84' lang='grc' dir='ltr'><strong>&gt;ρα.</strong></span> <span class='ocrx_word' id='word_1_428' title='bbox 1981 3207 2149 3263; x_wconf 86' lang='lat' dir='ltr'><strong>Credo</strong></span> <span class='ocrx_word' id='word_1_429' title='bbox 2176 3212 2230 3264; x_wconf 85' lang='lat' dir='ltr'><strong>in</strong></span> <span class='ocrx_word' id='word_1_430' title='bbox 2270 3229 2433 3265; x_wconf 82' lang='lat' dir='ltr'><strong>unum</strong></span> <span class='ocrx_word' id='word_1_431' title='bbox 2467 3212 2631 3269; x_wconf 84' lang='lat' dir='ltr'><strong>Deum</strong></span> <span class='ocrx_word' id='word_1_432' title='bbox 2659 3215 2820 3271; x_wconf 76' lang='lat' dir='ltr'><strong>Patre</strong></span> <span class='ocrx_word' id='word_1_433' title='bbox 2869 3236 2918 3272; x_wconf 89' lang='lat' dir='ltr'><strong>m</strong></span> <span class='ocrx_word' id='word_1_434' title='bbox 2946 3222 3381 3290; x_wconf 77' lang='lat' dir='ltr'><strong>omnipotentem.</strong></span> 
     </span>
    </p>
   </div>
   <div class='ocr_carea' id='block_1_57' title="bbox 308 3296 2001 3401">
    <p class='ocr_par' dir='ltr' id='par_1_57' title="bbox 308 3296 2001 3375">
     <span class='ocr_line' id='line_1_57' title="bbox 308 3296 2001 3375; baseline 0.001 -22"><span class='ocrx_word' id='word_1_435' title='bbox 308 3302 396 3365; x_wconf 83' lang='grc' dir='ltr'><strong>Ὠς</strong></span> <span class='ocrx_word' id='word_1_436' title='bbox 435 3301 723 3371; x_wconf 81' lang='grc' dir='ltr'><strong>θαυμαστὴ</strong></span> <span class='ocrx_word' id='word_1_437' title='bbox 763 3303 797 3371; x_wconf 80' lang='grc' dir='ltr'>ἡ</span> <span class='ocrx_word' id='word_1_438' title='bbox 836 3300 943 3354; x_wconf 87' lang='grc' dir='ltr'><strong>τῶν</strong></span> <span class='ocrx_word' id='word_1_439' title='bbox 1000 3301 1264 3372; x_wconf 82' lang='grc' dir='ltr'><strong>Πατέρων</strong></span> <span class='ocrx_word' id='word_1_440' title='bbox 1318 3302 1594 3371; x_wconf 89' lang='grc' dir='ltr'><strong>θεολογία.</strong></span> <span class='ocrx_word' id='word_1_441' title='bbox 1637 3304 1795 3356; x_wconf 81' lang='grc' dir='ltr'><strong>Κατά</strong></span> <span class='ocrx_word' id='word_1_442' title='bbox 1824 3296 1866 3353; x_wconf 89' lang='lat' dir='ltr'><strong>C</strong></span> <span class='ocrx_word' id='word_1_443' title='bbox 1968 3320 2001 3375; x_wconf 64' lang='grc' dir='ltr'><strong>ρ</strong></span> 
     </span>
    </p>
   </div>
   <div class='ocr_carea' id='block_1_58' title="bbox 1796 3296 3489 3401">
    <p class='ocr_par' dir='ltr' id='par_1_58' title="bbox 1824 3296 3489 3401">
     <span class='ocr_line' id='line_1_58' title="bbox 1824 3296 3489 3401; baseline 0.013 -28"><span class='ocrx_word' id='word_1_444' title='bbox 1824 3296 1866 3353; x_wconf 76' lang='lat' dir='ltr'><strong><em>C</em></strong></span> <span class='ocrx_word' id='word_1_445' title='bbox 1968 3320 2014 3375; x_wconf 86' lang='lat'>0</span> <span class='ocrx_word' id='word_1_446' title='bbox 2050 3324 2187 3377; x_wconf 88' lang='lat' dir='ltr'><strong>mira</strong></span> <span class='ocrx_word' id='word_1_447' title='bbox 2239 3323 2460 3379; x_wconf 75' lang='lat' dir='ltr'><strong>Patrum</strong></span> <span class='ocrx_word' id='word_1_448' title='bbox 2515 3328 2805 3399; x_wconf 71' lang='lat' dir='ltr'><strong>theologia.</strong></span> <span class='ocrx_word' id='word_1_449' title='bbox 2856 3333 3015 3401; x_wconf 85' lang='lat' dir='ltr'><strong>cujus</strong></span> <span class='ocrx_word' id='word_1_450' title='bbox 3060 3337 3327 3392; x_wconf 88' lang='lat' dir='ltr'><strong>adversus</strong></span> <span class='ocrx_word' id='word_1_451' title='bbox 3370 3354 3489 3393; x_wconf 90' lang='lat' dir='ltr'><strong>om-</strong></span> 
     </span>
    </p>
   </div>
   <div class='ocr_carea' id='block_1_59' title="bbox 228 3392 1921 3498">
    <p class='ocr_par' dir='ltr' id='par_1_59' title="bbox 228 3392 1921 3467">
     <span class='ocr_line' id='line_1_59' title="bbox 228 3392 1921 3467; baseline -0.002 -17"><span class='ocrx_word' id='word_1_452' title='bbox 228 3395 444 3450; x_wconf 84' lang='grc' dir='ltr'><strong>πάντων</strong></span> <span class='ocrx_word' id='word_1_453' title='bbox 473 3396 581 3463; x_wconf 80' lang='grc' dir='ltr'><strong>γὰρ</strong></span> <span class='ocrx_word' id='word_1_454' title='bbox 603 3394 765 3455; x_wconf 79' lang='grc' dir='ltr'><strong>εὐθὺς</strong></span> <span class='ocrx_word' id='word_1_455' title='bbox 793 3393 904 3447; x_wconf 82' lang='grc' dir='ltr'><strong>τῶν</strong></span> <span class='ocrx_word' id='word_1_456' title='bbox 938 3392 1281 3448; x_wconf 74' lang='grc' dir='ltr'><strong>ἀσεϐούντων</strong></span> <span class='ocrx_word' id='word_1_457' title='bbox 1315 3394 1537 3448; x_wconf 78' lang='grc' dir='ltr'><strong>πλουτεῖ</strong></span> <span class='ocrx_word' id='word_1_458' title='bbox 1577 3396 1639 3447; x_wconf 77' lang='grc' dir='ltr'><strong>τὸ</strong></span> <span class='ocrx_word' id='word_1_459' title='bbox 1666 3412 1801 3463; x_wconf 79' lang='grc' dir='ltr'><strong>προ-</strong></span> <span class='ocrx_word' id='word_1_460' title='bbox 1909 3428 1921 3467; x_wconf 75' lang='grc' dir='ltr'>ι</span> 
     </span>
    </p>
   </div>
   <div class='ocr_carea' id='block_1_60' title="bbox 1799 3392 3492 3498">
    <p class='ocr_par' dir='ltr' id='par_1_60' title="bbox 1799 3392 3492 3498">
     <span class='ocr_line' id='line_1_60' title="bbox 1799 3392 3492 3498; baseline 0.011 -32"><span class='ocrx_word' id='word_1_461' title='bbox 1799 3428 1801 3436; x_wconf 50' lang='grc' dir='ltr'><strong>ν</strong></span> <span class='ocrx_word' id='word_1_462' title='bbox 1909 3427 2006 3468; x_wconf 88' lang='lat' dir='ltr'><strong>nes</strong></span> <span class='ocrx_word' id='word_1_463' title='bbox 2039 3414 2241 3483; x_wconf 85' lang='lat' dir='ltr'><strong>impios</strong></span> <span class='ocrx_word' id='word_1_464' title='bbox 2276 3418 2388 3470; x_wconf 90' lang='lat' dir='ltr'><strong>cito</strong></span> <span class='ocrx_word' id='word_1_465' title='bbox 2417 3421 2670 3487; x_wconf 71' lang='lat' dir='ltr'><strong>prteralet</strong></span> <span class='ocrx_word' id='word_1_466' title='bbox 2695 3392 3047 3488; x_wconf 61' lang='lat' dir='ltr'><strong>prooemium.</strong></span> <span class='ocrx_word' id='word_1_467' title='bbox 3069 3424 3241 3482; x_wconf 72' lang='lat' dir='ltr'><strong>Credo</strong></span> <span class='ocrx_word' id='word_1_468' title='bbox 3266 3431 3492 3498; x_wconf 83' lang='lat' dir='ltr'><strong>quidem</strong></span> 
     </span>
    </p>
   </div>
   <div class='ocr_carea' id='block_1_61' title="bbox 224 3484 1917 3575">
    <p class='ocr_par' dir='ltr' id='par_1_61' title="bbox 224 3484 1917 3573">
     <span class='ocr_line' id='line_1_61' title="bbox 224 3484 1917 3573; baseline 0 -34"><span class='ocrx_word' id='word_1_469' title='bbox 224 3489 427 3557; x_wconf 83' lang='grc' dir='ltr'><strong>οίμιον,</strong></span> <span class='ocrx_word' id='word_1_470' title='bbox 469 3486 533 3539; x_wconf 80' lang='grc' dir='ltr'><strong>τὸ</strong></span> <span class='ocrx_word' id='word_1_471' title='bbox 562 3484 835 3539; x_wconf 82' lang='grc' dir='ltr'><strong>Πιστεύω</strong></span> <span class='ocrx_word' id='word_1_472' title='bbox 866 3485 967 3554; x_wconf 73' lang='grc' dir='ltr'><strong>μὲν</strong></span> <span class='ocrx_word' id='word_1_473' title='bbox 1016 3485 1336 3554; x_wconf 81' lang='grc' dir='ltr'><strong>προτιθείσα</strong></span> <span class='ocrx_word' id='word_1_474' title='bbox 1369 3485 1459 3539; x_wconf 75' lang='grc' dir='ltr'><strong>διὰ</strong></span> <span class='ocrx_word' id='word_1_475' title='bbox 1492 3486 1553 3539; x_wconf 86' lang='grc' dir='ltr'><strong>τδ</strong></span> <span class='ocrx_word' id='word_1_476' title='bbox 1582 3488 1681 3555; x_wconf 79' lang='grc' dir='ltr'><strong>τῆς</strong></span> <span class='ocrx_word' id='word_1_477' title='bbox 1712 3488 1798 3539; x_wconf 82' lang='grc' dir='ltr'><strong>τιί-</strong></span> <span class='ocrx_word' id='word_1_478' title='bbox 1909 3519 1917 3573; x_wconf 75' lang='grc' dir='ltr'><strong>Ι</strong></span> 
     </span>
    </p>
   </div>
   <div class='ocr_carea' id='block_1_62' title="bbox 1794 3484 3487 3575">
    <p class='ocr_par' dir='ltr' id='par_1_62' title="bbox 1794 3484 3487 3575">
     <span class='ocr_line' id='line_1_62' title="bbox 1794 3484 3487 3575; baseline 0.011 -18"><span class='ocrx_word' id='word_1_479' title='bbox 1794 3519 1798 3527; x_wconf 76' lang='grc'><em>’</em></span> <span class='ocrx_word' id='word_1_480' title='bbox 1909 3506 2256 3573; x_wconf 65' lang='lat' dir='ltr'><strong>praemittitur</strong></span> <span class='ocrx_word' id='word_1_481' title='bbox 2303 3508 2375 3562; x_wconf 92' lang='lat' dir='ltr'><strong>ob</strong></span> <span class='ocrx_word' id='word_1_482' title='bbox 2418 3484 2541 3563; x_wconf 77' lang='lat' dir='ltr'><strong>lidei</strong></span> <span class='ocrx_word' id='word_1_483' title='bbox 2591 3484 3001 3569; x_wconf 73' lang='lat' dir='ltr'><strong>certitctdinem.</strong></span> <span class='ocrx_word' id='word_1_484' title='bbox 3060 3516 3132 3571; x_wconf 79' lang='lat' dir='ltr'><strong>In</strong></span> <span class='ocrx_word' id='word_1_485' title='bbox 3162 3484 3325 3573; x_wconf 62' lang='lat' dir='ltr'><strong>suam</strong></span> <span class='ocrx_word' id='word_1_486' title='bbox 3357 3536 3487 3575; x_wconf 88' lang='lat' dir='ltr'><strong>vero</strong></span> 
     </span>
    </p>
   </div>
   <div class='ocr_carea' id='block_1_63' title="bbox 228 3577 1921 3676">
    <p class='ocr_par' dir='ltr' id='par_1_63' title="bbox 228 3577 1921 3648">
     <span class='ocr_line' id='line_1_63' title="bbox 228 3577 1921 3648; baseline 0.002 -18"><span class='ocrx_word' id='word_1_487' title='bbox 228 3595 401 3640; x_wconf 85' lang='grc' dir='ltr'><strong>στεως</strong></span> <span class='ocrx_word' id='word_1_488' title='bbox 419 3578 692 3645; x_wconf 81' lang='grc' dir='ltr'><strong>ἀσφαλές·</strong></span> <span class='ocrx_word' id='word_1_489' title='bbox 735 3579 827 3644; x_wconf 74' lang='grc' dir='ltr'><strong>είς</strong></span> <span class='ocrx_word' id='word_1_490' title='bbox 857 3577 968 3631; x_wconf 74' lang='grc' dir='ltr'><strong>ἕνα</strong></span> <span class='ocrx_word' id='word_1_491' title='bbox 1005 3578 1061 3631; x_wconf 78' lang='grc' dir='ltr'><strong>δὲ</strong></span> <span class='ocrx_word' id='word_1_492' title='bbox 1112 3577 1264 3632; x_wconf 76' lang='grc' dir='ltr'><strong>Θεὸν</strong></span> <span class='ocrx_word' id='word_1_493' title='bbox 1312 3578 1546 3648; x_wconf 82' lang='grc' dir='ltr'><strong>Πατέρα</strong></span> <span class='ocrx_word' id='word_1_494' title='bbox 1574 3596 1798 3634; x_wconf 79' lang='grc' dir='ltr'><strong>παντο·</strong></span> <span class='ocrx_word' id='word_1_495' title='bbox 1908 3595 1921 3648; x_wconf 65' lang='grc' dir='ltr'><em>λ</em></span> 
     </span>
    </p>
   </div>
   <div class='ocr_carea' id='block_1_64' title="bbox 1794 3577 3487 3676">
    <p class='ocr_par' dir='ltr' id='par_1_64' title="bbox 1794 3594 3487 3676">
     <span class='ocr_line' id='line_1_64' title="bbox 1794 3594 3487 3676; baseline 0.013 -30"><span class='ocrx_word' id='word_1_496' title='bbox 1794 3610 1798 3621; x_wconf 82' lang='lat'>&#39;</span> <span class='ocrx_word' id='word_1_497' title='bbox 1908 3594 2077 3649; x_wconf 81' lang='lat' dir='ltr'><strong>Deum</strong></span> <span class='ocrx_word' id='word_1_498' title='bbox 2132 3596 2347 3652; x_wconf 83' lang='lat' dir='ltr'><strong>Patrem</strong></span> <span class='ocrx_word' id='word_1_499' title='bbox 2400 3601 2834 3669; x_wconf 79' lang='lat' dir='ltr'><strong>omnipotentem,</strong></span> <span class='ocrx_word' id='word_1_500' title='bbox 2885 3608 3013 3676; x_wconf 89' lang='lat' dir='ltr'><strong>quia</strong></span> <span class='ocrx_word' id='word_1_501' title='bbox 3055 3608 3199 3664; x_wconf 87' lang='lat' dir='ltr'><strong>Deus</strong></span> <span class='ocrx_word' id='word_1_502' title='bbox 3244 3627 3388 3667; x_wconf 86' lang='lat' dir='ltr'><strong>unus</strong></span> <span class='ocrx_word' id='word_1_503' title='bbox 3432 3623 3487 3668; x_wconf 88' lang='lat' dir='ltr'><strong>ct</strong></span> 
     </span>
    </p>
   </div>
   <div class='ocr_carea' id='block_1_65' title="bbox 227 3664 1920 3771">
    <p class='ocr_par' dir='ltr' id='par_1_65' title="bbox 227 3664 1920 3743">
     <span class='ocr_line' id='line_1_65' title="bbox 227 3664 1920 3743; baseline 0.004 -21"><span class='ocrx_word' id='word_1_504' title='bbox 227 3672 507 3739; x_wconf 73' lang='grc' dir='ltr'><strong>κράτορα,</strong></span> <span class='ocrx_word' id='word_1_505' title='bbox 533 3672 615 3722; x_wconf 80' lang='grc' dir='ltr'><strong>ὅτι</strong></span> <span class='ocrx_word' id='word_1_506' title='bbox 644 3669 778 3732; x_wconf 77' lang='grc' dir='ltr'><strong>Θεὸς</strong></span> <span class='ocrx_word' id='word_1_507' title='bbox 825 3664 928 3733; x_wconf 73' lang='grc' dir='ltr'><strong>εἷς,</strong></span> <span class='ocrx_word' id='word_1_508' title='bbox 962 3670 1058 3723; x_wconf 86' lang='grc' dir='ltr'><strong>καὶ</strong></span> <span class='ocrx_word' id='word_1_509' title='bbox 1090 3664 1270 3735; x_wconf 67' lang='grc' dir='ltr'><strong>οὗτος,</strong></span> <span class='ocrx_word' id='word_1_510' title='bbox 1303 3671 1512 3740; x_wconf 81' lang='grc' dir='ltr'><strong>Πατὴρ.</strong></span> <span class='ocrx_word' id='word_1_511' title='bbox 1543 3671 1619 3734; x_wconf 84' lang='grc' dir='ltr'><strong>ὡς</strong></span> <span class='ocrx_word' id='word_1_512' title='bbox 1644 3672 1796 3743; x_wconf 78' lang='grc' dir='ltr'><strong>πηγὴ</strong></span> <span class='ocrx_word' id='word_1_513' title='bbox 1907 3686 1920 3739; x_wconf 84' lang='lat' dir='ltr'><strong>i</strong></span> 
     </span>
    </p>
   </div>
   <div class='ocr_carea' id='block_1_66' title="bbox 1789 3664 3482 3771">
    <p class='ocr_par' dir='ltr' id='par_1_66' title="bbox 1789 3664 3482 3771">
     <span class='ocr_line' id='line_1_66' title="bbox 1789 3664 3482 3771; baseline 0.006 -28"><span class='ocrx_word' id='word_1_514' title='bbox 1789 3691 1796 3743; x_wconf 92' lang='grc' dir='ltr'><strong>ι</strong></span> <span class='ocrx_word' id='word_1_515' title='bbox 1907 3686 2022 3755; x_wconf 89' lang='lat' dir='ltr'><strong>ipse</strong></span> <span class='ocrx_word' id='word_1_516' title='bbox 2047 3688 2238 3751; x_wconf 87' lang='lat' dir='ltr'><strong>Pater,</strong></span> <span class='ocrx_word' id='word_1_517' title='bbox 2278 3664 2692 3759; x_wconf 36' lang='lat' dir='ltr'><strong>tauquam&#39;fons</strong></span> <span class='ocrx_word' id='word_1_518' title='bbox 2731 3664 2925 3750; x_wconf 76' lang='lat' dir='ltr'><strong>eorum</strong></span> <span class='ocrx_word' id='word_1_519' title='bbox 2961 3700 3056 3767; x_wconf 80' lang='lat' dir='ltr'><strong>qui</strong></span> <span class='ocrx_word' id='word_1_520' title='bbox 3077 3716 3146 3754; x_wconf 87' lang='lat' dir='ltr'><strong>ex</strong></span> <span class='ocrx_word' id='word_1_521' title='bbox 3180 3701 3297 3771; x_wconf 85' lang='lat' dir='ltr'><strong>ipso</strong></span> <span class='ocrx_word' id='word_1_522' title='bbox 3330 3664 3482 3765; x_wconf 70' lang='lat' dir='ltr'><strong>sum,</strong></span> 
     </span>
    </p>
   </div>
   <div class='ocr_carea' id='block_1_67' title="bbox 224 3759 1795 3831">
    <p class='ocr_par' dir='ltr' id='par_1_67' title="bbox 224 3759 1795 3831">
     <span class='ocr_line' id='line_1_67' title="bbox 224 3759 1795 3831; baseline 0.001 -18"><span class='ocrx_word' id='word_1_523' title='bbox 224 3762 337 3815; x_wconf 84' lang='grc' dir='ltr'><strong>τῶν</strong></span> <span class='ocrx_word' id='word_1_524' title='bbox 374 3760 434 3826; x_wconf 77' lang='grc' dir='ltr'><strong>ἐξ</strong></span> <span class='ocrx_word' id='word_1_525' title='bbox 462 3760 652 3825; x_wconf 83' lang='grc' dir='ltr'><strong>αὑτοῦ,</strong></span> <span class='ocrx_word' id='word_1_526' title='bbox 693 3759 823 3812; x_wconf 76' lang='grc' dir='ltr'><strong>Υίοῦ</strong></span> <span class='ocrx_word' id='word_1_527' title='bbox 854 3776 913 3812; x_wconf 87' lang='grc' dir='ltr'><strong>τε</strong></span> <span class='ocrx_word' id='word_1_528' title='bbox 950 3762 1047 3813; x_wconf 81' lang='grc' dir='ltr'><strong>καὶ</strong></span> <span class='ocrx_word' id='word_1_529' title='bbox 1079 3761 1397 3831; x_wconf 87' lang='grc' dir='ltr'><strong>Πνεύματος</strong></span> <span class='ocrx_word' id='word_1_530' title='bbox 1419 3777 1435 3793; x_wconf 83' lang='grc'>⁶</span> <span class='ocrx_word' id='word_1_531' title='bbox 1472 3763 1565 3814; x_wconf 75' lang='grc' dir='ltr'><strong>καὶ</strong></span> <span class='ocrx_word' id='word_1_532' title='bbox 1590 3764 1795 3815; x_wconf 83' lang='grc' dir='ltr'><strong>Παντο⁹</strong></span> 
     </span>
    </p>
   </div>
   <div class='ocr_carea' id='block_1_68' title="bbox 224 3835 1796 3921">
    <p class='ocr_par' dir='ltr' id='par_1_68' title="bbox 224 3835 1796 3921">
     <span class='ocr_line' id='line_1_68' title="bbox 224 3835 1796 3921; baseline 0.001 -17"><span class='ocrx_word' id='word_1_533' title='bbox 224 3852 449 3921; x_wconf 82' lang='grc' dir='ltr'><strong>κράτωρ</strong></span> <span class='ocrx_word' id='word_1_534' title='bbox 475 3850 651 3916; x_wconf 82' lang='grc' dir='ltr'><strong>οὗτος,</strong></span> <span class='ocrx_word' id='word_1_535' title='bbox 693 3849 769 3911; x_wconf 79' lang='grc' dir='ltr'><strong>ὼς</strong></span> <span class='ocrx_word' id='word_1_536' title='bbox 810 3850 949 3919; x_wconf 87' lang='grc' dir='ltr'><strong>μετά</strong></span> <span class='ocrx_word' id='word_1_537' title='bbox 977 3849 1073 3902; x_wconf 87' lang='grc' dir='ltr'><strong>τοῦ</strong></span> <span class='ocrx_word' id='word_1_538' title='bbox 1123 3835 1300 3918; x_wconf 83' lang='grc' dir='ltr'><strong>Λόγου</strong></span> <span class='ocrx_word' id='word_1_539' title='bbox 1347 3852 1443 3904; x_wconf 77' lang='grc' dir='ltr'><strong>καὶ</strong></span> <span class='ocrx_word' id='word_1_540' title='bbox 1483 3852 1796 3920; x_wconf 85' lang='grc' dir='ltr'><strong>Πνεύματος</strong></span> 
     </span>
    </p>
   </div>
   <div class='ocr_carea' id='block_1_69' title="bbox 221 3941 1796 4013">
    <p class='ocr_par' dir='ltr' id='par_1_69' title="bbox 221 3941 1796 4013">
     <span class='ocr_line' id='line_1_69' title="bbox 221 3941 1796 4013; baseline -0.001 -19"><span class='ocrx_word' id='word_1_541' title='bbox 221 3945 332 3997; x_wconf 88' lang='grc' dir='ltr'><strong>τῶν</strong></span> <span class='ocrx_word' id='word_1_542' title='bbox 352 3944 490 3996; x_wconf 83' lang='grc' dir='ltr'><strong>ὅλων</strong></span> <span class='ocrx_word' id='word_1_543' title='bbox 527 3943 843 4011; x_wconf 83' lang='grc' dir='ltr'><strong>κτισμάτων</strong></span> <span class='ocrx_word' id='word_1_544' title='bbox 882 3942 1134 4013; x_wconf 78' lang='grc' dir='ltr'><strong>ποιητής.</strong></span> <span class='ocrx_word' id='word_1_545' title='bbox 1171 3941 1330 3995; x_wconf 75' lang='grc' dir='ltr'><strong>Ἐπεὶ</strong></span> <span class='ocrx_word' id='word_1_546' title='bbox 1372 3944 1481 4013; x_wconf 76' lang='grc' dir='ltr'><strong>γὰρ</strong></span> <span class='ocrx_word' id='word_1_547' title='bbox 1515 3945 1658 3995; x_wconf 84' lang='grc' dir='ltr'><strong>κατὰ</strong></span> <span class='ocrx_word' id='word_1_548' title='bbox 1698 3942 1796 4013; x_wconf 84' lang='grc' dir='ltr'><strong>τὴν</strong></span> 
     </span>
    </p>
   </div>
   <div class='ocr_carea' id='block_1_70' title="bbox 225 4033 1796 4103">
    <p class='ocr_par' dir='ltr' id='par_1_70' title="bbox 225 4033 1796 4103">
     <span class='ocr_line' id='line_1_70' title="bbox 225 4033 1796 4103; baseline -0.002 -14"><span class='ocrx_word' id='word_1_549' title='bbox 225 4035 505 4097; x_wconf 59' lang='grc' dir='ltr'><strong>κίωῦσέως</strong></span> <span class='ocrx_word' id='word_1_550' title='bbox 562 4033 912 4103; x_wconf 77' lang='grc' dir='ltr'><strong>συγγραφήν,</strong></span> <span class='ocrx_word' id='word_1_551' title='bbox 969 4033 1091 4101; x_wconf 76' lang='grc' dir='ltr'><strong>ἥτις</strong></span> <span class='ocrx_word' id='word_1_552' title='bbox 1139 4033 1481 4103; x_wconf 84' lang='grc' dir='ltr'><strong>ἀληθεστάτη</strong></span> <span class='ocrx_word' id='word_1_553' title='bbox 1541 4034 1642 4103; x_wconf 71' lang='grc' dir='ltr'><strong>μὲν</strong></span> <span class='ocrx_word' id='word_1_554' title='bbox 1701 4036 1796 4086; x_wconf 71' lang='grc' dir='ltr'><strong>καὶ</strong></span> 
     </span>
    </p>
   </div>
   <div class='ocr_carea' id='block_1_71' title="bbox 221 4126 1795 4199">
    <p class='ocr_par' dir='ltr' id='par_1_71' title="bbox 221 4126 1795 4199">
     <span class='ocr_line' id='line_1_71' title="bbox 221 4126 1795 4199; baseline -0.002 -17"><span class='ocrx_word' id='word_1_555' title='bbox 221 4129 557 4199; x_wconf 83' lang='grc' dir='ltr'><strong>ἀρχαιοτάτη</strong></span> <span class='ocrx_word' id='word_1_556' title='bbox 581 4129 753 4192; x_wconf 69' lang='grc' dir='ltr'><strong>ἐστὶν,</strong></span> <span class='ocrx_word' id='word_1_557' title='bbox 784 4126 1004 4196; x_wconf 71' lang='grc' dir='ltr'><strong>ἐπιδεὴς</strong></span> <span class='ocrx_word' id='word_1_558' title='bbox 1033 4126 1089 4179; x_wconf 65' lang='grc' dir='ltr'><strong>δὲ</strong></span> <span class='ocrx_word' id='word_1_559' title='bbox 1120 4128 1280 4196; x_wconf 86' lang='grc' dir='ltr'><strong>μόνον</strong></span> <span class='ocrx_word' id='word_1_560' title='bbox 1302 4128 1398 4179; x_wconf 85' lang='grc' dir='ltr'><strong>τοῦ</strong></span> <span class='ocrx_word' id='word_1_561' title='bbox 1440 4128 1587 4179; x_wconf 81' lang='grc' dir='ltr'><strong>θείου</strong></span> <span class='ocrx_word' id='word_1_562' title='bbox 1615 4128 1795 4195; x_wconf 82' lang='grc' dir='ltr'><strong>Εὐαγ-</strong></span> 
     </span>
    </p>
   </div>
   <div class='ocr_carea' id='block_1_72' title="bbox 222 4213 1797 4288">
    <p class='ocr_par' dir='ltr' id='par_1_72' title="bbox 222 4213 1797 4288">
     <span class='ocr_line' id='line_1_72' title="bbox 222 4213 1797 4288; baseline -0.001 -16"><span class='ocrx_word' id='word_1_563' title='bbox 222 4220 428 4288; x_wconf 88' lang='grc' dir='ltr'><strong>γε).ίου,</strong></span> <span class='ocrx_word' id='word_1_564' title='bbox 464 4219 701 4288; x_wconf 80' lang='grc' dir='ltr'><strong>σκιώδης</strong></span> <span class='ocrx_word' id='word_1_565' title='bbox 738 4215 873 4272; x_wconf 74' lang='grc' dir='ltr'><strong>οὖσα</strong></span> <span class='ocrx_word' id='word_1_566' title='bbox 912 4221 1010 4272; x_wconf 79' lang='grc' dir='ltr'><strong>καὶ</strong></span> <span class='ocrx_word' id='word_1_567' title='bbox 1041 4219 1263 4287; x_wconf 76' lang='grc' dir='ltr'><strong>ἀτελὴς,</strong></span> <span class='ocrx_word' id='word_1_568' title='bbox 1304 4213 1385 4282; x_wconf 77' lang='grc' dir='ltr'><strong>εἷς</strong></span> <span class='ocrx_word' id='word_1_569' title='bbox 1425 4219 1556 4281; x_wconf 82' lang='grc' dir='ltr'><strong>Θεὸς</strong></span> <span class='ocrx_word' id='word_1_570' title='bbox 1589 4219 1797 4272; x_wconf 79' lang='grc' dir='ltr'><strong>ἐδιδάσ-</strong></span> 
     </span>
    </p>
   </div>
   <div class='ocr_carea' id='block_1_73' title="bbox 222 4309 1796 4380">
    <p class='ocr_par' dir='ltr' id='par_1_73' title="bbox 222 4309 1796 4380">
     <span class='ocr_line' id='line_1_73' title="bbox 222 4309 1796 4380; baseline 0.001 -17"><span class='ocrx_word' id='word_1_571' title='bbox 222 4329 349 4364; x_wconf 81' lang='grc' dir='ltr'><strong>κετο</strong></span> <span class='ocrx_word' id='word_1_572' title='bbox 379 4314 563 4376; x_wconf 71' lang='grc' dir='ltr'><strong>μόνον,</strong></span> <span class='ocrx_word' id='word_1_573' title='bbox 595 4311 625 4363; x_wconf 97' lang='lat'><strong>6</strong></span> <span class='ocrx_word' id='word_1_574' title='bbox 656 4311 844 4379; x_wconf 74' lang='grc' dir='ltr'><strong>Πατὴρ</strong></span> <span class='ocrx_word' id='word_1_575' title='bbox 869 4310 1109 4380; x_wconf 83' lang='grc' dir='ltr'><strong>δηλονότι</strong></span> <span class='ocrx_word' id='word_1_576' title='bbox 1135 4326 1152 4342; x_wconf 89' lang='grc'><strong>·</strong></span> <span class='ocrx_word' id='word_1_577' title='bbox 1180 4311 1208 4362; x_wconf 89' lang='lat'><strong>6</strong></span> <span class='ocrx_word' id='word_1_578' title='bbox 1234 4309 1291 4363; x_wconf 77' lang='grc' dir='ltr'><strong>δέ</strong></span> <span class='ocrx_word' id='word_1_579' title='bbox 1321 4326 1385 4378; x_wconf 84' lang='grc' dir='ltr'><strong>γε</strong></span> <span class='ocrx_word' id='word_1_580' title='bbox 1418 4311 1590 4378; x_wconf 84' lang='grc' dir='ltr'><strong>Λόγος</strong></span> <span class='ocrx_word' id='word_1_581' title='bbox 1616 4311 1709 4363; x_wconf 72' lang='grc' dir='ltr'><strong>καὶ</strong></span> <span class='ocrx_word' id='word_1_582' title='bbox 1732 4310 1796 4364; x_wconf 77' lang='grc' dir='ltr'><strong>τὸ</strong></span> 
     </span>
    </p>
   </div>
   <div class='ocr_carea' id='block_1_74' title="bbox 224 4398 1797 4473">
    <p class='ocr_par' dir='ltr' id='par_1_74' title="bbox 224 4398 1797 4473">
     <span class='ocr_line' id='line_1_74' title="bbox 224 4398 1797 4473; baseline -0.001 -17"><span class='ocrx_word' id='word_1_583' title='bbox 224 4403 451 4473; x_wconf 80' lang='grc' dir='ltr'><strong>Πνεῦμα</strong></span> <span class='ocrx_word' id='word_1_584' title='bbox 486 4402 743 4472; x_wconf 82' lang='grc' dir='ltr'><strong>ἀμυδρῶς</strong></span> <span class='ocrx_word' id='word_1_585' title='bbox 788 4398 857 4471; x_wconf 81' lang='grc' dir='ltr'><strong>ἦν</strong></span> <span class='ocrx_word' id='word_1_586' title='bbox 903 4404 962 4454; x_wconf 82' lang='grc' dir='ltr'><strong>ὲν</strong></span> <span class='ocrx_word' id='word_1_587' title='bbox 1007 4402 1145 4472; x_wconf 71' lang='grc' dir='ltr'><strong>αὐτῇ</strong></span> <span class='ocrx_word' id='word_1_588' title='bbox 1199 4402 1664 4472; x_wconf 85' lang='grc' dir='ltr'><strong>μαρτυρούμενα·</strong></span> <span class='ocrx_word' id='word_1_589' title='bbox 1706 4404 1797 4455; x_wconf 88' lang='grc' dir='ltr'><strong>ού-</strong></span> 
     </span>
    </p>
   </div>
   <div class='ocr_carea' id='block_1_75' title="bbox 222 4491 1794 4562">
    <p class='ocr_par' dir='ltr' id='par_1_75' title="bbox 222 4491 1794 4562">
     <span class='ocr_line' id='line_1_75' title="bbox 222 4491 1794 4562; baseline 0 -14"><span class='ocrx_word' id='word_1_590' title='bbox 222 4494 384 4562; x_wconf 78' lang='grc' dir='ltr'><strong>ρανδς</strong></span> <span class='ocrx_word' id='word_1_591' title='bbox 412 4494 469 4546; x_wconf 78' lang='grc' dir='ltr'><strong>δὲ</strong></span> <span class='ocrx_word' id='word_1_592' title='bbox 505 4493 607 4544; x_wconf 71' lang='grc' dir='ltr'><strong>καὶ</strong></span> <span class='ocrx_word' id='word_1_593' title='bbox 652 4491 727 4560; x_wconf 80' lang='grc' dir='ltr'><strong>γῆ</strong></span> <span class='ocrx_word' id='word_1_594' title='bbox 779 4492 874 4545; x_wconf 77' lang='grc' dir='ltr'><strong>καὶ</strong></span> <span class='ocrx_word' id='word_1_595' title='bbox 910 4494 977 4544; x_wconf 84' lang='grc' dir='ltr'><strong>τά</strong></span> <span class='ocrx_word' id='word_1_596' title='bbox 1013 4493 1072 4543; x_wconf 73' lang='grc' dir='ltr'><strong>ὲν</strong></span> <span class='ocrx_word' id='word_1_597' title='bbox 1114 4492 1300 4554; x_wconf 80' lang='grc' dir='ltr'><strong>αὐτοῖς</strong></span> <span class='ocrx_word' id='word_1_598' title='bbox 1341 4493 1559 4545; x_wconf 76' lang='grc' dir='ltr'><strong>ἅπαντα</strong></span> <span class='ocrx_word' id='word_1_599' title='bbox 1592 4494 1653 4557; x_wconf 69' lang='grc' dir='ltr'>ἐξ</span> <span class='ocrx_word' id='word_1_600' title='bbox 1694 4495 1794 4548; x_wconf 84' lang='grc' dir='ltr'><strong>οὐκ</strong></span> 
     </span>
    </p>
   </div>
   <div class='ocr_carea' id='block_1_76' title="bbox 218 4583 1793 4656">
    <p class='ocr_par' dir='ltr' id='par_1_76' title="bbox 218 4583 1793 4656">
     <span class='ocr_line' id='line_1_76' title="bbox 218 4583 1793 4656; baseline 0.001 -18"><span class='ocrx_word' id='word_1_601' title='bbox 218 4586 388 4639; x_wconf 75' lang='grc' dir='ltr'><strong>ὄντων</strong></span> <span class='ocrx_word' id='word_1_602' title='bbox 411 4585 569 4653; x_wconf 83' lang='grc' dir='ltr'><strong>Λόγῳ</strong></span> <span class='ocrx_word' id='word_1_603' title='bbox 596 4583 689 4635; x_wconf 65' lang='grc' dir='ltr'><strong>καὶ</strong></span> <span class='ocrx_word' id='word_1_604' title='bbox 716 4583 996 4651; x_wconf 89' lang='grc' dir='ltr'><strong>Πνεύματι</strong></span> <span class='ocrx_word' id='word_1_605' title='bbox 1026 4584 1371 4652; x_wconf 81' lang='grc' dir='ltr'><strong>πεποιημένα</strong></span> <span class='ocrx_word' id='word_1_606' title='bbox 1397 4584 1531 4638; x_wconf 90' lang='grc' dir='ltr'><strong>Θεοῦ</strong></span> <span class='ocrx_word' id='word_1_607' title='bbox 1557 4587 1793 4656; x_wconf 69' lang='grc' dir='ltr'><strong>ἐγέγρα-</strong></span> 
     </span>
    </p>
   </div>
   <div class='ocr_carea' id='block_1_77' title="bbox 1889 3779 3487 3863">
    <p class='ocr_par' dir='ltr' id='par_1_77' title="bbox 1889 3779 3487 3863">
     <span class='ocr_line' id='line_1_77' title="bbox 1889 3779 3487 3863; baseline 0.012 -31"><span class='ocrx_word' id='word_1_608' title='bbox 1889 3779 2115 3833; x_wconf 75' lang='grc' dir='ltr'><strong>·εσί1ίεει</strong></span> <span class='ocrx_word' id='word_1_609' title='bbox 2162 3779 2283 3834; x_wconf 88' lang='lat' dir='ltr'><strong>Filii</strong></span> <span class='ocrx_word' id='word_1_610' title='bbox 2328 3792 2381 3837; x_wconf 92' lang='lat' dir='ltr'><strong>et</strong></span> <span class='ocrx_word' id='word_1_611' title='bbox 2438 3783 2699 3853; x_wconf 79' lang='lat' dir='ltr'><strong>Spiritus.</strong></span> <span class='ocrx_word' id='word_1_612' title='bbox 2730 3786 2801 3841; x_wconf 88' lang='lat' dir='ltr'><strong>Et</strong></span> <span class='ocrx_word' id='word_1_613' title='bbox 2840 3790 3216 3859; x_wconf 82' lang='lat' dir='ltr'><strong>omnipotens,</strong></span> <span class='ocrx_word' id='word_1_614' title='bbox 3253 3795 3349 3863; x_wconf 89' lang='lat' dir='ltr'><strong>qui</strong></span> <span class='ocrx_word' id='word_1_615' title='bbox 3388 3809 3487 3863; x_wconf 81' lang='lat' dir='ltr'><strong>per</strong></span> 
     </span>
    </p>
   </div>
   <div class='ocr_carea' id='block_1_78' title="bbox 1906 3868 3485 3942">
    <p class='ocr_par' dir='ltr' id='par_1_78' title="bbox 1906 3868 3485 3942">
     <span class='ocr_line' id='line_1_78' title="bbox 1906 3868 3485 3942; baseline 0.013 -21"><span class='ocrx_word' id='word_1_616' title='bbox 1906 3868 2145 3924; x_wconf 83' lang='lat' dir='ltr'><strong>Verbum</strong></span> <span class='ocrx_word' id='word_1_617' title='bbox 2187 3881 2243 3926; x_wconf 89' lang='lat' dir='ltr'><strong>et</strong></span> <span class='ocrx_word' id='word_1_618' title='bbox 2280 3870 2547 3942; x_wconf 86' lang='lat' dir='ltr'><strong>Spiritum</strong></span> <span class='ocrx_word' id='word_1_619' title='bbox 2574 3879 2818 3933; x_wconf 87' lang='lat' dir='ltr'><strong>omnium</strong></span> <span class='ocrx_word' id='word_1_620' title='bbox 2852 3888 3229 3936; x_wconf 82' lang='lat' dir='ltr'><strong>creaturarum</strong></span> <span class='ocrx_word' id='word_1_621' title='bbox 3279 3893 3369 3941; x_wconf 76' lang='lat' dir='ltr'><strong>est</strong></span> <span class='ocrx_word' id='word_1_622' title='bbox 3404 3886 3485 3941; x_wconf 83' lang='lat' dir='ltr'><strong>la-</strong></span> 
     </span>
    </p>
   </div>
   <div class='ocr_carea' id='block_1_79' title="bbox 1904 3958 3481 4041">
    <p class='ocr_par' dir='ltr' id='par_1_79' title="bbox 1904 3958 3481 4041">
     <span class='ocr_line' id='line_1_79' title="bbox 1904 3958 3481 4041; baseline 0.01 -30"><span class='ocrx_word' id='word_1_623' title='bbox 1904 3968 2045 4012; x_wconf 88' lang='lat' dir='ltr'><strong>ctor.</strong></span> <span class='ocrx_word' id='word_1_624' title='bbox 2080 3958 2362 4028; x_wconf 88' lang='lat' dir='ltr'><strong>Siquidem</strong></span> <span class='ocrx_word' id='word_1_625' title='bbox 2388 3962 2695 4018; x_wconf 86' lang='lat' dir='ltr'><strong>secundum</strong></span> <span class='ocrx_word' id='word_1_626' title='bbox 2726 3964 2927 4035; x_wconf 73' lang='lat' dir='ltr'><strong>Moysis</strong></span> <span class='ocrx_word' id='word_1_627' title='bbox 2970 3968 3327 4037; x_wconf 85' lang='lat' dir='ltr'><strong>scripturam,</strong></span> <span class='ocrx_word' id='word_1_628' title='bbox 3357 3986 3481 4041; x_wconf 72' lang='lat' dir='ltr'><strong>qua:</strong></span> 
     </span>
    </p>
   </div>
   <div class='ocr_carea' id='block_1_80' title="bbox 1906 4050 3480 4121">
    <p class='ocr_par' dir='ltr' id='par_1_80' title="bbox 1906 4050 3480 4121">
     <span class='ocr_line' id='line_1_80' title="bbox 1906 4050 3480 4121; baseline 0.011 -20"><span class='ocrx_word' id='word_1_629' title='bbox 1906 4050 2191 4105; x_wconf 73' lang='lat' dir='ltr'><strong>verissima</strong></span> <span class='ocrx_word' id='word_1_630' title='bbox 2219 4051 2439 4120; x_wconf 84' lang='lat' dir='ltr'><strong>quidem</strong></span> <span class='ocrx_word' id='word_1_631' title='bbox 2469 4062 2523 4108; x_wconf 89' lang='lat' dir='ltr'><strong>et</strong></span> <span class='ocrx_word' id='word_1_632' title='bbox 2554 4056 2955 4121; x_wconf 84' lang='lat' dir='ltr'><strong>vetustissima,</strong></span> <span class='ocrx_word' id='word_1_633' title='bbox 2988 4067 3200 4113; x_wconf 89' lang='lat' dir='ltr'><strong>tantum</strong></span> <span class='ocrx_word' id='word_1_634' title='bbox 3235 4076 3364 4117; x_wconf 87' lang='lat' dir='ltr'><strong>vero</strong></span> <span class='ocrx_word' id='word_1_635' title='bbox 3393 4063 3480 4117; x_wconf 83' lang='lat' dir='ltr'><strong>di-</strong></span> 
     </span>
    </p>
   </div>
   <div class='ocr_carea' id='block_1_81' title="bbox 1904 4140 3482 4219">
    <p class='ocr_par' dir='ltr' id='par_1_81' title="bbox 1904 4140 3482 4219">
     <span class='ocr_line' id='line_1_81' title="bbox 1904 4140 3482 4219; baseline 0.01 -26"><span class='ocrx_word' id='word_1_636' title='bbox 1904 4144 2034 4195; x_wconf 92' lang='lat' dir='ltr'><strong>vino</strong></span> <span class='ocrx_word' id='word_1_637' title='bbox 2065 4150 2187 4210; x_wconf 77' lang='lat' dir='ltr'><strong>eget</strong></span> <span class='ocrx_word' id='word_1_638' title='bbox 2224 4140 2544 4211; x_wconf 74' lang='lat' dir='ltr'><strong>Evangelia,</strong></span> <span class='ocrx_word' id='word_1_639' title='bbox 2573 4160 2698 4214; x_wconf 73' lang='lat' dir='ltr'><strong>qua:</strong></span> <span class='ocrx_word' id='word_1_640' title='bbox 2728 4148 2979 4203; x_wconf 85' lang='lat' dir='ltr'><strong>umbram</strong></span> <span class='ocrx_word' id='word_1_641' title='bbox 3008 4149 3171 4205; x_wconf 85' lang='lat' dir='ltr'><strong>habet</strong></span> <span class='ocrx_word' id='word_1_642' title='bbox 3198 4160 3254 4206; x_wconf 87' lang='lat' dir='ltr'><strong>et</strong></span> <span class='ocrx_word' id='word_1_643' title='bbox 3283 4153 3482 4219; x_wconf 82' lang='lat' dir='ltr'><strong>imper-</strong></span> 
     </span>
    </p>
   </div>
   <div class='ocr_carea' id='block_1_82' title="bbox 1904 4229 3481 4306">
    <p class='ocr_par' dir='ltr' id='par_1_82' title="bbox 1904 4229 3481 4306">
     <span class='ocr_line' id='line_1_82' title="bbox 1904 4229 3481 4306; baseline 0.01 -23"><span class='ocrx_word' id='word_1_644' title='bbox 1904 4229 2222 4294; x_wconf 80' lang='lat' dir='ltr'><strong>fectionem,</strong></span> <span class='ocrx_word' id='word_1_645' title='bbox 2268 4246 2413 4286; x_wconf 89' lang='lat' dir='ltr'><strong>unus</strong></span> <span class='ocrx_word' id='word_1_646' title='bbox 2447 4232 2591 4288; x_wconf 85' lang='lat' dir='ltr'><strong>Deus</strong></span> <span class='ocrx_word' id='word_1_647' title='bbox 2642 4234 2913 4291; x_wconf 79' lang='lat' dir='ltr'><strong>duntaxat</strong></span> <span class='ocrx_word' id='word_1_648' title='bbox 2958 4237 3286 4306; x_wconf 83' lang='lat' dir='ltr'><strong>docebatur,</strong></span> <span class='ocrx_word' id='word_1_649' title='bbox 3325 4242 3481 4298; x_wconf 83' lang='lat' dir='ltr'><strong>Pater</strong></span> 
     </span>
    </p>
   </div>
   <div class='ocr_carea' id='block_1_83' title="bbox 1869 4319 3478 4395">
    <p class='ocr_par' dir='ltr' id='par_1_83' title="bbox 1869 4319 3478 4395">
     <span class='ocr_line' id='line_1_83' title="bbox 1869 4319 3478 4395; baseline 0.01 -23"><span class='ocrx_word' id='word_1_650' title='bbox 1869 4320 2148 4387; x_wconf 83' lang='lat' dir='ltr'><strong>&#39;scilicet;</strong></span> <span class='ocrx_word' id='word_1_651' title='bbox 2183 4319 2422 4375; x_wconf 83' lang='lat' dir='ltr'><strong>Verbum</strong></span> <span class='ocrx_word' id='word_1_652' title='bbox 2459 4330 2642 4378; x_wconf 90' lang='lat' dir='ltr'><strong>autem</strong></span> <span class='ocrx_word' id='word_1_653' title='bbox 2676 4339 2741 4379; x_wconf 90' lang='lat' dir='ltr'><strong>ac</strong></span> <span class='ocrx_word' id='word_1_654' title='bbox 2776 4323 3015 4395; x_wconf 89' lang='lat' dir='ltr'><strong>Spiritus</strong></span> <span class='ocrx_word' id='word_1_655' title='bbox 3042 4330 3384 4387; x_wconf 77' lang='lat' dir='ltr'><strong>subobscure</strong></span> <span class='ocrx_word' id='word_1_656' title='bbox 3423 4336 3478 4388; x_wconf 87' lang='lat' dir='ltr'><strong>itt</strong></span> 
     </span>
    </p>
   </div>
   <div class='ocr_carea' id='block_1_84' title="bbox 1902 4407 3479 4478">
    <p class='ocr_par' dir='ltr' id='par_1_84' title="bbox 1902 4407 3479 4478">
     <span class='ocr_line' id='line_1_84' title="bbox 1902 4407 3479 4478; baseline 0.01 -19"><span class='ocrx_word' id='word_1_657' title='bbox 1902 4407 2173 4477; x_wconf 87' lang='lat' dir='ltr'><strong>scriptura</strong></span> <span class='ocrx_word' id='word_1_658' title='bbox 2210 4408 2632 4478; x_wconf 83' lang='lat' dir='ltr'><strong>indicebantur;</strong></span> <span class='ocrx_word' id='word_1_659' title='bbox 2656 4413 2857 4468; x_wconf 67' lang='lat' dir='ltr'><strong>caelum</strong></span> <span class='ocrx_word' id='word_1_660' title='bbox 2878 4427 3009 4469; x_wconf 88' lang='lat' dir='ltr'><strong>vero</strong></span> <span class='ocrx_word' id='word_1_661' title='bbox 3028 4425 3084 4471; x_wconf 83' lang='lat' dir='ltr'><strong>et</strong></span> <span class='ocrx_word' id='word_1_662' title='bbox 3116 4425 3263 4473; x_wconf 87' lang='lat' dir='ltr'><strong>terra</strong></span> <span class='ocrx_word' id='word_1_663' title='bbox 3284 4431 3339 4475; x_wconf 89' lang='lat' dir='ltr'><strong>et</strong></span> <span class='ocrx_word' id='word_1_664' title='bbox 3360 4436 3479 4476; x_wconf 79' lang='lat' dir='ltr'><strong>om-</strong></span> 
     </span>
    </p>
   </div>
   <div class='ocr_carea' id='block_1_85' title="bbox 1903 4500 3475 4579">
    <p class='ocr_par' dir='ltr' id='par_1_85' title="bbox 1903 4500 3475 4579">
     <span class='ocr_line' id='line_1_85' title="bbox 1903 4500 3475 4579; baseline 0.01 -27"><span class='ocrx_word' id='word_1_665' title='bbox 1903 4502 1994 4553; x_wconf 91' lang='lat' dir='ltr'><strong>nia</strong></span> <span class='ocrx_word' id='word_1_666' title='bbox 2015 4514 2136 4569; x_wconf 71' lang='lat' dir='ltr'><strong>qua:</strong></span> <span class='ocrx_word' id='word_1_667' title='bbox 2166 4500 2220 4553; x_wconf 88' lang='lat' dir='ltr'><strong>itt</strong></span> <span class='ocrx_word' id='word_1_668' title='bbox 2242 4500 2326 4556; x_wconf 90' lang='lat' dir='ltr'><strong>eis</strong></span> <span class='ocrx_word' id='word_1_669' title='bbox 2360 4510 2489 4557; x_wconf 86' lang='lat' dir='ltr'><strong>sunt</strong></span> <span class='ocrx_word' id='word_1_670' title='bbox 2507 4516 2539 4558; x_wconf 88' lang='lat' dir='ltr'><strong>e</strong></span> <span class='ocrx_word' id='word_1_671' title='bbox 2561 4518 2671 4558; x_wconf 91' lang='lat' dir='ltr'><strong>non</strong></span> <span class='ocrx_word' id='word_1_672' title='bbox 2698 4505 3089 4563; x_wconf 86' lang='lat' dir='ltr'><strong>exsistentibus</strong></span> <span class='ocrx_word' id='word_1_673' title='bbox 3115 4522 3217 4579; x_wconf 87' lang='lat' dir='ltr'><strong>per</strong></span> <span class='ocrx_word' id='word_1_674' title='bbox 3239 4507 3475 4567; x_wconf 77' lang='lat' dir='ltr'><strong>Verbum</strong></span> 
     </span>
    </p>
   </div>
   <div class='ocr_carea' id='block_1_86' title="bbox 1902 4589 3472 4663">
    <p class='ocr_par' dir='ltr' id='par_1_86' title="bbox 1902 4589 3472 4663">
     <span class='ocr_line' id='line_1_86' title="bbox 1902 4589 3472 4663; baseline 0.008 -17"><span class='ocrx_word' id='word_1_675' title='bbox 1902 4600 1957 4646; x_wconf 92' lang='lat' dir='ltr'><strong>et</strong></span> <span class='ocrx_word' id='word_1_676' title='bbox 1995 4589 2261 4660; x_wconf 87' lang='lat' dir='ltr'><strong>Spiritum</strong></span> <span class='ocrx_word' id='word_1_677' title='bbox 2309 4590 2455 4647; x_wconf 81' lang='lat' dir='ltr'><strong>facta</strong></span> <span class='ocrx_word' id='word_1_678' title='bbox 2493 4607 2525 4645; x_wconf 90' lang='lat' dir='ltr'><strong>a</strong></span> <span class='ocrx_word' id='word_1_679' title='bbox 2574 4592 2686 4648; x_wconf 91' lang='lat' dir='ltr'><strong>Deo</strong></span> <span class='ocrx_word' id='word_1_680' title='bbox 2734 4597 3151 4663; x_wconf 88' lang='lat' dir='ltr'><strong>reputabantur.</strong></span> <span class='ocrx_word' id='word_1_681' title='bbox 3177 4598 3472 4658; x_wconf 79' lang='lat' dir='ltr'><strong>ﬂuminum</strong></span> 
     </span>
    </p>
   </div>
   <div class='ocr_carea' id='block_1_87' title="bbox 222 4669 1915 4753">
    <p class='ocr_par' dir='ltr' id='par_1_87' title="bbox 222 4669 1915 4745">
     <span class='ocr_line' id='line_1_87' title="bbox 222 4669 1915 4745; baseline -0.001 -17"><span class='ocrx_word' id='word_1_682' title='bbox 222 4693 327 4728; x_wconf 82' lang='grc' dir='ltr'><strong>πτο</strong></span> <span class='ocrx_word' id='word_1_683' title='bbox 351 4692 365 4707; x_wconf 75' lang='grc' dir='ltr'><strong>ο</strong></span> <span class='ocrx_word' id='word_1_684' title='bbox 398 4676 576 4744; x_wconf 72' lang='grc' dir='ltr'><strong>ἕτεροι</strong></span> <span class='ocrx_word' id='word_1_685' title='bbox 606 4675 662 4727; x_wconf 65' lang='grc' dir='ltr'><strong>δὲ</strong></span> <span class='ocrx_word' id='word_1_686' title='bbox 691 4674 798 4726; x_wconf 85' lang='grc' dir='ltr'><strong>τῶν</strong></span> <span class='ocrx_word' id='word_1_687' title='bbox 824 4674 1127 4743; x_wconf 78' lang='grc' dir='ltr'><strong>ἀνθρώπων</strong></span> <span class='ocrx_word' id='word_1_688' title='bbox 1159 4674 1640 4745; x_wconf 72' lang='grc' dir='ltr'><strong>ἀποπλανηθέντες</strong></span> <span class='ocrx_word' id='word_1_689' title='bbox 1662 4679 1791 4729; x_wconf 75' lang='grc' dir='ltr'><strong>πολο</strong></span> <span class='ocrx_word' id='word_1_690' title='bbox 1821 4669 1869 4727; x_wconf 86' lang='lat' dir='ltr'><strong>D</strong></span> <span class='ocrx_word' id='word_1_691' title='bbox 1895 4697 1915 4734; x_wconf 71' lang='grc' dir='ltr'><strong>ε</strong></span> 
     </span>
    </p>
   </div>
   <div class='ocr_carea' id='block_1_88' title="bbox 1781 4669 3474 4753">
    <p class='ocr_par' dir='ltr' id='par_1_88' title="bbox 1781 4669 3474 4753">
     <span class='ocr_line' id='line_1_88' title="bbox 1781 4669 3474 4753; baseline 0.009 -20"><span class='ocrx_word' id='word_1_692' title='bbox 1781 4707 1791 4718; x_wconf 90' lang='lat'><strong><em>-</em></strong></span> <span class='ocrx_word' id='word_1_693' title='bbox 1821 4669 1869 4727; x_wconf 79' lang='grc' dir='ltr'><strong>υ</strong></span> <span class='ocrx_word' id='word_1_694' title='bbox 1895 4691 2076 4736; x_wconf 90' lang='lat' dir='ltr'><strong>autem</strong></span> <span class='ocrx_word' id='word_1_695' title='bbox 2122 4690 2444 4737; x_wconf 52' lang='lat' dir='ltr'><strong>ceterorum</strong></span> <span class='ocrx_word' id='word_1_696' title='bbox 2476 4685 2799 4743; x_wconf 85' lang='lat' dir='ltr'><strong>aberrantes</strong></span> <span class='ocrx_word' id='word_1_697' title='bbox 2851 4689 3035 4753; x_wconf 87' lang='lat' dir='ltr'><strong>multi,</strong></span> <span class='ocrx_word' id='word_1_698' title='bbox 3069 4690 3173 4744; x_wconf 90' lang='lat' dir='ltr'><strong>alii</strong></span> <span class='ocrx_word' id='word_1_699' title='bbox 3211 4707 3319 4746; x_wconf 89' lang='lat' dir='ltr'><strong>non</strong></span> <span class='ocrx_word' id='word_1_700' title='bbox 3350 4709 3474 4749; x_wconf 80' lang='lat' dir='ltr'><strong>esse</strong></span> 
     </span>
    </p>
   </div>
   <div class='ocr_carea' id='block_1_89' title="bbox 218 4763 1794 4837">
    <p class='ocr_par' dir='ltr' id='par_1_89' title="bbox 218 4763 1794 4837">
     <span class='ocr_line' id='line_1_89' title="bbox 218 4763 1794 4837; baseline 0.001 -16"><span class='ocrx_word' id='word_1_701' title='bbox 218 4771 325 4832; x_wconf 80' lang='grc' dir='ltr'><strong>λοὶ,</strong></span> <span class='ocrx_word' id='word_1_702' title='bbox 363 4770 413 4821; x_wconf 86' lang='grc' dir='ltr'><strong>οἱ</strong></span> <span class='ocrx_word' id='word_1_703' title='bbox 442 4769 544 4835; x_wconf 78' lang='grc' dir='ltr'><strong>μὲν</strong></span> <span class='ocrx_word' id='word_1_704' title='bbox 578 4766 654 4836; x_wconf 82' lang='grc' dir='ltr'><strong>μὴ</strong></span> <span class='ocrx_word' id='word_1_705' title='bbox 684 4763 823 4820; x_wconf 75' lang='grc' dir='ltr'><strong>εἶναι</strong></span> <span class='ocrx_word' id='word_1_706' title='bbox 853 4766 987 4819; x_wconf 81' lang='grc' dir='ltr'><strong>Θεὸν</strong></span> <span class='ocrx_word' id='word_1_707' title='bbox 1015 4768 1332 4837; x_wconf 77' lang='grc' dir='ltr'><strong>είρήκασιν.</strong></span> <span class='ocrx_word' id='word_1_708' title='bbox 1371 4768 1600 4837; x_wconf 79' lang='grc' dir='ltr'><strong>ἄφρονες</strong></span> <span class='ocrx_word' id='word_1_709' title='bbox 1625 4769 1794 4832; x_wconf 75' lang='grc' dir='ltr'><strong>ὅντως</strong></span> 
     </span>
    </p>
   </div>
   <div class='ocr_carea' id='block_1_90' title="bbox 218 4858 1791 4929">
    <p class='ocr_par' dir='ltr' id='par_1_90' title="bbox 218 4858 1791 4929">
     <span class='ocr_line' id='line_1_90' title="bbox 218 4858 1791 4929; baseline 0.001 -17"><span class='ocrx_word' id='word_1_710' title='bbox 218 4860 393 4924; x_wconf 70' lang='grc' dir='ltr'><strong>ὄντες,</strong></span> <span class='ocrx_word' id='word_1_711' title='bbox 431 4858 525 4911; x_wconf 79' lang='grc' dir='ltr'><strong>καὶ</strong></span> <span class='ocrx_word' id='word_1_712' title='bbox 568 4858 707 4927; x_wconf 80' lang='grc' dir='ltr'><strong>τύχῃ</strong></span> <span class='ocrx_word' id='word_1_713' title='bbox 749 4859 841 4910; x_wconf 76' lang='grc' dir='ltr'><strong>καὶ</strong></span> <span class='ocrx_word' id='word_1_714' title='bbox 877 4859 1191 4929; x_wconf 76' lang='grc' dir='ltr'><strong>εἱμαρμένῃ</strong></span> <span class='ocrx_word' id='word_1_715' title='bbox 1227 4858 1287 4910; x_wconf 77' lang='grc' dir='ltr'><strong>τὸ</strong></span> <span class='ocrx_word' id='word_1_716' title='bbox 1328 4860 1437 4911; x_wconf 73' lang='grc' dir='ltr'><strong>πᾶν</strong></span> <span class='ocrx_word' id='word_1_717' title='bbox 1468 4861 1751 4928; x_wconf 73' lang='grc' dir='ltr'><strong>ὑπέθηκαν</strong></span> <span class='ocrx_word' id='word_1_718' title='bbox 1777 4878 1791 4893; x_wconf 77' lang='grc' dir='ltr'><strong><em>ο</em></strong></span> 
     </span>
    </p>
   </div>
   <div class='ocr_carea' id='block_1_91' title="bbox 218 4948 1795 5021">
    <p class='ocr_par' dir='ltr' id='par_1_91' title="bbox 218 4948 1795 5021">
     <span class='ocr_line' id='line_1_91' title="bbox 218 4948 1795 5021; baseline 0.001 -18"><span class='ocrx_word' id='word_1_719' title='bbox 218 4953 270 5003; x_wconf 86' lang='lat' dir='ltr'><strong>ol</strong></span> <span class='ocrx_word' id='word_1_720' title='bbox 301 4952 357 5003; x_wconf 73' lang='grc' dir='ltr'><strong>δὲ</strong></span> <span class='ocrx_word' id='word_1_721' title='bbox 408 4950 548 5002; x_wconf 89' lang='grc' dir='ltr'><strong>θεῶν</strong></span> <span class='ocrx_word' id='word_1_722' title='bbox 577 4948 797 5018; x_wconf 80' lang='grc' dir='ltr'><strong>πλῆθος,</strong></span> <span class='ocrx_word' id='word_1_723' title='bbox 832 4949 924 5001; x_wconf 79' lang='grc' dir='ltr'><strong>καὶ</strong></span> <span class='ocrx_word' id='word_1_724' title='bbox 963 4948 1226 5017; x_wconf 85' lang='grc' dir='ltr'><strong>δυνάμεις</strong></span> <span class='ocrx_word' id='word_1_725' title='bbox 1258 4949 1438 5002; x_wconf 83' lang='grc' dir='ltr'><strong>αὐτῶν</strong></span> <span class='ocrx_word' id='word_1_726' title='bbox 1491 4951 1795 5021; x_wconf 76' lang='grc' dir='ltr'><strong>ἐπενόησαν</strong></span> 
     </span>
    </p>
   </div>
   <div class='ocr_carea' id='block_1_92' title="bbox 221 5039 1793 5108">
    <p class='ocr_par' dir='ltr' id='par_1_92' title="bbox 221 5039 1793 5108">
     <span class='ocr_line' id='line_1_92' title="bbox 221 5039 1793 5108; baseline 0.001 -14"><span class='ocrx_word' id='word_1_727' title='bbox 221 5042 457 5105; x_wconf 73' lang='grc' dir='ltr'><strong>ἑαυτοῖς,</strong></span> <span class='ocrx_word' id='word_1_728' title='bbox 488 5039 935 5108; x_wconf 81' lang='grc' dir='ltr'><strong>είδωλολατρείας</strong></span> <span class='ocrx_word' id='word_1_729' title='bbox 966 5040 1167 5107; x_wconf 86' lang='grc' dir='ltr'><strong>μανίαν</strong></span> <span class='ocrx_word' id='word_1_730' title='bbox 1188 5057 1249 5094; x_wconf 76' lang='grc' dir='ltr'><strong>τε</strong></span> <span class='ocrx_word' id='word_1_731' title='bbox 1278 5046 1370 5091; x_wconf 82' lang='grc' dir='ltr'><strong>καὶ</strong></span> <span class='ocrx_word' id='word_1_732' title='bbox 1406 5041 1666 5096; x_wconf 77' lang='grc' dir='ltr'><strong>ἀσέϐειαν</strong></span> <span class='ocrx_word' id='word_1_733' title='bbox 1695 5060 1793 5095; x_wconf 88' lang='grc' dir='ltr'><strong>συ-</strong></span> 
     </span>
    </p>
   </div>
   <div class='ocr_carea' id='block_1_93' title="bbox 224 5131 1796 5205">
    <p class='ocr_par' dir='ltr' id='par_1_93' title="bbox 224 5131 1796 5205">
     <span class='ocr_line' id='line_1_93' title="bbox 224 5131 1796 5205; baseline 0.001 -19"><span class='ocrx_word' id='word_1_734' title='bbox 224 5136 587 5202; x_wconf 80' lang='grc' dir='ltr'><strong>νεστήσαντο·</strong></span> <span class='ocrx_word' id='word_1_735' title='bbox 626 5131 776 5185; x_wconf 75' lang='grc' dir='ltr'><strong>ἄλλοι</strong></span> <span class='ocrx_word' id='word_1_736' title='bbox 807 5131 864 5184; x_wconf 61' lang='grc' dir='ltr'><strong>δὲ</strong></span> <span class='ocrx_word' id='word_1_737' title='bbox 904 5132 1195 5199; x_wconf 69' lang='grc' dir='ltr'><strong>γοητείαν,</strong></span> <span class='ocrx_word' id='word_1_738' title='bbox 1224 5136 1321 5186; x_wconf 84' lang='grc' dir='ltr'><strong>καὶ</strong></span> <span class='ocrx_word' id='word_1_739' title='bbox 1361 5134 1608 5204; x_wconf 80' lang='grc' dir='ltr'><strong>ἀστέρων</strong></span> <span class='ocrx_word' id='word_1_740' title='bbox 1640 5138 1796 5205; x_wconf 79' lang='grc' dir='ltr'><strong>κινή-</strong></span> 
     </span>
    </p>
   </div>
   <div class='ocr_carea' id='block_1_94' title="bbox 223 5224 1793 5295">
    <p class='ocr_par' dir='ltr' id='par_1_94' title="bbox 223 5224 1793 5295">
     <span class='ocr_line' id='line_1_94' title="bbox 223 5224 1793 5295; baseline 0.003 -18"><span class='ocrx_word' id='word_1_741' title='bbox 223 5244 340 5288; x_wconf 76' lang='grc' dir='ltr'><strong>σεις</strong></span> <span class='ocrx_word' id='word_1_742' title='bbox 371 5226 467 5277; x_wconf 86' lang='grc' dir='ltr'><strong>καὶ</strong></span> <span class='ocrx_word' id='word_1_743' title='bbox 500 5227 717 5291; x_wconf 82' lang='grc' dir='ltr'><strong>γένεσιν</strong></span> <span class='ocrx_word' id='word_1_744' title='bbox 745 5224 1172 5291; x_wconf 67' lang='grc' dir='ltr'><strong>ωνεσκέψαντο,</strong></span> <span class='ocrx_word' id='word_1_745' title='bbox 1197 5226 1288 5277; x_wconf 72' lang='grc' dir='ltr'><strong>καὶ</strong></span> <span class='ocrx_word' id='word_1_746' title='bbox 1312 5224 1408 5277; x_wconf 78' lang='grc' dir='ltr'><strong>τὸν</strong></span> <span class='ocrx_word' id='word_1_747' title='bbox 1444 5228 1645 5295; x_wconf 83' lang='grc' dir='ltr'><strong>κόσμον</strong></span> <span class='ocrx_word' id='word_1_748' title='bbox 1672 5227 1793 5281; x_wconf 64' lang='grc' dir='ltr'><strong>τοῦς</strong></span> 
     </span>
    </p>
   </div>
   <div class='ocr_carea' id='block_1_95' title="bbox 220 5313 1794 5387">
    <p class='ocr_par' dir='ltr' id='par_1_95' title="bbox 220 5313 1794 5387">
     <span class='ocr_line' id='line_1_95' title="bbox 220 5313 1794 5387; baseline 0.002 -20"><span class='ocrx_word' id='word_1_749' title='bbox 220 5333 313 5367; x_wconf 88' lang='grc' dir='ltr'><strong>τον</strong></span> <span class='ocrx_word' id='word_1_750' title='bbox 333 5315 501 5368; x_wconf 71' lang='grc' dir='ltr'><strong>ἀΐδιον</strong></span> <span class='ocrx_word' id='word_1_751' title='bbox 529 5313 624 5366; x_wconf 73' lang='grc' dir='ltr'><strong>καὶ</strong></span> <span class='ocrx_word' id='word_1_752' title='bbox 655 5313 996 5366; x_wconf 73' lang='grc' dir='ltr'><strong>ἀκατάλυτον</strong></span> <span class='ocrx_word' id='word_1_753' title='bbox 1023 5314 1352 5384; x_wconf 73' lang='grc' dir='ltr'><strong>ὑπενόησαν,</strong></span> <span class='ocrx_word' id='word_1_754' title='bbox 1382 5318 1473 5368; x_wconf 83' lang='grc' dir='ltr'><strong>καὶ</strong></span> <span class='ocrx_word' id='word_1_755' title='bbox 1501 5315 1794 5387; x_wconf 80' lang='grc' dir='ltr'><strong>λατρευταὶ</strong></span> 
     </span>
    </p>
   </div>
   <div class='ocr_carea' id='block_1_96' title="bbox 217 5405 1793 5480">
    <p class='ocr_par' dir='ltr' id='par_1_96' title="bbox 217 5405 1793 5480">
     <span class='ocr_line' id='line_1_96' title="bbox 217 5405 1793 5480; baseline 0.001 -19"><span class='ocrx_word' id='word_1_756' title='bbox 217 5407 518 5475; x_wconf 82' lang='grc' dir='ltr'><strong>δαιμονίων</strong></span> <span class='ocrx_word' id='word_1_757' title='bbox 552 5408 649 5459; x_wconf 79' lang='grc' dir='ltr'><strong>καὶ</strong></span> <span class='ocrx_word' id='word_1_758' title='bbox 702 5406 803 5476; x_wconf 81' lang='grc' dir='ltr'><strong>τῆς</strong></span> <span class='ocrx_word' id='word_1_759' title='bbox 833 5405 1067 5469; x_wconf 85' lang='grc' dir='ltr'><strong>κτίσεως</strong></span> <span class='ocrx_word' id='word_1_760' title='bbox 1104 5407 1222 5476; x_wconf 77' lang='grc' dir='ltr'><strong>ἅμα</strong></span> <span class='ocrx_word' id='word_1_761' title='bbox 1255 5408 1545 5475; x_wconf 86' lang='grc' dir='ltr'><strong>γεγόνασιν</strong></span> <span class='ocrx_word' id='word_1_762' title='bbox 1575 5425 1588 5439; x_wconf 81' lang='grc'><strong><em>⁸</em></strong></span> <span class='ocrx_word' id='word_1_763' title='bbox 1633 5412 1665 5480; x_wconf 75' lang='grc' dir='ltr'><strong>ἡ</strong></span> <span class='ocrx_word' id='word_1_764' title='bbox 1696 5413 1793 5462; x_wconf 58' lang='grc' dir='ltr'><strong>τοῦ</strong></span> 
     </span>
    </p>
   </div>
   <div class='ocr_carea' id='block_1_97' title="bbox 220 5499 1794 5571">
    <p class='ocr_par' dir='ltr' id='par_1_97' title="bbox 220 5499 1794 5571">
     <span class='ocr_line' id='line_1_97' title="bbox 220 5499 1794 5571; baseline 0.001 -16"><span class='ocrx_word' id='word_1_765' title='bbox 220 5500 459 5570; x_wconf 84' lang='grc' dir='ltr'><strong>Χριστοῦ</strong></span> <span class='ocrx_word' id='word_1_766' title='bbox 493 5499 794 5571; x_wconf 81' lang='grc' dir='ltr'><strong>Ἐκκλησία</strong></span> <span class='ocrx_word' id='word_1_767' title='bbox 825 5500 990 5552; x_wconf 85' lang='grc' dir='ltr'><strong>αὐτὸν</strong></span> <span class='ocrx_word' id='word_1_768' title='bbox 1018 5500 1113 5552; x_wconf 80' lang='grc' dir='ltr'><strong>τὸν</strong></span> <span class='ocrx_word' id='word_1_769' title='bbox 1156 5501 1249 5553; x_wconf 87' lang='grc' dir='ltr'><strong>τοῦ</strong></span> <span class='ocrx_word' id='word_1_770' title='bbox 1298 5501 1435 5553; x_wconf 87' lang='grc' dir='ltr'><strong>Θεοῦ</strong></span> <span class='ocrx_word' id='word_1_771' title='bbox 1485 5502 1663 5569; x_wconf 78' lang='grc' dir='ltr'><strong>λόγον,</strong></span> <span class='ocrx_word' id='word_1_772' title='bbox 1702 5505 1794 5556; x_wconf 74' lang='grc' dir='ltr'><strong>τὸν</strong></span> 
     </span>
    </p>
   </div>
   <div class='ocr_carea' id='block_1_98' title="bbox 225 5592 1795 5664">
    <p class='ocr_par' dir='ltr' id='par_1_98' title="bbox 225 5592 1795 5664">
     <span class='ocr_line' id='line_1_98' title="bbox 225 5592 1795 5664; baseline 0.001 -19"><span class='ocrx_word' id='word_1_773' title='bbox 225 5593 491 5664; x_wconf 85' lang='grc' dir='ltr'><strong>μονογενῆ</strong></span> <span class='ocrx_word' id='word_1_774' title='bbox 522 5592 671 5655; x_wconf 74' lang='grc' dir='ltr'><strong>Υίδν,</strong></span> <span class='ocrx_word' id='word_1_775' title='bbox 702 5594 803 5663; x_wconf 81' lang='grc' dir='ltr'><strong>τὴν</strong></span> <span class='ocrx_word' id='word_1_776' title='bbox 838 5594 1207 5646; x_wconf 75' lang='grc' dir='ltr'><strong>ἑνυπόστατον</strong></span> <span class='ocrx_word' id='word_1_777' title='bbox 1257 5595 1355 5647; x_wconf 83' lang='grc' dir='ltr'><strong>καὶ</strong></span> <span class='ocrx_word' id='word_1_778' title='bbox 1386 5593 1568 5657; x_wconf 81' lang='grc' dir='ltr'><strong>ζῶσαν</strong></span> <span class='ocrx_word' id='word_1_779' title='bbox 1602 5597 1795 5663; x_wconf 80' lang='grc' dir='ltr'><strong>σοφίαν</strong></span> 
     </span>
    </p>
   </div>
   <div class='ocr_carea' id='block_1_99' title="bbox 220 5682 1796 5754">
    <p class='ocr_par' dir='ltr' id='par_1_99' title="bbox 220 5682 1796 5754">
     <span class='ocr_line' id='line_1_99' title="bbox 220 5682 1796 5754; baseline 0.001 -17"><span class='ocrx_word' id='word_1_780' title='bbox 220 5684 538 5738; x_wconf 86' lang='grc' dir='ltr'><strong>διδάσκαλον</strong></span> <span class='ocrx_word' id='word_1_781' title='bbox 571 5684 792 5753; x_wconf 76' lang='grc' dir='ltr'><strong>ἔχουσα,</strong></span> <span class='ocrx_word' id='word_1_782' title='bbox 844 5682 1200 5753; x_wconf 69' lang='grc' dir='ltr'><strong>διορθουμένη</strong></span> <span class='ocrx_word' id='word_1_783' title='bbox 1252 5683 1314 5736; x_wconf 82' lang='grc' dir='ltr'><strong>τὸ</strong></span> <span class='ocrx_word' id='word_1_784' title='bbox 1373 5684 1503 5751; x_wconf 79' lang='grc' dir='ltr'><strong>πᾶν,</strong></span> <span class='ocrx_word' id='word_1_785' title='bbox 1554 5687 1646 5737; x_wconf 76' lang='grc' dir='ltr'><strong>καὶ</strong></span> <span class='ocrx_word' id='word_1_786' title='bbox 1695 5685 1796 5754; x_wconf 83' lang='grc' dir='ltr'><strong>τὴν</strong></span> 
     </span>
    </p>
   </div>
   <div class='ocr_carea' id='block_1_100' title="bbox 220 5775 1792 5847">
    <p class='ocr_par' dir='ltr' id='par_1_100' title="bbox 220 5775 1792 5847">
     <span class='ocr_line' id='line_1_100' title="bbox 220 5775 1792 5847; baseline -0.001 -16"><span class='ocrx_word' id='word_1_787' title='bbox 220 5778 487 5847; x_wconf 73' lang='grc' dir='ltr'><strong>ἀλήθειαν</strong></span> <span class='ocrx_word' id='word_1_788' title='bbox 550 5775 1025 5847; x_wconf 66' lang='grc' dir='ltr'><strong>ἐπιμαρτυροῦσα,</strong></span> <span class='ocrx_word' id='word_1_789' title='bbox 1076 5776 1441 5829; x_wconf 83' lang='grc' dir='ltr'><strong>ἀποδάλλεται</strong></span> <span class='ocrx_word' id='word_1_790' title='bbox 1501 5777 1603 5847; x_wconf 69' lang='grc' dir='ltr'><strong>μὲν</strong></span> <span class='ocrx_word' id='word_1_791' title='bbox 1651 5782 1792 5847; x_wconf 65' lang='grc' dir='ltr'><strong>μετὰ</strong></span> 
     </span>
    </p>
   </div>
   <div class='ocr_carea' id='block_1_101' title="bbox 221 5856 1793 5937">
    <p class='ocr_par' dir='ltr' id='par_1_101' title="bbox 221 5856 1793 5937">
     <span class='ocr_line' id='line_1_101' title="bbox 221 5856 1793 5937; baseline 0 -17"><span class='ocrx_word' id='word_1_792' title='bbox 221 5856 317 5921; x_wconf 71' lang='grc' dir='ltr'><strong>τοῦ</strong></span> <span class='ocrx_word' id='word_1_793' title='bbox 344 5867 509 5920; x_wconf 74' lang='grc' dir='ltr'><strong>Δασὶδ</strong></span> <span class='ocrx_word' id='word_1_794' title='bbox 538 5868 669 5929; x_wconf 80' lang='grc' dir='ltr'><strong>τοὺς</strong></span> <span class='ocrx_word' id='word_1_795' title='bbox 709 5868 785 5937; x_wconf 77' lang='grc' dir='ltr'><strong>μὴ</strong></span> <span class='ocrx_word' id='word_1_796' title='bbox 810 5868 1213 5935; x_wconf 75' lang='grc' dir='ltr'><strong>ὁμολογοῦντας</strong></span> <span class='ocrx_word' id='word_1_797' title='bbox 1242 5867 1334 5920; x_wconf 71' lang='grc' dir='ltr'><strong>τὸν</strong></span> <span class='ocrx_word' id='word_1_798' title='bbox 1359 5867 1515 5922; x_wconf 87' lang='grc' dir='ltr'><strong>Θεόν.</strong></span> <span class='ocrx_word' id='word_1_799' title='bbox 1556 5869 1793 5931; x_wconf 82' lang='grc' dir='ltr'><strong>Ἐκεῖνος</strong></span> 
     </span>
    </p>
   </div>
   <div class='ocr_carea' id='block_1_102' title="bbox 222 5956 1790 6032">
    <p class='ocr_par' dir='ltr' id='par_1_102' title="bbox 222 5956 1790 6032">
     <span class='ocr_line' id='line_1_102' title="bbox 222 5956 1790 6032; baseline -0.003 -18"><span class='ocrx_word' id='word_1_800' title='bbox 222 5964 333 6031; x_wconf 79' lang='grc' dir='ltr'><strong>γάρ</strong></span> <span class='ocrx_word' id='word_1_801' title='bbox 367 5977 553 6032; x_wconf 81' lang='grc' dir='ltr'><strong>φησιν,</strong></span> <span class='ocrx_word' id='word_1_802' title='bbox 592 5956 778 6016; x_wconf 73' lang='grc' dir='ltr'><strong>Εἶπεν</strong></span> <span class='ocrx_word' id='word_1_803' title='bbox 822 5958 1029 6029; x_wconf 69' lang='grc' dir='ltr'><strong>ἄφρων</strong></span> <span class='ocrx_word' id='word_1_804' title='bbox 1085 5960 1153 6013; x_wconf 79' lang='grc' dir='ltr'><strong>ἐν</strong></span> <span class='ocrx_word' id='word_1_805' title='bbox 1190 5956 1406 6026; x_wconf 79' lang='grc' dir='ltr'><strong>καρδίᾳ</strong></span> <span class='ocrx_word' id='word_1_806' title='bbox 1450 5957 1638 6013; x_wconf 80' lang='grc' dir='ltr'><strong>αὐτοῦ</strong></span> <span class='ocrx_word' id='word_1_807' title='bbox 1680 5962 1790 6013; x_wconf 73' lang='grc' dir='ltr'><strong>οὐν</strong></span> 
     </span>
    </p>
   </div>
   <div class='ocr_carea' id='block_1_103' title="bbox 1901 4773 3477 4844">
    <p class='ocr_par' dir='ltr' id='par_1_103' title="bbox 1901 4773 3477 4844">
     <span class='ocr_line' id='line_1_103' title="bbox 1901 4773 3477 4844; baseline 0.008 -17"><span class='ocrx_word' id='word_1_808' title='bbox 1901 4774 2067 4828; x_wconf 88' lang='lat' dir='ltr'><strong>Deum</strong></span> <span class='ocrx_word' id='word_1_809' title='bbox 2087 4773 2366 4835; x_wconf 86' lang='lat' dir='ltr'><strong>dixerunt,</strong></span> <span class='ocrx_word' id='word_1_810' title='bbox 2398 4774 2722 4844; x_wconf 89' lang='lat' dir='ltr'><strong>insipientes</strong></span> <span class='ocrx_word' id='word_1_811' title='bbox 2750 4777 2929 4843; x_wconf 78' lang='lat' dir='ltr'><strong>valde,</strong></span> <span class='ocrx_word' id='word_1_812' title='bbox 2961 4789 3017 4834; x_wconf 93' lang='lat' dir='ltr'><strong>et</strong></span> <span class='ocrx_word' id='word_1_813' title='bbox 3040 4779 3272 4837; x_wconf 79' lang='lat' dir='ltr'><strong>fortuito</strong></span> <span class='ocrx_word' id='word_1_814' title='bbox 3298 4783 3477 4840; x_wconf 79' lang='lat' dir='ltr'><strong>fatali-</strong></span> 
     </span>
    </p>
   </div>
   <div class='ocr_carea' id='block_1_104' title="bbox 1897 4866 3473 4938">
    <p class='ocr_par' dir='ltr' id='par_1_104' title="bbox 1897 4866 3473 4938">
     <span class='ocr_line' id='line_1_104' title="bbox 1897 4866 3473 4938; baseline 0.008 -19"><span class='ocrx_word' id='word_1_815' title='bbox 1897 4877 2089 4935; x_wconf 85' lang='lat' dir='ltr'><strong>terque</strong></span> <span class='ocrx_word' id='word_1_816' title='bbox 2139 4866 2321 4920; x_wconf 91' lang='lat' dir='ltr'><strong>omnia</strong></span> <span class='ocrx_word' id='word_1_817' title='bbox 2354 4867 2574 4921; x_wconf 89' lang='lat' dir='ltr'><strong>condita</strong></span> <span class='ocrx_word' id='word_1_818' title='bbox 2620 4870 3066 4938; x_wconf 85' lang='lat' dir='ltr'><strong>contenderunt;</strong></span> <span class='ocrx_word' id='word_1_819' title='bbox 3110 4874 3203 4928; x_wconf 87' lang='lat' dir='ltr'><strong>alii</strong></span> <span class='ocrx_word' id='word_1_820' title='bbox 3246 4875 3473 4932; x_wconf 84' lang='lat' dir='ltr'><strong>deorum</strong></span> 
     </span>
    </p>
   </div>
   <div class='ocr_carea' id='block_1_105' title="bbox 1899 4958 3473 5031">
    <p class='ocr_par' dir='ltr' id='par_1_105' title="bbox 1899 4958 3473 5031">
     <span class='ocr_line' id='line_1_105' title="bbox 1899 4958 3473 5031; baseline 0.008 -22"><span class='ocrx_word' id='word_1_821' title='bbox 1899 4958 2305 5012; x_wconf 88' lang='lat' dir='ltr'><strong>multitudinem</strong></span> <span class='ocrx_word' id='word_1_822' title='bbox 2336 4968 2393 5013; x_wconf 91' lang='lat' dir='ltr'><strong>et</strong></span> <span class='ocrx_word' id='word_1_823' title='bbox 2417 4974 2611 5014; x_wconf 88' lang='lat' dir='ltr'><strong>eorum</strong></span> <span class='ocrx_word' id='word_1_824' title='bbox 2644 4960 2876 5016; x_wconf 78' lang='lat' dir='ltr'><strong>virtutes</strong></span> <span class='ocrx_word' id='word_1_825' title='bbox 2898 4962 3004 5018; x_wconf 88' lang='lat' dir='ltr'><strong>sibi</strong></span> <span class='ocrx_word' id='word_1_826' title='bbox 3030 4963 3326 5031; x_wconf 82' lang='lat' dir='ltr'><strong>tinxerunt,</strong></span> <span class='ocrx_word' id='word_1_827' title='bbox 3355 4967 3473 5023; x_wconf 79' lang='lat' dir='ltr'><strong>ido-</strong></span> 
     </span>
    </p>
   </div>
   <div class='ocr_carea' id='block_1_106' title="bbox 1899 5049 3472 5123">
    <p class='ocr_par' dir='ltr' id='par_1_106' title="bbox 1899 5049 3472 5123">
     <span class='ocr_line' id='line_1_106' title="bbox 1899 5049 3472 5123; baseline 0.006 -19"><span class='ocrx_word' id='word_1_828' title='bbox 1899 5049 2143 5105; x_wconf 70' lang='lat' dir='ltr'><strong>Inlatria:</strong></span> <span class='ocrx_word' id='word_1_829' title='bbox 2177 5051 2546 5120; x_wconf 80' lang='lat' dir='ltr'><strong>insipientiam</strong></span> <span class='ocrx_word' id='word_1_830' title='bbox 2598 5060 2653 5106; x_wconf 91' lang='lat' dir='ltr'><strong>et</strong></span> <span class='ocrx_word' id='word_1_831' title='bbox 2678 5052 3011 5123; x_wconf 85' lang='lat' dir='ltr'><strong>impietatem</strong></span> <span class='ocrx_word' id='word_1_832' title='bbox 3045 5059 3472 5113; x_wconf 70' lang='lat' dir='ltr'><strong>constituerun&#39;.</strong></span> 
     </span>
    </p>
   </div>
   <div class='ocr_carea' id='block_1_107' title="bbox 1895 5141 3473 5211">
    <p class='ocr_par' dir='ltr' id='par_1_107' title="bbox 1895 5141 3473 5211">
     <span class='ocr_line' id='line_1_107' title="bbox 1895 5141 3473 5211; baseline 0.007 -18"><span class='ocrx_word' id='word_1_833' title='bbox 1895 5141 2001 5195; x_wconf 76' lang='lat' dir='ltr'><strong>Alii</strong></span> <span class='ocrx_word' id='word_1_834' title='bbox 2032 5141 2321 5211; x_wconf 79' lang='lat' dir='ltr'><strong>geniorum</strong></span> <span class='ocrx_word' id='word_1_835' title='bbox 2360 5143 2566 5198; x_wconf 90' lang='lat' dir='ltr'><strong>cultum</strong></span> <span class='ocrx_word' id='word_1_836' title='bbox 2595 5154 2649 5197; x_wconf 91' lang='lat' dir='ltr'><strong>et</strong></span> <span class='ocrx_word' id='word_1_837' title='bbox 2682 5154 2953 5199; x_wconf 82' lang='lat' dir='ltr'><strong>astrorum</strong></span> <span class='ocrx_word' id='word_1_838' title='bbox 2988 5157 3171 5203; x_wconf 86' lang='lat' dir='ltr'><strong>motus</strong></span> <span class='ocrx_word' id='word_1_839' title='bbox 3208 5157 3265 5201; x_wconf 93' lang='lat' dir='ltr'><strong>et</strong></span> <span class='ocrx_word' id='word_1_840' title='bbox 3290 5160 3473 5204; x_wconf 87' lang='lat' dir='ltr'><strong>ortum</strong></span> 
     </span>
    </p>
   </div>
   <div class='ocr_carea' id='block_1_108' title="bbox 1892 5229 3474 5299">
    <p class='ocr_par' dir='ltr' id='par_1_108' title="bbox 1892 5229 3474 5299">
     <span class='ocr_line' id='line_1_108' title="bbox 1892 5229 3474 5299; baseline 0.007 -16"><span class='ocrx_word' id='word_1_841' title='bbox 1892 5229 2385 5285; x_wconf 75' lang='lat' dir='ltr'><strong>&#39;consideraverunt</strong></span> <span class='ocrx_word' id='word_1_842' title='bbox 2412 5267 2431 5295; x_wconf 87' lang='lat'><strong>,</strong></span> <span class='ocrx_word' id='word_1_843' title='bbox 2478 5242 2533 5287; x_wconf 90' lang='lat' dir='ltr'><strong>et</strong></span> <span class='ocrx_word' id='word_1_844' title='bbox 2567 5232 2831 5285; x_wconf 88' lang='lat' dir='ltr'><strong>mundum</strong></span> <span class='ocrx_word' id='word_1_845' title='bbox 2867 5233 3035 5289; x_wconf 88' lang='lat' dir='ltr'><strong>istum</strong></span> <span class='ocrx_word' id='word_1_846' title='bbox 3064 5244 3333 5299; x_wconf 60' lang='lat' dir='ltr'><strong>rternum</strong></span> <span class='ocrx_word' id='word_1_847' title='bbox 3373 5255 3474 5294; x_wconf 83' lang='lat' dir='ltr'><strong>nec</strong></span> 
     </span>
    </p>
   </div>
   <div class='ocr_carea' id='block_1_109' title="bbox 1901 5323 3470 5396">
    <p class='ocr_par' dir='ltr' id='par_1_109' title="bbox 1901 5323 3470 5396">
     <span class='ocr_line' id='line_1_109' title="bbox 1901 5323 3470 5396; baseline 0.006 -22"><span class='ocrx_word' id='word_1_848' title='bbox 1901 5336 2143 5388; x_wconf 82' lang='lat' dir='ltr'><strong>unquam</strong></span> <span class='ocrx_word' id='word_1_849' title='bbox 2196 5323 2592 5377; x_wconf 90' lang='lat' dir='ltr'><strong>destruendum</strong></span> <span class='ocrx_word' id='word_1_850' title='bbox 2647 5332 3015 5394; x_wconf 68' lang='lat' dir='ltr'><strong>putaverunt,</strong></span> <span class='ocrx_word' id='word_1_851' title='bbox 3062 5335 3118 5381; x_wconf 85' lang='lat' dir='ltr'><strong>et</strong></span> <span class='ocrx_word' id='word_1_852' title='bbox 3165 5329 3470 5396; x_wconf 65' lang='lat' dir='ltr'><strong>damonum</strong></span> 
     </span>
    </p>
   </div>
   <div class='ocr_carea' id='block_1_110' title="bbox 1896 5414 3471 5483">
    <p class='ocr_par' dir='ltr' id='par_1_110' title="bbox 1896 5414 3471 5483">
     <span class='ocr_line' id='line_1_110' title="bbox 1896 5414 3471 5483; baseline 0.006 -18"><span class='ocrx_word' id='word_1_853' title='bbox 1896 5414 2138 5467; x_wconf 86' lang='lat' dir='ltr'><strong>cultores</strong></span> <span class='ocrx_word' id='word_1_854' title='bbox 2166 5422 2328 5483; x_wconf 87' lang='lat' dir='ltr'><strong>atque</strong></span> <span class='ocrx_word' id='word_1_855' title='bbox 2360 5422 2744 5469; x_wconf 86' lang='lat' dir='ltr'><strong>creaturarum</strong></span> <span class='ocrx_word' id='word_1_856' title='bbox 2774 5414 2903 5470; x_wconf 75' lang='lat' dir='ltr'><strong>lacti</strong></span> <span class='ocrx_word' id='word_1_857' title='bbox 2933 5425 3086 5471; x_wconf 87' lang='lat' dir='ltr'><strong>sunt.</strong></span> <span class='ocrx_word' id='word_1_858' title='bbox 3124 5417 3333 5473; x_wconf 81' lang='lat' dir='ltr'><strong>Christi</strong></span> <span class='ocrx_word' id='word_1_859' title='bbox 3366 5420 3471 5476; x_wconf 80' lang='lat' dir='ltr'><strong>Ec-</strong></span> 
     </span>
    </p>
   </div>
   <div class='ocr_carea' id='block_1_111' title="bbox 1899 5503 3468 5574">
    <p class='ocr_par' dir='ltr' id='par_1_111' title="bbox 1899 5503 3468 5574">
     <span class='ocr_line' id='line_1_111' title="bbox 1899 5503 3468 5574; baseline 0.003 -15"><span class='ocrx_word' id='word_1_860' title='bbox 1899 5507 2065 5560; x_wconf 80' lang='lat' dir='ltr'><strong>clesia</strong></span> <span class='ocrx_word' id='word_1_861' title='bbox 2094 5506 2269 5574; x_wconf 80' lang='lat' dir='ltr'><strong>ipsum</strong></span> <span class='ocrx_word' id='word_1_862' title='bbox 2294 5503 2389 5560; x_wconf 88' lang='lat' dir='ltr'><strong>Dei</strong></span> <span class='ocrx_word' id='word_1_863' title='bbox 2425 5505 2681 5572; x_wconf 84' lang='lat' dir='ltr'><strong>Verbum,</strong></span> <span class='ocrx_word' id='word_1_864' title='bbox 2704 5506 2927 5561; x_wconf 91' lang='lat' dir='ltr'><strong>unicum</strong></span> <span class='ocrx_word' id='word_1_865' title='bbox 2960 5507 3181 5571; x_wconf 79' lang='lat' dir='ltr'><strong>Filium,</strong></span> <span class='ocrx_word' id='word_1_866' title='bbox 3200 5510 3468 5565; x_wconf 84' lang='lat' dir='ltr'><strong>viventem</strong></span> 
     </span>
    </p>
   </div>
   <div class='ocr_carea' id='block_1_112' title="bbox 1896 5596 3469 5667">
    <p class='ocr_par' dir='ltr' id='par_1_112' title="bbox 1896 5596 3469 5667">
     <span class='ocr_line' id='line_1_112' title="bbox 1896 5596 3469 5667; baseline 0.004 -17"><span class='ocrx_word' id='word_1_867' title='bbox 1896 5606 1951 5650; x_wconf 88' lang='lat' dir='ltr'><strong>et</strong></span> <span class='ocrx_word' id='word_1_868' title='bbox 1982 5611 2078 5665; x_wconf 90' lang='lat' dir='ltr'><strong>per</strong></span> <span class='ocrx_word' id='word_1_869' title='bbox 2092 5611 2151 5651; x_wconf 88' lang='lat' dir='ltr'><strong>se</strong></span> <span class='ocrx_word' id='word_1_870' title='bbox 2171 5596 2526 5652; x_wconf 87' lang='lat' dir='ltr'><strong>exsistentem</strong></span> <span class='ocrx_word' id='word_1_871' title='bbox 2550 5597 2872 5666; x_wconf 81' lang='lat' dir='ltr'><strong>sapientiam</strong></span> <span class='ocrx_word' id='word_1_872' title='bbox 2902 5599 3219 5667; x_wconf 76' lang='lat' dir='ltr'><strong>magistrum</strong></span> <span class='ocrx_word' id='word_1_873' title='bbox 3240 5600 3469 5665; x_wconf 81' lang='lat' dir='ltr'><strong>habens,</strong></span> 
     </span>
    </p>
   </div>
   <div class='ocr_carea' id='block_1_113' title="bbox 1901 5689 3469 5760">
    <p class='ocr_par' dir='ltr' id='par_1_113' title="bbox 1901 5689 3469 5760">
     <span class='ocr_line' id='line_1_113' title="bbox 1901 5689 3469 5760; baseline 0.001 -18"><span class='ocrx_word' id='word_1_874' title='bbox 1901 5689 2059 5758; x_wconf 89' lang='lat' dir='ltr'><strong>plene</strong></span> <span class='ocrx_word' id='word_1_875' title='bbox 2089 5697 2236 5745; x_wconf 91' lang='lat' dir='ltr'><strong>recta</strong></span> <span class='ocrx_word' id='word_1_876' title='bbox 2271 5698 2326 5743; x_wconf 91' lang='lat' dir='ltr'><strong>et</strong></span> <span class='ocrx_word' id='word_1_877' title='bbox 2358 5689 2573 5743; x_wconf 85' lang='lat' dir='ltr'><strong>veritati</strong></span> <span class='ocrx_word' id='word_1_878' title='bbox 2605 5689 2986 5743; x_wconf 85' lang='lat' dir='ltr'><strong>testimonium</strong></span> <span class='ocrx_word' id='word_1_879' title='bbox 3016 5691 3330 5760; x_wconf 87' lang='lat' dir='ltr'><strong>perhibens,</strong></span> <span class='ocrx_word' id='word_1_880' title='bbox 3361 5708 3469 5744; x_wconf 89' lang='lat' dir='ltr'><strong>una</strong></span> 
     </span>
    </p>
   </div>
   <div class='ocr_carea' id='block_1_114' title="bbox 1896 5780 3468 5849">
    <p class='ocr_par' dir='ltr' id='par_1_114' title="bbox 1896 5780 3468 5849">
     <span class='ocr_line' id='line_1_114' title="bbox 1896 5780 3468 5849; baseline -0.001 -14"><span class='ocrx_word' id='word_1_881' title='bbox 1896 5795 2019 5835; x_wconf 91' lang='lat' dir='ltr'><strong>cum</strong></span> <span class='ocrx_word' id='word_1_882' title='bbox 2044 5780 2247 5835; x_wconf 88' lang='lat' dir='ltr'><strong>Davide</strong></span> <span class='ocrx_word' id='word_1_883' title='bbox 2267 5780 2485 5848; x_wconf 87' lang='lat' dir='ltr'><strong>quidem</strong></span> <span class='ocrx_word' id='word_1_884' title='bbox 2515 5795 2609 5835; x_wconf 85' lang='lat' dir='ltr'><strong>eos</strong></span> <span class='ocrx_word' id='word_1_885' title='bbox 2639 5781 2869 5848; x_wconf 75' lang='lat' dir='ltr'><strong>abnegat</strong></span> <span class='ocrx_word' id='word_1_886' title='bbox 2893 5781 2987 5849; x_wconf 87' lang='lat' dir='ltr'><strong>qui</strong></span> <span class='ocrx_word' id='word_1_887' title='bbox 3013 5794 3123 5834; x_wconf 92' lang='lat' dir='ltr'><strong>non</strong></span> <span class='ocrx_word' id='word_1_888' title='bbox 3150 5794 3275 5835; x_wconf 87' lang='lat' dir='ltr'><strong>esse</strong></span> <span class='ocrx_word' id='word_1_889' title='bbox 3299 5782 3468 5836; x_wconf 85' lang='lat' dir='ltr'><strong>Deum</strong></span> 
     </span>
    </p>
   </div>
   <div class='ocr_carea' id='block_1_115' title="bbox 1896 5868 3467 5939">
    <p class='ocr_par' dir='ltr' id='par_1_115' title="bbox 1896 5868 3467 5939">
     <span class='ocr_line' id='line_1_115' title="bbox 1896 5868 3467 5939; baseline 0.003 -17"><span class='ocrx_word' id='word_1_890' title='bbox 1896 5870 2087 5923; x_wconf 89' lang='lat' dir='ltr'><strong>dicunt</strong></span> <span class='ocrx_word' id='word_1_891' title='bbox 2118 5885 2135 5922; x_wconf 90' lang='lat'><strong>:</strong></span> <span class='ocrx_word' id='word_1_892' title='bbox 2181 5868 2453 5922; x_wconf 81' lang='lat' dir='ltr'><strong>exclamat</strong></span> <span class='ocrx_word' id='word_1_893' title='bbox 2493 5872 2637 5922; x_wconf 89' lang='lat' dir='ltr'><strong>enim</strong></span> <span class='ocrx_word' id='word_1_894' title='bbox 2672 5870 2789 5937; x_wconf 84' lang='lat' dir='ltr'><strong>ipse</strong></span> <span class='ocrx_word' id='word_1_895' title='bbox 2827 5888 2842 5924; x_wconf 87' lang='lat'><strong>:</strong></span> <span class='ocrx_word' id='word_1_896' title='bbox 2876 5888 2896 5921; x_wconf 84' lang='grc' dir='ltr'><strong>ι</strong></span> <span class='ocrx_word' id='word_1_897' title='bbox 2930 5870 3072 5923; x_wconf 88' lang='lat' dir='ltr'><strong>Dixit</strong></span> <span class='ocrx_word' id='word_1_898' title='bbox 3097 5870 3365 5939; x_wconf 87' lang='lat' dir='ltr'><strong>insipiens</strong></span> <span class='ocrx_word' id='word_1_899' title='bbox 3411 5874 3467 5926; x_wconf 91' lang='lat' dir='ltr'><strong>in</strong></span> 
     </span>
    </p>
   </div>
   <div class='ocr_carea' id='block_1_116' title="bbox 1897 5959 3467 6026">
    <p class='ocr_par' dir='ltr' id='par_1_116' title="bbox 1897 5959 3467 6026">
     <span class='ocr_line' id='line_1_116' title="bbox 1897 5959 3467 6026; baseline 0.002 -11"><span class='ocrx_word' id='word_1_900' title='bbox 1897 5961 2059 6015; x_wconf 89' lang='lat' dir='ltr'><strong>corde</strong></span> <span class='ocrx_word' id='word_1_901' title='bbox 2090 5974 2213 6026; x_wconf 87' lang='lat' dir='ltr'><strong>suo,</strong></span> <span class='ocrx_word' id='word_1_902' title='bbox 2241 5959 2355 6015; x_wconf 77' lang='lat' dir='ltr'><strong>Non</strong></span> <span class='ocrx_word' id='word_1_903' title='bbox 2379 5969 2462 6015; x_wconf 87' lang='lat' dir='ltr'><strong>est</strong></span> <span class='ocrx_word' id='word_1_904' title='bbox 2494 5961 2657 6017; x_wconf 81' lang='lat' dir='ltr'><strong>Deus.</strong></span> <span class='ocrx_word' id='word_1_905' title='bbox 2684 5980 2702 6013; x_wconf 77' lang='grc' dir='ltr'><strong>ι</strong></span> <span class='ocrx_word' id='word_1_906' title='bbox 2742 5959 3004 6017; x_wconf 85' lang='lat' dir='ltr'><strong>Similiter</strong></span> <span class='ocrx_word' id='word_1_907' title='bbox 3022 5971 3199 6016; x_wconf 84' lang='lat' dir='ltr'><strong>autem</strong></span> <span class='ocrx_word' id='word_1_908' title='bbox 3226 5978 3351 6017; x_wconf 86' lang='lat' dir='ltr'><strong>cum</strong></span> <span class='ocrx_word' id='word_1_909' title='bbox 3377 5978 3467 6018; x_wconf 88' lang='lat' dir='ltr'><strong>co-</strong></span> 
     </span>
    </p>
   </div>
  </div>
