4288 6730
213 531 317 592 ’15⁸1

1266 537 1676 601 ΕΧΡΟΞΙΤΙΟ
1708 537 1929 605 SACRI
1965 533 2316 599 SYMBOLI.

3347 535 3457 603 753

203 654 333 717 Θεὸς
386 655 576 724 Πατήρ
604 657 753 709 ἐστιν
778 653 866 709 ἀεὶ
891 652 985 707 τοῦ
1017 652 1299 723 συμφυοῦς
1324 654 1474 723 αύτῷ
1508 656 1603 706 καὶ
1632 654 1772 718 ζῶν-
1803 645 1851 704 Δ
1893 664 1896 690 ι

1764 684 1772 694 -
1803 645 1851 704 Δ
1893 645 2066 701 Credo
2098 650 2150 701 in
2176 663 2336 700 unum
2370 645 2535 701 Deum
2573 647 2808 703 Patrem.
2860 648 3277 715 Ontuipoteutem
3329 650 3457 702 vero

205 765 294 808 τος
322 748 658 817 συνανάρχου
690 748 867 814 Λόγου
895 748 988 799 καὶ
1013 745 1108 797 τοῦ
1133 746 1398 808 ζωοποιοῦ
1432 744 1769 813 Πνεύματος.

204 838 399 901 Καλῶς
447 839 555 910 άρι
589 841 621 909 ἡ
660 840 962 907 Ἐκκλησία
1010 840 1166 906 φησὶ,
1221 836 1496 891 Πιστεύω
1546 838 1635 901 είς
1662 836 1774 889 ἕνα

204 932 352 983 Θεὸν
383 931 637 995 Πατέρα.
673 929 1131 995 Παντοκράτορα
1180 928 1259 993 δὲ,
1291 928 1380 981 διὰ
1410 927 1472 980 τὸ
1493 928 1563 981 τά
1592 925 1772 980 πάντα

203 1021 467 1090 συνέχειν.
516 1023 593 1075 Ού
635 1021 746 1090 γὰρ
792 1020 928 1091 τύχῃ
960 1022 1054 1073 καὶ
1084 1020 1318 1088 γενέσει,
1363 1019 1501 1074 ἀλλά
1543 1019 1771 1089 προνοίᾳ

198 1111 364 1166 αὐτοῦ
394 1112 573 1164 πάντα
622 1111 835 1177 ἄγεται,
872 1111 920 1162 εί
978 1112 1073 1163 καὶ
1106 1110 1173 1162 τὰ
1208 1108 1311 1179 μὲν
1332 1109 1589 1170 εὐδοκῶν,
1617 1108 1685 1161 τά
1712 1109 1770 1161 δὲ

201 1202 505 1271 συγχωρῶν
552 1203 815 1272 ἀρρήτοις
855 1202 1170 1268 οἰκονομίας
1213 1200 1457 1271 τρόποις,
1483 1199 1674 1252 διοικεῖ
1710 1216 1769 1251 τε

200 1292 296 1344 καὶ
343 1292 655 1359 προνοεῖται
691 1290 1103 1359 συμφερόντως.
1138 1291 1263 1343 Ἔτι
1310 1288 1770 1356 Παηοκράτορα

196 1381 369 1447 λέγει,
407 1383 489 1434 δτι
519 1383 697 1435 πάντα
737 1382 905 1435 αὑτοῦ
939 1382 1034 1434 καὶ
1060 1382 1119 1447 ἐξ
1163 1381 1329 1435 αὑτοῦ
1357 1381 1771 1451 δημιουργικῶς

194 1469 274 1539 τῷ
302 1471 462 1540 Λόγῳ
490 1487 550 1524 τι
584 1472 678 1524 καὶ
726 1472 807 1541 τῷ
838 1472 1140 1538 Πνεύματι,
1169 1472 1245 1534 ὡς
1274 1474 1339 1524 ἐκ
1393 1473 1469 1542 μὴ
1500 1473 1670 1525 ὄντων
1702 1472 1771 1524 τὰ

195 1563 372 1615 πάντα
404 1563 789 1633 πεποιηκότος.
824 1566 1009 1619 ιΙάντα
1030 1563 1124 1617 οὖν
1143 1567 1447 1634 διακρατεῐ,
1478 1568 1565 1618 καὶ
1591 1567 1766 1629 καλῶς

192 1637 585 1726 διακυδερνῶν,
613 1655 830 1724 συνέχει
854 1655 927 1717 ὥς
952 1656 1221 1726 βούλεται.
1248 1659 1343 1711 Διὸ
1377 1658 1465 1710 καὶ
1487 1658 1768 1727 ποιήματα

191 1746 389 1800 τούτου
422 1743 563 1802 εἶναι
588 1747 658 1801 τὰ
683 1746 861 1801 πάντα
892 1746 953 1800 τὺ
989 1747 1133 1819 ίερόν
1177 1766 1310 1819 φησι
1349 1748 1649 1819 Σύμσολον,
1683 1748 1767 1802 λέ-

190 1854 291 1905 γον
322 1837 488 1892 αὐτὸν

1888 752 1956 792 eo
1985 738 2130 807 quod
2158 741 2342 793 omnia
2369 740 2675 806 cautiueat;
2711 756 2832 808 qua:
2858 756 2965 794 non
2996 741 3221 795 fortuito
3252 752 3303 795 et
3329 757 3457 807 pru-

1890 839 2009 897 pter
2043 830 2404 897 nativitatem,
2442 832 2536 886 sed
2590 831 2712 902 ejus
2754 832 3100 887 Providentia
3156 843 3459 892 moventur,

1892 918 2023 972 licet
2055 918 2420 974 iuetl’abilibus
2444 923 2762 976 oeconomia:
2797 923 3101 977 rationibus
3131 921 3242 976 haec
3268 937 3462 990 appre-

1889 1007 2002 1074 bet,
2031 1010 2118 1064 illa
2150 1011 2461 1081 permittat;
2491 1025 2796 1081 opportune
2830 1023 2885 1069 et
2908 1016 3173 1083 gubernat
3201 1025 3254 1069 et
3278 1000 3460 1083 provi-

1887 1100 1998 1155 det.
2024 1102 2215 1158 Adhuc
2244 1101 2683 1169 Omnipotentem
2717 1105 2872 1169 dicit,
2907 1107 3032 1175 quia
3058 1107 3241 1160 omnia
3286 1106 3461 1174 ipsius

1888 1197 2040 1256 suut,
2071 1200 2128 1244 et
2157 1207 2222 1246 et
2255 1193 2372 1262 ipso
2404 1193 2705 1249 conditoris
2732 1196 2947 1251 actione
2991 1212 3086 1266 per
3137 1196 3372 1251 Verbum
3407 1209 3462 1251 et

1888 1281 2149 1350 Spiritum
2177 1282 2400 1349 factore,
2423 1293 2481 1339 ut
2498 1300 2528 1340 e
2549 1301 2656 1339 non
2675 1287 3060 1341 exsistentibus
3082 1297 3288 1341 starent
3308 1289 3459 1343 exsi-

1886 1374 2099 1427 stentia.
2133 1372 2328 1428 Omnia
2361 1392 2491 1445 ergo
2534 1378 2635 1433 sub
2666 1377 2895 1448 imperio
2929 1386 3115 1444 tenet,
3152 1388 3206 1431 ct
3242 1380 3461 1449 optime

1883 1465 2216 1535 gubernans,
2249 1470 2493 1521 continet
2528 1478 2688 1538 prout
2717 1472 2864 1534 vult;
2904 1469 3025 1524 ideo
3052 1481 3105 1521 et
3130 1468 3254 1537 ejus
3284 1469 3461 1525 factito

1887 1570 2000 1607 rum
2034 1569 2158 1609 esse
2187 1556 2370 1611 omnia
2403 1568 2651 1616 sanctum
2685 1561 2822 1629 dicit
2856 1561 3174 1633 Symbolum
3203 1599 3219 1625 ,
3258 1562 3457 1632 przcdi-
3568 1572 3576 1576 '

1881 1661 2014 1705 cans
2041 1662 2164 1704 Cum

191 1948 464 2019 Ποιητὴν
486 1951 750 2021 οὐρανοῦ
776 1953 877 2007 καί
909 1953 1039 2022 γῆς,
1064 1953 1295 2020 ἐρατῶν
1320 1971 1381 2009 τε
1400 1952 1643 2007 πάντων
1664 1950 1765 2007 καί
1796 1999 1838 2022 η
1883 1996 1884 1999 η

1752 1950 1765 2007 ί
1796 1999 1838 2022 η
1883 1946 1933 2002 F
1935 1957 2163 2003 actorem
2196 1950 2314 2003 caeli
2346 1960 2393 2004 et
2426 1962 2600 2022 terra;
2622 1949 2915 2022 uisibilium
2948 1948 3182 2001 omnium
3218 1958 3265 2001 et
3310 1947 3445 2001 inri-

824 2023 1114 2091 ἀοράτων.

265 2112 341 2165 Τδ
386 2112 486 2181 μὲν
525 2114 632 2167 ἀπὸ
673 2112 770 2166 τοῦ
814 2116 1095 2178 Μωῦσέως
1128 2115 1426 2184 λαμϐάνον,
1460 2116 1522 2166 τδ
1550 2114 1609 2167 δὲ
1656 2114 1765 2168 ἀπὸ

191 2202 289 2256 τοῦ
325 2204 564 2260 Παύλου.
602 2205 866 2258 Ἐνταῦθα
900 2206 955 2259 δὲ
986 2208 1104 2277 ἅμα
1129 2208 1221 2260 καὶ
1251 2209 1430 2261 πᾶσαν
1466 2206 1764 2260 ἀπωθεῖται

190 2292 381 2355 ἁθεϊας
408 2296 681 2352 ιπὶνοιαν.
700 2296 823 2349 Τῶν
854 2315 914 2350 τε
944 2300 1055 2368 γὰρ
1083 2297 1254 2352 ἀΐδιον
1280 2297 1655 2367 ὑπειληφότων
1670 2298 1764 2351 τὸν

188 2385 440 2453 οὐρανὸν,
468 2386 561 2441 καὶ
594 2388 702 2457 πρὸ
732 2388 921 2442 τούτου
950 2390 1049 2460 τὴν
1078 2387 1213 2458 ὕλην
1231 2390 1485 2459 ἄναρχον,
1506 2392 1599 2450 καὶ
1624 2388 1764 2451 ίδέας

187 2475 344 2538 τινάς
373 2478 431 2529 ὲν
460 2478 581 2546 Θεῷ
603 2479 704 2549 τὴν
747 2480 1008 2533 ἀπόνοιαν
1049 2483 1340 2551 καταργεῐ,
1379 2481 1473 2534 καὶ
1509 2481 1617 2533 τῶν
1641 2480 1763 2532 θεοο

189 2566 495 2621 ποιούντων
523 2568 579 2621 δὲ
616 2571 681 2622 τὰ
711 2569 889 2636 ἄστρα
917 2571 1016 2641 τὴν
1059 2572 1289 2642 πλάνην,
1324 2572 1419 2624 καὶ
1449 2571 1530 2624 ἔτι
1558 2570 1667 2624 τῶν
1695 2571 1765 2623 τὰ

188 2675 255 2710 πε
266 2659 321 2729 ρί
347 2660 441 2727 τῆ;
474 2660 598 2728 γῆς,
636 2662 729 2713 καλ⁵
758 2664 856 2733 τὴν
891 2666 994 2731 γῆν
1016 2664 1205 2734 αὐτὴν,
1238 2667 1332 2718 καὶ
1360 2664 1427 2716 τὰ
1454 2663 1590 2718 ἄλλα
1619 2678 1766 2716 στοι-

186 2751 313 2817 χεῖα
373 2749 531 2814 θεοὺς
583 2750 920 2821 νομιζόντων
959 2752 1160 2818 ἀθέως,
1192 2754 1289 2807 καὶ
1331 2754 1458 2822 περὶ
1489 2753 1557 2807 τὰ
1602 2752 1766 2806 λοιπά

189 2843 468 2911 κτίσματα
514 2842 903 2914 πλανωμένων.
940 2845 1117 2899 Μόνον
1150 2847 1258 2917 γὰρ
1299 2846 1406 2899 τῶν
1436 2846 1575 2899 ὅλων
1602 2862 1767 2915 ποιη-

183 2932 309 3001 τὴν,
337 2935 427 2987 τὸν
455 2934 588 2987 Θεόν
632 2953 801 3005 φησιν
830 2936 1084 3006 ούρανοῦ,
1136 2939 1231 2988 καὶ
1268 2937 1377 2989 τῶν
1417 2938 1476 2989 ιν
1524 2936 1761 3007 οὐρανῷ,

184 3025 291 3093 γῆς
347 3025 578 3079 καὶτῶν
608 3027 666 3079 ὲν
706 3028 794 3096 γῇ,
831 3027 1045 3097 ὁρατῶν
1068 3045 1128 3081 τε
1184 3028 1422 3093 πάντων,
1461 3030 1622 3098 ἀέρος
1658 3047 1764 3098 φη-

190 3117 253 3183 μὶ
287 3117 379 3167 καὶ
411 3117 520 3169 τῶν
551 3118 609 3171 ἑν
641 3118 813 3187 αὐτῷ,
850 3118 1127 3189 Θαλάσσης
1161 3136 1219 3171 τε
1252 3122 1345 3173 καὶ
1380 3119 1485 3172 τῶν
1510 3122 1568 3172 ὲν
1601 3119 1762 3188 αὐτῇ,

188 3206 362 3272 πυρὸς
395 3205 488 3257 καὶ
517 3206 628 3257 τῶν
656 3208 798 3259 κατά
830 3208 996 3277 μέρος
1042 3208 1301 3260 ἁπάντων
1325 3226 1340 3241 ο
1369 3208 1510 3261 ἀλλὰ
1536 3210 1625 3261 καὶ
1652 3208 1764 3262 τῶν

184 3290 437 3359 ἀοράτων
485 3292 685 3358 αὐτῶν,
734 3294 985 3362 ἀγγέλων
1037 3296 1133 3349 καὶ
1184 3296 1475 3365 δαιμόνων,
1524 3297 1763 3352 καὶτῶν

2531 2020 2784 2072 sibit‘ium.

1955 2106 2088 2161 Illud
2122 2122 2150 2160 e
2182 2106 2360 2178 Moyse
2394 2116 2607 2177 petens.
2638 2108 2742 2163 boc
2772 2124 2802 2161 e
2824 2107 3011 2161 Paulo.
3048 2108 3107 2162 lu
3144 2124 3255 2175 quo
3286 2108 3450 2162 simul

1882 2213 1933 2257 et
1972 2217 2189 2255 munem
2218 2203 2512 2272 impietatis
2548 2202 2724 2272 rejicit
2761 2210 3000 2257 reatum.
3034 2202 3265 2256 Istorum
3306 2202 3450 2255 enim

1880 2294 1971 2361 qui
2004 2304 2265 2348 aeternum
2287 2294 2483 2348 caelum
2520 2303 2707 2363 putant
2732 2305 2785 2349 et
2818 2303 2947 2349 ante
2976 2294 3109 2346 illud
3166 2293 3450 2346 materiam

1880 2382 2149 2452 principio
2178 2396 2476 2453 expertem.
2503 2395 2559 2440 et
2596 2386 2746 2440 ideas
2774 2387 3042 2452 quasdam
3074 2387 3127 2439 in
3161 2385 3271 2440 Deo
3308 2386 3452 2441 iusa-

1880 2475 2024 2527 uiam
2062 2476 2268 2544 abjicit.
2298 2486 2353 2531 et
2402 2494 2591 2532 eorum
2624 2479 2715 2549 qui
2757 2479 2984 2533 deorum
3031 2494 3259 2531 numero
3303 2491 3449 2533 astra

1875 2565 2159 2618 ascribunt
2207 2567 2626 2632 aberrationem,
2658 2568 2835 2621 adhuc
2862 2577 2914 2621 et
2940 2568 3171 2621 istorum
3196 2569 3287 2637 qui
3318 2570 3453 2625 deos

1874 2655 2023 2723 quod
2069 2667 2155 2710 est
2201 2672 2371 2727 super
2421 2667 2640 2724 terram,
2671 2667 2873 2713 terram
2905 2660 3078 2729 ipsam
3110 2669 3165 2713 ct
3197 2661 3301 2714 alia
3332 2662 3451 2715 eic-

1876 2757 2053 2802 meuta
2086 2750 2371 2804 atheorum
2405 2766 2552 2804 more
2581 2751 2940 2812 arbitrantur.
2967 2762 3021 2806 et
3050 2753 3196 2808 circa
3229 2762 3450 2807 creatu-

1876 2854 1966 2893 ras
1994 2842 2231 2910 reliquas
2258 2854 2463 2897 errant.
2489 2842 2674 2898 Solum
2702 2845 2846 2897 enim
2874 2843 3254 2899 universorum
3284 2845 3453 2899 facto-

1876 2947 1987 2984 rem
2018 2931 2187 2985 Deum
2218 2934 2372 2997 dicit,
2396 2933 2518 2987 caeli
2551 2943 2604 2987 et
2632 2948 2825 2988 eorum
2857 2949 2980 3004 qua:
3012 2935 3065 2987 in
3099 2936 3261 2998 caelo,
3292 2946 3451 2990 terra.»

1872 3031 1927 3077 et
1977 3039 2167 3077 eorum
2213 3039 2332 3092 quae
2371 3025 2424 3078 iu
2494 3034 2678 3089 terra;
2720 3036 2776 3080 et
2817 3026 3116 3079 visibilium
3164 3026 3408 3079 omnium
3434 3067 3451 3088 ,

1872 3128 2053 3169 aerem
2080 3114 2201 3168 dico
2230 3125 2285 3169 et
2310 3131 2433 3185 quae
2456 3117 2508 3169 in
2532 3132 2619 3180 eo.
2640 3131 2790 3171 mare
2819 3127 2869 3171 et
2894 3132 3014 3187 qum
3048 3117 3101 3171 iu
3129 3132 3214 3179 eo.
3242 3116 3454 3188 ignem,

1872 3212 1925 3259 et
1957 3207 2137 3260 omnia
2167 3206 2321 3277 juxta
2353 3223 2545 3276 genus.
2576 3208 2684 3262 Sed
2714 3220 2767 3263 et
2794 3210 3173 3276 invisibilium,
3224 3212 3450 3279 angelu-

1876 3312 2022 3364 rum,
2054 3299 2361 3353 dmmonum
2395 3310 2450 3356 et
2481 3302 2685 3370 pariter
2723 3284 3084 3355 humanarum
3116 3303 3445 3363 animarum,

182 3379 542 3448 ἀνθρωπίνων
573 3381 651 3434 ἔτι
691 3381 901 3451 ψυχῶν.
946 3382 1132 3437 Ταῦτα
1179 3387 1289 3455 γὰρ
1336 3389 1761 3457 προηγουμένως
1794 3384 1840 3448 C

1749 3403 1761 3450 :
1794 3384 1840 3448 C
1875 3386 1993 3443 hac
2042 3392 2187 3445 enim
2239 3392 2616 3461 principaliter
2652 3394 2809 3448 nobis
2844 3395 3058 3462 cognita
3114 3392 3404 3447 invisibilia
3430 3434 3442 3453 ,

183 3472 509 3538 ἐγνωσμένα
544 3475 678 3543 ἡμῖν
716 3475 950 3545 ἀόρατα,
977 3478 1074 3531 καὶ
1110 3478 1315 3531 τούτων
1366 3479 1636 3549 κηρύσσει
1672 3480 1764 3549 δη-

185 3562 452 3631 μιουργὸν
481 3563 572 3616 τὸν
603 3564 736 3618 Θεόν
762 3583 776 3597 ·
808 3568 900 3619 καὶ
933 3569 1009 3631 ὡς
1047 3569 1262 3638 ἀληθῶς
1288 3570 1380 3623 καὶ
1408 3572 1634 3634 δικαίως
1664 3571 1762 3641 δη-

185 3654 453 3723 μιουργὸν
498 3656 592 3708 καὶ
639 3657 748 3710 τῶν
784 3659 1034 3728 ἀοράτων
1069 3661 1162 3713 τὸν
1196 3662 1328 3714 Θεὸν
1357 3663 1758 3734 ἐπιμαρτυρεῖ·

179 3746 267 3795 ὅτι
296 3746 390 3797 καὶ
419 3745 557 3813 ἔστι,
602 3750 695 3800 καὶ
734 3749 886 3803 οὐδὲν
911 3750 1020 3803 τῶν
1046 3754 1369 3821 γεγονότων,
1404 3754 1544 3823 πλὴν
1560 3753 1726 3807 αὐτοῦ
1744 3771 1759 3786 ο

180 3839 281 3890 καὶ
330 3838 412 3892 ἔτι
460 3842 739 3906 συνετίζον
788 3843 957 3913 ἡμᾶς,
1020 3842 1109 3896 ἵνα
1168 3845 1243 3914 μὴ
1274 3844 1637 3915 πλανηθῶμεν
1686 3849 1760 3911 ὡς

180 3932 579 4003 προαιρετικὴν
608 3933 786 4003 ψυχὴν
807 3935 1039 4005 ἔχοντες,
1075 3938 1171 3989 καὶ
1203 3937 1343 4008 ὑπὲρ
1382 3941 1529 4009 ἡμᾶς
1556 3958 1606 3992 τι
1629 3958 1761 4008 φρο-

178 4024 463 4091 νήσωμεν,
489 4023 634 4076 καθὰ
666 4026 972 4079 πεπόνθασι
1006 4028 1118 4079 τῶν
1147 4030 1424 4082 ἀσυνέτων
1478 4030 1688 4095 πολλοὶ,
1722 4029 1758 4101 ἢ

177 4113 482 4182 δαιμονίων
512 4118 861 4183 φαντασίαις,
912 4118 944 4188 ἢ
979 4118 1213 4181 πλάναις
1251 4120 1413 4183 ίδέαις
1448 4120 1541 4173 τοῦ
1588 4123 1760 4189 καθή-

180 4222 376 4267 κοντος
415 4206 893 4278 ἀποπλανηθέντες
917 4222 933 4239 ⁶
966 4209 1124 4263 τοῦτο
1161 4212 1267 4280 γὰρ
1305 4212 1458 4280 φίλον
1497 4216 1608 4275 τοῖς
1647 4213 1759 4265 δαί-

182 4292 338 4363 μοοῗ,
392 4298 727 4365 πανούργοις
762 4298 1107 4363 φαντασίαις,
1159 4300 1434 4370 ὐποσυλᾷν
1478 4303 1572 4353 καὶ
1624 4302 1759 4354 om.-

179 4384 429 4454 φετιριιν
454 4386 563 4439 τῶν
610 4388 911 4453 ἀλογίστων
948 4390 1175 4450 πολλούς
1198 4407 1213 4422 ·
1249 4392 1384 4443 ἀλλὰ
1410 4392 1524 4445 οιαὶ
1565 4393 1651 4445 ἴνα
1686 4396 1759 4462 μή

178 4492 317 4528 ποτε
343 4478 440 4539 τὰς
472 4477 771 4545 ἀγγελθεὶς
806 4484 900 4531 καὶ
936 4482 1193 4549 ὑπεράνω
1231 4483 1489 4552 δυνάμεις
1511 4482 1586 4546 ὡς
1609 4484 1763 4545 θεοὺς

176 4566 562 4637 λογισώμεθα,
616 4569 776 4623 τοῦτο
826 4572 1067 4640 τίθησιν.
1102 4573 1163 4625 El
1215 4573 1323 4643 γὰρ
1350 4576 1445 4626 καὶ
1471 4575 1604 4645 περὶ
1630 4575 1763 4629 Θεὸν

180 4653 368 4723 αὗται,
403 4661 498 4712 καὶ
553 4661 984 4731 πεπληρωμέναι
1041 4664 1221 4734 δόξης.
1266 4668 1362 4718 καὶ
1408 4665 1553 4720 θείου
1590 4669 1761 4721 πᾶσαι

178 4750 387 4818 φωτὸς,
420 4750 536 4803 ἀλλ’
574 4753 723 4822 ὅμως
750 4754 1025 4819 κτίσματα
1058 4758 1152 4809 καὶ
1183 4756 1380 4820 ἐνδεεῖς
1405 4757 1514 4810 τῶν
1550 4759 1760 4811 ἐκεῖθεν

177 4845 658 4912 ἀπσυγασμάτων,
691 4846 788 4898 καὶ
831 4846 1095 4900 λαϐοῦσαι
1145 4848 1272 4900 ὅσον
1323 4848 1632 4917 εἰλήφασιν,
1677 4848 1756 4902 ἔτι

175 4932 280 4985 καὶ
309 4932 500 5001 χρείαν
533 4932 717 5002 ἔχουσι
775 4934 1077 5003 μειζόνων·
1110 4936 1204 4988 καὶ
1250 4935 1313 4988 τὸ
1362 4936 1569 4990 τέλειον
1610 4937 1759 4990 οὐδέ·

176 5041 315 5076 ποτε
344 5024 628 5094 λήψονται,
668 5027 745 5097 μὴ
776 5026 1054 5097 χωροῦσαι
1100 5029 1220 5082 ὅλον
1248 5029 1310 5081 τὸ
1343 5029 1437 5083 τοῦ
1468 5029 1753 5095 ἀκτίστου,

175 5117 420 5177 κτισταὶ,
451 5115 527 5180 ὡς
585 5116 823 5187 εἴρηται,
855 5118 1017 5171 οὖσαι
1054 5119 1283 5186 ἄπειρον
1305 5121 1447 5189 γὰρ,
1488 5120 1606 5174 ἀλλ’
1634 5122 1758 5174 ὅσον

171 5208 443 5259 δύνανται
472 5211 697 5277 χωρεῖν,
731 5207 998 5273 ἐλλειπεῖς
1040 5200 1129 5264 ἀεὶ
1170 5206 1347 5267 οὖσαι.
1384 5212 1548 5275 Τέλος
1575 5210 1632 5263 δὲ
1662 5212 1757 5264 καλ⁵

174 5298 500 5361 παντέλειος
533 5299 694 5365 μόνος
732 5302 760 5352 ό
788 5301 1085 5371 τριαδικῶς
1128 5302 1469 5372 ὑμνούμενος
1496 5301 1629 5373 παρ’
1658 5304 1755 5357 αύο

172 5388 294 5442 τῶν
323 5390 476 5449 Θεός.
505 5390 661 5441 Ἔστι
692 5390 748 5442 δὲ
783 5392 881 5443 καὶ
909 5390 1050 5445 ἄλλα
1081 5393 1317 5446 πλείστα
1347 5393 1455 5445 τῶν
1483 5394 1754 5464 ἀοράτων,

171 5478 255 5535 ὦν
294 5484 385 5533 καὶ
415 5483 481 5533 τὰ
509 5482 751 5550 ὀνόματα
780 5483 839 5535 ὲν
881 5483 958 5553 τῷ
996 5484 1247 5554 μέλλοντι
1276 5485 1435 5537 αίῶνι
1476 5485 1757 5539 ἀποκαλύ-

173 5573 418 5627 πτεσθαι
449 5572 612 5643 295
639 5574 1067 5644 μεμαθήκαμεν.
1105 5576 1299 5646 Ὅμως
1314 5577 1372 5629 δὲ
1395 5577 1601 5631 τούτων
1622 5578 1757 5632 πάν-

171 5681 293 5716 των
320 5665 569 5732 ἀοράτων
584 5680 641 5717 τε
664 5666 781 5735 ἅμα
800 5668 895 5720 καὶ
910 5668 1124 5735 ὁρατῶν
1153 5668 1377 5736 ποιητὴν
1407 5670 1440 5738 ή
1457 5668 1754 5737 Ἐκκλησία

171 5759 276 5808 τὸν
304 5755 439 5808 Θεὸν
474 5759 765 5826 μαρτυρεῖ,
798 5757 893 5810 τὸν
922 5760 1143 5828 Πατέρα
1182 5759 1276 5813 τοῦ
1313 5759 1514 5823 ζῶντος
1557 5762 1753 5826 Λόγου,

171 5851 279 5904 τὸν
328 5848 648 5916 ἀγέννητον,
680 5847 773 5899 τὸν
836 5850 1101 5916 ἀναίτιον,
1136 5852 1229 5905 τὸν
1258 5852 1623 5922 προάναρχον,
1665 5854 1756 5904 τὸν

175 5939 573 5999 ατιλεύτητον,
604 5937 696 5990 τὸν
746 5939 986 6007 αίώνιον,
1022 5942 1113 5995 τον
1154 5942 1492 6007 πανταίτιον,
1548 5942 1637 5995 τὸν
1669 5942 1757 5997 ἀεὶ

1872 3495 2106 3550 quorum
2156 3483 2501 3539 conditorem
2546 3486 2842 3553 proclamat
2884 3484 3077 3543 Deum.
3107 3491 3163 3536 et
3214 3496 3339 3536 vere
3382 3495 3448 3533 ac

1868 3572 2017 3641 juste
2048 3573 2211 3626 etiam
2240 3574 2594 3629 iuvisiliilium
2619 3575 2960 3629 conditorem
2990 3573 3161 3627 Deum
3193 3579 3445 3631 testatur.

1872 3665 1963 3731 qui
1998 3673 2164 3719 estet
2196 3664 2317 3720 sine
2348 3666 2467 3735 ipso
2498 3667 2630 3720 nihil
2669 3667 2869 3720 factum
2906 3674 3011 3719 est.
3044 3664 3105 3717 Et
3136 3665 3317 3717 adhuc
3350 3678 3449 3718 nos

1871 3755 2028 3808 docet
2056 3771 2125 3810 ne
2154 3756 2308 3825 quasi
2332 3771 2469 3811 vane
2498 3755 2922 3825 distinguentem
2956 3755 3199 3807 animum
3235 3754 3441 3807 liaben-
3521 3782 3527 3787 -

1872 3854 1954 3898 tes
1977 3860 2223 3900 erremus
2248 3854 2302 3899 et
2333 3860 2494 3914 supra
2520 3846 2739 3899 modum
2772 3845 3203 3911 cogitationibus
3236 3844 3446 3899 nostris

1871 3934 2200 3988 extollamur
2242 3944 2399 4005 prout
2423 3935 2603 3991 atrecti
2631 3946 2764 3991 sunt
2795 3936 3172 4005 imprudentes
3200 3936 3444 4005 plurimi.

1871 4034 1963 4079 aut
1990 4027 2294 4080 dzemonum
2330 4028 2631 4096 pbantasiis
2662 4037 2756 4080 aut
2788 4027 3027 4098 propriis
3064 4026 3448 4082 deliramentis

1871 4132 1901 4169 a
1930 4126 2079 4171 recto
2112 4116 2495 4181 deﬂementes:
2524 4119 2829 4173 daemonum
2849 4118 3052 4187 quippe
3078 4133 3196 4172 mos
3218 4127 3302 4172 est
3323 4120 3449 4187 qui-

1873 4206 2108 4261 buslibet
2136 4209 2438 4276 pliautasiis
2467 4211 2648 4278 plures
2686 4210 2976 4279 subripere
3008 4220 3063 4264 et
3089 4226 3449 4279 corrumpere

1872 4296 2107 4365 ineptos.
2144 4297 2250 4353 Sed
2273 4300 2435 4354 etiam
2472 4316 2538 4356 ne
2561 4300 2701 4356 forte
2733 4302 3009 4371 angelicas
3043 4310 3100 4355 et
3129 4303 3447 4371 superiores

1872 4397 2167 4455 potestates
2194 4390 2326 4444 deos
2349 4391 2696 4455 arbitremur,
2730 4392 2845 4447 haec
2878 4393 3040 4447 verba
3071 4392 3287 4449 eﬂ'atur.
3314 4394 3451 4460 Qua:

1871 4481 1915 4533 si
1947 4480 2091 4535 circa
2127 4484 2293 4536 Deum
2326 4483 2477 4550 ipsae,
2512 4484 2681 4553 gloria
2712 4483 2924 4540 refertae
2944 4498 2999 4539 et
3022 4486 3209 4540 divino
3238 4487 3447 4540 redun-

1874 4573 2063 4627 dantes
2099 4573 2319 4638 lumine,
2356 4576 2713 4632 nihilominus
2747 4585 3018 4633 creatura:
3060 4588 3114 4634 et
3153 4581 3451 4649 splendore

1872 4678 1899 4715 a
1932 4663 2042 4717 Deo
2076 4664 2381 4735 indigentes
2408 4681 2437 4720 a
2468 4681 2577 4737 quo
2602 4678 2939 4739 acceperunt
2989 4686 3113 4740 qua:
3144 4671 3353 4725 habent
3396 4681 3448 4727 et

1871 4755 2175 4823 majoribus
2211 4756 2405 4812 borum
2433 4758 2611 4813 adhuc
2640 4774 2778 4828 opus
2804 4760 3030 4823 habent,
3052 4770 3107 4814 et
3135 4761 3447 4830 perfectum

1872 4862 2151 4917 nunquam
2203 4848 2469 4919 attingent
2493 4889 2509 4913 ,
2546 4849 2774 4905 increati
2814 4852 3207 4919 plenitudinem
3242 4866 3443 4921 capere

1872 4953 1979 4994 non
2007 4940 2270 5005 valentes,
2302 4948 2489 5010 utpote
2519 4950 2783 4996 creatura:
2812 4942 2957 4995 sicut
2985 4940 3193 4995 dictum
3217 4953 3321 5005 est,
3346 4940 3448 4993 im-

1872 5032 2133 5101 possibile
2162 5038 2247 5085 est
2272 5032 2415 5086 enim
2446 5048 2461 5097 ;
2528 5032 2623 5085 sed
2666 5030 3070 5101 quantumlibet
3100 5045 3298 5099 capere
3324 5045 3451 5100 pos-

1871 5122 2005 5186 s'rnt,
2037 5136 2257 5191 semper
2289 5123 2369 5177 eis
2398 5122 2606 5192 aliquid
2639 5122 2814 5177 deest.
2858 5122 3140 5178 Perfectus
3181 5132 3366 5176 autem
3394 5133 3450 5176 et

1870 5214 2098 5268 oumino
2131 5213 2403 5283 perfectus
2427 5215 2575 5268 solus
2608 5223 2691 5267 ter
2721 5214 2790 5267 ab
2825 5214 2907 5268 eis
2932 5213 3241 5267 celebratus
3274 5212 3441 5266 Deus.

1869 5304 2011 5359 Suut
2038 5313 2094 5359 et
2117 5305 2222 5359 alia
2254 5306 2609 5361 invisibilium
2641 5308 2901 5373 pleraque
2943 5320 3175 5373 quorum
3222 5304 3444 5358 nomina

1871 5398 1927 5451 in
1950 5406 2181 5452 venturo
2213 5399 2413 5452 saeculo
2441 5397 2667 5452 revelari
2693 5395 3019 5450 audivimus.
3049 5394 3315 5448 Similiter
3348 5394 3451 5448 bo-

1872 5505 1991 5543 rum
2034 5492 2280 5544 omuiutn
2318 5489 2667 5545 invisibilium
2701 5489 2905 5559 pariter
2929 5498 2984 5543 et
3027 5487 3325 5542 visibilium
3357 5486 3443 5540 fa-

1874 5590 2079 5634 ctorem
2116 5581 2354 5637 Ecclesia
2386 5580 2556 5635 Deum
2586 5590 2840 5642 testatur,
2887 5580 3124 5634 viventis
3153 5579 3312 5634 Verbi
3346 5580 3448 5631 Pa-

1874 5682 2010 5726 trem
2065 5673 2387 5741 ingenitum,
2416 5672 2623 5741 absque
2679 5685 2870 5736 causa,
2914 5670 3094 5730 initio.
3131 5671 3255 5734 line,
3286 5678 3448 5724 ater-

1875 5782 2025 5824 uum.
2060 5766 2304 5818 omnium
2335 5778 2579 5826 causam,
2608 5764 2702 5833 qui
2736 5777 2960 5833 semper
2986 5770 3090 5822 est.
3124 5762 3218 5830 qui
3251 5773 3448 5814 natura

1874 5856 2023 5910 solus
2055 5855 2249 5909 bonus.
2277 5854 2317 5907 Ε
2344 5853 2529 5922 seipso
2556 5867 2683 5908 ante
2708 5868 2872 5906 omne
2893 5851 3155 5905 saeculum
3184 5859 3238 5903 et
3261 5849 3449 5903 inetia-

1875 5949 2079 6012 biliter,
2111 5947 2228 6001 sine
2264 5948 2489 6002 materia
2522 5957 2882 6015 corporeque,
2925 5951 2981 5999 ct
3013 5941 3224 6012 absque
3272 5941 3454 5995 animi
