4428 6752
350 511 458 575 853

1083 504 1477 568 RESPONSA
1519 507 1618 566 AD
1646 502 2099 566 GABRIELEM
2127 502 2857 569 PENTAPOLITANUM.

3498 506 3604 572 854

351 627 468 696 κίᾳ,
496 628 551 678 ὲν
576 627 643 694 τῇ
680 624 845 693 γενεᾷ
877 623 1025 694 πάσῃ
1049 621 1239 685 aitet»,
1272 621 1391 690 ἣτις
1428 621 1520 672 καῖ
1551 617 1926 687 κατακλυσμῷ
1957 624 1996 678 Α
2033 634 2094 671 ru

1853 617 1926 687 ιῷ
1957 624 1996 678 Α
2033 633 2151 671 rum
2190 628 2331 675 recta
2372 630 2426 675 ct
2450 622 2535 689 pia
2578 622 2955 677 manifestatur
2980 622 3111 689 vita,
3142 631 3198 679 ut
3220 623 3439 679 luerunt
3468 624 3602 695 Abel

351 716 765 785 ὲξωλόθρευται,
798 715 856 765 ὲν
965 714 1180 774 πάντως
1211 713 1373 782 γενεᾷ
1399 713 1463 781 τῇ
1504 710 1795 779 φθαρείσῃ,
1828 710 1923 761 καὶ

351 808 524 875 νήπια
564 807 845 876 μυριάδες,
886 805 1043 877 331
1099 806 1274 856 πάντα
1315 804 1411 855 καὶ
1436 790 1577 854 αὑτά
1625 800 1765 854 κατά
1799 800 1940 861 τοὺς

353 900 606 966 Πατέρας
644 898 905 967 μέλλοντα
935 898 1119 964 ζῆσαι.
1154 896 1266 947 Καὶ
1297 894 1371 956 ὡς
1412 893 1661 963 ’Λϐραάμ
1700 896 1756 945 ὲν
1782 892 1925 944 Χαλ-

350 990 525 1052 δαίοις
546 992 639 1043 καὶ
671 989 820 1061 πάσῃ
844 991 913 1058 γῇ
940 988 1083 1058 πλὴν
1117 987 1450 1056 Μελχισεδὲκ
1480 987 1567 1040 καὶ
1594 987 1697 1038 τῶν
1726 987 1925 1055 ὁμοίων

350 1085 525 1154 αὐτῷ,
554 1085 719 1154 εἴπερ
768 1085 863 1137 καὶ⁸
895 1082 1047 1137 ἄλλοι
1082 1080 1202 1135 κατ’
1245 1078 1440 1133 αὐτόν·
1480 1079 1575 1130 καὶ
1610 1078 1682 1139 ὡς
1714 1078 1835 1130 Λὼτ
1868 1078 1925 1129 ὲν

352 1177 631 1245 Σοδόμοις,
689 1177 785 1229 καὶ
827 1175 1024 1245 Ἰωσὴφ
1074 1174 1131 1225 ἐν
1193 1170 1477 1240 Αἰγύπτῳ,
1534 1171 1627 1221 καὶ
1673 1169 1733 1220 τὸ
1775 1168 1924 1230 ἔθνος

349 1266 462 1318 τῶν
502 1266 771 1319 Ἰουδαίων
808 1266 967 1334 μόνον
1016 1266 1072 1314 ἐν
1104 1266 1197 1331 γῇ,
1225 1263 1319 1314 καὶ
1364 1260 1495 1313 αὐτὸ
1536 1262 1763 1313 πλεῖστα
1794 1258 1922 1311 πολ-

350 1356 511 1418 λάκις
564 1357 955 1425 σφαλλόμενον.
1004 1356 1100 1418 Τίς
1127 1351 1221 1407 οὖν
1267 1355 1373 1423 ἄρα
1397 1356 1423 1407 ὁ
1468 1352 1635 1415 αἴτιος
1665 1352 1766 1422 τῆς
1799 1352 1924 1404 ἀσε-

356 1448 510 1511 ϐείας
533 1450 643 1510 τοῖς
670 1447 957 1509 ἀσεϐούσις
997 1446 1164 1509 Θεός;
1208 1445 1380 1514 ’Υπὲρ
1413 1446 1590 1498 πᾶσαν
1615 1444 1773 1497 τοῦτο
1801 1444 1927 1497 ἀσέ-

350 1540 504 1592 ϐειαν
558 1541 611 1593 εῐ
641 1556 724 1603 τις
773 1541 889 1607 ἐρεῖ
917 1540 1011 1591 καὶ
1055 1537 1424 1607 βλασφημίαν.
1474 1536 1641 1606 Δῆλον
1698 1535 1806 1605 γὰρ
1851 1535 1927 1599 ὡς

352 1633 573 1697 κολάζει
612 1634 738 1695 τοὺς
772 1632 1011 1692 ἀσεϐεῖς.
1047 1630 1201 1683 Διατί
1250 1626 1343 1683 οὖν
1373 1630 1507 1699 τιμᾷ
1540 1630 1636 1698 μὲν
1660 1629 1923 1693 δικαίους,

352 1728 449 1779 καὶ
500 1727 705 1777 τούτων
742 1724 986 1793 κήδεται,
1038 1723 1363 1791 τιμωρεῖται
1422 1721 1481 1774 δὲ
1525 1720 1923 1782 δυσσεϐοὖντας

354 1818 449 1868 καὶ
487 1816 893 1887 ἀποστρέφεται
924 1834 939 1879 ;
972 1815 1195 1875 Πάντως
1242 1814 1316 1875 ὡς
1363 1812 1489 1872 τοὺς
1540 1810 1784 1874 εὐσεϐεῖς
1829 1808 1928 1879 μὲν

351 1905 786 1975 ἀποδεχόμενος,
839 1908 964 1967 τοὺς
1025 1904 1240 1966 ἀσεϐεῖς
1290 1902 1346 1956 δὲ
1401 1901 1925 1971 ἀποστρεφόμενος,

352 1994 479 2047 ἐπεὶ
511 1996 633 2049 οὐδὲ
670 1995 865 2064 ἀφίησί
908 2012 959 2047 τι
1008 1994 1115 2046 τῶν
1146 1993 1281 2063 πρὸς
1335 1991 1614 2063 σωτηρίαν
1668 1991 1744 2060 μὴ
1775 1991 1929 2061 ινερ-

352 2089 496 2155 γεῖν,
524 2085 663 2139 ὥστε
707 2087 1005 2154 ἐπιγνῶναι
1057 2084 1220 2138 αὐτόν
1245 2102 1259 2118 ο
1323 2087 1417 2139 καὶ
1452 2085 1541 2138 τὸν
1590 2085 1792 2153 κόσμον
1822 2084 1930 2155 γὰρ

355 2177 428 2229 δι’
458 2179 604 2247 ἡμᾶς
633 2177 859 2247 ἐποίησέ
906 2194 964 2230 τε
1001 2178 1097 2230 καὶ
1129 2177 1339 2238 διοικεῖ,
1374 2174 1468 2227 καὶ
1501 2174 1570 2227 τὰ
1603 2174 1698 2244 τῆς
1729 2172 1931 2241 ἀρετῆς

356 2266 577 2336 ἔμφυτα
616 2267 813 2334 έθηκεν
841 2268 899 2318 ὲν
928 2268 1080 2335 ἡμῖν,
1110 2266 1205 2318 καὶ
1231 2264 1452 2327 δούλους
1485 2264 1805 2318 ἀπέστειλεν
1831 2263 1931 2315 αὖ·

357 2358 454 2411 τοῦ
493 2358 555 2411 τὸ
582 2357 745 2411 αὐτοῦ
781 2356 1153 2427 κηρύττοντας
1186 2357 1403 2425 θέλημα
1430 2371 1443 2386 ·
1477 2356 1569 2409 καὶ
1593 2355 1753 2424 νόμον
1777 2354 1932 2407 ἔθετο

354 2448 519 2511 θεῖον,
560 2449 652 2517 καὶ
700 2451 983 2519 προφήτας
1031 2448 1218 2514 ἔδειξε,
1249 2448 1340 2500 καὶ
1396 2447 1545 2507 τέλος
1597 2446 1758 2509 αὐτὸς
1800 2440 1932 2515 ἦλθε

352 2540 423 2594 δι’
454 2541 649 2594 ἑαυτοῦ
672 2558 687 2573 ο
725 2543 821 2594 καὶ
870 2540 1129 2610 μαθητῶν
1162 2539 1323 2610 χορόν
1371 2539 1674 2606 ἐξελέξατο,
1708 2539 1800 2591 καὶ
1854 2540 1933 2600 εἰς

357 2634 449 2686 τὸν
478 2636 679 2702 κόσμον
711 2633 1004 2704 κηρύσσειν
1044 2632 1340 2702 ἐξέπεμψε,
1376 2633 1470 2686 καὶ
1518 2631 1771 2700 θαύματι
1802 2646 1934 2682 κατ·

356 2731 677 2799 ειργάσατο,
721 2728 882 2782 ἆτινα
912 2727 975 2797 δὴ
1006 2729 1097 2780 καί
1128 2727 1291 2796 μέχρι
1322 2724 1420 2778 νῦν
1467 2725 1792 2792 ἐνεργεῖται.
1827 2722 1937 2775 Καὶ

360 2823 580 2893 πρῶτον
612 2822 709 2890 μὲν
741 2819 833 2872 τοῦ
860 2819 1121 2889 ὀνόματος
1152 2818 1318 2872 αὑτοῦ
1345 2836 1414 2886 κη
1424 2814 1751 2887 ρυττομένον
1775 2814 1937 2867 παντὶ

360 2915 438 2983 τῷ
470 2916 686 2984 κόσμῳ,
735 2914 927 2964 ἔπειτα
970 2912 1057 2964 διὰ
1104 2911 1206 2973 τῆς
1246 2909 1555 2977 Παρθενίας
1588 2905 1753 2959 αὑτοῦ
1783 2906 1934 2958 πολι·

356 3007 661 3077 τευομένης
703 3008 761 3060 ὲν
809 3007 879 3075 γῇ
906 3021 919 3035 ·
954 3000 1071 3055 εἶτα
1115 3002 1199 3055 διὰ
1227 3002 1323 3071 τῆς
1362 3001 1455 3054 τοῦ
1502 3000 1705 3069 κόσμου
1738 2998 1934 3067 φυγῆς,

366 3100 522 3169 παρά
555 3098 768 3151 πολλῶν
794 3098 922 3166 ἀχρι
948 3096 1041 3148 τοῦ
1067 3094 1161 3147 νῦν
1187 3094 1589 3164 πραττομένης,
1626 3093 1719 3144 καὶ
1746 3090 1825 3144 ἔτι
1853 3091 1939 3144 διὰ

366 3195 468 3262 τῆς
508 3188 845 3259 μονογαμίας
895 3189 988 3240 καὶ
1021 3187 1376 3256 σωφροσύνης
1402 3185 1512 3237 τῶν
1554 3185 1693 3238 κατά
1734 3184 1939 3253 κόσμον

361 3282 658 3350 όρθοδόξων
694 3278 901 3332 πιστῶν
960 3276 1152 3341 αὐτοῦ,
1187 3277 1376 3328 ἔπειτα
1425 3276 1513 3329 διά
1570 3274 1670 3344 τῆς
1712 3291 1958 3328 κακοπα-

364 3375 517 3437 θείας
562 3373 665 3441 τῆς
707 3371 930 3441 σαρκὸς,
983 3371 1042 3422 ἐν
1090 3368 1302 3429 πολλοῖς
1343 3368 1453 3419 τῶν
1502 3366 1704 3419 δούλων
1770 3366 1936 3419 αὐτοῦ

363 3464 766 3535 ἐνεργουμένης
809 3460 1071 3521 ἑκουσίως
1108 3461 1171 3528 τῇ
1210 3460 1442 3526 ἀσκήσει
1478 3458 1570 3509 καὶ
1593 3459 1937 3526 ἀναχωρήσει

364 3558 477 3609 τῶν
500 3554 810 3624 κοσμικῶν,
834 3553 908 3614 ὠς
936 3552 1097 3613 αὐτὸς
1122 3548 1422 3612 διετάξατο,
1449 3549 1542 3599 καλ⁸
1566 3547 1654 3599 διὰ
1676 3547 1783 3599 τῶν
1807 3548 1940 3598 ἀπο-

366 3648 717 3715 θνησκόντων
750 3647 877 3714 ἄχρι
906 3642 1001 3695 τοῦ
1044 3642 1138 3695 νῦν
1164 3642 1256 3694 καὶ
1285 3639 1637 3707 διωκομένων
1673 3637 1813 3705 ὑπὲρ
1838 3636 1937 3702 τῆς

362 3738 530 3791 αὐτοῦ
566 3737 871 3807 μαρτυρίας
902 3736 996 3787 καὶ
1044 3731 1136 3784 τοῦ
1171 3731 1311 3798 ὑπὲρ
1341 3730 1441 3798 τῆς
1485 3729 1718 3789 πίστεως
1752 3727 1937 3795 ζήλου.

367 3831 479 3883 Καὶ
522 3829 588 3881 δι’
624 3827 801 3881 αὐτῶν
830 3826 882 3877 δὲ
914 3826 1020 3876 τῶν
1052 3822 1213 3888 ἱερῶν
1261 3821 1461 3883 τόπων,
1494 3821 1551 3871 ὲν
1579 3815 1661 3879 οἷς
1708 3819 1776 3871 τὰ
1802 3819 1941 3885 ὑπὲρ

364 3923 526 3991 ἡμῶν
562 3921 858 3988 ἐνήργησε,
901 3918 959 3967 τὸ
990 3914 1308 3983 θαυμαστὸν
1346 3910 1669 3979 καθορᾶται,
1703 3909 1805 3960 ὑπὸ
1832 3907 1941 3959 τῶν

370 4012 841 4083 βλασφημούντων)
864 4008 1025 4060 αὐτόν
1050 4006 1228 4059 ἀθέων
1251 4004 1319 4055 τὰ
1349 4005 1526 4055 ἐκεῖσε
1557 4001 1833 4069 ἀρχόντων
1867 3999 1942 4069 μὴ

367 4108 807 4177 ἀφανιζομένων,
856 4100 1260 4168 συνισταμένων
1312 4097 1367 4149 δὲ
1418 4097 1619 4165 μᾶλλον
1672 4095 1842 4161 ἁγίων
1886 4096 1944 4144 έν

370 4200 556 4260 αὐτοῖς
583 4197 771 4260 οἴκων,
808 4194 901 4246 καὶ
926 4192 1002 4260 τῷ
1036 4190 1128 4243 τοῦ
1166 4189 1417 4259 Σωτῆρος
1445 4188 1669 4256 ὀνόματι
1698 4187 1943 4255 τιμωμέο

368 4308 501 4352 νων,
536 4290 625 4340 καὶ
658 4287 760 4340 ἀπ)
773 4285 847 4347 ῶς
873 4283 940 4337 δι’
970 4282 1174 4351 ἑτέρων
1202 4280 1591 4349 ἀναριθμήτων
1624 4277 1940 4346 θαυμάτων,

370 4384 482 4436 τῶν
516 4398 574 4433 τε
624 4382 681 4432 ἐν
710 4378 884 4445 ἁγίοις
915 4378 1083 4436 ναοῖς,
1117 4376 1174 4425 ἐν
1206 4374 1380 4440 ἁγίοις
1416 4370 1624 4434 ὕδασιν,
1671 4371 1728 4423 ἓν
1758 4370 1945 4436 ἀγίαις

367 4469 576 4522 εἰκόσιν
600 4509 613 4532 ,
657 4469 715 4519 ὲν
762 4466 926 4533 ἱεροῖς
958 4463 1231 4531 λειψάνοις
1264 4460 1695 4529 ἐνεργουμένων,
1738 4458 1831 4509 καὶ
1859 4457 1945 4510 διά

369 4558 467 4612 τιιῦ
513 4558 698 4627 μένειν
755 4554 893 4607 αύτά
937 4551 1109 4619 εὐώδη
1144 4550 1240 4603 καὶ
1288 4550 1467 4613 ἀσινῆ,
1505 4548 1585 4599 ἔτι
1632 4565 1689 4601 τε
1729 4546 1816 4599 διὰ
1852 4546 1944 4599 τοῦ

2026 718 2081 763 ct
2114 708 2260 775 Sem,
2293 712 2394 765 soli
2426 712 2480 765 in
2512 716 2864 781 generatione
2880 714 3035 778 Cain,
3064 724 3120 770 et
3151 715 3264 772 Noe
3293 718 3445 771 solus
3471 730 3602 770 cum

1987 858 1991 861 _
2028 815 2123 856 sna
2152 799 2315 855 domo
2344 801 2396 855 in
2435 802 2583 856 onmi
2621 803 2738 871 ejus
2770 806 3119 871 generatione
3157 821 3280 878 qua:
3311 816 3367 862 et
3397 806 3605 861 diluvio

2028 906 2351 966 consumpta
2380 907 2463 952 cst
2496 915 2509 953 :
2547 910 2600 953 et
2651 898 2706 951 in
2737 899 2823 952 illa
2873 900 3096 955 omnino
3145 916 3400 971 corrupta
3445 916 3608 971 gene-

2031 988 2241 1041 ratione
2272 998 2425 1041 erant
2460 1003 2678 1058 quoque
2718 990 2973 1054 infantes,
3028 1004 3083 1047 et
3126 992 3349 1065 insuper
3380 1007 3600 1058 omnes,

2032 1088 2090 1133 ut
2123 1088 2309 1133 notant
2340 1080 2547 1144 Patres,
2572 1082 2665 1150 qui
2697 1082 2859 1136 modo
2892 1083 3193 1154 ingressuri
3242 1094 3400 1139 erant
3431 1086 3497 1139 ad
3525 1086 3606 1139 vi-

2031 1180 2138 1225 tam
2165 1187 2180 1237 ;
2208 1184 2261 1226 et
2286 1173 2555 1227 Abraham
2584 1174 2636 1227 in
2661 1173 2929 1229 Chaldaeis
2954 1184 3007 1228 et
3042 1176 3093 1227 in
3124 1185 3427 1240 tota‘terra,
3462 1192 3601 1243 pra:-

2030 1273 2110 1316 te‘r
2158 1264 2573 1326 Melchisedech.
2628 1266 2701 1319 illi
2755 1268 2980 1333 similes,
3030 1267 3125 1321 alii
3176 1268 3321 1321 enim
3351 1270 3610 1322 dicuntur

2030 1356 2331 1429 secundum
2373 1357 2680 1425 exemplum
2718 1359 2837 1426 ejus
2872 1359 3104 1423 vixisse;
3160 1368 3217 1413 et
3249 1360 3395 1413 sicut
3418 1358 3518 1411 Lut
3550 1360 3606 1413 itt

2030 1445 2304 1511 Sodomis,
2343 1458 2397 1501 et
2426 1446 2622 1513 Jusepb
2676 1448 2728 1501 in
2763 1447 3013 1519 Egypto,
3042 1460 3096 1504 et
3146 1452 3380 1519 pepulus
3447 1448 3610 1504 Israel

2030 1542 2180 1596 solus
2211 1542 2352 1595 inter
2380 1541 2606 1609 populos
2636 1548 2794 1595 terra:
2850 1541 2943 1610 qui
2998 1550 3177 1595 tamen
3204 1550 3259 1596 et
3286 1542 3515 1597 multum
3548 1553 3606 1596 et

2028 1644 2170 1697 saepe
2195 1629 2443 1699 deliquit.
2470 1631 2604 1697 Quis
2623 1646 2753 1700 ergo
2773 1631 2954 1700 impiis
2975 1645 3140 1687 causa
3167 1643 3254 1688 est
3272 1633 3565 1702 impietatis
3588 1632 3613 1685 2

2033 1720 2214 1775 Deus?
2242 1720 2356 1775 Hoc
2387 1722 2433 1776 si
2470 1722 2596 1791 quis
2634 1721 2855 1785 dixerit,
2891 1737 3058 1791 super
3087 1736 3309 1778 omnem
3365 1724 3615 1793 impieta-

2033 1819 2145 1868 tem
2185 1822 2237 1866 et
2280 1814 2694 1883 blasphemiam.
2738 1813 2968 1870 Evidens
3020 1816 3166 1871 enim
3211 1823 3298 1871 est
3341 1824 3613 1883 quantum

2033 1905 2222 1975 puniat
2250 1906 2467 1975 impios.
2492 1904 2671 1971 Quare
2703 1922 2832 1976 ergo
2866 1908 3097 1960 honorat
3117 1906 3301 1976 justos
3326 1915 3381 1963 et
3408 1908 3477 1963 de
3505 1908 3615 1963 illis

2030 2011 2208 2066 curat,
2238 1999 2364 2053 dum
2390 1998 2618 2069 castigat
2651 2006 2707 2055 et
2751 1999 2901 2068 ejicit
2937 2000 3173 2068 impios?
3200 1998 3438 2056 Omnino
3464 2002 3617 2056 sicut

2031 2090 2149 2157 pios
2212 2088 2477 2159 gloriﬁcat
2527 2102 2581 2145 et
2649 2090 2844 2158 impios
2900 2089 3115 2159 clongat
3171 2104 3353 2145 :cum
3393 2090 3616 2160 quidem

2036 2182 2168 2235 nihil
2211 2197 2319 2236 non
2378 2182 2570 2237 fecerit
2624 2193 2845 2253 propter
2893 2183 3123 2238 salutem
3157 2183 3405 2238 nostram
3455 2193 3511 2237 et
3556 2192 3618 2238 ut

2033 2280 2487 2344 cognosceretur;
2512 2284 2563 2327 et
2584 2273 3107 2341 orbemluniversum
3124 2274 3371 2329 condidit
3398 2286 3620 2344 propter

2034 2381 2134 2422 nos
2161 2376 2214 2421 et
2243 2366 2543 2435 gubernat;
2566 2376 2619 2421 et
2643 2365 2698 2420 in
2725 2364 2880 2421 nobis
2907 2366 3088 2436 posuit
3120 2367 3330 2423 semina
3361 2367 3617 2431 virtutis;

2035 2468 2089 2514 et
2136 2457 2288 2514 misit
2350 2472 2543 2513 servos
2593 2472 2724 2513 suos
2769 2459 2862 2527 qui
2919 2456 3077 2512 nobis
3125 2458 3453 2512 annuntient
3495 2457 3619 2526 ejus

2034 2548 2405 2612 voluntatem;
2442 2556 2495 2602 ct
2535 2548 2707 2616 legem
2750 2547 2945 2603 statuit
2987 2547 3227 2602 divinam
3256 2557 3351 2614 ;et
3380 2552 3621 2617 prophe-

2041 2650 2121 2695 tas
2156 2639 2336 2705 misit;
2369 2649 2421 2694 et
2450 2639 2688 2708 denique
2718 2641 2833 2709 ipse
2888 2640 3039 2693 venit
3071 2656 3087 2706 ;
3118 2649 3174 2695 et
3209 2638 3618 2708 discipulorum

2037 2733 2267 2788 chorum
2308 2732 2470 2804 elegit
2532 2746 2673 2802 quos
2707 2732 2855 2786 misit
2887 2731 2943 2786 in
2988 2732 3305 2787 universum
3345 2730 3618 2786 mundum

2040 2825 2457 2894 praedicatur-os;
2512 2831 2566 2877 et
2625 2822 2891 2877 miracula
2956 2820 3082 2877 fecit
3131 2836 3252 2892 qua:
3306 2822 3523 2892 quidem
3566 2828 3633 2878 et

2038 2932 2213 2987 usque
2279 2931 2423 2970 nunc
2459 2924 2731 2985 operatur.
2799 2914 3041 2980 Quorum
3094 2916 3331 2984 primum
3394 2912 3497 2967 fuit
3568 2922 3628 2967 ut

2040 3009 2432 3079 praedicaretur
2479 3022 2674 3062 nomen
2725 3008 2844 3074 ejus
2876 3008 2930 3061 in
2982 3016 3095 3061 toto
3131 3007 3265 3061 orbe
3308 3016 3622 3069 terrarum;

2039 3103 2234 3156 deinde
2271 3109 2326 3153 ut
2366 3116 2459 3168 per
2480 3099 2840 3167 virginitatem
2872 3099 2993 3167 ejus
3037 3099 3351 3153 alliceretur
3382 3106 3437 3154 et
3468 3101 3627 3167 quasi

2040 3193 2439 3261 gubernaretur
2480 3198 2620 3243 terra
2645 3187 2955 3252 ;deiualeut
2989 3188 3227 3242 mundus
3268 3190 3627 3245 desereretur

1988 3281 2030 3342 C
2063 3292 2115 3336 et
2144 3297 2171 3333 a
2198 3281 2381 3333 multis
2408 3280 2574 3333 etiam
2640 3294 2783 3333 nunc
2814 3278 3139 3346 deseratur;
3170 3290 3223 3335 et
3254 3291 3315 3335 ut
3341 3283 3629 3336 credentes

2050 3374 2101 3425 in
2144 3388 2267 3425 eum
2309 3371 2375 3423 de
2409 3370 2614 3423 mundo
2645 3368 2940 3424 didicerint
2968 3379 3022 3425 et
3048 3371 3476 3440 approbaverint
3511 3390 3628 3426 mo-

2051 3463 2357 3532 nogamiam
2395 3472 2447 3515 et
2489 3462 2821 3515 castitatem.
2880 3462 3087 3516 Deinde
3124 3471 3182 3517 ut
3210 3478 3487 3517 servorum
3512 3467 3633 3533 ejus

2051 3551 2305 3621 permulti
2364 3551 2603 3621 amplexi
2684 3552 2797 3605 sint
2848 3554 3323 3607 mortiliCntionem
3356 3555 3632 3611 heroicam

2048 3644 2231 3699 carnis
2292 3653 2490 3711 sponte
2553 3658 2650 3696 sua
2711 3659 2803 3712 per
2838 3644 3353 3711 contemplationem
3384 3654 3441 3700 et
3497 3663 3635 3701 aua-

2049 3734 2381 3789 cboreticam
2424 3734 2765 3787 eversionem
2819 3749 2847 3787 a
2905 3736 3218 3798 mundanis,
3270 3736 3415 3790 sicut
3443 3754 3631 3793 exem-

2052 3826 2139 3896 plo
2175 3828 2295 3893 igne
2328 3826 2612 3889 docuerat,
2645 3835 2698 3879 et
2741 3836 2798 3880 ut
2862 3828 3018 3879 multi
3073 3838 3301 3883 mortem
3363 3830 3635 3899 subierint

2051 3928 2105 3972 et
2133 3918 2384 3973 exsilium
2420 3932 2592 3985 usque
2625 3933 2766 3972 nunc
2805 3919 2856 3970 in
2896 3920 3263 3975 ICslllllt‘ﬂlbln
3285 3920 3404 3989 ejus
3435 3929 3490 3977 et
3520 3922 3635 3977 zelo

2053 4009 2175 4064 ﬁdei
2209 4027 2221 4058 :
2256 4016 2310 4062 et
2342 4017 2397 4062 ut
2430 4009 2484 4062 in
2519 4010 2653 4063 locis
2693 4010 2900 4064 sanctis
2964 4011 3053 4064 ubi
3088 4019 3312 4080 propter
3344 4028 3445 4066 nos
3489 4014 3636 4066 Iaho-

2056 4101 2192 4153 ravit
2256 4109 2576 4169 perpetuum
2649 4100 3018 4169 conspiciatur
3090 4104 3416 4161 miraculum
3489 4104 3636 4170 quod

2055 4188 2409 4259 blaspbemiis
2460 4190 2744 4243 atheorum
2800 4206 2907 4244 non
2957 4191 3252 4245 obscurata
3293 4200 3348 4246 ct
3406 4194 3637 4261 prmciszt

2053 4284 2159 4335 sint
2198 4295 2319 4350 quae
2382 4280 2517 4335 inibi
2549 4282 2873 4350 principium
2911 4283 3218 4337 halmeruut
3242 4323 3257 4347 ,
3307 4284 3400 4339 sed
3459 4285 3640 4353 potius

2054 4373 2311 4430 stabilita:
2366 4375 2476 4427 sint
2512 4373 2564 4427 iu
2617 4373 2718 4427 illis
2742 4382 3057 4428 sanctorum
3116 4375 3315 4430 domus
3347 4385 3403 4430 et
3442 4390 3635 4430 eorum

2054 4464 2147 4534 qui
2180 4464 2481 4517 Salvatoris
2532 4477 2727 4517 nomen
2762 4463 3083 4531 gloriﬁcant.
3127 4462 3249 4518 Uno
3276 4464 3442 4518 verbo
3471 4466 3637 4517 iuntI-

2056 4571 2206 4610 mera
2238 4555 2343 4608 alia
2370 4563 2580 4623 patrata
2615 4563 2744 4607 sunt
2768 4553 3032 4607 miracula
3066 4554 3119 4609 in
3156 4556 3365 4609 sanctis
3391 4556 3638 4623 templis.

374 4649 674 4717 μυστηρίου
722 4647 818 4714 τῆς
869 4645 1091 4714 χάριτος
1128 4640 1223 4694 τοῦ
1254 4641 1404 4693 λύειν
1448 4658 1507 4693 τε
1565 4640 1659 4691 καὶ
1704 4640 1947 4708 δεσμεῖν,
1984 4630 2031 4689 D
2059 4648 2113 4701 in

1893 4640 1947 4700 Γν.
1984 4630 2031 4689 Ῑ)
2059 4648 2113 4701 in
2146 4646 2356 4700 sanctis
2406 4644 2587 4715 aquis,
2630 4646 2682 4698 in
2715 4644 2920 4699 sanctis
2952 4644 3306 4711 imaginibus,
3342 4645 3394 4699 in
3431 4647 3642 4702 sanctis

369 4742 468 4792 καὶ
517 4739 605 4791 διά
634 4736 727 4789 τοῦ
755 4737 938 4806 μένειν
974 4734 1310 4803 διωκομένην
1334 4731 1434 4802 τὴν
1478 4732 1832 4800 Ἐκκλησίαν,
1858 4730 1953 4782 καὶ

371 4831 539 4900 μέσον
571 4824 739 4881 οὖσαν
765 4828 873 4879 τῶν
904 4824 1077 4878 ἐθνῶν
1108 4824 1447 4894 μισουμένην
1481 4822 1575 4873 καὶ¹
1615 4820 1950 4889 θλιϐομένην

369 4922 513 4974 κατά
543 4922 642 4991 τὴν
678 4920 1077 4991 προαγόρευσιν
1111 4916 1221 4970 τῶν
1254 4915 1413 4967 θείων
1460 4914 1634 4979 λόγων
1666 4913 1853 4974 αὑτοῦ,
1884 4911 1952 4963 δι’

368 5007 447 5066 ὧν
471 5016 567 5065 καὶ
600 5013 701 5081 τὴν
735 5010 1009 5080 βασιλείαν
1040 5008 1227 5072 αὐτοῦ,
1260 5007 1334 5068 ὡς
1368 5005 1492 5075 ἔφη,
1530 5005 1841 5073 ἐλπίζομεν.
1880 5002 1955 5055 Τὸ

375 5109 561 5177 μεῖζον
584 5105 641 5158 δέ
664 5121 748 5171 γε,
782 5105 864 5157 ὅτι
892 5104 986 5155 καὶ
1005 5102 1173 5171 χωρὶς
1200 5101 1496 5170 μαχαίρας,
1525 5099 1691 5168 χωρίς
1706 5114 1765 5149 τε
1792 5113 1953 5166 στρα-

373 5198 691 5265 τευμάτων,
722 5195 816 5248 καὶ
843 5194 1011 5263 χωρὶς
1040 5194 1307 5263 βασιλέων
1335 5189 1782 5259 στρατευομένων
1813 5188 1954 5259 ὑπὲρ

377 5291 570 5353 αὐτοῦ,
624 5288 691 5341 δι’
722 5290 925 5343 ἀλιέων
960 5287 1055 5339 καὶ
1093 5284 1361 5354 πενήτων,
1410 5283 1775 5351 διωκομένων,
1818 5282 1955 5334 ἀπο-

374 5375 744 5446 θνησκόντων,
800 5375 1046 5437 ίδιωτῶν,
1081 5374 1485 5440 ἀγραμμάτων,
1520 5372 1950 5441 λοιδορουμένων

371 5468 470 5521 καὶ
499 5465 1031 5535 καταφρονουμένων
1086 5461 1153 5515 δι’
1206 5463 1391 5523 αὑτὸν,
1439 5463 1648 5526 πάντας
1706 5465 1951 5533 νικῆσαι,

376 5562 475 5614 καὶ
502 5560 569 5613 τὰ
598 5559 810 5629 μεγάλα
838 5555 1285 5625 κατωρθωκέναι.
1334 5554 1496 5607 Ἀλλά
1536 5556 1630 5608 καὶ
1662 5558 1721 5606 τὸ
1770 5555 1957 5625 μένειν

379 5654 551 5706 αὐτοῦ
577 5652 677 5722 τὴν
719 5651 1053 5719 Ἐκκλησίαν
1101 5650 1225 5717 δίχα
1256 5650 1526 5717 κοσμικῆς
1554 5648 1647 5699 νῦν
1685 5648 1956 5713 ἐξουσίας,

378 5746 724 5815 διωκομένην
757 5743 889 5814 παρ’
937 5742 1169 5812 ἐχθρῶν,
1203 5742 1339 5810 ὅπερ
1372 5742 1461 5792 καὶ
1504 5743 1612 5802 τοῖς
1648 5741 1861 5803 πολλοῖς
1890 5741 1956 5794 ἂν

380 5837 673 5907 νομισθείη
702 5836 980 5899 ἀσθένεια,
1015 5834 1244 5902 δύναμις
1274 5834 1439 5885 αὐτοῦ
1472 5832 1671 5901 μᾶλλον
1700 5835 1795 5883 καὶ
1828 5834 1960 5901 κρά-

376 5945 471 5989 τος
510 5928 661 5981 ξσται
696 5926 903 5997 σαφῶς.
930 5925 1045 5979 Ἱνα
1073 5922 1149 5994 μὴ
1174 5923 1519 5993 καυχήσηται
1546 5921 1779 5990 (Παῡλὸς
1806 5923 1962 5992 φησι)

2058 4736 2306 4806 reliquiis
2339 4750 2461 4803 qua:
2502 4734 2801 4789 manebant
2857 4737 3016 4805 plene
3067 4738 3402 4806 incorrupta:
3427 4746 3482 4791 et
3510 4752 3642 4790 sua-

2055 4828 2343 4883 vissimum
2389 4824 2646 4880 elllabant
2675 4826 2918 4879 odorem.
2972 4827 3039 4879 Et
3071 4826 3300 4895 insuper
3339 4828 3392 4881 iu
3431 4840 3639 4899 myste-

2060 4923 2140 4975 rio
2167 4920 2357 4991 gratia:
2404 4934 2526 4988 quae
2572 4918 2736 4974 δυινὶι
2767 4927 2821 4972 et
2846 4918 3011 4989 ligat;
3057 4919 3207 4974 ineo
3259 4921 3402 4989 quod
3458 4930 3644 4974 maut

2060 5011 2303 5066 Ecclesia
2327 5010 2631 5081 proscripta
2657 5020 2711 5065 et
2736 5011 2891 5080 quasi
2928 5010 3191 5089 exsulans
3220 5010 3277 5065 in
3310 5010 3487 5065 medio
3508 5027 3646 5080 gen-

2064 5103 2197 5157 tium
2223 5118 2342 5172 quae
2359 5116 2477 5155 eam
2500 5102 2733 5155 oderunt
2756 5108 2809 5155 et
2830 5101 3173 5165 conculcant,
3202 5110 3260 5153 ut
3307 5103 3647 5170 adimplezm-

2063 5204 2151 5248 tur
2212 5208 2497 5249 sermones
2551 5193 2667 5263 ejus
2724 5192 2893 5247 divini
2944 5192 3147 5261 quibus
3195 5193 3359 5246 etiam
3422 5207 3648 5262 sperare

2054 5288 2307 5357 jubcmur
2338 5301 2561 5357 regnum
2599 5285 2739 5353 ejus.
2783 5284 2922 5339 Illud
2988 5295 3170 5340 autem
3236 5286 3476 5339 maxime
3531 5293 3644 5340 stu-

2062 5381 2297 5449 pendum
2323 5379 2465 5447 quod
2489 5379 2695 5446 absque
2726 5378 3024 5437 machaera.
3050 5378 3259 5447 absque
3286 5376 3646 5440 exercitibus,

2065 5482 2120 5526 et
2149 5470 2355 5539 absque
2386 5468 2611 5537 regibus
2649 5482 2749 5536 pro
2793 5468 2885 5522 illo
2937 5468 3311 5539 pugnantibus
3347 5481 3444 5535 per
3471 5465 3649 5533 pisca-

2065 5572 2212 5616 tores
2248 5560 2501 5621 miseros,
2537 5556 2764 5624 ejectos,
2799 5558 3038 5623 occisos,
3091 5559 3432 5625 ignorantes,
3481 5554 3644 5610 uilia-

2068 5662 2247 5707 matos
2297 5660 2351 5706 et
2395 5658 2739 5717 contemptos
2792 5658 3016 5719 prapter
3066 5648 3267 5715 ipsum,
3300 5660 3491 5700 omnes
3526 5646 3649 5699 vin-

2068 5756 2190 5796 ccre
2219 5750 2271 5796 et
2297 5754 2489 5810 magna
2525 5739 2763 5807 dirigere
2799 5739 2992 5809 potuit.
3030 5738 3163 5791 Dum
3196 5747 3380 5792 autem
3404 5736 3644 5790 Etrcle~ia

2066 5832 2185 5901 ejus
2217 5831 2363 5884 omni
2401 5838 2582 5883 manet
2625 5832 2898 5884 mundana
2928 5829 3239 5885 substantia
3283 5837 3337 5884 et
3379 5835 3647 5896 potestate

2071 5924 2358 5989 déSlttuta,
2416 5920 2762 5993 abinimicis
2825 5924 3041 5995 repulsa
3075 5933 3129 5981 et
3165 5924 3376 5994 ejecta;
3414 5919 3559 5992 quod
3618 5931 3649 5971 a
