4276 6704
278 468 384 563 913

1018 480 1415 572 REti’ONSA
1465 514 1564 575 AD
1597 513 2061 576 GABRIELEM
2103 512 2831 582 PENTAPOLITANUM-

3353 520 3357 525 ’
3427 522 3548 588 9η

278 610 554 666 θειότατον
615 613 920 687 βάπτισμα,
980 619 1072 671 καὶ
1142 621 1242 687 τὴν
1316 621 1496 692 ίερὰνι
1552 622 1967 687 πολιτείαν,Αι

1843 664 1849 686 .
1882 626 1926 681 Α
1954 628 2450 699 conversationem,
2488 642 2546 687 ut
2573 633 2775 688 dictum
2830 643 2913 690 est
2946 651 2960 689 :
3002 636 3185 693 omnia
3212 638 3382 696 ferme
3410 626 3532 711 eius

273 705 349 758 ὡς
382 704 617 774 εἴρηται,
653 708 747 760 καὶ
809 708 995 778 σχεδὸν
1044 711 1207 783 355
1258 712 1495 778 ἅπαντα,
1552 717 1647 768 καὶ
1706 716 1853 769 πλεῖ-

276 812 393 846 στοι
451 796 563 850 τῶν
651 798 877 852 δικαίων
953 802 1047 854 καὶ
1080 805 1434 872 προφητῶν,
1499 806 1734 875 μάλιστα
1795 808 1853 862 δὶ

286 884 471 941 Ἠλιοῦ
545 889 883 958 ἀναχωρῶν,
955 892 1051 946 καὶ
1122 896 1391 966 παρθένος
1458 898 1635 967 μένων
1711 899 1854 969 ὑπὲρ

272 974 365 1025 τὸν
420 975 632 1046 νόμον.
698 980 815 1040 καὶ.
859 981 1165 1046 Ἐλισσαῖος
1234 985 1384 1055 αὐτῷ
1445 988 1853 1043 καθυποτασσό-

274 1088 472 1137 μενος,
529 1074 624 1125 καὶ
653 1073 822 1127 οἰκῶν
881 1075 944 1128 τδ
971 1076 1097 1147 ὅρος
1118 1122 1129 1139 ,
1166 1079 1259 1130 καὶ
1289 1083 1316 1131 ὁ
1349 1081 1664 1151 Βαπτιστὴς
1698 1082 1854 1136 ὕστε-

274 1181 368 1232 ρτν
422 1165 587 1233 ἁγνὸς
636 1167 731 1220 καὶ
788 1168 993 1236 γυμνὸς
1055 1172 1147 1222 καὶ
1201 1172 1437 1241 ἄτροφος
1467 1170 1849 1245 διαιτώμενος,

270 1257 369 1308 καὶ
396 1257 455 1309 ιν
479 1259 597 1319 ταῖς
628 1259 859 1327 ἐρήμοις
888 1260 1053 1313 οἰκῶν
1082 1263 1173 1314 καὶ
1204 1263 1499 1331 κηρύττων
1530 1268 1848 1334 μετάνοιαν.

269 1347 598 1403 Τετὶλείωκε
630 1350 687 1405 δι
720 1353 814 1406 καὶ
848 1354 1267 1421 παραδέδωκεν,
1296 1357 1373 1414 ὡς
1406 1358 1650 1426 ἔφημεν,
1682 1365 1705 1411 ὁ
1741 1363 1853 1414 Σω-

269 1442 318 1490 τ’
342 1455 394 1506 ρ.
431 1438 500 1493 δι’
520 1440 581 1493 ὃν
612 1441 794 1497 ’πάντα
832 1444 1218 1515 προετυπώθη,
1257 1448 1286 1499 δ
1326 1450 1421 1501 καί
1465 1450 1624 1517 μόνος
1666 1452 1845 1521 ύπάρ-

268 1549 382 1598 χων
409 1532 663 1604 ἀλήθεια,
695 1535 758 1587 ὲκ
792 1535 1072 1606 Παρθένου
1102 1539 1542 1612 ἁγνῆςπτεχθεὶς,
1580 1546 1671 1597 καὶ
1706 1562 1843 1614 παρ-

266 1622 424 1687 θένος
468 1624 665 1693 μόνων,
711 1628 804 1681 καὶ
845 1626 1018 1696 ἀγίως
1062 1626 1195 1695 ζῶν.
1239 1633 1333 1686 καὶ
1378 1634 1702 1704 πτωχεύων,
1751 1637 1848 1689 καὶ

267 1717 625 1787 πεζοπορῶν,
662 1720 757 1772 καὶ
795 1720 869 1790 μὴ
904 1722 1045 1792 ἔχων
1080 1722 1184 1777 ποῦ
1223 1724 1320 1796 τὴν
1356 1727 1601 1798 κεφαλὴν
1636 1713 1847 1794 κλῖναι,

269 1811 363 1860 καὶ
397 1808 631 1873 εὐτελῶς
666 1810 1059 1882 διαιτώμενος,
1100 1817 1194 1869 καὶ
1232 1815 1678 1888 ὑποτασσόμενος
1718 1821 1848 1890 ἄχρι

1957 724 2081 778 vitm
2107 724 2159 777 in
2191 724 2466 794 plerisque
2488 738 2804 781 sanctorum
2834 735 2889 782 et
2919 730 3333 798 praphetarnm.
3361 731 3533 787 Maxi-

1957 834 2045 874 me
2069 819 2291 888 quidem
2327 820 2379 874 in
2412 817 2553 885 Elia,
2582 818 2695 891 qui,
2726 822 2874 878 solus
2908 823 3118 890 vivens,
3148 840 3312 897 supra
3359 826 3531 897 legem

1956 910 2110 978 virgo
2153 912 2453 980 permansit
2480 928 2494 979 ;
2519 920 2569 966 et
2600 913 2655 967 in
2686 910 2873 969 Elisazo
2890 916 2979 984 qui
3002 915 3079 970 illi
3099 917 3531 987 subjectuserat.

1956 1010 2009 1055 et
2037 1003 2090 1056 in
2118 1013 2307 1059 monte
2339 1003 2640 1071 habitabat,
2670 1018 2723 1061 et
2748 1008 2799 1061 iu
2831 1008 3069 1078 Baptista
3118 1008 3377 1078 denique,
3435 1011 3529 1080 qui

1956 1101 2168 1158 castus,
2195 1096 2375 1151 nudus
2394 1097 2626 1163 vivebat,
2666 1113 2769 1153 nee
2788 1100 3170 1168 manducahat,
3193 1104 3319 1157 etin
3349 1099 3535 1159 deser-

1956 1188 2026 1242 tis
2053 1188 2310 1244 habitans
2339 1190 3106 1263 pmnitentiamprzedicabat.
3171 1194 3298 1250 ilcc
3348 1196 3532 1251 omnia

1956 1284 2273 1351 adintplevit
2301 1283 2552 1340 Salvator
2584 1292 2640 1341 et
2674 1288 3048 1342 continuanda
3081 1289 3305 1345 tradidit
3328 1304 3390 1346 ea
3409 1304 3533 1361 qure

1955 1376 2023 1429 de
2054 1376 2170 1444 ipso
2194 1375 2536 1445 prmiignrata
2567 1376 2806 1434 fuerant.
2841 1378 3003 1435 Solus
3028 1380 3174 1434 enim
3205 1388 3289 1436 est
3324 1382 3551 1437 veritas.

1954 1476 2007 1523 et
2044 1467 2094 1521 in
2119 1449 2347 1521 veritate
2397 1468 2689 1538 complevit
2719 1471 2927 1526 omnia.
2965 1470 3037 1527 Ex
3074 1473 3386 1529 castissima
3414 1473 3536 1528 Vir-

1955 1560 2080 1628 gine
2114 1569 2275 1614 natus
2297 1569 2402 1623 est,
2436 1561 2590 1630 virgo
2616 1563 2938 1630 permansit.
2973 1565 3320 1621 sanctissime
3374 1565 3530 1632 visit,

1955 1648 2136 1705 cibum
2166 1647 2517 1720 mendicavit,
2538 1652 2767 1724 pedibus
2791 1651 2892 1710 iter
2915 1652 3065 1718 fecit,
3091 1671 3199 1710 non
3228 1656 3418 1713 habuit
3441 1657 3532 1713 ubi

1953 1750 2118 1806 caput
2152 1743 2466 1811 reclinaret,
2494 1758 2655 1814 parce
2687 1745 2816 1799 vixit
2847 1761 3022 1814 usque
3044 1747 3109 1801 ad
3139 1758 3365 1802 mortem
3388 1748 3531 1802 Patri

1954 1833 2158 1900 Optime
2181 1833 2459 1903 subjectus
2488 1852 2504 1901 ;
2544 1849 2887 1901 persecutus.
2923 1839 3152 1893 attritus
3189 1846 3245 1894 et
3266 1838 3536 1896 interem-

266 1892 503 1953 θπῖνάιου
538 1900 617 1971 τῷ
655 1902 861 1975 Πατρὶ,
896 1906 991 1959 καὶ
1025 1907 1358 1975 διωκόμενος
1394 1910 1491 1961 καὶ
1526 1908 1849 1980 θλιϐόμενος
1883 1954 1923 2010 Β

1845 1930 1849 1966 ῖ
1883 1954 1923 2010 Β
1955 1936 2083 1996 ptus
2124 1937 2231 1991 est,
2256 1927 2440 1982 omnia
2469 1942 2627 1997 αιςσο
2653 1929 2931 1988 sustinens
2957 1948 2969 1983 :
2996 1944 3140 1997 sape
3166 1930 3282 1986 loca
3324 1938 3534 1987 remota

266 1992 361 2043 καὶ
388 1993 616 2064 πάσχων
644 1996 737 2049 καὶ
764 1997 1192 2068 θανατούμενος,
1225 2000 1320 2054 καὶ
1349 2001 1529 2056 πάντα
1558 2003 1850 2073 ὑποφέρων

267 2087 526 2151 πραέως,
577 2089 672 2141 καὶ
720 2091 1023 2161 ἀναχωρῶν
1069 2092 1367 2159 πολλάκις,
1418 2095 1512 2147 καὶ
1560 2095 1683 2149 κατ’
1712 2095 1849 2149 ίδίαν

270 2176 747 2246 προσευχόμενος,
780 2181 851 2234 τά
883 2181 984 2250 τῆς
1018 2181 1246 2253 ἡσυχίας
1278 2185 1465 2237 τυπῶν
1486 2199 1500 2215 ·
1534 2186 1617 2238 ὅτι
1655 2186 1749 2238 καὶ
1783 2188 1852 2240 τὰ.

264 2269 570 2337 τελεώτερα
603 2272 661 2323 ιν
690 2271 769 2340 τῷ
800 2272 919 2341 ὄρει
950 2275 1157 2341 ἐδίδαξε
1178 2318 1193 2341 ,
1231 2279 1328 2332 καὶ
1357 2278 1457 2348 τὴν
1487 2278 1650 2345 δόξαν
1680 2278 1848 2333 αὑτοῦ

263 2362 364 2425 τῆς
401 2358 655 2429 θεότητος
688 2362 923 2431 ἔδειξεν,
954 2367 1021 2437 ἦν
1050 2368 1137 2420 ἀεὶ
1168 2371 1283 2431 τοῖς
1320 2369 1744 2441 καθαιρομένοις
1777 2374 1847 2427 δι’

263 2456 430 2507 αὶτὸν
460 2456 557 2509 καὶ
592 2456 854 2513 ποθοῦσιν
884 2460 1051 2515 αὐτὸν
1081 2463 1418 2535 όλοκαρδὶως
1451 2471 1715 2536 φανεροί,
1751 2469 1847 2523 καὶ

266 2546 472 2613 μᾶλλον
500 2552 614 2611 τοῖς
645 2548 872 2619 ζητοῦσι
902 2554 972 2607 δι’
992 2556 1244 2625 ἡσυχίας.
1280 2558 1391 2613 Καὶ
1422 2561 1604 2613 κοινοῦ
1636 2561 1691 2613 δὲ
1726 2561 1845 2630 βίου

260 2642 417 2707 τέξεν
447 2641 701 2709 ὖπῖδειξε
732 2645 820 2699 διὰ
853 2648 962 2700 τῶν
995 2647 1160 2702 αὐτοῦ
1202 2651 1480 2721 μαθητῶν.
1516 2655 1625 2706 Καὶ
1656 2656 1715 2706 τὸ
1752 2673 1847 2706 κα-

262 2731 627 2800 ταῖιμπάνειν
653 2735 710 2787 δὶ
748 2736 993 2806 πατέρας
1027 2737 1097 2791 δι’
1121 2740 1287 2793 αὐτὸν
1308 2768 1325 2806 ,ν
1359 2743 1623 2809 ἀδελφούς
1653 2760 1713 2797 τε
1752 2744 1850 2797 καὶ

262 2827 523 2889 γυναῖκα,
563 2829 659 2880 καὶ
695 2830 864 2882 τέκνα
906 2832 999 2884 καὶ
1040 2834 1325 2900 συγγενεῖς
1368 2836 1462 2886 καὶ⁵
1506 2837 1709 2905 ἀγροὺς
1755 2838 1847 2889 καὶ

263 2916 444 2969 πάντα
473 2917 535 2968 τι
570 2918 629 2970 εν
657 2920 736 2992 τῷ
765 2922 955 2992 κόσμῳ
980 2964 995 2987 ,
1023 2924 1422 2994 νενομοθέτηκε
1453 2930 1567 2989 τοῖς
1596 2929 1847 2982 θέλουσιν

262 3012 443 3076 αἴρειν
487 3011 579 3063 τὶν
623 3014 879 3081 σταύρδν,
929 3018 1024 3069 καὶ
1072 3017 1250 3071 ὀπίσω
1289 3019 1456 3072 αὑτοῦ
1504 3020 1844 3086 ἀκολουθεῖν,

264 3104 351 3151 κί’·
406 3102 658 3171 μαθητὰς
700 3104 869 3158 αὐτοῦ
918 3107 1010 3159 καὶ
1050 3106 1235 3172 ἀξίους
1278 3111 1443 3163 αὑτοῦ
1499 3113 1694 3179 μόνους
1739 3113 1844 3184 ἔφη

261 3192 393 3255 τοῦς
416 3194 580 3248 αὐτδν
606 3195 938 3263 ἀγαπῶντας
972 3199 1135 3268 μόνον
1164 3202 1328 3256 πλέον
1354 3203 1447 3256 τοῦ
1474 3203 1681 3271 κόσμου
1710 3221 1847 3256 παν-

1957 2028 2166 2088 pelens.
2195 2020 2350 2074 solus
2374 2020 2587 2084 orahat,
2622 2021 2773 2089 pacis
2799 2021 3139 2076 desiderium
3172 2023 3491 2092 significans
3517 2041 3533 2091 ;

1954 2104 2278 2173 perfectiora
2333 2105 2387 2159 in
2438 2116 2622 2161 monte
2665 2108 2951 2170 doenit,et
3000 2109 3054 2163 in
3088 2121 3273 2165 monte
3314 2126 3536 2183 quoque

1953 2198 2184 2265 gloriam
2238 2197 2548 2254 divinitatis
2594 2200 2858 2264 ostendit,
2927 2216 3092 2271 quam
3153 2202 3207 2257 in
3248 2213 3534 2260 aternum

1954 2288 2346 2358 possidendam
2377 2306 2748 2347 concessurus
2790 2301 2909 2349 erat
2931 2294 3189 2349 omnibus
3229 2297 3324 2365 qui
3380 2296 3533 2371 illum

1954 2392 2072 2436 toto
2092 2383 2255 2438 corde
2280 2384 2661 2439 desiderantes
2691 2399 2879 2454 pacem
2906 2387 3142 2462 maxime
3190 2389 3533 2457 quassierint.

1958 2474 2241 2543 Apostolis
2269 2486 2451 2531 autem
2476 2478 2594 2534 suis
2625 2494 2872 2534 normam
2900 2480 3269 2535 communiter
3314 2481 3531 2537 vivendi

1952 2570 2215 2632 ostendit,
2270 2578 2455 2640 aperte
2497 2571 2702 2627 doceas
2725 2582 2948 2642 propter
2993 2572 3172 2642 ipsum
3221 2574 3535 2643 relinquen-

1951 2661 2081 2715 dum
2122 2678 2244 2717 esse
2268 2662 2473 2731 patrem
2504 2670 2559 2719 et
2586 2662 2784 2718 fratres
2816 2673 2873 2719 et
2902 2678 3151 2727 uxorem,
3182 2674 3236 2719 et
3282 2665 3449 2731 filios,
3480 2675 3536 2721 et

1952 2753 2141 2809 attines
2171 2762 2226 2808 et
2285 2769 2445 2824 agros
2485 2763 2540 2809 et
2590 2755 2775 2809 omnia
2826 2770 2946 2823 quae
3004 2756 3059 2809 in
3103 2756 3310 2811 mundo
3359 2767 3533 2825 sunt,

1953 2849 2401 2919 przrscripsitque
2432 2850 2513 2903 eis
2559 2848 2751 2904 tollere
2779 2864 3022 2913 crucem,
3060 2857 3118 2901 ut
3164 2848 3340 2919 ipsum
3369 2865 3534 2920 sequ-

1949 2956 2106 3000 entes
2139 2953 2193 2997 et
2222 2944 2514 3011 diligentes
2542 2957 2708 3011 super
2737 2943 2921 2996 omnia
2957 2958 3079 3011 qua:
3102 2941 3155 2995 in
3186 2945 3389 2997 mundo
3404 2953 3549 2998 sunt-

1947 3032 2067 3100 ejus
2085 3032 2363 3101 discipuli.
2390 3031 2655 3100 magistro
2677 3030 2822 3099 digni
2846 3032 2926 3085 sic
2948 3032 3123 3085 solum
3148 3031 3261 3085 fieri
3286 3040 3532 3100 possvnt.

1950 3124 2254 3192 Dereliquo
2279 3125 2385 3177 vita
2414 3124 2532 3191 ejus
2551 3123 2898 3178 sanctissima
2926 3133 2984 3177 ut
3009 3124 3331 3193 prophetam
3378 3124 3537 3182 decet

1952 3224 2007 3270 et
2038 3216 2370 3284 apostolum,
2392 3217 2508 3269 sive
2536 3215 2719 3283 potius
2747 3216 2998 3283 angelum
3026 3231 3041 3281 ;
3067 3230 3189 3269 nam
3213 3217 3531 3285 angelorum

262 3284 375 3343 τός.
407 3286 611 3339 Λοιπὸν
639 3288 700 3341 τὸ
738 3290 925 3359 σχῆμα
956 3293 1014 3343 τὸ
1054 3293 1214 3359 ἅγιον
1246 3293 1341 3345 καὶ
1379 3296 1718 3362 προφητικὸν
1749 3299 1841 3349 καὶ
1872 3299 1914 3354 C
1948 3322 1951 3331 ε

1872 3299 1914 3354 C
1948 3307 2314 3374 virginitatem
2338 3307 2581 3359 imitatus
2601 3313 2685 3358 est
2705 3317 2753 3360 et
2775 3306 3141 3361 obedientiam
3160 3315 3214 3360 et
3236 3284 3534 3363 concentus

262 3378 643 3441 ἀποστολικδν,
674 3381 769 3433 καὶ
798 3382 1095 3451 ἐξαιρέτως
1122 3385 1437 3451 ἀγγελικὴν,
1468 3386 1543 3448 ὠς
1572 3388 1670 3454 τὴν
1703 3405 1845 3457 παρ-

262 3471 448 3523 θενίαν
483 3472 590 3523 τῶν
625 3472 875 3540 ἀγγέλων
914 3477 1258 3544 μιμούμενον
1293 3481 1389 3531 καὶ
1433 3480 1712 3550 ὑποταγὴν
1750 3484 1843 3533 καὶ

260 3562 591 3641 ὑμνολογίαν
611 3604 623 3627 ,
654 3565 748 3617 καὶ
778 3566 1200 3637 ἀκτημοσύνην,
1238 3570 1327 3621 καὶ
1358 3570 1637 3638 ἄγρυπνον
1669 3590 1841 3641 προσ·

258 3638 447 3724 ειχῆν,
494 3656 588 3709 καὶ
632 3658 942 3725 δοξολογίαν
991 3662 1083 3711 καὶ
1132 3659 1481 3729 λειτουργίαν
1526 3664 1841 3731 ἀκάματον.

270 3749 398 3819 ἰδξα
439 3751 496 3804 δὲ
531 3750 624 3803 τοῦ
667 3753 917 3822 Σωτῆρος
958 3754 1119 3823 ἡμῶν
1152 3756 1268 3807 ἐστι
1309 3756 1612 3824 πολίτευμά
1646 3775 1703 3810 τε
1748 3760 1843 3812 καὶ

261 3845 470 3913 σχῆμα.
502 3839 671 3907 Οὗτος
701 3846 807 3915 γὰρ
841 3847 1161 3915 ἐπανορθῶν
1195 3848 1354 3917 ἡμῶν
1385 3850 1483 3919 τὴν
1515 3850 1678 3918 φύσιν
1700 3893 1713 3915 ,
1748 3852 1842 3904 καὶ

257 3943 337 3996 εἰς
377 3938 439 3989 τδ
478 3938 705 4006 ἀρχαῖον
749 3940 1065 4005 ἐπανάγων,
1108 3943 1203 3993 καὶ
1248 3942 1385 3995 Θεοῦ
1430 3942 1555 3996 καθ’
1580 3946 1841 4010 ὁμοίωσιν

258 4031 463 4093 ποιῶν,
515 4032 649 4100 ἡμῖν
695 4030 914 4101 ὴνῶθη,
965 4037 1059 4085 καὶ
1110 4033 1235 4086 καθ’
1265 4036 1412 4103 ἡμᾶς
1468 4037 1683 4102 γέγονε.
1731 4039 1841 4091 Καὶ

256 4120 502 4189 ἀναιρῶν
536 4121 634 4191 τήν
669 4123 953 4191 παροῦσαν
987 4124 1080 4177 τοῦ
1124 4128 1331 4194 κόσμου
1378 4130 1625 4199 φθαρτὴν
1661 4132 1838 4202 ζωὴν,

255 4215 375 4283 ἥτις
406 4215 636 4283 συνέστη
660 4214 745 4267 δ.ὀ.
764 4217 861 4286 τῆς
886 4217 1247 4286 παραϐάσεως
1274 4222 1367 4272 καὶ
1394 4222 1544 4291 ῥοῆς,
1564 4224 1659 4293 τὴν
1678 4226 1839 4278 stou-

257 4307 444 4373 ράνιον
489 4306 697 4375 ταύτην
744 4307 1032 4376 ζωὴν,καὶ
1081 4309 1362 4362 πολιτείαν
1408 4311 1677 4376 ὑπέδειξε.
1727 4314 1840 4368 Καὶ

253 4394 444 4447 λοιπὸν
470 4396 570 4447 οὐκ
598 4395 680 4447 ἔτι
710 4396 951 4463 ἐπίγειος
978 4400 1075 4451 καὶ
1099 4399 1194 4451 τοῦ
1223 4400 1435 4469 κόσμου
1464 4401 1656 4455 τούτου
1687 4405 1715 4455 ὁ
1744 4389 1840 4471 μο-

254 4486 442 4555 ναχδς,
482 4486 603 4538 ἀλλ’
648 4486 1019 4557 ὑπερκόσμιος
1050 4489 1146 4542 καὶ
1174 4490 1447 4559 οὐράνιος,
1479 4493 1573 4545 καὶ
1600 4494 1659 4546 τὸ
1692 4496 1840 4548 πολί-

1948 3409 2000 3453 et
2030 3406 2402 3467 paupertatem
2430 3407 2483 3451 et
2509 3397 3149 3465 vigilantemorationem
3176 3405 3232 3452 et
3254 3398 3320 3451 ad
3362 3398 3532 3452 Deum

1949 3488 2138 3540 laudes
2174 3496 2228 3540 et
2245 3488 2572 3542 imlefcssain
2596 3487 2971 3542 adorationem
2999 3503 3012 3541 :
3037 3488 3153 3541 hac
3173 3496 3292 3542 erat
3314 3488 3555 3557 propria-

1947 3579 2250 3633 Salvatoris
2276 3579 2444 3633 nostri
2468 3590 2522 3632 et
2545 3581 2653 3634 vita
2683 3589 2732 3633 et
2754 3579 3051 3648 professio,
3086 3592 3142 3636 et
3170 3580 3243 3635 ita
3280 3592 3532 3635 naturam
3606 3583 3608 3585 ’

1945 3680 2190 3725 nostram
2234 3678 2531 3736 reparavit.
2567 3682 2622 3725 et
2646 3672 2711 3724 ad
2759 3672 2995 3738 priorem
3024 3672 3241 3727 reduxit
3277 3672 3530 3740 gloriam,

1944 3774 1997 3820 et
2025 3781 2122 3818 nos
2156 3763 2426 3817 cxaltavit
2490 3779 2665 3833 usque
2694 3763 2759 3818 ad
2796 3764 3214 3820 similitudinem
3244 3765 3363 3831 Dei,
3399 3764 3543 3819 dum

1942 3856 2139 3910 similis
2168 3856 2324 3910 nobis
2352 3856 2524 3910 factus
2569 3868 2701 3912 est:
2763 3858 3059 3922 mundique
3105 3868 3423 3927 corruptam
3475 3868 3534 3916 et

1943 3947 2143 4003 fluxam
2173 3947 2467 4001 destruens
2492 3947 2661 4001 vitam
2693 3963 2817 4017 qua
2843 3965 2991 4002 nunc
3006 3959 3090 4004 est
3119 3959 3173 4005 et
3194 3966 3315 4019 quae
3335 3952 3388 4004 in
3409 3965 3532 4021 pec-

1946 4040 2086 4093 catis
2109 4039 2567 4103 constituebatur,
2600 4038 2744 4092 illam
2778 4042 3220 4107 snperccclestem
3253 4042 3415 4098 vitam
3478 4056 3534 4100 et

1943 4141 2172 4185 mortem
2222 4132 2426 4185 docuit.
2488 4132 2784 4186 Monachus
2850 4134 3014 4201 igitur
3038 4146 3530 4191 nouterrenusest

1944 4223 2107 4289 huius
2140 4222 2351 4289 mundi,
2384 4224 2480 4276 scd
2510 4223 2751 4279 cmlestis
2772 4233 2827 4277 et
2847 4230 3013 4291 super
3039 4224 3273 4279 hun-ana
3294 4228 3529 4292 negotia,

1942 4322 1997 4367 et
2028 4314 2145 4381 ejus
2176 4315 2520 4368 conversatio
2538 4330 2686 4379 vere,
2712 4316 2867 4385 juxta
2898 4317 3145 4377 Paulum.
3174 4318 3397 4373 incmlis
3424 4330 3530 4379 est.

1946 4414 2000 4457 et
2036 4405 2136 4456 hoc
2165 4402 2326 4459 Iesus
2356 4405 2561 4459 docuit.
2593 4405 2802 4460 idcirco
2828 4409 3010 4462 omnis
3039 4408 3341 4463 monachus
3369 4412 3531 4474 sviat,

1950 4496 2080 4565 quia
2110 4513 2221 4551 non
2241 4498 2353 4566 jam
2379 4498 2640 4567 hujusest
2668 4499 2790 4553 vita:
2818 4515 2833 4563 ;
2860 4500 2951 4554 sed
2976 4502 3226 4568 pra-senti
3253 4504 3374 4555 vine
3392 4518 3536 4555 mor-

252 4594 436 4645 τευμα
467 4578 685 4647 ἀληθῶς
723 4578 865 4645 μετὰ
896 4578 993 4631 τοῦ
1030 4582 1245 4634 Παύλου
1282 4583 1422 4650 ἔχων
1454 4586 1514 4637 ὲν
1542 4586 1831 4655 οὐρανοῖς,
1868 4630 1913 4687 c

1868 4630 1913 4687 ο
1949 4597 2095 4651 tuus,
2134 4589 2564 4658 incorruptibilis
2600 4601 2649 4644 et
2682 4591 2925 4644 caelestis
2962 4591 3125 4645 homo
3157 4607 3280 4645 esse
3330 4594 3530 4648 debet:

255 4671 352 4723 καὶ
384 4670 540 4723 τοῦτο
574 4671 1073 4738 ίπαγγελλόμενος.
1108 4674 1201 4725 Διδ
1235 4675 1556 4741 γινωσκέτω
1591 4680 1698 4741 πᾶς
1722 4696 1839 4748 σμο-

255 4765 416 4829 ναχὸς
438 4802 454 4825 ,
483 4761 561 4825 ὼς
590 4763 691 4816 οὐκ
726 4765 873 4815 ἔστιν
905 4763 987 4815 ἑτι
1018 4764 1117 4834 τῆς
1148 4766 1433 4835 παρούσης
1466 4768 1633 4836 ζωῆς,
1700 4771 1839 4823 ἀλλά

253 4853 333 4919 τῷ
375 4853 474 4921 βίῳ
514 4852 691 4922 τούτῳ
729 4853 1095 4924 νενέκρωται,
1138 4857 1235 4910 καὶ
1272 4856 1553 4927 ἄφθαρτός
1592 4862 1707 4913 ἐστι
1747 4864 1842 4915 καὶ

256 4945 585 5013 ἐπουράνιος
622 4945 909 5014 ἄνθρωπος
936 4965 950 4979 ο
996 4949 1090 5001 καὶ
1127 4949 1273 5001 κατὰ
1318 4950 1531 5003 Παῦλον
1572 4952 1725 5015 αὖθις
1768 4956 1840 5006 εἰ·

251 5038 378 5087 πεῖν
400 5075 414 5095 ,
453 5054 473 5087 ι
512 5038 572 5087 ’0
604 5036 808 5104 κόσμος
840 5039 990 5109 αύτῷ
1022 5042 1403 5111 ἐσταύρωται,
1438 5046 1530 5095 καὶ
1562 5046 1727 5105 αὐτὸς
1758 5047 1837 5117 τῷ

252 5128 468 5196 κόσμῳ.
510 5147 529 5180 ι
568 5130 677 5183 Kal.
704 5131 765 5181 τὸ
795 5132 980 5200 σχῆμα
1010 5133 1065 5185 δὲ
1094 5133 1188 5186 τοῦ
1226 5136 1465 5204 μοναχοῦ
1500 5140 1645 5190 ἀπαν
1673 5140 1834 5192 τοῦτο

248 5222 426 5290 δηλοῖ.
470 5222 581 5274 Ka‘t
625 5224 797 5292 μέλαν
840 5224 942 5291 μὶν
982 5224 1127 5279 ἅπαν
1166 5226 1259 5281 διά
1294 5245 1353 5279 τε
1397 5228 1469 5279 τὸ.
1501 5229 1694 5293 πένθος
1742 5235 1837 5286 καὶ

249 5313 346 5365 τδν
378 5312 613 5368 θάνατον
643 5317 740 5385 τῆς
773 5318 1001 5386 σαρκὸς,
1034 5320 1129 5372 καὶ
1159 5320 1220 5372 τὸ
1252 5320 1492 5388 ζοφῶδες
1518 5323 1621 5393 τῆς
1650 5324 1834 5394 ἀμαρ‹

250 5406 375 5468 τίας
397 5421 408 5433 ’
434 5409 498 5461 ix
518 5408 723 5479 τριχῶν
740 5410 794 5461 δὲ
823 5410 909 5461 διὰ
930 5411 1029 5480 τὴν
1048 5412 1316 5482 νέκρωσιν
1334 5456 1349 5479 ,
1377 5416 1609 5478 καὶτοὺς
1636 5417 1841 5486 δερμα-

250 5499 437 5562 τίνους
468 5500 722 5568 χιτῶνας.
757 5503 866 5556 Kal.
895 5501 1061 5572 χιτὼν
1093 5504 1194 5571 μὲν
1222 5503 1311 5557 δια
1338 5506 1439 5574 την
1468 5507 1531 5558 ἐκ
1572 5506 1711 5559 Θεοῦ
1750 5509 1845 5577 χά-

256 5606 377 5659 ριν,
414 5589 476 5643 τὸ
505 5589 608 5660 τῆς
643 5592 953 5664 ἀφθαρσίας
988 5595 1193 5664 ἔνδυμα
1216 5611 1229 5625 ·
1267 5598 1492 5650 παλλὶον
1526 5597 1582 5650 δὲ
1618 5598 1705 5651 διὰ
1738 5598 1838 5669 τὴν

252 5680 320 5731 lx
350 5680 487 5734 Θεοῦ
520 5683 732 5753 σκέπην
758 5701 772 5715 ’
805 5688 1125 5741 κουκούλιον
1148 5689 1205 5742 δὲ
1235 5688 1324 5741 διὰ
1350 5690 1448 5758 τὴν
1476 5689 1714 5742 ἀκακίαν
1742 5692 1841 5743 καὶ

256 5773 512 5843 φυλακὴν
540 5775 652 5830 τῶν
682 5778 1010 5847 αίσθήσεων,
1043 5783 1137 5837 καὶ
1168 5782 1268 5853 τὴν
1300 5782 1835 5855 ταπεινοφροτύνην.

327 5954 371 5984 ³⁸
396 5954 598 6021 Galat.,
620 5972 669 6010 Vl
703 5958 786 6015 16.

1945 4693 1999 4735 et
2058 4695 2182 4733 cunt
2247 4681 2416 4735 Paulo
2471 4681 2661 4736 dicat:
2727 4700 2745 4734 ι
2783 4682 2913 4736 Mihi
2963 4684 3199 4739 mundus
3231 4686 3533 4739 cruciﬁxus

1939 4784 2045 4835 est,
2072 4781 2128 4826 et
2164 4789 2265 4841 ego
2302 4773 2509 4828 mundo
2532 4774 2601 4827 ".
2638 4792 2655 4826 ι
2693 4773 2806 4829 iioc
2840 4766 2985 4829 enim
3013 4785 3066 4829 ct
3117 4786 3228 4828 tota
3276 4777 3531 4833 monachi

1942 4879 2171 4934 persona
2190 4864 2550 4919 demonstrat.
2582 4866 2748 4920 Color
2780 4866 2935 4936 niger
2962 4875 3021 4921 ut
3046 4868 3293 4923 ostendat
3328 4869 3533 4923 luctum

1940 4966 1993 5009 et
2021 4956 2297 5009 tristitiam
2329 4964 2384 5009 et
2418 4956 2700 5010 interitum
2758 4958 2963 5024 carnis,
3002 4968 3056 5014 ct
3112 4963 3321 5029 peccati
3378 4971 3533 5016 teno-

1941 5049 2093 5103 bras.
2130 5047 2379 5103 Tonsura
2410 5049 2730 5118 capillorum
2764 5060 2983 5120 propter
3034 5052 3533 5107 mortiﬁcationem.

1946 5138 2155 5194 Tunica
2185 5142 2412 5209 pellicea
2441 5152 2627 5209 proter
2684 5144 2917 5211 gratiam
2978 5143 3095 5207 Dei,
3149 5144 3535 5198 vestimentum

1944 5231 2220 5302 puritatis.
2291 5233 2519 5287 Pallium
2617 5241 2799 5287 autem
2863 5242 2924 5287 ut
2981 5244 3355 5304 tegumentum
3418 5234 3535 5290 Dei.

1947 5327 2198 5383 Cuculiio
2214 5336 2434 5395 propter
2451 5328 2813 5382 innocentiam
2846 5339 2899 5381 et
2920 5326 3223 5381 custodiam
3248 5343 3535 5391 sensuum,

1946 5431 1999 5474 et
2031 5421 2391 5475 humilitatem
2416 5429 2467 5473 et
2494 5419 2561 5473 ad
2590 5422 3009 5476 custodiendam
3044 5436 3235 5489 puram
3258 5430 3312 5474 et
3346 5420 3537 5475 fortem

1948 5511 2188 5564 animam
2221 5510 2276 5563 in
2308 5511 2547 5577 regendo
2583 5526 2841 5581 corpore.
2908 5513 3205 5581 Seapnlare
3234 5512 3301 5566 ad
3332 5509 3542 5579 signifi-

1949 5602 2179 5655 candum
2214 5616 2432 5656 crucem
2453 5602 2770 5672 gestandum
2805 5618 2929 5658 esse
2964 5605 3207 5657 humeris
3236 5614 3361 5673 post
3416 5602 3541 5658 Sal-

1946 5704 2215 5749 vatorem.
2239 5693 2389 5748 Zona
2414 5694 2545 5748 dicit
2570 5694 2970 5760 fortitudinem,
2999 5695 3319 5765 pndentiam
3343 5707 3398 5749 et
3445 5710 3541 5749 ea-

1944 5785 2209 5841 stitateut.
2247 5784 2509 5842 Sandaiia
2544 5796 2722 5856 portat
2751 5794 2810 5840 ιιι
2836 5796 3037 5841 rectam
3093 5786 3334 5841 ambulet
3395 5786 3537 5842 viam
