  <div class='ocr_page' id='page_1' title='image "/cluster/home/n/w/nwhite01/storage/ocr_20150623/155/hvd.32044025239666/482.png"; bbox 0 0 4276 6728; ppageno 0'>
   <div class='ocr_carea' id='block_1_1' title="bbox 202 576 308 634">
    <p class='ocr_par' dir='ltr' id='par_1_1' title="bbox 202 576 308 634">
     <span class='ocr_line' id='line_1_1' title="bbox 202 576 308 634; baseline 0 -1"><span class='ocrx_word' id='word_1_1' title='bbox 202 576 308 634; x_wconf 82' lang='lat'><strong>933</strong></span> 
     </span>
    </p>
   </div>
   <div class='ocr_carea' id='block_1_2' title="bbox 931 576 2650 647">
    <p class='ocr_par' dir='ltr' id='par_1_2' title="bbox 931 576 2650 647">
     <span class='ocr_line' id='line_1_2' title="bbox 931 576 2650 647; baseline 0.003 -13"><span class='ocrx_word' id='word_1_2' title='bbox 931 576 1318 639; x_wconf 79' lang='lat' dir='ltr'><strong>RESI’ONSA</strong></span> <span class='ocrx_word' id='word_1_3' title='bbox 1359 581 1456 641; x_wconf 82' lang='lat' dir='ltr'><strong>AD</strong></span> <span class='ocrx_word' id='word_1_4' title='bbox 1489 580 1931 646; x_wconf 64' lang='lat' dir='ltr'><strong>GABRIELEM</strong></span> <span class='ocrx_word' id='word_1_5' title='bbox 1964 583 2650 647; x_wconf 60' lang='lat' dir='ltr'><strong>PENTAPOLITANUII</strong></span> 
     </span>
    </p>
   </div>
   <div class='ocr_carea' id='block_1_3' title="bbox 3339 570 3442 636">
    <p class='ocr_par' dir='ltr' id='par_1_3' title="bbox 3339 570 3442 636">
     <span class='ocr_line' id='line_1_3' title="bbox 3339 570 3442 636; baseline -0.029 0"><span class='ocrx_word' id='word_1_6' title='bbox 3339 570 3442 636; x_wconf 57' lang='lat'><strong>93%</strong></span> 
     </span>
    </p>
   </div>
   <div class='ocr_carea' id='block_1_4' title="bbox 203 688 3443 767">
    <p class='ocr_par' dir='ltr' id='par_1_4' title="bbox 203 688 3443 767">
     <span class='ocr_line' id='line_1_4' title="bbox 203 688 3443 767; baseline 0 -25"><span class='ocrx_word' id='word_1_7' title='bbox 203 699 368 751; x_wconf 65' lang='lat' dir='ltr'><strong>tunae,</strong></span> <span class='ocrx_word' id='word_1_8' title='bbox 404 698 725 757; x_wconf 71' lang='lat' dir='ltr'><strong>procuretur</strong></span> <span class='ocrx_word' id='word_1_9' title='bbox 774 689 1075 760; x_wconf 71' lang='lat' dir='ltr'><strong>redemptio</strong></span> <span class='ocrx_word' id='word_1_10' title='bbox 1115 694 1474 763; x_wconf 83' lang='lat' dir='ltr'><strong>captivorum,</strong></span> <span class='ocrx_word' id='word_1_11' title='bbox 1548 706 1600 749; x_wconf 81' lang='lat' dir='ltr'><strong>et</strong></span> <span class='ocrx_word' id='word_1_12' title='bbox 1636 697 2002 766; x_wconf 64' lang='lat' dir='ltr'><strong>eleemosynm</strong></span> <span class='ocrx_word' id='word_1_13' title='bbox 2029 700 2352 767; x_wconf 74' lang='lat' dir='ltr'><strong>pauperibus</strong></span> <span class='ocrx_word' id='word_1_14' title='bbox 2390 706 2700 767; x_wconf 76' lang='lat' dir='ltr'><strong>erogentur.</strong></span> <span class='ocrx_word' id='word_1_15' title='bbox 2767 700 2818 747; x_wconf 91' lang='lat' dir='ltr'><strong>et</strong></span> <span class='ocrx_word' id='word_1_16' title='bbox 2889 691 3082 745; x_wconf 83' lang='lat' dir='ltr'><strong>domus</strong></span> <span class='ocrx_word' id='word_1_17' title='bbox 3131 688 3227 743; x_wconf 89' lang='lat' dir='ltr'><strong>Dei</strong></span> <span class='ocrx_word' id='word_1_18' title='bbox 3275 688 3443 743; x_wconf 61' lang='lat' dir='ltr'><strong>adifi-</strong></span> 
     </span>
    </p>
   </div>
   <div class='ocr_carea' id='block_1_5' title="bbox 202 776 3075 858">
    <p class='ocr_par' dir='ltr' id='par_1_5' title="bbox 202 776 3075 858">
     <span class='ocr_line' id='line_1_5' title="bbox 202 776 3075 858; baseline 0.005 -25"><span class='ocrx_word' id='word_1_19' title='bbox 202 790 395 834; x_wconf 92' lang='lat' dir='ltr'><strong>centur</strong></span> <span class='ocrx_word' id='word_1_20' title='bbox 420 791 476 836; x_wconf 87' lang='lat' dir='ltr'><strong>et</strong></span> <span class='ocrx_word' id='word_1_21' title='bbox 520 781 705 836; x_wconf 89' lang='lat' dir='ltr'><strong>omnia</strong></span> <span class='ocrx_word' id='word_1_22' title='bbox 733 792 922 835; x_wconf 69' lang='lat' dir='ltr'><strong>emtera</strong></span> <span class='ocrx_word' id='word_1_23' title='bbox 965 783 1097 838; x_wconf 85' lang='lat' dir='ltr'><strong>fiant</strong></span> <span class='ocrx_word' id='word_1_24' title='bbox 1126 802 1245 854; x_wconf 70' lang='lat' dir='ltr'><strong>quae</strong></span> <span class='ocrx_word' id='word_1_25' title='bbox 1271 787 1338 840; x_wconf 89' lang='lat' dir='ltr'><strong>ad</strong></span> <span class='ocrx_word' id='word_1_26' title='bbox 1380 789 1609 843; x_wconf 75' lang='lat' dir='ltr'><strong>salutem</strong></span> <span class='ocrx_word' id='word_1_27' title='bbox 1652 788 1772 855; x_wconf 86' lang='lat' dir='ltr'><strong>ejus</strong></span> <span class='ocrx_word' id='word_1_28' title='bbox 1811 790 2061 844; x_wconf 89' lang='lat' dir='ltr'><strong>conferre</strong></span> <span class='ocrx_word' id='word_1_29' title='bbox 2096 776 2349 858; x_wconf 75' lang='lat' dir='ltr'><strong>possunt.</strong></span> <span class='ocrx_word' id='word_1_30' title='bbox 3072 801 3075 804; x_wconf 77' lang='lat'><em>‘</em></span> 
     </span>
    </p>
   </div>
   <div class='ocr_carea' id='block_1_6' title="bbox 746 898 1228 956">
    <p class='ocr_par' dir='ltr' id='par_1_6' title="bbox 746 898 1228 956">
     <span class='ocr_line' id='line_1_6' title="bbox 746 898 1228 956; baseline 0.01 -5"><span class='ocrx_word' id='word_1_31' title='bbox 746 898 1081 953; x_wconf 74' lang='grc' dir='ltr'><strong>ΕΡΩΤΙΙΣΙΣ</strong></span> <span class='ocrx_word' id='word_1_32' title='bbox 1109 903 1228 956; x_wconf 81' lang='lat' dir='ltr'><strong>Ol&quot;.</strong></span> 
     </span>
    </p>
   </div>
   <div class='ocr_carea' id='block_1_7' title="bbox 214 1015 1777 1084">
    <p class='ocr_par' dir='ltr' id='par_1_7' title="bbox 214 1015 1777 1084">
     <span class='ocr_line' id='line_1_7' title="bbox 214 1015 1777 1084; baseline 0.004 -17"><span class='ocrx_word' id='word_1_33' title='bbox 214 1015 604 1084; x_wconf 66' lang='grc' dir='ltr'>ὀφειλονσιν</span> <span class='ocrx_word' id='word_1_34' title='bbox 637 1015 691 1065; x_wconf 87' lang='grc' dir='ltr'>οι</span> <span class='ocrx_word' id='word_1_35' title='bbox 745 1018 1141 1084; x_wconf 77' lang='grc' dir='ltr'>πνευματικοί</span> <span class='ocrx_word' id='word_1_36' title='bbox 1206 1020 1464 1083; x_wconf 75' lang='grc' dir='ltr'>Πατέρες</span> <span class='ocrx_word' id='word_1_37' title='bbox 1499 1021 1777 1073; x_wconf 73' lang='grc' dir='ltr'><em>ἀπαιτεῖν</em></span> 
     </span>
    </p>
   </div>
   <div class='ocr_carea' id='block_1_8' title="bbox 274 1082 1775 1152">
    <p class='ocr_par' dir='ltr' id='par_1_8' title="bbox 274 1082 1775 1152">
     <span class='ocr_line' id='line_1_8' title="bbox 274 1082 1775 1152; baseline 0.003 -15"><span class='ocrx_word' id='word_1_38' title='bbox 274 1082 345 1138; x_wconf 72' lang='grc' dir='ltr'>τὰ</span> <span class='ocrx_word' id='word_1_39' title='bbox 400 1083 511 1149; x_wconf 84' lang='grc' dir='ltr'>τῆς</span> <span class='ocrx_word' id='word_1_40' title='bbox 567 1082 1009 1151; x_wconf 69' lang='grc' dir='ltr'>ἐλεημοσύνης,</span> <span class='ocrx_word' id='word_1_41' title='bbox 1074 1082 1452 1151; x_wconf 53' lang='grc' dir='ltr'>ὣστεβὺτοί</span> <span class='ocrx_word' id='word_1_42' title='bbox 1499 1090 1775 1152; x_wconf 68' lang='grc' dir='ltr'>διδόηιις</span> 
     </span>
    </p>
   </div>
   <div class='ocr_carea' id='block_1_9' title="bbox 275 1154 1776 1241">
    <p class='ocr_par' dir='ltr' id='par_1_9' title="bbox 275 1154 1776 1241">
     <span class='ocr_line' id='line_1_9' title="bbox 275 1154 1776 1241; baseline 0.004 -34"><span class='ocrx_word' id='word_1_43' title='bbox 275 1157 378 1241; x_wconf 54' lang='grc' dir='ltr'>καί</span> <span class='ocrx_word' id='word_1_44' title='bbox 435 1156 487 1207; x_wconf 82' lang='grc' dir='ltr'>ει</span> <span class='ocrx_word' id='word_1_45' title='bbox 544 1154 958 1220; x_wconf 68' lang='grc' dir='ltr'>λαμϐάνοντες</span> <span class='ocrx_word' id='word_1_46' title='bbox 1009 1157 1536 1227; x_wconf 73' lang='grc' dir='ltr'>παρακατέχουσι,</span> <span class='ocrx_word' id='word_1_47' title='bbox 1602 1159 1662 1231; x_wconf 66' lang='grc' dir='ltr'><strong>τί</strong></span> <span class='ocrx_word' id='word_1_48' title='bbox 1706 1161 1776 1213; x_wconf 78' lang='grc' dir='ltr'><strong><em>ἐκ</em></strong></span> 
     </span>
    </p>
   </div>
   <div class='ocr_carea' id='block_1_10' title="bbox 275 1240 537 1287">
    <p class='ocr_par' dir='ltr' id='par_1_10' title="bbox 275 1240 537 1287">
     <span class='ocr_line' id='line_1_10' title="bbox 275 1240 537 1287; baseline -0.004 -10"><span class='ocrx_word' id='word_1_49' title='bbox 275 1240 494 1279; x_wconf 79' lang='grc' dir='ltr'>τουτου</span> <span class='ocrx_word' id='word_1_50' title='bbox 518 1240 537 1287; x_wconf 87' lang='grc'><em>;</em></span> 
     </span>
    </p>
   </div>
   <div class='ocr_carea' id='block_1_11' title="bbox 287 1338 1775 1411">
    <p class='ocr_par' dir='ltr' id='par_1_11' title="bbox 287 1338 1775 1411">
     <span class='ocr_line' id='line_1_11' title="bbox 287 1338 1775 1411; baseline 0.002 -18"><span class='ocrx_word' id='word_1_51' title='bbox 287 1338 350 1393; x_wconf 89' lang='grc' dir='ltr'><strong>Ὀ</strong></span> <span class='ocrx_word' id='word_1_52' title='bbox 382 1338 756 1408; x_wconf 76' lang='grc' dir='ltr'>πνευματικὸς</span> <span class='ocrx_word' id='word_1_53' title='bbox 794 1338 983 1392; x_wconf 71' lang='grc' dir='ltr'>Πατὴο</span> <span class='ocrx_word' id='word_1_54' title='bbox 1038 1340 1139 1392; x_wconf 82' lang='grc' dir='ltr'><strong>οὐκ</strong></span> <span class='ocrx_word' id='word_1_55' title='bbox 1169 1340 1328 1402; x_wconf 61' lang='grc' dir='ltr'>αὐτὸς</span> <span class='ocrx_word' id='word_1_56' title='bbox 1352 1340 1561 1407; x_wconf 80' lang='grc' dir='ltr'><strong>ὀφείλει</strong></span> <span class='ocrx_word' id='word_1_57' title='bbox 1592 1342 1775 1411; x_wconf 81' lang='grc' dir='ltr'><strong>ζητεῖν</strong></span> 
     </span>
    </p>
   </div>
   <div class='ocr_carea' id='block_1_12' title="bbox 207 1431 1774 1501">
    <p class='ocr_par' dir='ltr' id='par_1_12' title="bbox 207 1431 1774 1501">
     <span class='ocr_line' id='line_1_12' title="bbox 207 1431 1774 1501; baseline 0.001 -17"><span class='ocrx_word' id='word_1_58' title='bbox 207 1433 272 1484; x_wconf 71' lang='grc' dir='ltr'>τὸ</span> <span class='ocrx_word' id='word_1_59' title='bbox 305 1432 560 1497; x_wconf 81' lang='grc' dir='ltr'><strong>διδόμενα</strong></span> <span class='ocrx_word' id='word_1_60' title='bbox 592 1434 671 1493; x_wconf 85' lang='grc' dir='ltr'><strong>είς</strong></span> <span class='ocrx_word' id='word_1_61' title='bbox 695 1431 1070 1500; x_wconf 78' lang='grc' dir='ltr'><strong>ἐλεημοσύνην</strong></span> <span class='ocrx_word' id='word_1_62' title='bbox 1098 1431 1416 1501; x_wconf 72' lang='grc' dir='ltr'>λαμϐάνειν,</span> <span class='ocrx_word' id='word_1_63' title='bbox 1453 1433 1540 1485; x_wconf 81' lang='grc' dir='ltr'>ἵνα</span> <span class='ocrx_word' id='word_1_64' title='bbox 1574 1435 1649 1500; x_wconf 84' lang='grc' dir='ltr'>μὴ</span> <span class='ocrx_word' id='word_1_65' title='bbox 1679 1432 1774 1486; x_wconf 79' lang='grc' dir='ltr'><strong>καὶ</strong></span> 
     </span>
    </p>
   </div>
   <div class='ocr_carea' id='block_1_13' title="bbox 208 1520 1776 1593">
    <p class='ocr_par' dir='ltr' id='par_1_13' title="bbox 208 1520 1776 1593">
     <span class='ocr_line' id='line_1_13' title="bbox 208 1520 1776 1593; baseline 0.001 -18"><span class='ocrx_word' id='word_1_66' title='bbox 208 1524 407 1592; x_wconf 86' lang='grc' dir='ltr'>μῶμον,</span> <span class='ocrx_word' id='word_1_67' title='bbox 431 1520 612 1590; x_wconf 67' lang='grc' dir='ltr'>ἑαυτῷ</span> <span class='ocrx_word' id='word_1_68' title='bbox 640 1524 736 1574; x_wconf 67' lang='grc' dir='ltr'><strong>καὶ</strong></span> <span class='ocrx_word' id='word_1_69' title='bbox 771 1522 1067 1577; x_wconf 77' lang='grc' dir='ltr'><strong>σκάνδαλον</strong></span> <span class='ocrx_word' id='word_1_70' title='bbox 1096 1526 1210 1585; x_wconf 79' lang='grc' dir='ltr'>τοῖς</span> <span class='ocrx_word' id='word_1_71' title='bbox 1264 1524 1517 1593; x_wconf 73' lang='grc' dir='ltr'><strong>ἀδελφοῖς</strong></span> <span class='ocrx_word' id='word_1_72' title='bbox 1575 1526 1776 1591; x_wconf 78' lang='grc' dir='ltr'>προξε-</span> 
     </span>
    </p>
   </div>
   <div class='ocr_carea' id='block_1_14' title="bbox 203 1613 1775 1685">
    <p class='ocr_par' dir='ltr' id='par_1_14' title="bbox 203 1613 1775 1685">
     <span class='ocr_line' id='line_1_14' title="bbox 203 1613 1775 1685; baseline 0.001 -17"><span class='ocrx_word' id='word_1_73' title='bbox 203 1618 367 1685; x_wconf 80' lang='grc' dir='ltr'>νήσῃ,</span> <span class='ocrx_word' id='word_1_74' title='bbox 400 1614 520 1667; x_wconf 72' lang='grc' dir='ltr'>ἀλλ’</span> <span class='ocrx_word' id='word_1_75' title='bbox 542 1614 597 1665; x_wconf 84' lang='grc' dir='ltr'><strong>εί</strong></span> <span class='ocrx_word' id='word_1_76' title='bbox 616 1630 682 1681; x_wconf 88' lang='grc' dir='ltr'><strong>γε</strong></span> <span class='ocrx_word' id='word_1_77' title='bbox 714 1613 860 1667; x_wconf 82' lang='grc' dir='ltr'><strong>θέλει</strong></span> <span class='ocrx_word' id='word_1_78' title='bbox 894 1616 987 1669; x_wconf 77' lang='grc' dir='ltr'><strong>καὶ</strong></span> <span class='ocrx_word' id='word_1_79' title='bbox 1016 1617 1378 1684; x_wconf 79' lang='grc' dir='ltr'>σωτηριωδῶς</span> <span class='ocrx_word' id='word_1_80' title='bbox 1401 1618 1647 1685; x_wconf 76' lang='grc' dir='ltr'><strong>ἐνεργεῖν</strong></span> <span class='ocrx_word' id='word_1_81' title='bbox 1679 1618 1775 1670; x_wconf 82' lang='grc' dir='ltr'><strong>καὶ</strong></span> 
     </span>
    </p>
   </div>
   <div class='ocr_carea' id='block_1_15' title="bbox 203 1705 1774 1778">
    <p class='ocr_par' dir='ltr' id='par_1_15' title="bbox 203 1705 1774 1778">
     <span class='ocr_line' id='line_1_15' title="bbox 203 1705 1774 1778; baseline 0.001 -19"><span class='ocrx_word' id='word_1_82' title='bbox 203 1705 507 1772; x_wconf 72' lang='grc' dir='ltr'>ἐπωφελῶς</span> <span class='ocrx_word' id='word_1_83' title='bbox 542 1708 655 1768; x_wconf 87' lang='grc' dir='ltr'>τοῖς</span> <span class='ocrx_word' id='word_1_84' title='bbox 694 1708 1181 1776; x_wconf 77' lang='grc' dir='ltr'>προσερχομένοις,</span> <span class='ocrx_word' id='word_1_85' title='bbox 1229 1708 1589 1777; x_wconf 80' lang='grc' dir='ltr'>προτρεπέτω</span> <span class='ocrx_word' id='word_1_86' title='bbox 1614 1709 1774 1778; x_wconf 83' lang='grc' dir='ltr'>μόνον</span> 
     </span>
    </p>
   </div>
   <div class='ocr_carea' id='block_1_16' title="bbox 204 1796 1775 1868">
    <p class='ocr_par' dir='ltr' id='par_1_16' title="bbox 204 1796 1775 1868">
     <span class='ocr_line' id='line_1_16' title="bbox 204 1796 1775 1868; baseline 0.002 -17"><span class='ocrx_word' id='word_1_87' title='bbox 204 1799 297 1851; x_wconf 70' lang='grc' dir='ltr'><strong>καὶ</strong></span> <span class='ocrx_word' id='word_1_88' title='bbox 332 1796 671 1859; x_wconf 78' lang='grc' dir='ltr'>κανονιζέτω</span> <span class='ocrx_word' id='word_1_89' title='bbox 719 1799 895 1851; x_wconf 78' lang='grc' dir='ltr'>ποιεῖν</span> <span class='ocrx_word' id='word_1_90' title='bbox 922 1813 936 1827; x_wconf 87' lang='grc'>·</span> <span class='ocrx_word' id='word_1_91' title='bbox 1001 1798 1165 1861; x_wconf 80' lang='grc' dir='ltr'>αὐτὸς</span> <span class='ocrx_word' id='word_1_92' title='bbox 1195 1798 1251 1851; x_wconf 74' lang='grc' dir='ltr'>δὲ</span> <span class='ocrx_word' id='word_1_93' title='bbox 1289 1799 1457 1868; x_wconf 81' lang='grc' dir='ltr'>μηδὲν</span> <span class='ocrx_word' id='word_1_94' title='bbox 1506 1800 1775 1868; x_wconf 84' lang='grc' dir='ltr'>λαμϐανέ-</span> 
     </span>
    </p>
   </div>
   <div class='ocr_carea' id='block_1_17' title="bbox 200 1886 1775 1955">
    <p class='ocr_par' dir='ltr' id='par_1_17' title="bbox 200 1886 1775 1955">
     <span class='ocr_line' id='line_1_17' title="bbox 200 1886 1775 1955; baseline 0.003 -15"><span class='ocrx_word' id='word_1_95' title='bbox 200 1904 315 1941; x_wconf 85' lang='grc' dir='ltr'>τω·</span> <span class='ocrx_word' id='word_1_96' title='bbox 352 1888 430 1951; x_wconf 83' lang='grc' dir='ltr'>ὡς</span> <span class='ocrx_word' id='word_1_97' title='bbox 457 1886 610 1955; x_wconf 71' lang='grc' dir='ltr'>παρὰ</span> <span class='ocrx_word' id='word_1_98' title='bbox 640 1886 916 1940; x_wconf 75' lang='grc' dir='ltr'><strong>πλείστων</strong></span> <span class='ocrx_word' id='word_1_99' title='bbox 971 1889 1145 1955; x_wconf 78' lang='grc' dir='ltr'>ἁγίων</span> <span class='ocrx_word' id='word_1_100' title='bbox 1172 1889 1330 1942; x_wconf 82' lang='grc' dir='ltr'>τοῦτο</span> <span class='ocrx_word' id='word_1_101' title='bbox 1362 1891 1775 1955; x_wconf 75' lang='grc' dir='ltr'><strong>σπουδαζόντων</strong></span> 
     </span>
    </p>
   </div>
   <div class='ocr_carea' id='block_1_18' title="bbox 202 1979 1775 2050">
    <p class='ocr_par' dir='ltr' id='par_1_18' title="bbox 202 1979 1775 2050">
     <span class='ocr_line' id='line_1_18' title="bbox 202 1979 1775 2050; baseline 0.002 -19"><span class='ocrx_word' id='word_1_102' title='bbox 202 1982 266 2032; x_wconf 71' lang='grc' dir='ltr'><strong>τὺ</strong></span> <span class='ocrx_word' id='word_1_103' title='bbox 304 1982 381 2050; x_wconf 79' lang='grc' dir='ltr'>μὴ</span> <span class='ocrx_word' id='word_1_104' title='bbox 424 1981 725 2049; x_wconf 83' lang='grc' dir='ltr'>λαμϐάνειν</span> <span class='ocrx_word' id='word_1_105' title='bbox 774 1979 1077 2049; x_wconf 74' lang='grc' dir='ltr'>ἐμάθομεν.</span> <span class='ocrx_word' id='word_1_106' title='bbox 1110 1982 1281 2034; x_wconf 75' lang='grc' dir='ltr'>Τοῦτο</span> <span class='ocrx_word' id='word_1_107' title='bbox 1324 1983 1379 2035; x_wconf 76' lang='grc' dir='ltr'>δὲ</span> <span class='ocrx_word' id='word_1_108' title='bbox 1431 1985 1523 2036; x_wconf 75' lang='grc' dir='ltr'><strong>καὶ</strong></span> <span class='ocrx_word' id='word_1_109' title='bbox 1567 1985 1775 2047; x_wconf 85' lang='grc' dir='ltr'>Παῦλος</span> 
     </span>
    </p>
   </div>
   <div class='ocr_carea' id='block_1_19' title="bbox 201 2072 1774 2146">
    <p class='ocr_par' dir='ltr' id='par_1_19' title="bbox 201 2072 1774 2146">
     <span class='ocr_line' id='line_1_19' title="bbox 201 2072 1774 2146; baseline 0.003 -22"><span class='ocrx_word' id='word_1_110' title='bbox 201 2073 400 2135; x_wconf 71' lang='grc' dir='ltr'>ιποίει,</span> <span class='ocrx_word' id='word_1_111' title='bbox 442 2072 653 2141; x_wconf 79' lang='grc' dir='ltr'>μηδένα</span> <span class='ocrx_word' id='word_1_112' title='bbox 708 2072 977 2145; x_wconf 76' lang='grc' dir='ltr'><strong>βαρύνων,</strong></span> <span class='ocrx_word' id='word_1_113' title='bbox 1031 2076 1168 2146; x_wconf 75' lang='grc' dir='ltr'>μηδὲ</span> <span class='ocrx_word' id='word_1_114' title='bbox 1217 2075 1533 2144; x_wconf 78' lang='grc' dir='ltr'>λαμϐάνων,</span> <span class='ocrx_word' id='word_1_115' title='bbox 1577 2078 1627 2129; x_wconf 87' lang='grc' dir='ltr'><strong>εί</strong></span> <span class='ocrx_word' id='word_1_116' title='bbox 1679 2078 1774 2130; x_wconf 69' lang='grc' dir='ltr'><strong>καὶ</strong></span> 
     </span>
    </p>
   </div>
   <div class='ocr_carea' id='block_1_20' title="bbox 200 2163 1774 2239">
    <p class='ocr_par' dir='ltr' id='par_1_20' title="bbox 200 2163 1774 2239">
     <span class='ocr_line' id='line_1_20' title="bbox 200 2163 1774 2239; baseline 0.004 -24"><span class='ocrx_word' id='word_1_117' title='bbox 200 2164 343 2231; x_wconf 75' lang='grc' dir='ltr'>ὑπὲρ</span> <span class='ocrx_word' id='word_1_118' title='bbox 388 2163 498 2216; x_wconf 89' lang='grc' dir='ltr'><strong>τῶν</strong></span> <span class='ocrx_word' id='word_1_119' title='bbox 528 2164 585 2219; x_wconf 74' lang='grc' dir='ltr'><strong>ιν</strong></span> <span class='ocrx_word' id='word_1_120' title='bbox 632 2166 1028 2239; x_wconf 82' lang='grc' dir='ltr'>Ἰεροσολύμοις</span> <span class='ocrx_word' id='word_1_121' title='bbox 1072 2171 1320 2239; x_wconf 79' lang='grc' dir='ltr'>πενήτων</span> <span class='ocrx_word' id='word_1_122' title='bbox 1353 2168 1596 2237; x_wconf 83' lang='grc' dir='ltr'>ἀδελφῶν</span> <span class='ocrx_word' id='word_1_123' title='bbox 1632 2185 1774 2237; x_wconf 85' lang='grc' dir='ltr'>παρ·</span> 
     </span>
    </p>
   </div>
   <div class='ocr_carea' id='block_1_21' title="bbox 2364 899 2951 972">
    <p class='ocr_par' dir='ltr' id='par_1_21' title="bbox 2364 899 2951 972">
     <span class='ocr_line' id='line_1_21' title="bbox 2364 899 2951 972; baseline -0.012 -10"><span class='ocrx_word' id='word_1_124' title='bbox 2364 899 2690 972; x_wconf 79' lang='lat' dir='ltr'><strong>QU/ESTIO</strong></span> <span class='ocrx_word' id='word_1_125' title='bbox 2716 900 2951 964; x_wconf 71' lang='lat' dir='ltr'>LXXIII.</span> 
     </span>
    </p>
   </div>
   <div class='ocr_carea' id='block_1_22' title="bbox 1875 1010 3441 1092">
    <p class='ocr_par' dir='ltr' id='par_1_22' title="bbox 1875 1010 3441 1092">
     <span class='ocr_line' id='line_1_22' title="bbox 1875 1010 3441 1092; baseline -0.006 -14"><span class='ocrx_word' id='word_1_126' title='bbox 1875 1023 2013 1078; x_wconf 78' lang='lat' dir='ltr'><strong>Nam</strong></span> <span class='ocrx_word' id='word_1_127' title='bbox 2050 1010 2267 1076; x_wconf 76' lang='lat' dir='ltr'><strong>debeant</strong></span> <span class='ocrx_word' id='word_1_128' title='bbox 2298 1023 2485 1092; x_wconf 75' lang='lat' dir='ltr'><strong>Patres</strong></span> <span class='ocrx_word' id='word_1_129' title='bbox 2524 1020 2933 1092; x_wconf 72' lang='lat' dir='ltr'><strong>confessionarii</strong></span> <span class='ocrx_word' id='word_1_130' title='bbox 2969 1018 3441 1092; x_wconf 56' lang='lat' dir='ltr'><strong>eleemosynaspo-</strong></span> 
     </span>
    </p>
   </div>
   <div class='ocr_carea' id='block_1_23' title="bbox 1946 1088 3441 1158">
    <p class='ocr_par' dir='ltr' id='par_1_23' title="bbox 1946 1088 3441 1158">
     <span class='ocr_line' id='line_1_23' title="bbox 1946 1088 3441 1158; baseline -0.006 -11"><span class='ocrx_word' id='word_1_131' title='bbox 1946 1095 2167 1158; x_wconf 81' lang='lat' dir='ltr'><strong>stulare,</strong></span> <span class='ocrx_word' id='word_1_132' title='bbox 2198 1104 2252 1145; x_wconf 86' lang='lat' dir='ltr'><strong>ut</strong></span> <span class='ocrx_word' id='word_1_133' title='bbox 2280 1094 2379 1158; x_wconf 72' lang='lat' dir='ltr'><strong>ipsi</strong></span> <span class='ocrx_word' id='word_1_134' title='bbox 2405 1089 2494 1152; x_wconf 75' lang='lat' dir='ltr'><strong>e‘as</strong></span> <span class='ocrx_word' id='word_1_135' title='bbox 2529 1091 2889 1144; x_wconf 75' lang='lat' dir='ltr'><strong>distribuant?</strong></span> <span class='ocrx_word' id='word_1_136' title='bbox 2914 1098 3069 1155; x_wconf 84' lang='lat' dir='ltr'><strong>atque</strong></span> <span class='ocrx_word' id='word_1_137' title='bbox 3096 1088 3140 1140; x_wconf 74' lang='lat' dir='ltr'><strong>si</strong></span> <span class='ocrx_word' id='word_1_138' title='bbox 3175 1088 3441 1154; x_wconf 75' lang='lat' dir='ltr'><strong>accipiant</strong></span> 
     </span>
    </p>
   </div>
   <div class='ocr_carea' id='block_1_24' title="bbox 1948 1159 2919 1232">
    <p class='ocr_par' dir='ltr' id='par_1_24' title="bbox 1948 1159 2919 1232">
     <span class='ocr_line' id='line_1_24' title="bbox 1948 1159 2919 1232; baseline -0.002 -16"><span class='ocrx_word' id='word_1_139' title='bbox 1948 1164 2299 1232; x_wconf 74' lang='lat' dir='ltr'><strong>habeantque,</strong></span> <span class='ocrx_word' id='word_1_140' title='bbox 2331 1164 2457 1231; x_wconf 80' lang='lat' dir='ltr'><strong>quid</strong></span> <span class='ocrx_word' id='word_1_141' title='bbox 2481 1162 2588 1215; x_wconf 79' lang='lat' dir='ltr'><strong>illis</strong></span> <span class='ocrx_word' id='word_1_142' title='bbox 2621 1159 2919 1229; x_wconf 73' lang='lat' dir='ltr'><strong>agendum!</strong></span> 
     </span>
    </p>
   </div>
   <div class='ocr_carea' id='block_1_25' title="bbox 1960 1337 3442 1409">
    <p class='ocr_par' dir='ltr' id='par_1_25' title="bbox 1960 1337 3442 1409">
     <span class='ocr_line' id='line_1_25' title="bbox 1960 1337 3442 1409; baseline -0.003 -13"><span class='ocrx_word' id='word_1_143' title='bbox 1960 1340 2266 1409; x_wconf 77' lang='lat' dir='ltr'><strong>Spiritualis</strong></span> <span class='ocrx_word' id='word_1_144' title='bbox 2325 1339 2484 1395; x_wconf 81' lang='lat' dir='ltr'><strong>Pater</strong></span> <span class='ocrx_word' id='word_1_145' title='bbox 2562 1355 2668 1392; x_wconf 87' lang='lat' dir='ltr'><strong>non</strong></span> <span class='ocrx_word' id='word_1_146' title='bbox 2736 1338 2897 1392; x_wconf 88' lang='lat' dir='ltr'><strong>debet</strong></span> <span class='ocrx_word' id='word_1_147' title='bbox 2969 1337 3083 1405; x_wconf 87' lang='lat' dir='ltr'><strong>ipse</strong></span> <span class='ocrx_word' id='word_1_148' title='bbox 3168 1337 3442 1406; x_wconf 88' lang='lat' dir='ltr'><strong>postulare</strong></span> 
     </span>
    </p>
   </div>
   <div class='ocr_carea' id='block_1_26' title="bbox 1875 1430 3443 1501">
    <p class='ocr_par' dir='ltr' id='par_1_26' title="bbox 1875 1430 3443 1501">
     <span class='ocr_line' id='line_1_26' title="bbox 1875 1430 3443 1501; baseline -0.004 -14"><span class='ocrx_word' id='word_1_149' title='bbox 1875 1433 2016 1488; x_wconf 89' lang='lat' dir='ltr'><strong>dona</strong></span> <span class='ocrx_word' id='word_1_150' title='bbox 2076 1447 2196 1500; x_wconf 63' lang='lat' dir='ltr'><strong>qua;</strong></span> <span class='ocrx_word' id='word_1_151' title='bbox 2238 1433 2289 1484; x_wconf 93' lang='lat' dir='ltr'><strong>in</strong></span> <span class='ocrx_word' id='word_1_152' title='bbox 2339 1433 2736 1501; x_wconf 83' lang='lat' dir='ltr'><strong>eleemosynam</strong></span> <span class='ocrx_word' id='word_1_153' title='bbox 2803 1430 3105 1499; x_wconf 75' lang='lat' dir='ltr'><strong>praestanda</strong></span> <span class='ocrx_word' id='word_1_154' title='bbox 3173 1441 3321 1495; x_wconf 82' lang='lat' dir='ltr'><strong>sunt,</strong></span> <span class='ocrx_word' id='word_1_155' title='bbox 3375 1447 3443 1483; x_wconf 88' lang='lat' dir='ltr'><strong>ne</strong></span> 
     </span>
    </p>
   </div>
   <div class='ocr_carea' id='block_1_27' title="bbox 1874 1522 3443 1589">
    <p class='ocr_par' dir='ltr' id='par_1_27' title="bbox 1874 1522 3443 1589">
     <span class='ocr_line' id='line_1_27' title="bbox 1874 1522 3443 1589; baseline -0.001 -10"><span class='ocrx_word' id='word_1_156' title='bbox 1874 1524 2248 1579; x_wconf 70' lang='lat' dir='ltr'><strong>confusionem</strong></span> <span class='ocrx_word' id='word_1_157' title='bbox 2273 1534 2325 1578; x_wconf 88' lang='lat' dir='ltr'><strong>et</strong></span> <span class='ocrx_word' id='word_1_158' title='bbox 2362 1524 2684 1589; x_wconf 88' lang='lat' dir='ltr'><strong>vituperium</strong></span> <span class='ocrx_word' id='word_1_159' title='bbox 2716 1523 2984 1584; x_wconf 75' lang='lat' dir='ltr'><strong>incurrat,</strong></span> <span class='ocrx_word' id='word_1_160' title='bbox 3020 1522 3147 1576; x_wconf 89' lang='lat' dir='ltr'><strong>dum</strong></span> <span class='ocrx_word' id='word_1_161' title='bbox 3180 1522 3443 1578; x_wconf 74' lang='lat' dir='ltr'><strong>fratribus</strong></span> 
     </span>
    </p>
   </div>
   <div class='ocr_carea' id='block_1_28' title="bbox 1875 1615 3441 1683">
    <p class='ocr_par' dir='ltr' id='par_1_28' title="bbox 1875 1615 3441 1683">
     <span class='ocr_line' id='line_1_28' title="bbox 1875 1615 3441 1683; baseline -0.004 -12"><span class='ocrx_word' id='word_1_162' title='bbox 1875 1616 2186 1671; x_wconf 84' lang='lat' dir='ltr'><strong>scandalum</strong></span> <span class='ocrx_word' id='word_1_163' title='bbox 2212 1615 2407 1682; x_wconf 82' lang='lat' dir='ltr'><strong>affert;</strong></span> <span class='ocrx_word' id='word_1_164' title='bbox 2439 1615 2532 1669; x_wconf 88' lang='lat' dir='ltr'><strong>sed</strong></span> <span class='ocrx_word' id='word_1_165' title='bbox 2562 1616 2604 1667; x_wconf 94' lang='lat' dir='ltr'><strong>si</strong></span> <span class='ocrx_word' id='word_1_166' title='bbox 2636 1616 2734 1683; x_wconf 85' lang='lat' dir='ltr'><strong>ipsi</strong></span> <span class='ocrx_word' id='word_1_167' title='bbox 2769 1630 2895 1668; x_wconf 90' lang='lat' dir='ltr'><strong>cura</strong></span> <span class='ocrx_word' id='word_1_168' title='bbox 2920 1616 2989 1668; x_wconf 90' lang='lat' dir='ltr'><strong>sit</strong></span> <span class='ocrx_word' id='word_1_169' title='bbox 3018 1630 3117 1683; x_wconf 89' lang='lat' dir='ltr'><strong>pro</strong></span> <span class='ocrx_word' id='word_1_170' title='bbox 3147 1616 3319 1668; x_wconf 91' lang='lat' dir='ltr'><strong>salute</strong></span> <span class='ocrx_word' id='word_1_171' title='bbox 3347 1631 3441 1668; x_wconf 82' lang='lat' dir='ltr'><strong>sua</strong></span> 
     </span>
    </p>
   </div>
   <div class='ocr_carea' id='block_1_29' title="bbox 1876 1706 3441 1776">
    <p class='ocr_par' dir='ltr' id='par_1_29' title="bbox 1876 1706 3441 1776">
     <span class='ocr_line' id='line_1_29' title="bbox 1876 1706 3441 1776; baseline -0.004 -14"><span class='ocrx_word' id='word_1_172' title='bbox 1876 1717 1930 1762; x_wconf 88' lang='lat' dir='ltr'><strong>et</strong></span> <span class='ocrx_word' id='word_1_173' title='bbox 1964 1722 2060 1776; x_wconf 88' lang='lat' dir='ltr'><strong>pro</strong></span> <span class='ocrx_word' id='word_1_174' title='bbox 2098 1708 2472 1763; x_wconf 84' lang='lat' dir='ltr'><strong>accedentium</strong></span> <span class='ocrx_word' id='word_1_175' title='bbox 2505 1706 2737 1761; x_wconf 87' lang='lat' dir='ltr'><strong>utilitate</strong></span> <span class='ocrx_word' id='word_1_176' title='bbox 2770 1721 2953 1773; x_wconf 82' lang='lat' dir='ltr'><strong>agere,</strong></span> <span class='ocrx_word' id='word_1_177' title='bbox 2999 1707 3246 1759; x_wconf 73' lang='lat' dir='ltr'><strong>hortetur</strong></span> <span class='ocrx_word' id='word_1_178' title='bbox 3268 1706 3441 1759; x_wconf 86' lang='lat' dir='ltr'><strong>solum</strong></span> 
     </span>
    </p>
   </div>
   <div class='ocr_carea' id='block_1_30' title="bbox 1878 1797 3444 1869">
    <p class='ocr_par' dir='ltr' id='par_1_30' title="bbox 1878 1797 3444 1869">
     <span class='ocr_line' id='line_1_30' title="bbox 1878 1797 3444 1869; baseline -0.003 -17"><span class='ocrx_word' id='word_1_179' title='bbox 1878 1808 1936 1853; x_wconf 91' lang='lat' dir='ltr'><strong>ut</strong></span> <span class='ocrx_word' id='word_1_180' title='bbox 1968 1798 2191 1860; x_wconf 85' lang='lat' dir='ltr'><strong>faciant,</strong></span> <span class='ocrx_word' id='word_1_181' title='bbox 2215 1808 2270 1853; x_wconf 87' lang='lat' dir='ltr'><strong>et</strong></span> <span class='ocrx_word' id='word_1_182' title='bbox 2303 1802 2539 1869; x_wconf 75' lang='lat' dir='ltr'><strong>regulam</strong></span> <span class='ocrx_word' id='word_1_183' title='bbox 2584 1799 2817 1853; x_wconf 88' lang='lat' dir='ltr'><strong>faciendi</strong></span> <span class='ocrx_word' id='word_1_184' title='bbox 2852 1799 3065 1862; x_wconf 84' lang='lat' dir='ltr'><strong>tradat;</strong></span> <span class='ocrx_word' id='word_1_185' title='bbox 3107 1797 3221 1864; x_wconf 77' lang='lat' dir='ltr'><strong>ipse</strong></span> <span class='ocrx_word' id='word_1_186' title='bbox 3265 1812 3444 1850; x_wconf 74' lang='lat' dir='ltr'><strong>autem</strong></span> 
     </span>
    </p>
   </div>
   <div class='ocr_carea' id='block_1_31' title="bbox 1878 1889 3443 1958">
    <p class='ocr_par' dir='ltr' id='par_1_31' title="bbox 1878 1889 3443 1958">
     <span class='ocr_line' id='line_1_31' title="bbox 1878 1889 3443 1958; baseline -0.001 -15"><span class='ocrx_word' id='word_1_187' title='bbox 1878 1889 2108 1943; x_wconf 87' lang='lat' dir='ltr'><strong>minime</strong></span> <span class='ocrx_word' id='word_1_188' title='bbox 2165 1889 2372 1958; x_wconf 89' lang='lat' dir='ltr'><strong>aliquid</strong></span> <span class='ocrx_word' id='word_1_189' title='bbox 2427 1892 2669 1958; x_wconf 63' lang='lat' dir='ltr'><strong>alcipiat</strong></span> <span class='ocrx_word' id='word_1_190' title='bbox 2702 1910 2714 1943; x_wconf 87' lang='lat'><strong><em>:</em></strong></span> <span class='ocrx_word' id='word_1_191' title='bbox 2748 1891 2818 1943; x_wconf 93' lang='lat' dir='ltr'><strong>ila</strong></span> <span class='ocrx_word' id='word_1_192' title='bbox 2868 1890 3131 1944; x_wconf 82' lang='lat' dir='ltr'><strong>docentur</strong></span> <span class='ocrx_word' id='word_1_193' title='bbox 3178 1906 3204 1942; x_wconf 89' lang='lat' dir='ltr'><strong>a</strong></span> <span class='ocrx_word' id='word_1_194' title='bbox 3263 1889 3443 1942; x_wconf 86' lang='lat' dir='ltr'><strong>multis</strong></span> 
     </span>
    </p>
   </div>
   <div class='ocr_carea' id='block_1_32' title="bbox 1876 1980 3441 2048">
    <p class='ocr_par' dir='ltr' id='par_1_32' title="bbox 1876 1980 3441 2048">
     <span class='ocr_line' id='line_1_32' title="bbox 1876 1980 3441 2048; baseline -0.004 -14"><span class='ocrx_word' id='word_1_195' title='bbox 1876 1980 2078 2034; x_wconf 79' lang='lat' dir='ltr'><strong>sanctis</strong></span> <span class='ocrx_word' id='word_1_196' title='bbox 2108 1980 2302 2047; x_wconf 83' lang='lat' dir='ltr'><strong>quibus</strong></span> <span class='ocrx_word' id='word_1_197' title='bbox 2335 1995 2545 2033; x_wconf 82' lang='lat' dir='ltr'><strong>summa</strong></span> <span class='ocrx_word' id='word_1_198' title='bbox 2582 1981 2679 2032; x_wconf 88' lang='lat' dir='ltr'><strong>fuit</strong></span> <span class='ocrx_word' id='word_1_199' title='bbox 2710 1996 2839 2033; x_wconf 86' lang='lat' dir='ltr'><strong>cura</strong></span> <span class='ocrx_word' id='word_1_200' title='bbox 2885 1993 2942 2033; x_wconf 92' lang='lat' dir='ltr'><strong>ut</strong></span> <span class='ocrx_word' id='word_1_201' title='bbox 2972 1998 3079 2034; x_wconf 87' lang='lat' dir='ltr'><strong>non</strong></span> <span class='ocrx_word' id='word_1_202' title='bbox 3107 1983 3441 2048; x_wconf 70' lang='lat' dir='ltr'><strong>accipi-rent.</strong></span> 
     </span>
    </p>
   </div>
   <div class='ocr_carea' id='block_1_33' title="bbox 1876 2068 3444 2138">
    <p class='ocr_par' dir='ltr' id='par_1_33' title="bbox 1876 2068 3444 2138">
     <span class='ocr_line' id='line_1_33' title="bbox 1876 2068 3444 2138; baseline 0 -16"><span class='ocrx_word' id='word_1_203' title='bbox 1876 2068 1952 2123; x_wconf 84' lang='lat' dir='ltr'><strong>Ita</strong></span> <span class='ocrx_word' id='word_1_204' title='bbox 1984 2069 2220 2125; x_wconf 81' lang='lat' dir='ltr'><strong>faciebat</strong></span> <span class='ocrx_word' id='word_1_205' title='bbox 2251 2070 2471 2135; x_wconf 83' lang='lat' dir='ltr'><strong>Paulus,</strong></span> <span class='ocrx_word' id='word_1_206' title='bbox 2500 2071 2774 2124; x_wconf 88' lang='lat' dir='ltr'><strong>nemiuem</strong></span> <span class='ocrx_word' id='word_1_207' title='bbox 2808 2085 3081 2138; x_wconf 86' lang='lat' dir='ltr'><strong>premens,</strong></span> <span class='ocrx_word' id='word_1_208' title='bbox 3109 2087 3162 2124; x_wconf 83' lang='lat' dir='ltr'><strong>et</strong></span> <span class='ocrx_word' id='word_1_209' title='bbox 3188 2072 3318 2122; x_wconf 84' lang='lat' dir='ltr'><strong>nihil</strong></span> <span class='ocrx_word' id='word_1_210' title='bbox 3347 2087 3444 2138; x_wconf 83' lang='lat' dir='ltr'><strong>pro</strong></span> 
     </span>
    </p>
   </div>
   <div class='ocr_carea' id='block_1_34' title="bbox 1876 2163 3445 2233">
    <p class='ocr_par' dir='ltr' id='par_1_34' title="bbox 1876 2163 3445 2233">
     <span class='ocr_line' id='line_1_34' title="bbox 1876 2163 3445 2233; baseline -0.002 -17"><span class='ocrx_word' id='word_1_211' title='bbox 1876 2177 1933 2216; x_wconf 88' lang='lat' dir='ltr'><strong>se</strong></span> <span class='ocrx_word' id='word_1_212' title='bbox 1963 2164 2255 2230; x_wconf 88' lang='lat' dir='ltr'><strong>accipiens,</strong></span> <span class='ocrx_word' id='word_1_213' title='bbox 2294 2164 2541 2231; x_wconf 84' lang='lat' dir='ltr'><strong>quamvis</strong></span> <span class='ocrx_word' id='word_1_214' title='bbox 2568 2164 2724 2217; x_wconf 70' lang='lat' dir='ltr'><strong>enixe</strong></span> <span class='ocrx_word' id='word_1_215' title='bbox 2763 2174 3035 2233; x_wconf 83' lang='lat' dir='ltr'><strong>satageret</strong></span> <span class='ocrx_word' id='word_1_216' title='bbox 3074 2163 3445 2231; x_wconf 69' lang='lat' dir='ltr'><strong>eleemosynas</strong></span> 
     </span>
    </p>
   </div>
   <div class='ocr_carea' id='block_1_35' title="bbox 202 2246 1891 2330">
    <p class='ocr_par' dir='ltr' id='par_1_35' title="bbox 202 2246 1891 2330">
     <span class='ocr_line' id='line_1_35' title="bbox 202 2246 1891 2330; baseline 0.001 -19"><span class='ocrx_word' id='word_1_217' title='bbox 202 2262 372 2312; x_wconf 79' lang='grc' dir='ltr'>εκίνει</span> <span class='ocrx_word' id='word_1_218' title='bbox 405 2276 466 2311; x_wconf 84' lang='grc' dir='ltr'><strong>τε</strong></span> <span class='ocrx_word' id='word_1_219' title='bbox 514 2264 609 2319; x_wconf 77' lang='grc' dir='ltr'><strong>καὶ</strong></span> <span class='ocrx_word' id='word_1_220' title='bbox 660 2262 1011 2317; x_wconf 82' lang='grc' dir='ltr'>ἀπέστελλεν.</span> <span class='ocrx_word' id='word_1_221' title='bbox 1061 2260 1528 2330; x_wconf 77' lang='grc' dir='ltr'>Ἀναγκαζόμενος</span> <span class='ocrx_word' id='word_1_222' title='bbox 1581 2262 1635 2314; x_wconf 79' lang='grc' dir='ltr'><strong>δέ</strong></span> <span class='ocrx_word' id='word_1_223' title='bbox 1691 2278 1775 2323; x_wconf 86' lang='grc' dir='ltr'><strong>τις</strong></span> <span class='ocrx_word' id='word_1_224' title='bbox 1809 2246 1891 2321; x_wconf 73' lang='grc' dir='ltr'><strong>ΒΙ</strong></span> 
     </span>
    </p>
   </div>
   <div class='ocr_carea' id='block_1_36' title="bbox 1751 2246 3440 2330">
    <p class='ocr_par' dir='ltr' id='par_1_36' title="bbox 1752 2246 3440 2323">
     <span class='ocr_line' id='line_1_36' title="bbox 1752 2246 3440 2323; baseline 0.001 -20"><span class='ocrx_word' id='word_1_225' title='bbox 1752 2279 1775 2323; x_wconf 74' lang='grc' dir='ltr'><em>ς</em></span> <span class='ocrx_word' id='word_1_226' title='bbox 1809 2246 1847 2299; x_wconf 79' lang='grc' dir='ltr'><strong><em>Β</em></strong></span> <span class='ocrx_word' id='word_1_227' title='bbox 1881 2255 2213 2321; x_wconf 88' lang='lat' dir='ltr'><strong>pauperibus</strong></span> <span class='ocrx_word' id='word_1_228' title='bbox 2248 2254 2506 2306; x_wconf 82' lang='lat' dir='ltr'><strong>fratribus</strong></span> <span class='ocrx_word' id='word_1_229' title='bbox 2538 2255 2629 2322; x_wconf 89' lang='lat' dir='ltr'><strong>qui</strong></span> <span class='ocrx_word' id='word_1_230' title='bbox 2675 2264 2834 2307; x_wconf 86' lang='lat' dir='ltr'><strong>erant</strong></span> <span class='ocrx_word' id='word_1_231' title='bbox 2868 2256 2919 2307; x_wconf 89' lang='lat' dir='ltr'><strong>itt</strong></span> <span class='ocrx_word' id='word_1_232' title='bbox 2961 2252 3256 2308; x_wconf 77' lang='lat' dir='ltr'><strong>Jerusalem</strong></span> <span class='ocrx_word' id='word_1_233' title='bbox 3294 2255 3440 2308; x_wconf 90' lang='lat' dir='ltr'><strong>coIli-</strong></span> 
     </span>
    </p>
   </div>
   <div class='ocr_carea' id='block_1_37' title="bbox 200 2354 1772 2422">
    <p class='ocr_par' dir='ltr' id='par_1_37' title="bbox 200 2354 1772 2422">
     <span class='ocr_line' id='line_1_37' title="bbox 200 2354 1772 2422; baseline 0.001 -17"><span class='ocrx_word' id='word_1_234' title='bbox 200 2354 389 2407; x_wconf 87' lang='grc' dir='ltr'>λαϐεῖν</span> <span class='ocrx_word' id='word_1_235' title='bbox 420 2354 796 2417; x_wconf 76' lang='grc' dir='ltr'>ἀπδπίστεως</span> <span class='ocrx_word' id='word_1_236' title='bbox 838 2355 933 2408; x_wconf 87' lang='grc' dir='ltr'><strong>τοῦ</strong></span> <span class='ocrx_word' id='word_1_237' title='bbox 961 2355 1218 2419; x_wconf 87' lang='grc' dir='ltr'>διδόντος,</span> <span class='ocrx_word' id='word_1_238' title='bbox 1254 2355 1416 2407; x_wconf 81' lang='grc' dir='ltr'>πάλιν</span> <span class='ocrx_word' id='word_1_239' title='bbox 1446 2357 1526 2417; x_wconf 85' lang='grc' dir='ltr'><strong>είς</strong></span> <span class='ocrx_word' id='word_1_240' title='bbox 1564 2355 1668 2422; x_wconf 80' lang='grc' dir='ltr'><strong>πλη</strong></span> <span class='ocrx_word' id='word_1_241' title='bbox 1682 2371 1772 2422; x_wconf 83' lang='grc' dir='ltr'>ρο-</span> 
     </span>
    </p>
   </div>
   <div class='ocr_carea' id='block_1_38' title="bbox 204 2444 1773 2516">
    <p class='ocr_par' dir='ltr' id='par_1_38' title="bbox 204 2444 1773 2516">
     <span class='ocr_line' id='line_1_38' title="bbox 204 2444 1773 2516; baseline 0.001 -21"><span class='ocrx_word' id='word_1_242' title='bbox 204 2445 405 2513; x_wconf 78' lang='grc' dir='ltr'>φορίαν</span> <span class='ocrx_word' id='word_1_243' title='bbox 429 2444 642 2511; x_wconf 83' lang='grc' dir='ltr'>τούτου,</span> <span class='ocrx_word' id='word_1_244' title='bbox 685 2444 825 2512; x_wconf 76' lang='grc' dir='ltr'>μετὰ</span> <span class='ocrx_word' id='word_1_245' title='bbox 870 2446 965 2497; x_wconf 81' lang='grc' dir='ltr'><strong>καὶ</strong></span> <span class='ocrx_word' id='word_1_246' title='bbox 1003 2447 1261 2514; x_wconf 85' lang='grc' dir='ltr'>γνώσεως</span> <span class='ocrx_word' id='word_1_247' title='bbox 1312 2445 1479 2500; x_wconf 85' lang='grc' dir='ltr'>αὐτοῦ</span> <span class='ocrx_word' id='word_1_248' title='bbox 1510 2446 1606 2500; x_wconf 82' lang='grc' dir='ltr'><strong>καὶ</strong></span> <span class='ocrx_word' id='word_1_249' title='bbox 1631 2446 1773 2516; x_wconf 70' lang='grc' dir='ltr'>είδή-</span> 
     </span>
    </p>
   </div>
   <div class='ocr_carea' id='block_1_39' title="bbox 202 2535 1770 2611">
    <p class='ocr_par' dir='ltr' id='par_1_39' title="bbox 202 2535 1770 2611">
     <span class='ocr_line' id='line_1_39' title="bbox 202 2535 1770 2611; baseline 0.004 -24"><span class='ocrx_word' id='word_1_250' title='bbox 202 2552 341 2595; x_wconf 86' lang='grc' dir='ltr'>σεως</span> <span class='ocrx_word' id='word_1_251' title='bbox 362 2536 433 2589; x_wconf 62' lang='grc' dir='ltr'><strong>τὰ</strong></span> <span class='ocrx_word' id='word_1_252' title='bbox 467 2536 607 2604; x_wconf 70' lang='grc' dir='ltr'>ὑπὲρ</span> <span class='ocrx_word' id='word_1_253' title='bbox 636 2535 805 2589; x_wconf 83' lang='grc' dir='ltr'>αὐτοῦ</span> <span class='ocrx_word' id='word_1_254' title='bbox 832 2540 1080 2600; x_wconf 85' lang='grc' dir='ltr'>ποιείτω,</span> <span class='ocrx_word' id='word_1_255' title='bbox 1116 2538 1203 2590; x_wconf 85' lang='grc' dir='ltr'>ἶνα</span> <span class='ocrx_word' id='word_1_256' title='bbox 1248 2538 1321 2607; x_wconf 81' lang='grc' dir='ltr'>μὴ</span> <span class='ocrx_word' id='word_1_257' title='bbox 1362 2538 1625 2606; x_wconf 83' lang='grc' dir='ltr'>διχόνοιαν</span> <span class='ocrx_word' id='word_1_258' title='bbox 1651 2540 1770 2611; x_wconf 78' lang='grc' dir='ltr'>ἔχῃ.</span> 
     </span>
    </p>
   </div>
   <div class='ocr_carea' id='block_1_40' title="bbox 202 2622 1768 2695">
    <p class='ocr_par' dir='ltr' id='par_1_40' title="bbox 202 2622 1768 2695">
     <span class='ocr_line' id='line_1_40' title="bbox 202 2622 1768 2695; baseline 0.002 -18"><span class='ocrx_word' id='word_1_259' title='bbox 202 2624 265 2677; x_wconf 83' lang='grc' dir='ltr'><strong>Εί</strong></span> <span class='ocrx_word' id='word_1_260' title='bbox 305 2622 402 2678; x_wconf 90' lang='grc' dir='ltr'><strong>οῦν</strong></span> <span class='ocrx_word' id='word_1_261' title='bbox 451 2625 656 2694; x_wconf 74' lang='grc' dir='ltr'>ἱερεὺς,</span> <span class='ocrx_word' id='word_1_262' title='bbox 695 2626 1021 2694; x_wconf 84' lang='grc' dir='ltr'>λαμϐάνετω</span> <span class='ocrx_word' id='word_1_263' title='bbox 1085 2627 1180 2678; x_wconf 74' lang='grc' dir='ltr'>καὶ</span> <span class='ocrx_word' id='word_1_264' title='bbox 1235 2628 1398 2688; x_wconf 71' lang='grc' dir='ltr'>αὐτὸς</span> <span class='ocrx_word' id='word_1_265' title='bbox 1429 2628 1504 2689; x_wconf 87' lang='grc' dir='ltr'><strong>ὡς</strong></span> <span class='ocrx_word' id='word_1_266' title='bbox 1551 2628 1768 2695; x_wconf 78' lang='grc' dir='ltr'>ἱερεύς·</span> 
     </span>
    </p>
   </div>
   <div class='ocr_carea' id='block_1_41' title="bbox 199 2715 1770 2786">
    <p class='ocr_par' dir='ltr' id='par_1_41' title="bbox 199 2715 1770 2786">
     <span class='ocr_line' id='line_1_41' title="bbox 199 2715 1770 2786; baseline 0.001 -18"><span class='ocrx_word' id='word_1_267' title='bbox 199 2718 297 2769; x_wconf 72' lang='grc' dir='ltr'><strong>καὶ</strong></span> <span class='ocrx_word' id='word_1_268' title='bbox 328 2717 551 2785; x_wconf 79' lang='grc' dir='ltr'>ἑτέρους</span> <span class='ocrx_word' id='word_1_269' title='bbox 587 2716 645 2767; x_wconf 76' lang='grc' dir='ltr'>δὲ</span> <span class='ocrx_word' id='word_1_270' title='bbox 676 2715 1120 2786; x_wconf 76' lang='grc' dir='ltr'>προσκαλείσθω.</span> <span class='ocrx_word' id='word_1_271' title='bbox 1162 2717 1257 2769; x_wconf 80' lang='grc' dir='ltr'><strong>καὶ</strong></span> <span class='ocrx_word' id='word_1_272' title='bbox 1294 2718 1368 2785; x_wconf 81' lang='grc' dir='ltr'>μὴ</span> <span class='ocrx_word' id='word_1_273' title='bbox 1404 2718 1527 2780; x_wconf 80' lang='grc' dir='ltr'>τοὺς</span> <span class='ocrx_word' id='word_1_274' title='bbox 1559 2719 1770 2784; x_wconf 84' lang='grc' dir='ltr'>φίλους,</span> 
     </span>
    </p>
   </div>
   <div class='ocr_carea' id='block_1_42' title="bbox 199 2809 1774 2879">
    <p class='ocr_par' dir='ltr' id='par_1_42' title="bbox 199 2809 1774 2879">
     <span class='ocr_line' id='line_1_42' title="bbox 199 2809 1774 2879; baseline -0.001 -15"><span class='ocrx_word' id='word_1_275' title='bbox 199 2811 336 2864; x_wconf 80' lang='grc' dir='ltr'>ἀλλὰ</span> <span class='ocrx_word' id='word_1_276' title='bbox 359 2811 485 2871; x_wconf 81' lang='grc' dir='ltr'>τοὺς</span> <span class='ocrx_word' id='word_1_277' title='bbox 519 2810 710 2873; x_wconf 79' lang='grc' dir='ltr'>ἐνδεῶς</span> <span class='ocrx_word' id='word_1_278' title='bbox 739 2809 964 2879; x_wconf 76' lang='grc' dir='ltr'>ἔχοντας</span> <span class='ocrx_word' id='word_1_279' title='bbox 1012 2810 1235 2877; x_wconf 80' lang='grc' dir='ltr'>μᾶλλον,</span> <span class='ocrx_word' id='word_1_280' title='bbox 1262 2812 1357 2863; x_wconf 73' lang='grc' dir='ltr'><strong>καὶ</strong></span> <span class='ocrx_word' id='word_1_281' title='bbox 1398 2810 1524 2872; x_wconf 73' lang='grc' dir='ltr'>τοὺς</span> <span class='ocrx_word' id='word_1_282' title='bbox 1554 2811 1774 2862; x_wconf 82' lang='grc' dir='ltr'>εὐλαϐε-</span> 
     </span>
    </p>
   </div>
   <div class='ocr_carea' id='block_1_43' title="bbox 203 2901 1775 2973">
    <p class='ocr_par' dir='ltr' id='par_1_43' title="bbox 203 2901 1775 2973">
     <span class='ocr_line' id='line_1_43' title="bbox 203 2901 1775 2973; baseline -0.001 -15"><span class='ocrx_word' id='word_1_283' title='bbox 203 2903 453 2973; x_wconf 79' lang='grc' dir='ltr'>στέρους.</span> <span class='ocrx_word' id='word_1_284' title='bbox 486 2903 545 2955; x_wconf 83' lang='grc' dir='ltr'><strong>Εἰ</strong></span> <span class='ocrx_word' id='word_1_285' title='bbox 576 2902 632 2955; x_wconf 68' lang='grc' dir='ltr'>δὲ</span> <span class='ocrx_word' id='word_1_286' title='bbox 665 2903 830 2971; x_wconf 68' lang='grc' dir='ltr'>τυχὸν</span> <span class='ocrx_word' id='word_1_287' title='bbox 863 2901 1102 2969; x_wconf 86' lang='grc' dir='ltr'>ίδιὼτης,</span> <span class='ocrx_word' id='word_1_288' title='bbox 1150 2902 1318 2971; x_wconf 76' lang='grc' dir='ltr'>μηδὲν</span> <span class='ocrx_word' id='word_1_289' title='bbox 1341 2902 1448 2956; x_wconf 69' lang='grc' dir='ltr'><strong>ἀπὸ</strong></span> <span class='ocrx_word' id='word_1_290' title='bbox 1483 2903 1591 2955; x_wconf 88' lang='grc' dir='ltr'><strong>τῶν</strong></span> <span class='ocrx_word' id='word_1_291' title='bbox 1613 2905 1775 2973; x_wconf 81' lang='grc' dir='ltr'>χάριν</span> 
     </span>
    </p>
   </div>
   <div class='ocr_carea' id='block_1_44' title="bbox 198 2990 1774 3062">
    <p class='ocr_par' dir='ltr' id='par_1_44' title="bbox 198 2990 1774 3062">
     <span class='ocr_line' id='line_1_44' title="bbox 198 2990 1774 3062; baseline 0.001 -19"><span class='ocrx_word' id='word_1_292' title='bbox 198 2992 561 3062; x_wconf 65' lang='grc' dir='ltr'>λειτουργιῶν</span> <span class='ocrx_word' id='word_1_293' title='bbox 627 2992 924 3059; x_wconf 79' lang='grc' dir='ltr'>διδομένων</span> <span class='ocrx_word' id='word_1_294' title='bbox 995 2990 1359 3060; x_wconf 72' lang='grc' dir='ltr'>λαμϐανέτω’</span> <span class='ocrx_word' id='word_1_295' title='bbox 1432 2993 1513 3044; x_wconf 78' lang='grc' dir='ltr'>ὅτι</span> <span class='ocrx_word' id='word_1_296' title='bbox 1584 2992 1774 3061; x_wconf 76' lang='grc' dir='ltr'>ἱερέων</span> 
     </span>
    </p>
   </div>
   <div class='ocr_carea' id='block_1_45' title="bbox 196 3082 1773 3152">
    <p class='ocr_par' dir='ltr' id='par_1_45' title="bbox 196 3082 1773 3152">
     <span class='ocr_line' id='line_1_45' title="bbox 196 3082 1773 3152; baseline -0.001 -16"><span class='ocrx_word' id='word_1_297' title='bbox 196 3085 397 3150; x_wconf 85' lang='grc' dir='ltr'>ταῦτα,</span> <span class='ocrx_word' id='word_1_298' title='bbox 430 3084 523 3136; x_wconf 68' lang='grc' dir='ltr'><strong>καὶ</strong></span> <span class='ocrx_word' id='word_1_299' title='bbox 571 3083 780 3152; x_wconf 73' lang='grc' dir='ltr'>ἱερεῦσι</span> <span class='ocrx_word' id='word_1_300' title='bbox 828 3083 1152 3150; x_wconf 83' lang='grc' dir='ltr'>διανεμέτιυ,</span> <span class='ocrx_word' id='word_1_301' title='bbox 1203 3083 1334 3133; x_wconf 76' lang='grc' dir='ltr'><strong>Ἀπὸ</strong></span> <span class='ocrx_word' id='word_1_302' title='bbox 1367 3082 1423 3134; x_wconf 66' lang='grc' dir='ltr'>δὲ</span> <span class='ocrx_word' id='word_1_303' title='bbox 1490 3082 1598 3133; x_wconf 89' lang='grc' dir='ltr'><strong>τῶν</strong></span> <span class='ocrx_word' id='word_1_304' title='bbox 1641 3083 1773 3135; x_wconf 56' lang='lat' dir='ltr'><strong>also-</strong></span> 
     </span>
    </p>
   </div>
   <div class='ocr_carea' id='block_1_46' title="bbox 201 3169 1775 3246">
    <p class='ocr_par' dir='ltr' id='par_1_46' title="bbox 201 3169 1775 3246">
     <span class='ocr_line' id='line_1_46' title="bbox 201 3169 1775 3246; baseline -0.004 -21"><span class='ocrx_word' id='word_1_305' title='bbox 201 3174 378 3243; x_wconf 85' lang='grc' dir='ltr'>μένων</span> <span class='ocrx_word' id='word_1_306' title='bbox 438 3174 636 3246; x_wconf 76' lang='grc' dir='ltr'>μοῖραν</span> <span class='ocrx_word' id='word_1_307' title='bbox 689 3171 851 3241; x_wconf 82' lang='grc' dir='ltr'>χάριν</span> <span class='ocrx_word' id='word_1_308' title='bbox 916 3170 1101 3233; x_wconf 75' lang='grc' dir='ltr'>ἐλέους</span> <span class='ocrx_word' id='word_1_309' title='bbox 1136 3170 1304 3237; x_wconf 67' lang='grc' dir='ltr'>ἐχέτω</span> <span class='ocrx_word' id='word_1_310' title='bbox 1351 3170 1443 3221; x_wconf 74' lang='grc' dir='ltr'><strong>καὶ</strong></span> <span class='ocrx_word' id='word_1_311' title='bbox 1489 3169 1649 3230; x_wconf 84' lang='grc' dir='ltr'>αῦτδς</span> <span class='ocrx_word' id='word_1_312' title='bbox 1685 3185 1775 3219; x_wconf 79' lang='grc' dir='ltr'><strong>κο-</strong></span> 
     </span>
    </p>
   </div>
   <div class='ocr_carea' id='block_1_47' title="bbox 196 3261 1775 3333">
    <p class='ocr_par' dir='ltr' id='par_1_47' title="bbox 196 3261 1775 3333">
     <span class='ocr_line' id='line_1_47' title="bbox 196 3261 1775 3333; baseline -0.003 -17"><span class='ocrx_word' id='word_1_313' title='bbox 196 3265 342 3317; x_wconf 81' lang='grc' dir='ltr'>πιῶν</span> <span class='ocrx_word' id='word_1_314' title='bbox 402 3263 471 3317; x_wconf 77' lang='grc' dir='ltr'>τὰ</span> <span class='ocrx_word' id='word_1_315' title='bbox 530 3266 630 3333; x_wconf 78' lang='grc' dir='ltr'>τῆς</span> <span class='ocrx_word' id='word_1_316' title='bbox 687 3263 876 3333; x_wconf 77' lang='grc' dir='ltr'>χρείας</span> <span class='ocrx_word' id='word_1_317' title='bbox 924 3262 1237 3331; x_wconf 74' lang='grc' dir='ltr'>μεταδιδοὺς</span> <span class='ocrx_word' id='word_1_318' title='bbox 1301 3263 1396 3313; x_wconf 70' lang='grc' dir='ltr'><strong>καὶ</strong></span> <span class='ocrx_word' id='word_1_319' title='bbox 1456 3262 1567 3324; x_wconf 88' lang='grc' dir='ltr'>τοῖς</span> <span class='ocrx_word' id='word_1_320' title='bbox 1604 3261 1775 3329; x_wconf 81' lang='grc' dir='ltr'>πένη-</span> 
     </span>
    </p>
   </div>
   <div class='ocr_carea' id='block_1_48' title="bbox 198 3373 303 3410">
    <p class='ocr_par' dir='ltr' id='par_1_48' title="bbox 198 3373 303 3410">
     <span class='ocr_line' id='line_1_48' title="bbox 198 3373 303 3410; baseline 0.01 -1"><span class='ocrx_word' id='word_1_321' title='bbox 198 3373 303 3410; x_wconf 84' lang='grc' dir='ltr'>σιν.</span> 
     </span>
    </p>
   </div>
   <div class='ocr_carea' id='block_1_49' title="bbox 616 3464 1338 3538">
    <p class='ocr_par' dir='ltr' id='par_1_49' title="bbox 616 3464 1338 3538">
     <span class='ocr_line' id='line_1_49' title="bbox 616 3464 1338 3538; baseline 0 -20"><span class='ocrx_word' id='word_1_322' title='bbox 616 3466 788 3538; x_wconf 70' lang='lat'><strong>363</strong></span> <span class='ocrx_word' id='word_1_323' title='bbox 834 3464 1187 3519; x_wconf 68' lang='lat' dir='ltr'><strong>sparum:</strong></span> <span class='ocrx_word' id='word_1_324' title='bbox 1216 3465 1338 3520; x_wconf 80' lang='lat' dir='ltr'><strong>OA&#39;.</strong></span> 
     </span>
    </p>
   </div>
   <div class='ocr_carea' id='block_1_50' title="bbox 1873 2343 3441 2413">
    <p class='ocr_par' dir='ltr' id='par_1_50' title="bbox 1873 2343 3441 2413">
     <span class='ocr_line' id='line_1_50' title="bbox 1873 2343 3441 2413; baseline 0.003 -20"><span class='ocrx_word' id='word_1_325' title='bbox 1873 2357 2019 2412; x_wconf 85' lang='lat' dir='ltr'><strong>gere,</strong></span> <span class='ocrx_word' id='word_1_326' title='bbox 2060 2358 2194 2411; x_wconf 85' lang='lat' dir='ltr'><strong>quas</strong></span> <span class='ocrx_word' id='word_1_327' title='bbox 2227 2343 2457 2397; x_wconf 88' lang='lat' dir='ltr'><strong>fideliter</strong></span> <span class='ocrx_word' id='word_1_328' title='bbox 2489 2345 2755 2398; x_wconf 74' lang='lat' dir='ltr'><strong>mittebat.</strong></span> <span class='ocrx_word' id='word_1_329' title='bbox 2791 2344 2843 2398; x_wconf 88' lang='lat' dir='ltr'><strong>Si</strong></span> <span class='ocrx_word' id='word_1_330' title='bbox 2882 2345 3005 2413; x_wconf 83' lang='lat' dir='ltr'><strong>quis</strong></span> <span class='ocrx_word' id='word_1_331' title='bbox 3042 2361 3168 2397; x_wconf 87' lang='lat' dir='ltr'><strong>vero</strong></span> <span class='ocrx_word' id='word_1_332' title='bbox 3199 2347 3441 2413; x_wconf 83' lang='lat' dir='ltr'><strong>compul-</strong></span> 
     </span>
    </p>
   </div>
   <div class='ocr_carea' id='block_1_51' title="bbox 1873 2432 3441 2503">
    <p class='ocr_par' dir='ltr' id='par_1_51' title="bbox 1873 2432 3441 2503">
     <span class='ocr_line' id='line_1_51' title="bbox 1873 2432 3441 2503; baseline 0 -18"><span class='ocrx_word' id='word_1_333' title='bbox 1873 2448 1965 2487; x_wconf 90' lang='lat' dir='ltr'><strong>sus</strong></span> <span class='ocrx_word' id='word_1_334' title='bbox 1985 2433 2142 2486; x_wconf 84' lang='lat' dir='ltr'><strong>fuerit</strong></span> <span class='ocrx_word' id='word_1_335' title='bbox 2160 2432 2504 2488; x_wconf 76' lang='lat' dir='ltr'><strong>altuﬂ‘ereute</strong></span> <span class='ocrx_word' id='word_1_336' title='bbox 2527 2434 2668 2488; x_wconf 85' lang='lat' dir='ltr'><strong>lideli</strong></span> <span class='ocrx_word' id='word_1_337' title='bbox 2688 2435 2959 2503; x_wconf 83' lang='lat' dir='ltr'><strong>accipere.</strong></span> <span class='ocrx_word' id='word_1_338' title='bbox 2985 2435 3119 2488; x_wconf 82' lang='lat' dir='ltr'><strong>nihil</strong></span> <span class='ocrx_word' id='word_1_339' title='bbox 3146 2436 3360 2489; x_wconf 73' lang='lat' dir='ltr'><strong>Inrsitet</strong></span> <span class='ocrx_word' id='word_1_340' title='bbox 3385 2446 3441 2489; x_wconf 86' lang='lat' dir='ltr'><strong>et</strong></span> 
     </span>
    </p>
   </div>
   <div class='ocr_carea' id='block_1_52' title="bbox 1875 2524 3440 2596">
    <p class='ocr_par' dir='ltr' id='par_1_52' title="bbox 1875 2524 3440 2596">
     <span class='ocr_line' id='line_1_52' title="bbox 1875 2524 3440 2596; baseline 0.005 -23"><span class='ocrx_word' id='word_1_341' title='bbox 1875 2524 2109 2578; x_wconf 78' lang='lat' dir='ltr'><strong>vicissim</strong></span> <span class='ocrx_word' id='word_1_342' title='bbox 2136 2541 2232 2594; x_wconf 86' lang='lat' dir='ltr'><strong>pro</strong></span> <span class='ocrx_word' id='word_1_343' title='bbox 2266 2526 2356 2579; x_wconf 89' lang='lat' dir='ltr'><strong>tali</strong></span> <span class='ocrx_word' id='word_1_344' title='bbox 2392 2542 2586 2579; x_wconf 87' lang='lat' dir='ltr'><strong>munus</strong></span> <span class='ocrx_word' id='word_1_345' title='bbox 2617 2545 2773 2580; x_wconf 84' lang='lat' dir='ltr'><strong>suum</strong></span> <span class='ocrx_word' id='word_1_346' title='bbox 2801 2528 3094 2596; x_wconf 87' lang='lat' dir='ltr'><strong>adintpleat</strong></span> <span class='ocrx_word' id='word_1_347' title='bbox 3144 2543 3267 2580; x_wconf 90' lang='lat' dir='ltr'><strong>eum</strong></span> <span class='ocrx_word' id='word_1_348' title='bbox 3292 2528 3440 2581; x_wconf 88' lang='lat' dir='ltr'><strong>oumi</strong></span> 
     </span>
    </p>
   </div>
   <div class='ocr_carea' id='block_1_53' title="bbox 1874 2616 3443 2677">
    <p class='ocr_par' dir='ltr' id='par_1_53' title="bbox 1874 2616 3443 2677">
     <span class='ocr_line' id='line_1_53' title="bbox 1874 2616 3443 2677; baseline 0.001 -7"><span class='ocrx_word' id='word_1_349' title='bbox 1874 2616 2095 2671; x_wconf 87' lang='lat' dir='ltr'><strong>scientia</strong></span> <span class='ocrx_word' id='word_1_350' title='bbox 2128 2629 2179 2671; x_wconf 90' lang='lat' dir='ltr'><strong>et</strong></span> <span class='ocrx_word' id='word_1_351' title='bbox 2208 2619 2514 2677; x_wconf 85' lang='lat' dir='ltr'><strong>sedulitate,</strong></span> <span class='ocrx_word' id='word_1_352' title='bbox 2543 2634 2609 2672; x_wconf 90' lang='lat' dir='ltr'><strong>ne</strong></span> <span class='ocrx_word' id='word_1_353' title='bbox 2634 2620 2899 2673; x_wconf 72' lang='lat' dir='ltr'><strong>dissensio</strong></span> <span class='ocrx_word' id='word_1_354' title='bbox 2924 2620 3149 2671; x_wconf 87' lang='lat' dir='ltr'><strong>oriatur.</strong></span> <span class='ocrx_word' id='word_1_355' title='bbox 3213 2618 3268 2671; x_wconf 89' lang='lat' dir='ltr'><strong>Si</strong></span> <span class='ocrx_word' id='word_1_356' title='bbox 3322 2619 3443 2672; x_wconf 87' lang='lat' dir='ltr'><strong>fue-</strong></span> 
     </span>
    </p>
   </div>
   <div class='ocr_carea' id='block_1_54' title="bbox 1877 2709 3442 2779">
    <p class='ocr_par' dir='ltr' id='par_1_54' title="bbox 1877 2709 3442 2779">
     <span class='ocr_line' id='line_1_54' title="bbox 1877 2709 3442 2779; baseline 0.002 -18"><span class='ocrx_word' id='word_1_357' title='bbox 1877 2709 1945 2763; x_wconf 87' lang='lat' dir='ltr'><strong>rit</strong></span> <span class='ocrx_word' id='word_1_358' title='bbox 1971 2709 2247 2773; x_wconf 81' lang='lat' dir='ltr'><strong>sacerdos,</strong></span> <span class='ocrx_word' id='word_1_359' title='bbox 2282 2710 2513 2779; x_wconf 84' lang='lat' dir='ltr'><strong>accipiat</strong></span> <span class='ocrx_word' id='word_1_360' title='bbox 2546 2722 2600 2765; x_wconf 92' lang='lat' dir='ltr'><strong>et</strong></span> <span class='ocrx_word' id='word_1_361' title='bbox 2658 2711 2770 2777; x_wconf 86' lang='lat' dir='ltr'><strong>ipse</strong></span> <span class='ocrx_word' id='word_1_362' title='bbox 2824 2720 2883 2765; x_wconf 93' lang='lat' dir='ltr'><strong>ut</strong></span> <span class='ocrx_word' id='word_1_363' title='bbox 2927 2710 3203 2773; x_wconf 81' lang='lat' dir='ltr'><strong>sacerdos,</strong></span> <span class='ocrx_word' id='word_1_364' title='bbox 3245 2710 3442 2764; x_wconf 87' lang='lat' dir='ltr'><strong>deinde</strong></span> 
     </span>
    </p>
   </div>
   <div class='ocr_carea' id='block_1_55' title="bbox 1875 2798 3442 2871">
    <p class='ocr_par' dir='ltr' id='par_1_55' title="bbox 1875 2798 3442 2871">
     <span class='ocr_line' id='line_1_55' title="bbox 1875 2798 3442 2871; baseline 0.001 -18"><span class='ocrx_word' id='word_1_365' title='bbox 1875 2798 2011 2853; x_wconf 88' lang='lat' dir='ltr'><strong>alios</strong></span> <span class='ocrx_word' id='word_1_366' title='bbox 2044 2808 2323 2864; x_wconf 77' lang='lat' dir='ltr'><strong>convocet,</strong></span> <span class='ocrx_word' id='word_1_367' title='bbox 2353 2816 2459 2855; x_wconf 92' lang='lat' dir='ltr'><strong>non</strong></span> <span class='ocrx_word' id='word_1_368' title='bbox 2487 2802 2717 2864; x_wconf 87' lang='lat' dir='ltr'><strong>amicos,</strong></span> <span class='ocrx_word' id='word_1_369' title='bbox 2757 2802 2853 2855; x_wconf 87' lang='lat' dir='ltr'><strong>sed</strong></span> <span class='ocrx_word' id='word_1_370' title='bbox 2889 2814 3113 2871; x_wconf 90' lang='lat' dir='ltr'><strong>egentes</strong></span> <span class='ocrx_word' id='word_1_371' title='bbox 3146 2811 3199 2855; x_wconf 89' lang='lat' dir='ltr'><strong>et</strong></span> <span class='ocrx_word' id='word_1_372' title='bbox 3230 2803 3442 2869; x_wconf 88' lang='lat' dir='ltr'><strong>sapien-</strong></span> 
     </span>
    </p>
   </div>
   <div class='ocr_carea' id='block_1_56' title="bbox 1880 2887 3439 2960">
    <p class='ocr_par' dir='ltr' id='par_1_56' title="bbox 1880 2887 3439 2960">
     <span class='ocr_line' id='line_1_56' title="bbox 1880 2887 3439 2960; baseline 0.003 -20"><span class='ocrx_word' id='word_1_373' title='bbox 1880 2889 2061 2942; x_wconf 84' lang='lat' dir='ltr'><strong>tiores.</strong></span> <span class='ocrx_word' id='word_1_374' title='bbox 2099 2887 2153 2943; x_wconf 87' lang='lat' dir='ltr'><strong>Si</strong></span> <span class='ocrx_word' id='word_1_375' title='bbox 2190 2906 2316 2943; x_wconf 84' lang='lat' dir='ltr'><strong>vero</strong></span> <span class='ocrx_word' id='word_1_376' title='bbox 2357 2890 2493 2945; x_wconf 81' lang='lat' dir='ltr'><strong>forte</strong></span> <span class='ocrx_word' id='word_1_377' title='bbox 2517 2891 3439 2960; x_wconf 84' lang='lat' dir='ltr'><strong>fueritprivatus,nihiloblaturum</strong></span> 
     </span>
    </p>
   </div>
   <div class='ocr_carea' id='block_1_57' title="bbox 1876 2980 3439 3050">
    <p class='ocr_par' dir='ltr' id='par_1_57' title="bbox 1876 2980 3439 3050">
     <span class='ocr_line' id='line_1_57' title="bbox 1876 2980 3439 3050; baseline 0.003 -21"><span class='ocrx_word' id='word_1_378' title='bbox 1876 2986 2097 3047; x_wconf 85' lang='lat' dir='ltr'><strong>prepter</strong></span> <span class='ocrx_word' id='word_1_379' title='bbox 2145 2980 2397 3032; x_wconf 85' lang='lat' dir='ltr'><strong>sacrificii</strong></span> <span class='ocrx_word' id='word_1_380' title='bbox 2436 2982 2688 3033; x_wconf 84' lang='lat' dir='ltr'><strong>meritum</strong></span> <span class='ocrx_word' id='word_1_381' title='bbox 2730 2981 2965 3048; x_wconf 80' lang='lat' dir='ltr'><strong>accipiat</strong></span> <span class='ocrx_word' id='word_1_382' title='bbox 3003 2981 3129 3043; x_wconf 88' lang='lat' dir='ltr'><strong>sibi,</strong></span> <span class='ocrx_word' id='word_1_383' title='bbox 3158 2982 3283 3050; x_wconf 85' lang='lat' dir='ltr'><strong>quia</strong></span> <span class='ocrx_word' id='word_1_384' title='bbox 3325 2982 3439 3034; x_wconf 79' lang='lat' dir='ltr'><strong>lucc</strong></span> 
     </span>
    </p>
   </div>
   <div class='ocr_carea' id='block_1_58' title="bbox 1876 3070 3439 3142">
    <p class='ocr_par' dir='ltr' id='par_1_58' title="bbox 1876 3070 3439 3142">
     <span class='ocr_line' id='line_1_58' title="bbox 1876 3070 3439 3142; baseline 0.002 -19"><span class='ocrx_word' id='word_1_385' title='bbox 1876 3070 2221 3123; x_wconf 84' lang='lat' dir='ltr'><strong>sacerdotum</strong></span> <span class='ocrx_word' id='word_1_386' title='bbox 2279 3081 2410 3124; x_wconf 90' lang='lat' dir='ltr'><strong>sunt</strong></span> <span class='ocrx_word' id='word_1_387' title='bbox 2455 3089 2468 3124; x_wconf 87' lang='lat'>:</span> <span class='ocrx_word' id='word_1_388' title='bbox 2523 3073 2810 3126; x_wconf 87' lang='lat' dir='ltr'><strong>distribuat</strong></span> <span class='ocrx_word' id='word_1_389' title='bbox 2848 3088 2979 3142; x_wconf 88' lang='lat' dir='ltr'><strong>ergo</strong></span> <span class='ocrx_word' id='word_1_390' title='bbox 3026 3074 3439 3137; x_wconf 82' lang='lat' dir='ltr'><strong>sacerdotibus;</strong></span> 
     </span>
    </p>
   </div>
   <div class='ocr_carea' id='block_1_59' title="bbox 1876 3160 3414 3235">
    <p class='ocr_par' dir='ltr' id='par_1_59' title="bbox 1876 3160 3414 3235">
     <span class='ocr_line' id='line_1_59' title="bbox 1876 3160 3414 3235; baseline 0.004 -22"><span class='ocrx_word' id='word_1_391' title='bbox 1876 3161 1971 3213; x_wconf 84' lang='lat' dir='ltr'><strong>sed</strong></span> <span class='ocrx_word' id='word_1_392' title='bbox 2007 3163 2118 3226; x_wconf 87' lang='lat' dir='ltr'><strong>ipse</strong></span> <span class='ocrx_word' id='word_1_393' title='bbox 2146 3160 2327 3214; x_wconf 79' lang='lat' dir='ltr'><strong>labore</strong></span> <span class='ocrx_word' id='word_1_394' title='bbox 2360 3162 2577 3215; x_wconf 85' lang='lat' dir='ltr'><strong>functus</strong></span> <span class='ocrx_word' id='word_1_395' title='bbox 2610 3173 2819 3229; x_wconf 87' lang='lat' dir='ltr'><strong>partem</strong></span> <span class='ocrx_word' id='word_1_396' title='bbox 2861 3165 3051 3217; x_wconf 85' lang='lat' dir='ltr'><strong>habeat</strong></span> <span class='ocrx_word' id='word_1_397' title='bbox 3092 3176 3309 3235; x_wconf 77' lang='lat' dir='ltr'><strong>propter</strong></span> <span class='ocrx_word' id='word_1_398' title='bbox 3342 3166 3414 3219; x_wconf 88' lang='lat' dir='ltr'><strong>mi</strong></span> 
     </span>
    </p>
   </div>
   <div class='ocr_carea' id='block_1_60' title="bbox 1876 3252 3429 3327">
    <p class='ocr_par' dir='ltr' id='par_1_60' title="bbox 1876 3252 3429 3327">
     <span class='ocr_line' id='line_1_60' title="bbox 1876 3252 3429 3327; baseline 0.006 -24"><span class='ocrx_word' id='word_1_399' title='bbox 1876 3252 2252 3314; x_wconf 79' lang='lat' dir='ltr'><strong>sericordiam.</strong></span> <span class='ocrx_word' id='word_1_400' title='bbox 2286 3262 2340 3306; x_wconf 90' lang='lat' dir='ltr'><strong>et</strong></span> <span class='ocrx_word' id='word_1_401' title='bbox 2371 3256 2701 3323; x_wconf 82' lang='lat' dir='ltr'><strong>pauperibus</strong></span> <span class='ocrx_word' id='word_1_402' title='bbox 2724 3272 2942 3327; x_wconf 88' lang='lat' dir='ltr'><strong>quoque</strong></span> <span class='ocrx_word' id='word_1_403' title='bbox 2976 3258 3288 3313; x_wconf 87' lang='lat' dir='ltr'><strong>meminerit</strong></span> <span class='ocrx_word' id='word_1_404' title='bbox 3315 3274 3429 3313; x_wconf 90' lang='lat' dir='ltr'><strong>cro-</strong></span> 
     </span>
    </p>
   </div>
   <div class='ocr_carea' id='block_1_61' title="bbox 1877 3358 2028 3412">
    <p class='ocr_par' dir='ltr' id='par_1_61' title="bbox 1877 3358 2028 3412">
     <span class='ocr_line' id='line_1_61' title="bbox 1877 3358 2028 3412; baseline 0 -16"><span class='ocrx_word' id='word_1_405' title='bbox 1877 3358 2028 3412; x_wconf 77' lang='lat' dir='ltr'><strong>gare.</strong></span> 
     </span>
    </p>
   </div>
   <div class='ocr_carea' id='block_1_62' title="bbox 2358 3456 2953 3523">
    <p class='ocr_par' dir='ltr' id='par_1_62' title="bbox 2358 3456 2953 3523">
     <span class='ocr_line' id='line_1_62' title="bbox 2358 3456 2953 3523; baseline 0.005 -12"><span class='ocrx_word' id='word_1_406' title='bbox 2358 3456 2690 3523; x_wconf 72' lang='grc' dir='ltr'>ουΑῑετιο</span> <span class='ocrx_word' id='word_1_407' title='bbox 2721 3459 2953 3515; x_wconf 71' lang='lat' dir='ltr'><strong>LXXIV.</strong></span> 
     </span>
    </p>
   </div>
   <div class='ocr_carea' id='block_1_63' title="bbox 210 3564 1899 3658">
    <p class='ocr_par' dir='ltr' id='par_1_63' title="bbox 210 3564 1899 3658">
     <span class='ocr_line' id='line_1_63' title="bbox 210 3564 1899 3658; baseline -0.001 -25"><span class='ocrx_word' id='word_1_408' title='bbox 210 3577 276 3633; x_wconf 86' lang='grc'><strong>’0</strong></span> <span class='ocrx_word' id='word_1_409' title='bbox 327 3579 522 3658; x_wconf 66' lang='grc' dir='ltr'>ίερερς</span> <span class='ocrx_word' id='word_1_410' title='bbox 565 3578 944 3658; x_wconf 53' lang='grc' dir='ltr'>λειτουργίας</span> <span class='ocrx_word' id='word_1_411' title='bbox 972 3578 1320 3658; x_wconf 45' lang='grc' dir='ltr'>’δεχόμςνρς</span> <span class='ocrx_word' id='word_1_412' title='bbox 1374 3579 1473 3630; x_wconf 81' lang='grc' dir='ltr'>καί</span> <span class='ocrx_word' id='word_1_413' title='bbox 1518 3580 1603 3658; x_wconf 59' lang='lat' dir='ltr'><strong>pf;</strong></span> <span class='ocrx_word' id='word_1_414' title='bbox 1650 3564 1899 3658; x_wconf 57' lang='grc' dir='ltr'><strong>,ρει-(δε</strong></span> 
     </span>
    </p>
   </div>
   <div class='ocr_carea' id='block_1_64' title="bbox 1748 3564 3437 3658">
    <p class='ocr_par' dir='ltr' id='par_1_64' title="bbox 1748 3564 3437 3658">
     <span class='ocr_line' id='line_1_64' title="bbox 1748 3564 3437 3658; baseline 0.003 -35"><span class='ocrx_word' id='word_1_415' title='bbox 1748 3612 1769 3623; x_wconf 93' lang='grc'><em>,</em></span> <span class='ocrx_word' id='word_1_416' title='bbox 1793 3564 1841 3631; x_wconf 83' lang='lat' dir='ltr'><strong><em>C</em></strong></span> <span class='ocrx_word' id='word_1_417' title='bbox 1874 3566 2134 3623; x_wconf 71' lang='lat' dir='ltr'><strong>Sacerdos</strong></span> <span class='ocrx_word' id='word_1_418' title='bbox 2177 3569 2449 3658; x_wconf 62' lang='lat' dir='ltr'><strong>liturpipm</strong></span> <span class='ocrx_word' id='word_1_419' title='bbox 2481 3571 2855 3658; x_wconf 57' lang='lat' dir='ltr'><strong>celebrandam</strong></span> <span class='ocrx_word' id='word_1_420' title='bbox 2878 3574 2943 3655; x_wconf 42' lang='lat' dir='ltr'><strong>in.</strong></span> <span class='ocrx_word' id='word_1_421' title='bbox 2972 3588 3027 3624; x_wconf 75' lang='lat' dir='ltr'><strong>se</strong></span> <span class='ocrx_word' id='word_1_422' title='bbox 3056 3575 3437 3658; x_wconf 42' lang='lat' dir='ltr'><strong>suscipiens-“</strong></span> 
     </span>
    </p>
   </div>
   <div class='ocr_carea' id='block_1_65' title="bbox 266 3647 1771 3718">
    <p class='ocr_par' dir='ltr' id='par_1_65' title="bbox 266 3647 1771 3718">
     <span class='ocr_line' id='line_1_65' title="bbox 266 3647 1771 3718; baseline -0.001 -15"><span class='ocrx_word' id='word_1_423' title='bbox 266 3648 553 3718; x_wconf 80' lang='grc' dir='ltr'>τουργῶν.</span> <span class='ocrx_word' id='word_1_424' title='bbox 601 3648 658 3701; x_wconf 84' lang='grc' dir='ltr'><strong>τί</strong></span> <span class='ocrx_word' id='word_1_425' title='bbox 709 3648 997 3714; x_wconf 80' lang='grc' dir='ltr'>προξενεῖ</span> <span class='ocrx_word' id='word_1_426' title='bbox 1041 3649 1121 3713; x_wconf 82' lang='grc' dir='ltr'>τῷ</span> <span class='ocrx_word' id='word_1_427' title='bbox 1174 3647 1402 3700; x_wconf 83' lang='grc' dir='ltr'>διδόντι</span> <span class='ocrx_word' id='word_1_428' title='bbox 1417 3664 1439 3713; x_wconf 85' lang='grc'><strong><em>;</em></strong></span> <span class='ocrx_word' id='word_1_429' title='bbox 1481 3648 1579 3702; x_wconf 84' lang='grc' dir='ltr'>καί</span> <span class='ocrx_word' id='word_1_430' title='bbox 1619 3651 1673 3701; x_wconf 78' lang='grc' dir='ltr'>εὶ</span> <span class='ocrx_word' id='word_1_431' title='bbox 1704 3650 1771 3702; x_wconf 77' lang='grc' dir='ltr'><strong>ἐν</strong></span> 
     </span>
    </p>
   </div>
   <div class='ocr_carea' id='block_1_66' title="bbox 271 3717 791 3786">
    <p class='ocr_par' dir='ltr' id='par_1_66' title="bbox 271 3717 791 3786">
     <span class='ocr_line' id='line_1_66' title="bbox 271 3717 791 3786; baseline -0.01 -12"><span class='ocrx_word' id='word_1_432' title='bbox 271 3722 460 3784; x_wconf 84' lang='grc' dir='ltr'>τούτῳ</span> <span class='ocrx_word' id='word_1_433' title='bbox 496 3717 791 3786; x_wconf 77' lang='grc' dir='ltr'>ἐνέχεται.</span> 
     </span>
    </p>
   </div>
   <div class='ocr_carea' id='block_1_67' title="bbox 278 3897 1768 3969">
    <p class='ocr_par' dir='ltr' id='par_1_67' title="bbox 278 3897 1768 3969">
     <span class='ocr_line' id='line_1_67' title="bbox 278 3897 1768 3969; baseline 0 -16"><span class='ocrx_word' id='word_1_434' title='bbox 278 3900 338 3953; x_wconf 85' lang='grc' dir='ltr'>Ὀ</span> <span class='ocrx_word' id='word_1_435' title='bbox 385 3898 568 3952; x_wconf 83' lang='grc' dir='ltr'>λαϐὼν</span> <span class='ocrx_word' id='word_1_436' title='bbox 622 3898 782 3967; x_wconf 79' lang='grc' dir='ltr'>χάριν</span> <span class='ocrx_word' id='word_1_437' title='bbox 833 3897 1200 3966; x_wconf 87' lang='grc' dir='ltr'>λειτουργίας.</span> <span class='ocrx_word' id='word_1_438' title='bbox 1256 3899 1351 3951; x_wconf 73' lang='grc' dir='ltr'><strong>καὶ</strong></span> <span class='ocrx_word' id='word_1_439' title='bbox 1391 3898 1466 3969; x_wconf 81' lang='grc' dir='ltr'>μὴ</span> <span class='ocrx_word' id='word_1_440' title='bbox 1518 3900 1768 3968; x_wconf 81' lang='grc' dir='ltr'>ποιήσας,</span> 
     </span>
    </p>
   </div>
   <div class='ocr_carea' id='block_1_68' title="bbox 193 3988 1771 4060">
    <p class='ocr_par' dir='ltr' id='par_1_68' title="bbox 193 3988 1771 4060">
     <span class='ocr_line' id='line_1_68' title="bbox 193 3988 1771 4060; baseline -0.001 -17"><span class='ocrx_word' id='word_1_441' title='bbox 193 3991 441 4060; x_wconf 77' lang='grc' dir='ltr'>ἐνέχεται</span> <span class='ocrx_word' id='word_1_442' title='bbox 467 3988 565 4043; x_wconf 69' lang='grc' dir='ltr'><strong>καὶ</strong></span> <span class='ocrx_word' id='word_1_443' title='bbox 589 3989 679 4042; x_wconf 78' lang='grc' dir='ltr'>διὰ</span> <span class='ocrx_word' id='word_1_444' title='bbox 707 3988 768 4041; x_wconf 83' lang='grc' dir='ltr'>τὸ</span> <span class='ocrx_word' id='word_1_445' title='bbox 806 3989 882 4057; x_wconf 80' lang='grc' dir='ltr'>μὴ</span> <span class='ocrx_word' id='word_1_446' title='bbox 912 3988 1159 4059; x_wconf 82' lang='grc' dir='ltr'>ποιῆσαι,</span> <span class='ocrx_word' id='word_1_447' title='bbox 1193 3988 1288 4043; x_wconf 74' lang='grc' dir='ltr'><strong>καὶ</strong></span> <span class='ocrx_word' id='word_1_448' title='bbox 1324 3988 1415 4040; x_wconf 77' lang='grc' dir='ltr'><strong>διὰ</strong></span> <span class='ocrx_word' id='word_1_449' title='bbox 1444 3990 1505 4042; x_wconf 82' lang='grc' dir='ltr'>τὸ</span> <span class='ocrx_word' id='word_1_450' title='bbox 1536 3990 1771 4043; x_wconf 83' lang='grc' dir='ltr'>ἀποστε-</span> 
     </span>
    </p>
   </div>
   <div class='ocr_carea' id='block_1_69' title="bbox 198 4077 1769 4151">
    <p class='ocr_par' dir='ltr' id='par_1_69' title="bbox 198 4077 1769 4151">
     <span class='ocr_line' id='line_1_69' title="bbox 198 4077 1769 4151; baseline -0.001 -17"><span class='ocrx_word' id='word_1_451' title='bbox 198 4082 365 4151; x_wconf 78' lang='grc' dir='ltr'>ρῆσαι</span> <span class='ocrx_word' id='word_1_452' title='bbox 409 4079 505 4132; x_wconf 92' lang='grc' dir='ltr'><strong>τοῦ</strong></span> <span class='ocrx_word' id='word_1_453' title='bbox 558 4077 836 4149; x_wconf 77' lang='grc' dir='ltr'>ἁγιασμοῦ</span> <span class='ocrx_word' id='word_1_454' title='bbox 891 4080 982 4133; x_wconf 81' lang='grc' dir='ltr'><strong>τὸν</strong></span> <span class='ocrx_word' id='word_1_455' title='bbox 1031 4080 1492 4149; x_wconf 79' lang='grc' dir='ltr'>προσενεγκόντα.</span> <span class='ocrx_word' id='word_1_456' title='bbox 1543 4080 1621 4134; x_wconf 85' lang='grc' dir='ltr'><strong>Οὐ</strong></span> <span class='ocrx_word' id='word_1_457' title='bbox 1660 4080 1769 4150; x_wconf 81' lang='grc' dir='ltr'>γὰρ</span> 
     </span>
    </p>
   </div>
   <div class='ocr_carea' id='block_1_70' title="bbox 191 4169 1765 4240">
    <p class='ocr_par' dir='ltr' id='par_1_70' title="bbox 191 4169 1765 4240">
     <span class='ocr_line' id='line_1_70' title="bbox 191 4169 1765 4240; baseline -0.001 -16"><span class='ocrx_word' id='word_1_458' title='bbox 191 4172 539 4240; x_wconf 84' lang='grc' dir='ltr'>λειτουργίας</span> <span class='ocrx_word' id='word_1_459' title='bbox 563 4170 834 4239; x_wconf 75' lang='grc' dir='ltr'>λαμϐάνει</span> <span class='ocrx_word' id='word_1_460' title='bbox 877 4171 1178 4239; x_wconf 82' lang='grc' dir='ltr'>ἀγιασμὸν,</span> <span class='ocrx_word' id='word_1_461' title='bbox 1214 4169 1330 4223; x_wconf 81' lang='grc' dir='ltr'>ἀλλ’</span> <span class='ocrx_word' id='word_1_462' title='bbox 1366 4171 1497 4233; x_wconf 70' lang='grc' dir='ltr'>ἴσως</span> <span class='ocrx_word' id='word_1_463' title='bbox 1529 4170 1765 4239; x_wconf 69' lang='grc' dir='ltr'>ὲλεημου</span> 
     </span>
    </p>
   </div>
   <div class='ocr_carea' id='block_1_71' title="bbox 191 4256 1764 4331">
    <p class='ocr_par' dir='ltr' id='par_1_71' title="bbox 191 4256 1764 4331">
     <span class='ocr_line' id='line_1_71' title="bbox 191 4256 1764 4331; baseline -0.001 -16"><span class='ocrx_word' id='word_1_464' title='bbox 191 4265 360 4331; x_wconf 81' lang='grc' dir='ltr'>σὺνης</span> <span class='ocrx_word' id='word_1_465' title='bbox 391 4261 608 4329; x_wconf 87' lang='grc' dir='ltr'>μισθόν·</span> <span class='ocrx_word' id='word_1_466' title='bbox 634 4263 726 4314; x_wconf 73' lang='grc' dir='ltr'><strong>καὶ</strong></span> <span class='ocrx_word' id='word_1_467' title='bbox 749 4261 811 4313; x_wconf 84' lang='grc' dir='ltr'>οὐ</span> <span class='ocrx_word' id='word_1_468' title='bbox 832 4259 1107 4324; x_wconf 87' lang='grc' dir='ltr'>τοσοῦτον,</span> <span class='ocrx_word' id='word_1_469' title='bbox 1132 4256 1245 4313; x_wconf 74' lang='grc' dir='ltr'>οἷον</span> <span class='ocrx_word' id='word_1_470' title='bbox 1263 4262 1311 4312; x_wconf 89' lang='grc' dir='ltr'><strong>εί</strong></span> <span class='ocrx_word' id='word_1_471' title='bbox 1328 4261 1527 4313; x_wconf 82' lang='grc' dir='ltr'>δέδωκε</span> <span class='ocrx_word' id='word_1_472' title='bbox 1547 4261 1764 4331; x_wconf 85' lang='grc' dir='ltr'>πένητι.</span> 
     </span>
    </p>
   </div>
   <div class='ocr_carea' id='block_1_72' title="bbox 188 4351 1762 4421">
    <p class='ocr_par' dir='ltr' id='par_1_72' title="bbox 188 4351 1762 4421">
     <span class='ocr_line' id='line_1_72' title="bbox 188 4351 1762 4421; baseline -0.003 -15"><span class='ocrx_word' id='word_1_473' title='bbox 188 4355 284 4407; x_wconf 74' lang='grc' dir='ltr'>Διὸ</span> <span class='ocrx_word' id='word_1_474' title='bbox 313 4356 420 4415; x_wconf 83' lang='grc' dir='ltr'>πᾶς</span> <span class='ocrx_word' id='word_1_475' title='bbox 456 4355 484 4405; x_wconf 83' lang='grc' dir='ltr'>ὀ</span> <span class='ocrx_word' id='word_1_476' title='bbox 526 4353 707 4405; x_wconf 87' lang='grc' dir='ltr'>λαϐὼν</span> <span class='ocrx_word' id='word_1_477' title='bbox 739 4351 1146 4421; x_wconf 80' lang='grc' dir='ltr'>λειτουργείτω,</span> <span class='ocrx_word' id='word_1_478' title='bbox 1182 4351 1270 4404; x_wconf 87' lang='grc' dir='ltr'>ἴνα</span> <span class='ocrx_word' id='word_1_479' title='bbox 1302 4351 1379 4421; x_wconf 80' lang='grc' dir='ltr'>μὴ</span> <span class='ocrx_word' id='word_1_480' title='bbox 1420 4352 1513 4403; x_wconf 76' lang='grc' dir='ltr'><strong>καὶ</strong></span> <span class='ocrx_word' id='word_1_481' title='bbox 1538 4351 1611 4413; x_wconf 84' lang='grc' dir='ltr'><strong>ὡς</strong></span> <span class='ocrx_word' id='word_1_482' title='bbox 1648 4352 1762 4404; x_wconf 82' lang='grc' dir='ltr'>ἀδι-</span> 
     </span>
    </p>
   </div>
   <div class='ocr_carea' id='block_1_73' title="bbox 187 4440 1765 4511">
    <p class='ocr_par' dir='ltr' id='par_1_73' title="bbox 187 4440 1765 4511">
     <span class='ocr_line' id='line_1_73' title="bbox 187 4440 1765 4511; baseline -0.003 -14"><span class='ocrx_word' id='word_1_483' title='bbox 187 4445 325 4505; x_wconf 75' lang='grc' dir='ltr'>κῶν,</span> <span class='ocrx_word' id='word_1_484' title='bbox 366 4444 464 4495; x_wconf 79' lang='grc' dir='ltr'><strong>καὶ</strong></span> <span class='ocrx_word' id='word_1_485' title='bbox 501 4442 577 4504; x_wconf 81' lang='grc' dir='ltr'><strong>ὡς</strong></span> <span class='ocrx_word' id='word_1_486' title='bbox 608 4442 878 4504; x_wconf 78' lang='grc' dir='ltr'>κλέπτων,</span> <span class='ocrx_word' id='word_1_487' title='bbox 918 4442 1013 4493; x_wconf 75' lang='grc' dir='ltr'><strong>καὶ</strong></span> <span class='ocrx_word' id='word_1_488' title='bbox 1050 4440 1143 4493; x_wconf 76' lang='grc' dir='ltr'><strong>τὸν</strong></span> <span class='ocrx_word' id='word_1_489' title='bbox 1187 4440 1418 4508; x_wconf 81' lang='grc' dir='ltr'>ἀδελφὸν</span> <span class='ocrx_word' id='word_1_490' title='bbox 1444 4441 1765 4511; x_wconf 77' lang='grc' dir='ltr'>ἀποστερῶν</span> 
     </span>
    </p>
   </div>
   <div class='ocr_carea' id='block_1_74' title="bbox 184 4530 1374 4603">
    <p class='ocr_par' dir='ltr' id='par_1_74' title="bbox 184 4530 1374 4603">
     <span class='ocr_line' id='line_1_74' title="bbox 184 4530 1374 4603; baseline -0.003 -14"><span class='ocrx_word' id='word_1_491' title='bbox 184 4535 284 4589; x_wconf 89' lang='grc' dir='ltr'><strong>τοῦ</strong></span> <span class='ocrx_word' id='word_1_492' title='bbox 305 4532 604 4603; x_wconf 84' lang='grc' dir='ltr'>ἁγιασμοῦ,</span> <span class='ocrx_word' id='word_1_493' title='bbox 640 4532 1005 4602; x_wconf 79' lang='grc' dir='ltr'>κατακριθείη</span> <span class='ocrx_word' id='word_1_494' title='bbox 1032 4532 1185 4599; x_wconf 83' lang='grc' dir='ltr'>παρὰ</span> <span class='ocrx_word' id='word_1_495' title='bbox 1215 4530 1374 4585; x_wconf 85' lang='grc' dir='ltr'>Θεοῦ.</span> 
     </span>
    </p>
   </div>
   <div class='ocr_carea' id='block_1_75' title="bbox 721 4620 1226 4677">
    <p class='ocr_par' dir='ltr' id='par_1_75' title="bbox 721 4620 1226 4677">
     <span class='ocr_line' id='line_1_75' title="bbox 721 4620 1226 4677; baseline -0.008 0"><span class='ocrx_word' id='word_1_496' title='bbox 721 4623 1063 4677; x_wconf 78' lang='grc' dir='ltr'><strong>ΕΡΩΤΗΣΙΣ</strong></span> <span class='ocrx_word' id='word_1_497' title='bbox 1104 4620 1226 4675; x_wconf 78' lang='lat' dir='ltr'><strong>OE&#39;.</strong></span> 
     </span>
    </p>
   </div>
   <div class='ocr_carea' id='block_1_76' title="bbox 418 4712 1549 4781">
    <p class='ocr_par' dir='ltr' id='par_1_76' title="bbox 418 4712 1549 4781">
     <span class='ocr_line' id='line_1_76' title="bbox 418 4712 1549 4781; baseline -0.003 -13"><span class='ocrx_word' id='word_1_498' title='bbox 418 4714 567 4767; x_wconf 75' lang='grc' dir='ltr'>Ποία</span> <span class='ocrx_word' id='word_1_499' title='bbox 596 4714 882 4779; x_wconf 76' lang='grc' dir='ltr'>κρείττων</span> <span class='ocrx_word' id='word_1_500' title='bbox 918 4713 1305 4781; x_wconf 75' lang='grc' dir='ltr'>ἐλεημοσύνη</span> <span class='ocrx_word' id='word_1_501' title='bbox 1338 4712 1549 4779; x_wconf 59' lang='grc' dir='ltr'>ἑστίη</span> 
     </span>
    </p>
   </div>
   <div class='ocr_carea' id='block_1_77' title="bbox 270 4800 1758 4875">
    <p class='ocr_par' dir='ltr' id='par_1_77' title="bbox 270 4800 1758 4875">
     <span class='ocr_line' id='line_1_77' title="bbox 270 4800 1758 4875; baseline 0.003 -23"><span class='ocrx_word' id='word_1_502' title='bbox 270 4800 329 4852; x_wconf 87' lang='grc' dir='ltr'><strong>Ὀ</strong></span> <span class='ocrx_word' id='word_1_503' title='bbox 362 4802 683 4869; x_wconf 79' lang='grc' dir='ltr'>βουλόμενος</span> <span class='ocrx_word' id='word_1_504' title='bbox 708 4803 885 4854; x_wconf 83' lang='grc' dir='ltr'>ποιεῖν</span> <span class='ocrx_word' id='word_1_505' title='bbox 907 4800 1297 4871; x_wconf 66' lang='grc' dir='ltr'>ἐλεημοσύνην,</span> <span class='ocrx_word' id='word_1_506' title='bbox 1325 4804 1373 4855; x_wconf 82' lang='grc' dir='ltr'><strong>εί</strong></span> <span class='ocrx_word' id='word_1_507' title='bbox 1403 4803 1622 4856; x_wconf 75' lang='grc' dir='ltr'>δύναται</span> <span class='ocrx_word' id='word_1_508' title='bbox 1653 4800 1758 4875; x_wconf 78' lang='grc' dir='ltr'><strong>πρί.</strong></span> 
     </span>
    </p>
   </div>
   <div class='ocr_carea' id='block_1_78' title="bbox 1950 3640 3437 3714">
    <p class='ocr_par' dir='ltr' id='par_1_78' title="bbox 1950 3640 3437 3714">
     <span class='ocr_line' id='line_1_78' title="bbox 1950 3640 3437 3714; baseline 0.005 -23"><span class='ocrx_word' id='word_1_509' title='bbox 1950 3656 2065 3714; x_wconf 72' lang='lat' dir='ltr'><strong>eam</strong></span> <span class='ocrx_word' id='word_1_510' title='bbox 2091 3655 2212 3714; x_wconf 52' lang='lat' dir='ltr'><strong>non</strong></span> <span class='ocrx_word' id='word_1_511' title='bbox 2247 3640 2490 3714; x_wconf 75' lang='lat' dir='ltr'><strong>celebret,</strong></span> <span class='ocrx_word' id='word_1_512' title='bbox 2524 3643 2661 3714; x_wconf 74' lang='lat' dir='ltr'><strong>quid.</strong></span> <span class='ocrx_word' id='word_1_513' title='bbox 2692 3644 2855 3708; x_wconf 76' lang='lat' dir='ltr'><strong>prosit</strong></span> <span class='ocrx_word' id='word_1_514' title='bbox 2897 3645 2943 3695; x_wconf 82' lang='lat' dir='ltr'><strong>ei</strong></span> <span class='ocrx_word' id='word_1_515' title='bbox 2978 3645 3066 3714; x_wconf 81' lang='lat' dir='ltr'><strong>qui</strong></span> <span class='ocrx_word' id='word_1_516' title='bbox 3105 3640 3324 3709; x_wconf 12' lang='lat' dir='ltr'><strong>proric&#39;la</strong></span> <span class='ocrx_word' id='word_1_517' title='bbox 3355 3648 3437 3714; x_wconf 81' lang='lat' dir='ltr'><strong>fa-</strong></span> 
     </span>
    </p>
   </div>
   <div class='ocr_carea' id='block_1_79' title="bbox 1948 3709 3437 3775">
    <p class='ocr_par' dir='ltr' id='par_1_79' title="bbox 1948 3709 3437 3775">
     <span class='ocr_line' id='line_1_79' title="bbox 1948 3709 3437 3775; baseline 0.006 -16"><span class='ocrx_word' id='word_1_518' title='bbox 1948 3709 2136 3761; x_wconf 80' lang='lat' dir='ltr'><strong>cienda</strong></span> <span class='ocrx_word' id='word_1_519' title='bbox 2174 3710 2367 3761; x_wconf 80' lang='lat' dir='ltr'><strong>donum</strong></span> <span class='ocrx_word' id='word_1_520' title='bbox 2398 3710 2609 3775; x_wconf 70' lang='lat' dir='ltr'><strong>obtulit,</strong></span> <span class='ocrx_word' id='word_1_521' title='bbox 2649 3725 2694 3763; x_wconf 82' lang='lat' dir='ltr'><strong>et</strong></span> <span class='ocrx_word' id='word_1_522' title='bbox 2729 3729 2852 3764; x_wconf 86' lang='lat' dir='ltr'><strong>num</strong></span> <span class='ocrx_word' id='word_1_523' title='bbox 2876 3716 2944 3764; x_wconf 86' lang='lat' dir='ltr'><strong>ad</strong></span> <span class='ocrx_word' id='word_1_524' title='bbox 2973 3709 3121 3765; x_wconf 79' lang='lat' dir='ltr'><strong>illam</strong></span> <span class='ocrx_word' id='word_1_525' title='bbox 3147 3709 3437 3769; x_wconf 66' lang='lat' dir='ltr'><strong>obtundam</strong></span> 
     </span>
    </p>
   </div>
   <div class='ocr_carea' id='block_1_80' title="bbox 1940 3777 2315 3846">
    <p class='ocr_par' dir='ltr' id='par_1_80' title="bbox 1940 3777 2315 3846">
     <span class='ocr_line' id='line_1_80' title="bbox 1940 3777 2315 3846; baseline 0.003 -16"><span class='ocrx_word' id='word_1_526' title='bbox 1940 3777 2007 3830; x_wconf 74' lang='lat' dir='ltr'><strong>sit</strong></span> <span class='ocrx_word' id='word_1_527' title='bbox 2038 3778 2315 3846; x_wconf 75' lang='lat' dir='ltr'><strong>obligatus.</strong></span> 
     </span>
    </p>
   </div>
   <div class='ocr_carea' id='block_1_81' title="bbox 1942 3888 3435 3963">
    <p class='ocr_par' dir='ltr' id='par_1_81' title="bbox 1942 3888 3435 3963">
     <span class='ocr_line' id='line_1_81' title="bbox 1942 3888 3435 3963; baseline 0.009 -21"><span class='ocrx_word' id='word_1_528' title='bbox 1942 3888 2040 3955; x_wconf 87' lang='lat' dir='ltr'><strong>Qui</strong></span> <span class='ocrx_word' id='word_1_529' title='bbox 2072 3890 2281 3958; x_wconf 79' lang='lat' dir='ltr'><strong>accepit</strong></span> <span class='ocrx_word' id='word_1_530' title='bbox 2316 3890 2370 3944; x_wconf 91' lang='lat' dir='ltr'><strong>iu</strong></span> <span class='ocrx_word' id='word_1_531' title='bbox 2410 3891 2639 3961; x_wconf 79' lang='lat' dir='ltr'><strong>gratiam</strong></span> <span class='ocrx_word' id='word_1_532' title='bbox 2684 3894 2967 3963; x_wconf 84' lang='lat' dir='ltr'><strong>sacrificii,</strong></span> <span class='ocrx_word' id='word_1_533' title='bbox 2998 3896 3043 3949; x_wconf 89' lang='lat' dir='ltr'><strong>si</strong></span> <span class='ocrx_word' id='word_1_534' title='bbox 3076 3896 3175 3951; x_wconf 88' lang='lat' dir='ltr'><strong>hoc</strong></span> <span class='ocrx_word' id='word_1_535' title='bbox 3200 3912 3306 3951; x_wconf 93' lang='lat' dir='ltr'><strong>non</strong></span> <span class='ocrx_word' id='word_1_536' title='bbox 3339 3900 3435 3955; x_wconf 63' lang='lat' dir='ltr'><strong>ad»</strong></span> 
     </span>
    </p>
   </div>
   <div class='ocr_carea' id='block_1_82' title="bbox 1872 3980 3436 4054">
    <p class='ocr_par' dir='ltr' id='par_1_82' title="bbox 1872 3980 3436 4054">
     <span class='ocr_line' id='line_1_82' title="bbox 1872 3980 3436 4054; baseline 0.008 -22"><span class='ocrx_word' id='word_1_537' title='bbox 1872 3980 2113 4049; x_wconf 83' lang='lat' dir='ltr'><strong>impleat,</strong></span> <span class='ocrx_word' id='word_1_538' title='bbox 2152 3996 2276 4036; x_wconf 78' lang='lat' dir='ltr'><strong>vere</strong></span> <span class='ocrx_word' id='word_1_539' title='bbox 2326 3998 2453 4035; x_wconf 88' lang='lat' dir='ltr'><strong>reus</strong></span> <span class='ocrx_word' id='word_1_540' title='bbox 2507 3993 2591 4038; x_wconf 85' lang='lat' dir='ltr'><strong>est</strong></span> <span class='ocrx_word' id='word_1_541' title='bbox 2620 3986 2764 4053; x_wconf 89' lang='lat' dir='ltr'><strong>quod</strong></span> <span class='ocrx_word' id='word_1_542' title='bbox 2796 4001 2904 4038; x_wconf 87' lang='lat' dir='ltr'><strong>non</strong></span> <span class='ocrx_word' id='word_1_543' title='bbox 2938 3988 3316 4054; x_wconf 80' lang='lat' dir='ltr'><strong>satisfecerit,</strong></span> <span class='ocrx_word' id='word_1_544' title='bbox 3375 4000 3436 4046; x_wconf 80' lang='lat' dir='ltr'><strong>et</strong></span> 
     </span>
    </p>
   </div>
   <div class='ocr_carea' id='block_1_83' title="bbox 1870 4072 3431 4145">
    <p class='ocr_par' dir='ltr' id='par_1_83' title="bbox 1870 4072 3431 4145">
     <span class='ocr_line' id='line_1_83' title="bbox 1870 4072 3431 4145; baseline 0.006 -18"><span class='ocrx_word' id='word_1_545' title='bbox 1870 4073 2015 4145; x_wconf 89' lang='lat' dir='ltr'><strong>quod</strong></span> <span class='ocrx_word' id='word_1_546' title='bbox 2048 4073 2370 4127; x_wconf 71' lang='grc' dir='ltr'>οίῐοτυιιιριιι</span> <span class='ocrx_word' id='word_1_547' title='bbox 2405 4072 2582 4127; x_wconf 80' lang='lat' dir='ltr'><strong>fructu</strong></span> <span class='ocrx_word' id='word_1_548' title='bbox 2614 4084 2666 4127; x_wconf 90' lang='lat' dir='ltr'><strong>et</strong></span> <span class='ocrx_word' id='word_1_549' title='bbox 2702 4077 3136 4133; x_wconf 79' lang='lat' dir='ltr'><strong>sanctificatione</strong></span> <span class='ocrx_word' id='word_1_550' title='bbox 3177 4080 3431 4137; x_wconf 79' lang='lat' dir='ltr'><strong>sacrificii</strong></span> 
     </span>
    </p>
   </div>
   <div class='ocr_carea' id='block_1_84' title="bbox 1869 4163 3434 4240">
    <p class='ocr_par' dir='ltr' id='par_1_84' title="bbox 1869 4163 3434 4240">
     <span class='ocr_line' id='line_1_84' title="bbox 1869 4163 3434 4240; baseline 0.006 -24"><span class='ocrx_word' id='word_1_551' title='bbox 1869 4164 2186 4234; x_wconf 85' lang='lat' dir='ltr'><strong>privaverit.</strong></span> <span class='ocrx_word' id='word_1_552' title='bbox 2220 4163 2334 4217; x_wconf 80' lang='lat' dir='ltr'><strong>Non</strong></span> <span class='ocrx_word' id='word_1_553' title='bbox 2383 4165 2527 4217; x_wconf 91' lang='lat' dir='ltr'><strong>enim</strong></span> <span class='ocrx_word' id='word_1_554' title='bbox 2559 4166 2812 4220; x_wconf 74' lang='lat' dir='ltr'><strong>sacrificii</strong></span> <span class='ocrx_word' id='word_1_555' title='bbox 2850 4169 3104 4223; x_wconf 83' lang='lat' dir='ltr'><strong>meritum</strong></span> <span class='ocrx_word' id='word_1_556' title='bbox 3148 4173 3434 4240; x_wconf 82' lang='lat' dir='ltr'><strong>suscipiet,</strong></span> 
     </span>
    </p>
   </div>
   <div class='ocr_carea' id='block_1_85' title="bbox 1866 4254 3434 4330">
    <p class='ocr_par' dir='ltr' id='par_1_85' title="bbox 1866 4254 3434 4330">
     <span class='ocr_line' id='line_1_85' title="bbox 1866 4254 3434 4330; baseline 0.007 -22"><span class='ocrx_word' id='word_1_557' title='bbox 1866 4256 1958 4308; x_wconf 80' lang='lat' dir='ltr'><strong>sed</strong></span> <span class='ocrx_word' id='word_1_558' title='bbox 1991 4263 2199 4307; x_wconf 80' lang='lat' dir='ltr'><strong>tantum</strong></span> <span class='ocrx_word' id='word_1_559' title='bbox 2224 4254 2452 4322; x_wconf 88' lang='lat' dir='ltr'><strong>pretium</strong></span> <span class='ocrx_word' id='word_1_560' title='bbox 2473 4256 2849 4325; x_wconf 67' lang='lat' dir='ltr'><strong>eleemosynaa,</strong></span> <span class='ocrx_word' id='word_1_561' title='bbox 2875 4260 3049 4313; x_wconf 88' lang='lat' dir='ltr'><strong>minus</strong></span> <span class='ocrx_word' id='word_1_562' title='bbox 3067 4270 3245 4314; x_wconf 83' lang='lat' dir='ltr'><strong>tamen</strong></span> <span class='ocrx_word' id='word_1_563' title='bbox 3270 4279 3434 4330; x_wconf 83' lang='lat' dir='ltr'><strong>quam</strong></span> 
     </span>
    </p>
   </div>
   <div class='ocr_carea' id='block_1_86' title="bbox 1865 4345 3431 4418">
    <p class='ocr_par' dir='ltr' id='par_1_86' title="bbox 1865 4345 3431 4418">
     <span class='ocr_line' id='line_1_86' title="bbox 1865 4345 3431 4418; baseline 0.006 -21"><span class='ocrx_word' id='word_1_564' title='bbox 1865 4345 1910 4397; x_wconf 90' lang='lat' dir='ltr'><strong>si</strong></span> <span class='ocrx_word' id='word_1_565' title='bbox 1936 4345 2154 4413; x_wconf 79' lang='lat' dir='ltr'><strong>pauperi</strong></span> <span class='ocrx_word' id='word_1_566' title='bbox 2179 4346 2446 4397; x_wconf 87' lang='lat' dir='ltr'><strong>tribuerit.</strong></span> <span class='ocrx_word' id='word_1_567' title='bbox 2473 4347 2649 4409; x_wconf 74' lang='lat' dir='ltr'><strong>Quare</strong></span> <span class='ocrx_word' id='word_1_568' title='bbox 2668 4348 2844 4398; x_wconf 83' lang='lat' dir='ltr'><strong>etnnis</strong></span> <span class='ocrx_word' id='word_1_569' title='bbox 2867 4350 3056 4416; x_wconf 87' lang='lat' dir='ltr'><strong>quisic</strong></span> <span class='ocrx_word' id='word_1_570' title='bbox 3076 4353 3273 4418; x_wconf 88' lang='lat' dir='ltr'><strong>accipit</strong></span> <span class='ocrx_word' id='word_1_571' title='bbox 3292 4354 3431 4407; x_wconf 75' lang='lat' dir='ltr'><strong>cele-</strong></span> 
     </span>
    </p>
   </div>
   <div class='ocr_carea' id='block_1_87' title="bbox 1866 4434 3426 4509">
    <p class='ocr_par' dir='ltr' id='par_1_87' title="bbox 1866 4434 3426 4509">
     <span class='ocr_line' id='line_1_87' title="bbox 1866 4434 3426 4509; baseline 0.003 -21"><span class='ocrx_word' id='word_1_572' title='bbox 1866 4434 2351 4499; x_wconf 83' lang='lat' dir='ltr'><strong>bretsacrificium,</strong></span> <span class='ocrx_word' id='word_1_573' title='bbox 2379 4450 2443 4486; x_wconf 89' lang='lat' dir='ltr'><strong>ne</strong></span> <span class='ocrx_word' id='word_1_574' title='bbox 2467 4436 2855 4489; x_wconf 81' lang='lat' dir='ltr'><strong>condemnetur</strong></span> <span class='ocrx_word' id='word_1_575' title='bbox 2879 4452 2908 4489; x_wconf 88' lang='lat' dir='ltr'><strong>a</strong></span> <span class='ocrx_word' id='word_1_576' title='bbox 2941 4436 3048 4491; x_wconf 87' lang='lat' dir='ltr'><strong>Deo</strong></span> <span class='ocrx_word' id='word_1_577' title='bbox 3076 4450 3131 4491; x_wconf 94' lang='lat' dir='ltr'><strong>ut</strong></span> <span class='ocrx_word' id='word_1_578' title='bbox 3166 4438 3426 4509; x_wconf 79' lang='lat' dir='ltr'><strong>injustus,</strong></span> 
     </span>
    </p>
   </div>
   <div class='ocr_carea' id='block_1_88' title="bbox 1867 4522 3141 4593">
    <p class='ocr_par' dir='ltr' id='par_1_88' title="bbox 1867 4522 3141 4593">
     <span class='ocr_line' id='line_1_88' title="bbox 1867 4522 3141 4593; baseline 0.005 -16"><span class='ocrx_word' id='word_1_579' title='bbox 1867 4534 1925 4577; x_wconf 90' lang='lat' dir='ltr'><strong>ut</strong></span> <span class='ocrx_word' id='word_1_580' title='bbox 1958 4522 2061 4587; x_wconf 87' lang='lat' dir='ltr'><strong>fur,</strong></span> <span class='ocrx_word' id='word_1_581' title='bbox 2097 4523 2189 4591; x_wconf 87' lang='lat' dir='ltr'><strong>qui</strong></span> <span class='ocrx_word' id='word_1_582' title='bbox 2222 4524 2443 4576; x_wconf 87' lang='lat' dir='ltr'><strong>fratrem</strong></span> <span class='ocrx_word' id='word_1_583' title='bbox 2475 4524 2655 4578; x_wconf 90' lang='lat' dir='ltr'><strong>fructu</strong></span> <span class='ocrx_word' id='word_1_584' title='bbox 2689 4541 2843 4577; x_wconf 69' lang='lat' dir='ltr'><strong>sacro</strong></span> <span class='ocrx_word' id='word_1_585' title='bbox 2868 4528 3141 4593; x_wconf 79' lang='lat' dir='ltr'><strong>spoliavit.</strong></span> 
     </span>
    </p>
   </div>
   <div class='ocr_carea' id='block_1_89' title="bbox 2352 4613 2933 4678">
    <p class='ocr_par' dir='ltr' id='par_1_89' title="bbox 2352 4613 2933 4678">
     <span class='ocr_line' id='line_1_89' title="bbox 2352 4613 2933 4678; baseline 0.005 -11"><span class='ocrx_word' id='word_1_586' title='bbox 2352 4613 2676 4678; x_wconf 58' lang='lat' dir='ltr'><strong>QUESTIO</strong></span> <span class='ocrx_word' id='word_1_587' title='bbox 2726 4615 2933 4670; x_wconf 76' lang='lat' dir='ltr'><strong>LXXV.</strong></span> 
     </span>
    </p>
   </div>
   <div class='ocr_carea' id='block_1_90' title="bbox 2003 4705 3261 4779">
    <p class='ocr_par' dir='ltr' id='par_1_90' title="bbox 2003 4705 3261 4779">
     <span class='ocr_line' id='line_1_90' title="bbox 2003 4705 3261 4779; baseline 0.007 -24"><span class='ocrx_word' id='word_1_588' title='bbox 2003 4705 2282 4769; x_wconf 79' lang='lat' dir='ltr'><strong>Quodnam</strong></span> <span class='ocrx_word' id='word_1_589' title='bbox 2316 4706 2383 4758; x_wconf 76' lang='lat' dir='ltr'><strong>sit</strong></span> <span class='ocrx_word' id='word_1_590' title='bbox 2417 4722 2575 4775; x_wconf 75' lang='lat' dir='ltr'><strong>genus</strong></span> <span class='ocrx_word' id='word_1_591' title='bbox 2606 4708 2858 4771; x_wconf 81' lang='lat' dir='ltr'><strong>optimum</strong></span> <span class='ocrx_word' id='word_1_592' title='bbox 2903 4709 3261 4779; x_wconf 78' lang='lat' dir='ltr'><strong>eleemosyurc.</strong></span> 
     </span>
    </p>
   </div>
   <div class='ocr_carea' id='block_1_91' title="bbox 1933 4793 3435 4863">
    <p class='ocr_par' dir='ltr' id='par_1_91' title="bbox 1933 4793 3435 4863">
     <span class='ocr_line' id='line_1_91' title="bbox 1933 4793 3435 4863; baseline 0.005 -16"><span class='ocrx_word' id='word_1_593' title='bbox 1933 4793 2033 4860; x_wconf 86' lang='lat' dir='ltr'><strong>Qui</strong></span> <span class='ocrx_word' id='word_1_594' title='bbox 2061 4795 2460 4863; x_wconf 87' lang='lat' dir='ltr'><strong>eleemosynaut</strong></span> <span class='ocrx_word' id='word_1_595' title='bbox 2497 4795 2675 4848; x_wconf 87' lang='lat' dir='ltr'><strong>facere</strong></span> <span class='ocrx_word' id='word_1_596' title='bbox 2709 4797 2760 4847; x_wconf 92' lang='lat' dir='ltr'><strong>in</strong></span> <span class='ocrx_word' id='word_1_597' title='bbox 2793 4797 2975 4848; x_wconf 86' lang='lat' dir='ltr'><strong>animo</strong></span> <span class='ocrx_word' id='word_1_598' title='bbox 3006 4798 3273 4863; x_wconf 68' lang='lat' dir='ltr'><strong>habui-rit,</strong></span> <span class='ocrx_word' id='word_1_599' title='bbox 3299 4813 3435 4854; x_wconf 80' lang='lat' dir='ltr'><strong>ante-</strong></span> 
     </span>
    </p>
   </div>
   <div class='ocr_carea' id='block_1_92' title="bbox 181 4885 1870 4963">
    <p class='ocr_par' dir='ltr' id='par_1_92' title="bbox 181 4892 1870 4963">
     <span class='ocr_line' id='line_1_92' title="bbox 181 4892 1870 4963; baseline 0.004 -17"><span class='ocrx_word' id='word_1_600' title='bbox 181 4894 405 4947; x_wconf 77' lang='grc' dir='ltr'>πάντων</span> <span class='ocrx_word' id='word_1_601' title='bbox 440 4893 583 4961; x_wconf 76' lang='grc' dir='ltr'>ὑπὲρ</span> <span class='ocrx_word' id='word_1_602' title='bbox 622 4893 962 4962; x_wconf 66' lang='grc' dir='ltr'>ἐλευθερίας.</span> <span class='ocrx_word' id='word_1_603' title='bbox 1000 4892 1075 4956; x_wconf 85' lang='grc' dir='ltr'>ὡς</span> <span class='ocrx_word' id='word_1_604' title='bbox 1108 4894 1343 4963; x_wconf 67' lang='grc' dir='ltr'>ἔφημεν,</span> <span class='ocrx_word' id='word_1_605' title='bbox 1383 4895 1606 4949; x_wconf 84' lang='grc' dir='ltr'>ποιείτω</span> <span class='ocrx_word' id='word_1_606' title='bbox 1649 4896 1757 4949; x_wconf 92' lang='grc' dir='ltr'><strong>τῶν</strong></span> <span class='ocrx_word' id='word_1_607' title='bbox 1790 4898 1870 4953; x_wconf 77' lang='grc' dir='ltr'><strong>υ⁴</strong></span> 
     </span>
    </p>
   </div>
   <div class='ocr_carea' id='block_1_93' title="bbox 1732 4885 3421 4963">
    <p class='ocr_par' dir='ltr' id='par_1_93' title="bbox 1732 4885 3421 4957">
     <span class='ocr_line' id='line_1_93' title="bbox 1732 4885 3421 4957; baseline 0.001 -16"><span class='ocrx_word' id='word_1_608' title='bbox 1732 4915 1757 4949; x_wconf 85' lang='grc' dir='ltr'><strong>ν</strong></span> <span class='ocrx_word' id='word_1_609' title='bbox 1790 4898 1833 4953; x_wconf 78' lang='grc' dir='ltr'><strong>υ</strong></span> <span class='ocrx_word' id='word_1_610' title='bbox 1860 4888 2063 4947; x_wconf 88' lang='lat' dir='ltr'><strong>omnia,</strong></span> <span class='ocrx_word' id='word_1_611' title='bbox 2096 4899 2153 4939; x_wconf 90' lang='lat' dir='ltr'><strong>ut</strong></span> <span class='ocrx_word' id='word_1_612' title='bbox 2187 4887 2442 4951; x_wconf 75' lang='lat' dir='ltr'><strong>diximus,</strong></span> <span class='ocrx_word' id='word_1_613' title='bbox 2465 4885 2624 4938; x_wconf 87' lang='lat' dir='ltr'><strong>faciat</strong></span> <span class='ocrx_word' id='word_1_614' title='bbox 2653 4887 2704 4938; x_wconf 88' lang='lat' dir='ltr'><strong>in</strong></span> <span class='ocrx_word' id='word_1_615' title='bbox 2732 4886 3030 4940; x_wconf 86' lang='lat' dir='ltr'><strong>libertatem</strong></span> <span class='ocrx_word' id='word_1_616' title='bbox 3064 4890 3421 4957; x_wconf 85' lang='lat' dir='ltr'><strong>captivorum,</strong></span> 
     </span>
    </p>
   </div>
   <div class='ocr_carea' id='block_1_94' title="bbox 178 4984 1753 5053">
    <p class='ocr_par' dir='ltr' id='par_1_94' title="bbox 178 4984 1753 5053">
     <span class='ocr_line' id='line_1_94' title="bbox 178 4984 1753 5053; baseline 0.002 -17"><span class='ocrx_word' id='word_1_617' title='bbox 178 4984 572 5053; x_wconf 83' lang='grc' dir='ltr'>αἰχμαλώτων,</span> <span class='ocrx_word' id='word_1_618' title='bbox 612 4985 707 5036; x_wconf 81' lang='grc' dir='ltr'><strong>καὶ</strong></span> <span class='ocrx_word' id='word_1_619' title='bbox 755 4984 990 5052; x_wconf 82' lang='grc' dir='ltr'>μάλιστα</span> <span class='ocrx_word' id='word_1_620' title='bbox 1023 4985 1230 5053; x_wconf 86' lang='grc' dir='ltr'>νηπίων</span> <span class='ocrx_word' id='word_1_621' title='bbox 1253 4988 1345 5039; x_wconf 81' lang='grc' dir='ltr'><strong>καὶ</strong></span> <span class='ocrx_word' id='word_1_622' title='bbox 1388 4987 1590 5039; x_wconf 82' lang='grc' dir='ltr'>παίδων</span> <span class='ocrx_word' id='word_1_623' title='bbox 1637 5005 1753 5039; x_wconf 87' lang='grc' dir='ltr'>κιν-</span> 
     </span>
    </p>
   </div>
   <div class='ocr_carea' id='block_1_95' title="bbox 177 5072 1757 5148">
    <p class='ocr_par' dir='ltr' id='par_1_95' title="bbox 177 5072 1757 5148">
     <span class='ocr_line' id='line_1_95' title="bbox 177 5072 1757 5148; baseline 0.003 -21"><span class='ocrx_word' id='word_1_624' title='bbox 177 5075 513 5127; x_wconf 77' lang='grc' dir='ltr'>δυνευόντων</span> <span class='ocrx_word' id='word_1_625' title='bbox 539 5074 680 5127; x_wconf 80' lang='grc' dir='ltr'>κατὰ</span> <span class='ocrx_word' id='word_1_626' title='bbox 702 5074 883 5144; x_wconf 80' lang='grc' dir='ltr'>ψυχήν</span> <span class='ocrx_word' id='word_1_627' title='bbox 902 5093 915 5106; x_wconf 89' lang='grc'><strong>·</strong></span> <span class='ocrx_word' id='word_1_628' title='bbox 944 5072 1064 5128; x_wconf 74' lang='grc' dir='ltr'>εἶτα</span> <span class='ocrx_word' id='word_1_629' title='bbox 1089 5075 1231 5147; x_wconf 82' lang='grc' dir='ltr'>ὑπέρ</span> <span class='ocrx_word' id='word_1_630' title='bbox 1253 5094 1311 5128; x_wconf 86' lang='grc' dir='ltr'><strong>τε</strong></span> <span class='ocrx_word' id='word_1_631' title='bbox 1339 5079 1530 5145; x_wconf 83' lang='grc' dir='ltr'>ίερέων</span> <span class='ocrx_word' id='word_1_632' title='bbox 1556 5080 1757 5148; x_wconf 81' lang='grc' dir='ltr'>αἰχμά-</span> 
     </span>
    </p>
   </div>
   <div class='ocr_carea' id='block_1_96' title="bbox 177 5163 1753 5237">
    <p class='ocr_par' dir='ltr' id='par_1_96' title="bbox 177 5163 1753 5237">
     <span class='ocr_line' id='line_1_96' title="bbox 177 5163 1753 5237; baseline 0.006 -24"><span class='ocrx_word' id='word_1_633' title='bbox 177 5163 371 5214; x_wconf 85' lang='grc' dir='ltr'>λὼτων</span> <span class='ocrx_word' id='word_1_634' title='bbox 401 5163 496 5215; x_wconf 81' lang='grc' dir='ltr'><strong>καὶ</strong></span> <span class='ocrx_word' id='word_1_635' title='bbox 531 5166 781 5233; x_wconf 78' lang='grc' dir='ltr'>γηραιῶν</span> <span class='ocrx_word' id='word_1_636' title='bbox 822 5164 916 5217; x_wconf 72' lang='grc' dir='ltr'><strong>καὶ</strong></span> <span class='ocrx_word' id='word_1_637' title='bbox 940 5165 1163 5221; x_wconf 83' lang='grc' dir='ltr'>λοιπῶν.</span> <span class='ocrx_word' id='word_1_638' title='bbox 1192 5167 1453 5237; x_wconf 79' lang='grc' dir='ltr'>Δεύτερον</span> <span class='ocrx_word' id='word_1_639' title='bbox 1481 5168 1535 5220; x_wconf 77' lang='grc' dir='ltr'>δὲ</span> <span class='ocrx_word' id='word_1_640' title='bbox 1564 5170 1753 5222; x_wconf 70' lang='grc' dir='ltr'>διδότω</span> 
     </span>
    </p>
   </div>
   <div class='ocr_carea' id='block_1_97' title="bbox 178 5251 1751 5323">
    <p class='ocr_par' dir='ltr' id='par_1_97' title="bbox 178 5251 1751 5323">
     <span class='ocr_line' id='line_1_97' title="bbox 178 5251 1751 5323; baseline 0.003 -19"><span class='ocrx_word' id='word_1_641' title='bbox 178 5251 439 5305; x_wconf 80' lang='grc' dir='ltr'>ἀσθενέσι</span> <span class='ocrx_word' id='word_1_642' title='bbox 468 5253 869 5323; x_wconf 88' lang='grc' dir='ltr'>λελωϐημένοις</span> <span class='ocrx_word' id='word_1_643' title='bbox 908 5272 966 5307; x_wconf 89' lang='grc' dir='ltr'><strong>τε</strong></span> <span class='ocrx_word' id='word_1_644' title='bbox 1003 5256 1096 5307; x_wconf 79' lang='grc' dir='ltr'><strong>καὶ</strong></span> <span class='ocrx_word' id='word_1_645' title='bbox 1132 5255 1338 5320; x_wconf 75' lang='grc' dir='ltr'>λοιποῖς</span> <span class='ocrx_word' id='word_1_646' title='bbox 1364 5260 1473 5319; x_wconf 86' lang='grc' dir='ltr'>τοῖς</span> <span class='ocrx_word' id='word_1_647' title='bbox 1504 5261 1594 5311; x_wconf 73' lang='grc' dir='ltr'><strong>καὶ</strong></span> <span class='ocrx_word' id='word_1_648' title='bbox 1618 5261 1751 5311; x_wconf 81' lang='grc' dir='ltr'>πολ-</span> 
     </span>
    </p>
   </div>
   <div class='ocr_carea' id='block_1_98' title="bbox 179 5344 1757 5415">
    <p class='ocr_par' dir='ltr' id='par_1_98' title="bbox 179 5344 1757 5415">
     <span class='ocr_line' id='line_1_98' title="bbox 179 5344 1757 5415; baseline 0.006 -20"><span class='ocrx_word' id='word_1_649' title='bbox 179 5345 281 5412; x_wconf 77' lang='grc' dir='ltr'>λῆς</span> <span class='ocrx_word' id='word_1_650' title='bbox 315 5344 566 5415; x_wconf 80' lang='grc' dir='ltr'>βοηθείας</span> <span class='ocrx_word' id='word_1_651' title='bbox 601 5345 898 5413; x_wconf 85' lang='grc' dir='ltr'>δεομένοις.</span> <span class='ocrx_word' id='word_1_652' title='bbox 932 5348 1043 5399; x_wconf 70' lang='grc' dir='ltr'><strong>Σὺν</strong></span> <span class='ocrx_word' id='word_1_653' title='bbox 1077 5346 1263 5409; x_wconf 83' lang='grc' dir='ltr'>αὐτοῖς</span> <span class='ocrx_word' id='word_1_654' title='bbox 1296 5347 1351 5398; x_wconf 79' lang='grc' dir='ltr'>δὲ</span> <span class='ocrx_word' id='word_1_655' title='bbox 1395 5350 1488 5400; x_wconf 75' lang='grc' dir='ltr'><strong>καὶ</strong></span> <span class='ocrx_word' id='word_1_656' title='bbox 1528 5352 1638 5411; x_wconf 77' lang='grc' dir='ltr'>τοῖς</span> <span class='ocrx_word' id='word_1_657' title='bbox 1672 5350 1757 5405; x_wconf 76' lang='grc' dir='ltr'>διὰ</span> 
     </span>
    </p>
   </div>
   <div class='ocr_carea' id='block_1_99' title="bbox 173 5430 1757 5504">
    <p class='ocr_par' dir='ltr' id='par_1_99' title="bbox 173 5430 1757 5504">
     <span class='ocr_line' id='line_1_99' title="bbox 173 5430 1757 5504; baseline 0.006 -25"><span class='ocrx_word' id='word_1_658' title='bbox 173 5430 315 5481; x_wconf 78' lang='grc' dir='ltr'>Θεὸν</span> <span class='ocrx_word' id='word_1_659' title='bbox 355 5431 794 5494; x_wconf 73' lang='grc' dir='ltr'>ὲναποκλείστοις</span> <span class='ocrx_word' id='word_1_660' title='bbox 824 5432 935 5484; x_wconf 90' lang='grc' dir='ltr'><strong>τῶν</strong></span> <span class='ocrx_word' id='word_1_661' title='bbox 985 5435 1259 5502; x_wconf 84' lang='grc' dir='ltr'>μοναχῶν,</span> <span class='ocrx_word' id='word_1_662' title='bbox 1297 5436 1371 5497; x_wconf 80' lang='grc' dir='ltr'>ὡς</span> <span class='ocrx_word' id='word_1_663' title='bbox 1423 5437 1472 5488; x_wconf 74' lang='lat' dir='ltr'><strong>o’.</strong></span> <span class='ocrx_word' id='word_1_664' title='bbox 1516 5438 1757 5504; x_wconf 76' lang='grc' dir='ltr'>Πατέρες</span> 
     </span>
    </p>
   </div>
   <div class='ocr_carea' id='block_1_100' title="bbox 174 5515 1752 5596">
    <p class='ocr_par' dir='ltr' id='par_1_100' title="bbox 174 5515 1752 5596">
     <span class='ocr_line' id='line_1_100' title="bbox 174 5515 1752 5596; baseline 0.004 -23"><span class='ocrx_word' id='word_1_665' title='bbox 174 5519 369 5588; x_wconf 70' lang='grc' dir='ltr'>φασὶν,</span> <span class='ocrx_word' id='word_1_666' title='bbox 397 5521 519 5574; x_wconf 68' lang='grc' dir='ltr'>ἐπεὶ</span> <span class='ocrx_word' id='word_1_667' title='bbox 539 5520 675 5574; x_wconf 85' lang='grc' dir='ltr'>Θεοῦ</span> <span class='ocrx_word' id='word_1_668' title='bbox 701 5523 878 5576; x_wconf 87' lang='grc' dir='ltr'>δοῦλοι</span> <span class='ocrx_word' id='word_1_669' title='bbox 919 5515 1085 5589; x_wconf 73' lang='grc' dir='ltr'>οὗτοι,</span> <span class='ocrx_word' id='word_1_670' title='bbox 1114 5525 1208 5577; x_wconf 80' lang='grc' dir='ltr'>καὶ</span> <span class='ocrx_word' id='word_1_671' title='bbox 1242 5524 1404 5594; x_wconf 72' lang='grc' dir='ltr'>ἔργον</span> <span class='ocrx_word' id='word_1_672' title='bbox 1435 5528 1752 5596; x_wconf 79' lang='grc' dir='ltr'>ἐνεργοῦσιν</span> 
     </span>
    </p>
   </div>
   <div class='ocr_carea' id='block_1_101' title="bbox 173 5612 1757 5683">
    <p class='ocr_par' dir='ltr' id='par_1_101' title="bbox 173 5612 1757 5683">
     <span class='ocr_line' id='line_1_101' title="bbox 173 5612 1757 5683; baseline 0.005 -19"><span class='ocrx_word' id='word_1_673' title='bbox 173 5612 452 5679; x_wconf 80' lang='grc' dir='ltr'>ἀγγέλων,</span> <span class='ocrx_word' id='word_1_674' title='bbox 486 5615 581 5666; x_wconf 76' lang='grc' dir='ltr'><strong>καὶ</strong></span> <span class='ocrx_word' id='word_1_675' title='bbox 612 5614 698 5667; x_wconf 81' lang='grc' dir='ltr'><strong>διὰ</strong></span> <span class='ocrx_word' id='word_1_676' title='bbox 729 5614 861 5666; x_wconf 79' lang='grc' dir='ltr'>Θεόν</span> <span class='ocrx_word' id='word_1_677' title='bbox 905 5618 1041 5668; x_wconf 77' lang='grc' dir='ltr'>είσιν</span> <span class='ocrx_word' id='word_1_678' title='bbox 1098 5618 1529 5683; x_wconf 79' lang='grc' dir='ltr'>ὲναπόκλειστοι,</span> <span class='ocrx_word' id='word_1_679' title='bbox 1577 5622 1668 5673; x_wconf 69' lang='grc' dir='ltr'><strong>καὶ</strong></span> <span class='ocrx_word' id='word_1_680' title='bbox 1702 5621 1757 5672; x_wconf 86' lang='grc' dir='ltr'><strong>εί</strong></span> 
     </span>
    </p>
   </div>
   <div class='ocr_carea' id='block_1_102' title="bbox 170 5702 1747 5779">
    <p class='ocr_par' dir='ltr' id='par_1_102' title="bbox 170 5702 1747 5779">
     <span class='ocr_line' id='line_1_102' title="bbox 170 5702 1747 5779; baseline 0.006 -25"><span class='ocrx_word' id='word_1_681' title='bbox 170 5720 241 5770; x_wconf 87' lang='grc' dir='ltr'><strong>γε</strong></span> <span class='ocrx_word' id='word_1_682' title='bbox 275 5702 410 5765; x_wconf 78' lang='grc' dir='ltr'>ζῶσι</span> <span class='ocrx_word' id='word_1_683' title='bbox 444 5703 588 5758; x_wconf 84' lang='grc' dir='ltr'>κατὰ</span> <span class='ocrx_word' id='word_1_684' title='bbox 611 5704 764 5766; x_wconf 80' lang='grc' dir='ltr'>Θεὸν,</span> <span class='ocrx_word' id='word_1_685' title='bbox 810 5706 867 5758; x_wconf 81' lang='grc' dir='ltr'>ὲν</span> <span class='ocrx_word' id='word_1_686' title='bbox 905 5708 1088 5768; x_wconf 83' lang='grc' dir='ltr'>αὐτοῖς</span> <span class='ocrx_word' id='word_1_687' title='bbox 1120 5710 1290 5760; x_wconf 76' lang='grc' dir='ltr'>πᾶσαι</span> <span class='ocrx_word' id='word_1_688' title='bbox 1328 5710 1660 5779; x_wconf 74' lang='grc' dir='ltr'>πληροῦνται</span> <span class='ocrx_word' id='word_1_689' title='bbox 1691 5714 1747 5764; x_wconf 86' lang='grc' dir='ltr'><strong>αί</strong></span> 
     </span>
    </p>
   </div>
   <div class='ocr_carea' id='block_1_103' title="bbox 170 5792 1743 5868">
    <p class='ocr_par' dir='ltr' id='par_1_103' title="bbox 170 5792 1743 5868">
     <span class='ocr_line' id='line_1_103' title="bbox 170 5792 1743 5868; baseline 0.006 -25"><span class='ocrx_word' id='word_1_690' title='bbox 170 5792 422 5845; x_wconf 74' lang='grc' dir='ltr'>ὲντολαί·</span> <span class='ocrx_word' id='word_1_691' title='bbox 452 5793 645 5846; x_wconf 65' lang='grc' dir='ltr'>ἔπειτα</span> <span class='ocrx_word' id='word_1_692' title='bbox 676 5797 785 5857; x_wconf 83' lang='grc' dir='ltr'>τοῖς</span> <span class='ocrx_word' id='word_1_693' title='bbox 808 5795 867 5848; x_wconf 71' lang='grc' dir='ltr'>ἐν</span> <span class='ocrx_word' id='word_1_694' title='bbox 892 5796 1109 5866; x_wconf 78' lang='grc' dir='ltr'>φυλακῇ</span> <span class='ocrx_word' id='word_1_695' title='bbox 1143 5800 1237 5851; x_wconf 83' lang='grc' dir='ltr'><strong>καὶ</strong></span> <span class='ocrx_word' id='word_1_696' title='bbox 1262 5800 1478 5868; x_wconf 75' lang='grc' dir='ltr'>χήραις,</span> <span class='ocrx_word' id='word_1_697' title='bbox 1511 5802 1603 5853; x_wconf 76' lang='grc' dir='ltr'><strong>καὶ</strong></span> <span class='ocrx_word' id='word_1_698' title='bbox 1634 5801 1743 5853; x_wconf 86' lang='grc' dir='ltr'>λοι-</span> 
     </span>
    </p>
   </div>
   <div class='ocr_carea' id='block_1_104' title="bbox 170 5884 1743 5957">
    <p class='ocr_par' dir='ltr' id='par_1_104' title="bbox 170 5884 1743 5957">
     <span class='ocr_line' id='line_1_104' title="bbox 170 5884 1743 5957; baseline 0.006 -22"><span class='ocrx_word' id='word_1_699' title='bbox 170 5884 301 5945; x_wconf 78' lang='grc' dir='ltr'>ττοῖς</span> <span class='ocrx_word' id='word_1_700' title='bbox 331 5884 533 5947; x_wconf 76' lang='grc' dir='ltr'>ἄλλοις,</span> <span class='ocrx_word' id='word_1_701' title='bbox 567 5884 642 5955; x_wconf 78' lang='grc' dir='ltr'>μὴ</span> <span class='ocrx_word' id='word_1_702' title='bbox 669 5884 785 5948; x_wconf 75' lang='grc' dir='ltr'>ἔθος</span> <span class='ocrx_word' id='word_1_703' title='bbox 820 5886 1002 5955; x_wconf 84' lang='grc' dir='ltr'>ἔχουσι</span> <span class='ocrx_word' id='word_1_704' title='bbox 1025 5888 1125 5957; x_wconf 82' lang='grc' dir='ltr'>τῆς</span> <span class='ocrx_word' id='word_1_705' title='bbox 1154 5891 1327 5952; x_wconf 74' lang='grc' dir='ltr'>οίκίας</span> <span class='ocrx_word' id='word_1_706' title='bbox 1354 5890 1587 5954; x_wconf 78' lang='grc' dir='ltr'>ἐξελθεῖν</span> <span class='ocrx_word' id='word_1_707' title='bbox 1606 5908 1620 5922; x_wconf 70' lang='grc' dir='ltr'><strong>ο</strong></span> <span class='ocrx_word' id='word_1_708' title='bbox 1649 5894 1743 5945; x_wconf 83' lang='grc' dir='ltr'><strong>καὶ</strong></span> 
     </span>
    </p>
   </div>
   <div class='ocr_carea' id='block_1_105' title="bbox 169 5974 1736 6049">
    <p class='ocr_par' dir='ltr' id='par_1_105' title="bbox 169 5974 1736 6049">
     <span class='ocr_line' id='line_1_105' title="bbox 169 5974 1736 6049; baseline 0.005 -22"><span class='ocrx_word' id='word_1_709' title='bbox 169 5974 485 6028; x_wconf 84' lang='grc' dir='ltr'>τελευταῖον</span> <span class='ocrx_word' id='word_1_710' title='bbox 530 5977 637 6038; x_wconf 87' lang='grc' dir='ltr'>τοῖς</span> <span class='ocrx_word' id='word_1_711' title='bbox 678 5976 884 6039; x_wconf 83' lang='grc' dir='ltr'>λοιποῖς</span> <span class='ocrx_word' id='word_1_712' title='bbox 925 5975 1095 6029; x_wconf 83' lang='grc' dir='ltr'>ἆπασι</span> <span class='ocrx_word' id='word_1_713' title='bbox 1146 5982 1401 6048; x_wconf 82' lang='grc' dir='ltr'>πτωχοῖς.</span> <span class='ocrx_word' id='word_1_714' title='bbox 1434 5982 1540 6034; x_wconf 72' lang='grc' dir='ltr'><strong>Καὶ</strong></span> <span class='ocrx_word' id='word_1_715' title='bbox 1572 5982 1736 6049; x_wconf 84' lang='grc' dir='ltr'>ἡτῶν</span> 
     </span>
    </p>
   </div>
   <div class='ocr_carea' id='block_1_106' title="bbox 1870 4977 3423 5046">
    <p class='ocr_par' dir='ltr' id='par_1_106' title="bbox 1870 4977 3423 5046">
     <span class='ocr_line' id='line_1_106' title="bbox 1870 4977 3423 5046; baseline 0.002 -16"><span class='ocrx_word' id='word_1_716' title='bbox 1870 4980 2103 5030; x_wconf 83' lang='lat' dir='ltr'><strong>maxime</strong></span> <span class='ocrx_word' id='word_1_717' title='bbox 2134 4977 2417 5030; x_wconf 88' lang='lat' dir='ltr'><strong>infantium</strong></span> <span class='ocrx_word' id='word_1_718' title='bbox 2442 4990 2496 5030; x_wconf 90' lang='lat' dir='ltr'><strong>et</strong></span> <span class='ocrx_word' id='word_1_719' title='bbox 2523 4992 2810 5046; x_wconf 89' lang='lat' dir='ltr'><strong>puerorum</strong></span> <span class='ocrx_word' id='word_1_720' title='bbox 2833 4982 2922 5045; x_wconf 90' lang='lat' dir='ltr'><strong>qui</strong></span> <span class='ocrx_word' id='word_1_721' title='bbox 2952 4979 3003 5030; x_wconf 91' lang='lat' dir='ltr'><strong>in</strong></span> <span class='ocrx_word' id='word_1_722' title='bbox 3028 4982 3263 5044; x_wconf 79' lang='lat' dir='ltr'><strong>pern-ulo</strong></span> <span class='ocrx_word' id='word_1_723' title='bbox 3294 4990 3423 5034; x_wconf 82' lang='lat' dir='ltr'><strong>sunt</strong></span> 
     </span>
    </p>
   </div>
   <div class='ocr_carea' id='block_1_107' title="bbox 1866 5068 3419 5139">
    <p class='ocr_par' dir='ltr' id='par_1_107' title="bbox 1866 5068 3419 5139">
     <span class='ocr_line' id='line_1_107' title="bbox 1866 5068 3419 5139; baseline 0.005 -19"><span class='ocrx_word' id='word_1_724' title='bbox 1866 5084 1961 5139; x_wconf 77' lang='lat' dir='ltr'><strong>pro</strong></span> <span class='ocrx_word' id='word_1_725' title='bbox 1985 5070 2161 5121; x_wconf 85' lang='lat' dir='ltr'><strong>anima</strong></span> <span class='ocrx_word' id='word_1_726' title='bbox 2188 5087 2201 5131; x_wconf 78' lang='lat'>;</span> <span class='ocrx_word' id='word_1_727' title='bbox 2238 5068 2433 5123; x_wconf 86' lang='lat' dir='ltr'><strong>deinde</strong></span> <span class='ocrx_word' id='word_1_728' title='bbox 2455 5084 2551 5137; x_wconf 91' lang='lat' dir='ltr'><strong>pro</strong></span> <span class='ocrx_word' id='word_1_729' title='bbox 2568 5070 2936 5122; x_wconf 88' lang='lat' dir='ltr'><strong>sacerdotibus</strong></span> <span class='ocrx_word' id='word_1_730' title='bbox 2953 5071 3196 5139; x_wconf 85' lang='lat' dir='ltr'><strong>captivis,</strong></span> <span class='ocrx_word' id='word_1_731' title='bbox 3222 5088 3316 5138; x_wconf 90' lang='lat' dir='ltr'><strong>pro</strong></span> <span class='ocrx_word' id='word_1_732' title='bbox 3338 5089 3419 5127; x_wconf 85' lang='lat' dir='ltr'><strong>sc-</strong></span> 
     </span>
    </p>
   </div>
   <div class='ocr_carea' id='block_1_108' title="bbox 1861 5160 3426 5229">
    <p class='ocr_par' dir='ltr' id='par_1_108' title="bbox 1861 5160 3426 5229">
     <span class='ocr_line' id='line_1_108' title="bbox 1861 5160 3426 5229; baseline 0.002 -16"><span class='ocrx_word' id='word_1_733' title='bbox 1861 5162 2022 5214; x_wconf 88' lang='lat' dir='ltr'><strong>ttibus</strong></span> <span class='ocrx_word' id='word_1_734' title='bbox 2055 5170 2107 5213; x_wconf 88' lang='lat' dir='ltr'><strong>et</strong></span> <span class='ocrx_word' id='word_1_735' title='bbox 2135 5162 2345 5213; x_wconf 58' lang='lat' dir='ltr'><strong>exteris</strong></span> <span class='ocrx_word' id='word_1_736' title='bbox 2380 5161 2653 5214; x_wconf 90' lang='lat' dir='ltr'><strong>omnibus.</strong></span> <span class='ocrx_word' id='word_1_737' title='bbox 2683 5160 2870 5214; x_wconf 79' lang='lat' dir='ltr'><strong>Postea</strong></span> <span class='ocrx_word' id='word_1_738' title='bbox 2896 5162 3155 5229; x_wconf 75' lang='lat' dir='ltr'><strong>iujuriose</strong></span> <span class='ocrx_word' id='word_1_739' title='bbox 3180 5164 3426 5216; x_wconf 80' lang='lat' dir='ltr'><strong>tractatis</strong></span> 
     </span>
    </p>
   </div>
   <div class='ocr_carea' id='block_1_109' title="bbox 1858 5252 3423 5321">
    <p class='ocr_par' dir='ltr' id='par_1_109' title="bbox 1858 5252 3423 5321">
     <span class='ocr_line' id='line_1_109' title="bbox 1858 5252 3423 5321; baseline 0 -14"><span class='ocrx_word' id='word_1_740' title='bbox 1858 5252 2145 5321; x_wconf 81' lang='lat' dir='ltr'><strong>egentibus</strong></span> <span class='ocrx_word' id='word_1_741' title='bbox 2169 5260 2358 5319; x_wconf 81' lang='lat' dir='ltr'><strong>eroget</strong></span> <span class='ocrx_word' id='word_1_742' title='bbox 2386 5260 2439 5303; x_wconf 91' lang='lat' dir='ltr'><strong>et</strong></span> <span class='ocrx_word' id='word_1_743' title='bbox 2464 5253 2671 5304; x_wconf 70' lang='lat' dir='ltr'><strong>cmteris</strong></span> <span class='ocrx_word' id='word_1_744' title='bbox 2704 5252 2899 5319; x_wconf 83' lang='lat' dir='ltr'><strong>quibus</strong></span> <span class='ocrx_word' id='word_1_745' title='bbox 2923 5253 3128 5305; x_wconf 80' lang='lat' dir='ltr'><strong>auxilio</strong></span> <span class='ocrx_word' id='word_1_746' title='bbox 3156 5265 3423 5321; x_wconf 70' lang='grc' dir='ltr'>[πειιςιτιηο</span> 
     </span>
    </p>
   </div>
   <div class='ocr_carea' id='block_1_110' title="bbox 1860 5342 3415 5412">
    <p class='ocr_par' dir='ltr' id='par_1_110' title="bbox 1860 5342 3415 5412">
     <span class='ocr_line' id='line_1_110' title="bbox 1860 5342 3415 5412; baseline 0 -14"><span class='ocrx_word' id='word_1_747' title='bbox 1860 5345 1977 5398; x_wconf 89' lang='lat' dir='ltr'><strong>tiori</strong></span> <span class='ocrx_word' id='word_1_748' title='bbox 2004 5360 2137 5412; x_wconf 90' lang='lat' dir='ltr'><strong>opus</strong></span> <span class='ocrx_word' id='word_1_749' title='bbox 2164 5352 2269 5395; x_wconf 81' lang='lat' dir='ltr'><strong>est.</strong></span> <span class='ocrx_word' id='word_1_750' title='bbox 2309 5342 2455 5395; x_wconf 89' lang='lat' dir='ltr'><strong>Inter</strong></span> <span class='ocrx_word' id='word_1_751' title='bbox 2486 5358 2621 5410; x_wconf 88' lang='lat' dir='ltr'><strong>quos</strong></span> <span class='ocrx_word' id='word_1_752' title='bbox 2649 5343 3042 5396; x_wconf 84' lang='lat' dir='ltr'><strong>attnumerandi</strong></span> <span class='ocrx_word' id='word_1_753' title='bbox 3071 5354 3272 5397; x_wconf 88' lang='lat' dir='ltr'><strong>suntet</strong></span> <span class='ocrx_word' id='word_1_754' title='bbox 3298 5362 3415 5398; x_wconf 78' lang='lat' dir='ltr'><strong>mo-</strong></span> 
     </span>
    </p>
   </div>
   <div class='ocr_carea' id='block_1_111' title="bbox 1856 5434 3423 5504">
    <p class='ocr_par' dir='ltr' id='par_1_111' title="bbox 1856 5434 3423 5504">
     <span class='ocr_line' id='line_1_111' title="bbox 1856 5434 3423 5504; baseline 0 -14"><span class='ocrx_word' id='word_1_755' title='bbox 1856 5436 2013 5490; x_wconf 84' lang='lat' dir='ltr'><strong>nachi</strong></span> <span class='ocrx_word' id='word_1_756' title='bbox 2054 5444 2272 5504; x_wconf 84' lang='lat' dir='ltr'><strong>prepter</strong></span> <span class='ocrx_word' id='word_1_757' title='bbox 2307 5435 2474 5487; x_wconf 90' lang='lat' dir='ltr'><strong>Deum</strong></span> <span class='ocrx_word' id='word_1_758' title='bbox 2510 5434 2731 5500; x_wconf 84' lang='lat' dir='ltr'><strong>reclusi,</strong></span> <span class='ocrx_word' id='word_1_759' title='bbox 2774 5444 2830 5488; x_wconf 91' lang='lat' dir='ltr'><strong>ut</strong></span> <span class='ocrx_word' id='word_1_760' title='bbox 2859 5435 3154 5502; x_wconf 88' lang='lat' dir='ltr'><strong>loquuntur</strong></span> <span class='ocrx_word' id='word_1_761' title='bbox 3192 5437 3423 5501; x_wconf 80' lang='lat' dir='ltr'><strong>Patres,</strong></span> 
     </span>
    </p>
   </div>
   <div class='ocr_carea' id='block_1_112' title="bbox 1857 5523 3417 5595">
    <p class='ocr_par' dir='ltr' id='par_1_112' title="bbox 1857 5523 3417 5595">
     <span class='ocr_line' id='line_1_112' title="bbox 1857 5523 3417 5595; baseline 0.002 -18"><span class='ocrx_word' id='word_1_762' title='bbox 1857 5533 1982 5577; x_wconf 88' lang='lat' dir='ltr'><strong>sunt</strong></span> <span class='ocrx_word' id='word_1_763' title='bbox 2014 5524 2156 5577; x_wconf 89' lang='lat' dir='ltr'><strong>enim</strong></span> <span class='ocrx_word' id='word_1_764' title='bbox 2192 5523 2285 5576; x_wconf 88' lang='lat' dir='ltr'><strong>Dei</strong></span> <span class='ocrx_word' id='word_1_765' title='bbox 2319 5524 2480 5585; x_wconf 89' lang='lat' dir='ltr'><strong>servi,</strong></span> <span class='ocrx_word' id='word_1_766' title='bbox 2509 5524 2820 5593; x_wconf 82' lang='lat' dir='ltr'><strong>angelorum</strong></span> <span class='ocrx_word' id='word_1_767' title='bbox 2848 5525 3102 5591; x_wconf 86' lang='lat' dir='ltr'><strong>operibus</strong></span> <span class='ocrx_word' id='word_1_768' title='bbox 3138 5529 3417 5595; x_wconf 83' lang='lat' dir='ltr'><strong>occupati,</strong></span> 
     </span>
    </p>
   </div>
   <div class='ocr_carea' id='block_1_113' title="bbox 1857 5614 3413 5686">
    <p class='ocr_par' dir='ltr' id='par_1_113' title="bbox 1857 5614 3413 5686">
     <span class='ocr_line' id='line_1_113' title="bbox 1857 5614 3413 5686; baseline 0.004 -19"><span class='ocrx_word' id='word_1_769' title='bbox 1857 5616 2213 5669; x_wconf 85' lang='lat' dir='ltr'><strong>reclusionem</strong></span> <span class='ocrx_word' id='word_1_770' title='bbox 2264 5624 2482 5683; x_wconf 81' lang='lat' dir='ltr'><strong>prepter</strong></span> <span class='ocrx_word' id='word_1_771' title='bbox 2518 5614 2682 5668; x_wconf 87' lang='lat' dir='ltr'><strong>Deum</strong></span> <span class='ocrx_word' id='word_1_772' title='bbox 2721 5617 3016 5685; x_wconf 81' lang='lat' dir='ltr'><strong>eligentes;</strong></span> <span class='ocrx_word' id='word_1_773' title='bbox 3057 5633 3288 5686; x_wconf 89' lang='lat' dir='ltr'><strong>cumque</strong></span> <span class='ocrx_word' id='word_1_774' title='bbox 3325 5634 3413 5673; x_wconf 84' lang='lat' dir='ltr'><strong>se-</strong></span> 
     </span>
    </p>
   </div>
   <div class='ocr_carea' id='block_1_114' title="bbox 1852 5706 3422 5779">
    <p class='ocr_par' dir='ltr' id='par_1_114' title="bbox 1852 5706 3422 5779">
     <span class='ocr_line' id='line_1_114' title="bbox 1852 5706 3422 5779; baseline 0.003 -20"><span class='ocrx_word' id='word_1_775' title='bbox 1852 5710 2089 5759; x_wconf 73' lang='lat' dir='ltr'><strong>cztndunt</strong></span> <span class='ocrx_word' id='word_1_776' title='bbox 2127 5706 2291 5760; x_wconf 88' lang='lat' dir='ltr'><strong>Deum</strong></span> <span class='ocrx_word' id='word_1_777' title='bbox 2332 5707 2538 5771; x_wconf 85' lang='lat' dir='ltr'><strong>vivant,</strong></span> <span class='ocrx_word' id='word_1_778' title='bbox 2581 5710 2632 5760; x_wconf 93' lang='lat' dir='ltr'><strong>in</strong></span> <span class='ocrx_word' id='word_1_779' title='bbox 2678 5708 2805 5776; x_wconf 77' lang='lat' dir='ltr'><strong>ipsis</strong></span> <span class='ocrx_word' id='word_1_780' title='bbox 2837 5710 3014 5762; x_wconf 84' lang='lat' dir='ltr'><strong>omnia</strong></span> <span class='ocrx_word' id='word_1_781' title='bbox 3049 5710 3422 5779; x_wconf 82' lang='lat' dir='ltr'><strong>adimpIentur</strong></span> 
     </span>
    </p>
   </div>
   <div class='ocr_carea' id='block_1_115' title="bbox 1851 5799 3418 5863">
    <p class='ocr_par' dir='ltr' id='par_1_115' title="bbox 1851 5799 3418 5863">
     <span class='ocr_line' id='line_1_115' title="bbox 1851 5799 3418 5863; baseline 0.003 -13"><span class='ocrx_word' id='word_1_782' title='bbox 1851 5799 2137 5863; x_wconf 72' lang='lat' dir='ltr'><strong>mandata;</strong></span> <span class='ocrx_word' id='word_1_783' title='bbox 2168 5800 2361 5851; x_wconf 78' lang='lat' dir='ltr'><strong>deinde</strong></span> <span class='ocrx_word' id='word_1_784' title='bbox 2394 5815 2613 5853; x_wconf 86' lang='lat' dir='ltr'><strong>carcere</strong></span> <span class='ocrx_word' id='word_1_785' title='bbox 2636 5800 2867 5853; x_wconf 68' lang='lat' dir='ltr'><strong>detentis</strong></span> <span class='ocrx_word' id='word_1_786' title='bbox 2894 5810 2945 5853; x_wconf 81' lang='lat' dir='ltr'><strong>et</strong></span> <span class='ocrx_word' id='word_1_787' title='bbox 2966 5801 3138 5855; x_wconf 85' lang='lat' dir='ltr'><strong>viduis</strong></span> <span class='ocrx_word' id='word_1_788' title='bbox 3172 5804 3418 5857; x_wconf 80' lang='lat' dir='ltr'><strong>tribuen-</strong></span> 
     </span>
    </p>
   </div>
   <div class='ocr_carea' id='block_1_116' title="bbox 1852 5876 3412 5958">
    <p class='ocr_par' dir='ltr' id='par_1_116' title="bbox 1852 5876 3412 5958">
     <span class='ocr_line' id='line_1_116' title="bbox 1852 5876 3412 5958; baseline 0.002 -16"><span class='ocrx_word' id='word_1_789' title='bbox 1852 5889 1978 5942; x_wconf 79' lang='lat' dir='ltr'><strong>dum</strong></span> <span class='ocrx_word' id='word_1_790' title='bbox 2010 5898 2059 5940; x_wconf 87' lang='lat' dir='ltr'><strong>et</strong></span> <span class='ocrx_word' id='word_1_791' title='bbox 2088 5890 2315 5950; x_wconf 68' lang='lat' dir='ltr'><strong>caeteris,</strong></span> <span class='ocrx_word' id='word_1_792' title='bbox 2352 5890 2443 5958; x_wconf 89' lang='lat' dir='ltr'><strong>qui</strong></span> <span class='ocrx_word' id='word_1_793' title='bbox 2482 5905 2511 5942; x_wconf 92' lang='lat' dir='ltr'><strong>a</strong></span> <span class='ocrx_word' id='word_1_794' title='bbox 2536 5876 2712 5943; x_wconf 52' lang='lat' dir='ltr'><strong>domo&#39;</strong></span> <span class='ocrx_word' id='word_1_795' title='bbox 2738 5889 3016 5945; x_wconf 86' lang='lat' dir='ltr'><strong>discedere</strong></span> <span class='ocrx_word' id='word_1_796' title='bbox 3062 5907 3168 5946; x_wconf 90' lang='lat' dir='ltr'><strong>non</strong></span> <span class='ocrx_word' id='word_1_797' title='bbox 3201 5894 3412 5958; x_wconf 83' lang='lat' dir='ltr'><strong>solent;</strong></span> 
     </span>
    </p>
   </div>
   <div class='ocr_carea' id='block_1_117' title="bbox 1850 5981 3415 6054">
    <p class='ocr_par' dir='ltr' id='par_1_117' title="bbox 1850 5981 3415 6054">
     <span class='ocr_line' id='line_1_117' title="bbox 1850 5981 3415 6054; baseline 0.004 -20"><span class='ocrx_word' id='word_1_798' title='bbox 1850 5992 2119 6049; x_wconf 74' lang='lat' dir='ltr'><strong>postremo</strong></span> <span class='ocrx_word' id='word_1_799' title='bbox 2151 5981 2365 6036; x_wconf 88' lang='lat' dir='ltr'><strong>miseris</strong></span> <span class='ocrx_word' id='word_1_800' title='bbox 2429 5982 2882 6049; x_wconf 81' lang='lat' dir='ltr'><strong>quibuscumque.</strong></span> <span class='ocrx_word' id='word_1_801' title='bbox 2933 5983 3131 6038; x_wconf 88' lang='lat' dir='ltr'><strong>Curam</strong></span> <span class='ocrx_word' id='word_1_802' title='bbox 3194 5999 3415 6054; x_wconf 83' lang='lat' dir='ltr'><strong>quoque</strong></span> 
     </span>
    </p>
   </div>
  </div>
