4460 6800
811 426 911 488 ϐίζῖ

1637 436 2021 493 SYRIEOXIS
2070 436 2167 491 ΤΗ
2187 434 2843 495 ESSALONICENSIS
2889 435 3245 497 ARCIIIEP.

3973 435 4083 501 $8

818 545 989 597 Bonus
1028 545 1273 604 tradidit,
1307 561 1497 613 passus
1526 560 1629 610 est,
1676 558 1919 600 mortuus
1949 559 2054 607 est.
2084 549 2381 600 resurrexit
2419 562 2455 608 Α
2496 551 2579 601 καῖ

2321 549 2381 600 ιιι
2419 562 2455 608 Α
2496 551 2589 601 καὶ
2624 551 2914 617 συγκιρ-ιᾷ,
2947 549 3039 602 καὶ
3076 548 3435 617 συμμίγνυσι,
3471 550 3563 600 καὶ
3604 548 3741 616 μέλη
3777 550 3923 600 ποιεῖ
3949 551 4082 601 ἐαυ-

812 646 866 690 et
897 653 995 690 nos
1024 654 1206 691 secus;
1244 642 1499 695 oscitavit
1523 657 1551 693 e
1578 654 1793 701 somno;
1832 640 2077 693 ascendit
2106 641 2157 692 in
2186 641 2381 692 εωιιιιιι

813 739 867 782 et
903 745 1001 784 nos
1037 746 1221 784 secus.
1265 732 1518 793 elevavit,
1550 742 1603 785 et
1630 732 1869 800 denique
1909 748 1967 786 se
1999 733 2173 800 ipsum
2204 734 2385 800 posuit

813 832 1031 892 propter
1066 839 1166 878 nos
1220 824 1271 875 in
1319 826 1615 878 aeternum!
1650 822 1761 880 Nos
1791 825 1895 877 sibi
1939 825 2128 878 miscet
2162 832 2217 877 et
2250 837 2381 876 cen-

810 926 1098 983 corporat:
1134 924 1185 967 et
1222 917 1526 969 membrum
1560 917 1642 969 sui
1694 918 1863 986 ipsius
1910 917 2038 970 facit
2080 926 2133 970 ct
2163 930 2382 967 manere

811 1022 1022 1075 semper
1058 1008 1111 1060 in
1135 1009 1294 1064 nobis
1348 1022 1590 1080 exoptat.
1627 1021 1682 1064 et
1712 1012 1815 1065 bet:
1846 1010 1998 1079 jubet
2030 1017 2083 1064 et
2118 1008 2263 1062 omni
2291 1022 2381 1059 co-

810 1102 1026 1154 namine
1058 1102 1253 1171 satagit
1302 1114 1360 1157 ut
1393 1102 1503 1158 fiat.
1559 1104 1697 1168 Quid
1748 1118 1844 1171 pro
1896 1103 1981 1157 bis
2032 1099 2381 1155 referamus?

808 1194 951 1256 Quot
994 1202 1048 1245 et
1093 1204 1324 1258 quantas
1371 1203 1575 1248 mortes
1603 1208 1703 1261 pro
1739 1194 1862 1261 ipso
1894 1192 2228 1247 deberemus
2261 1189 2380 1246 sui-

806 1289 953 1339 terre
985 1287 1029 1339 si
1080 1286 1407 1356 contigerit?
1453 1288 1547 1339 sed
1584 1300 1812 1353 semper
1845 1286 1913 1339 de
1955 1286 2071 1339 istis
2105 1285 2379 1339 debitores

809 1378 1033 1441 erimus,
1075 1392 1174 1429 nec
1205 1393 1440 1445 unquam
1469 1378 1656 1431 debita
1690 1379 1992 1446 rependere
2019 1380 2281 1431 valentes.
2305 1378 2378 1430 De

806 1480 1001 1522 cretern
1027 1469 1243 1533 quando
1278 1470 1344 1522 ad
1389 1486 1511 1523 eum
1555 1470 1891 1533 accedimus,
1923 1485 2090 1538 opera
2124 1480 2178 1523 et
2213 1470 2375 1522 verba

806 1561 1128 1614 humilitatis
1178 1562 1451 1630 loquimur
1494 1572 1547 1616 et
1592 1577 1957 1626 exercemus;
2016 1560 2375 1619 bumiliemur

802 1669 929 1721 ergo
957 1653 1011 1705 in
1051 1664 1346 1722 conspectu
1383 1653 1498 1720 ejus
1526 1652 1617 1722 qui
1654 1666 1750 1706 nos
1782 1653 2030 1706 bumiliat
2066 1662 2121 1706 et
2151 1654 2242 1721 qui
2276 1668 2375 1722 pro

804 1745 962 1798 nobis
1003 1745 1319 1798 humiliatus
1356 1735 1475 1799 estf
1513 1744 2016 1799 Contremiscatnus
2071 1746 2374 1814 cogitantes

801 1851 925 1887 eum
969 1834 1055 1887 cui
1086 1846 1328 1888 astamus
1371 1852 1387 1888 :
1433 1834 1648 1909 medius
1707 1835 1865 1913 nobis
1910 1838 2088 1891 adstat
2118 1836 2373 1891 Christus

2492 640 2608 697 τοῦ.
2662 643 2753 690 καὶ
2797 642 2981 706 μένειν
3018 640 3339 709 ἀχωρίστως
3371 640 3429 689 ἐν
3477 641 3611 707 ἡμῖν
3666 637 3944 706 βούλεται,
3980 638 4083 687 καὶ

2490 732 2702 797 ἐφίεται
2733 730 2948 796 τούτου,
2991 734 3087 785 καὶ
3114 730 3334 783 σπεύδει
3370 730 3505 799 πρὸς
3532 730 3713 783 τοῦτο.
3754 727 3822 782 Τί
3853 728 4079 795 προσοί-

2492 837 2657 887 σομεν
2689 820 2812 872 ἀντὶ
2866 821 3113 887 morm;
3147 823 3333 875 πόσων
3381 822 3649 883 θανάτων,
3677 822 3726 874 εί
3778 819 4011 887 ἐνεχώρε
4044 837 4076 881 ς

2492 913 2584 963 καὶ
2651 913 2981 982 ἀμετρήτων
3036 913 3316 981 ὀφειλέται
3352 910 3527 981 τούτῳ
3558 913 3938 987 τυγχάνομενς
3974 910 4075 962 καὶ

2487 1003 2659 1057 ταῦτα
2694 1004 2972 1074 χρεῶσται
3000 1004 3293 1063 διαπαντὸς
3327 1004 3500 1065 ὄντες,
3532 1004 3629 1055 καὶ
3679 1002 3805 1055 οὐδε
3837 1002 3907 1055 τά
3933 1001 4074 1071 χρέα

2487 1097 2745 1149 ἀποτῖσαι
2776 1096 3086 1165 δυνάμενοι.
3121 1094 3324 1148 Λοιπὸν
3357 1092 3519 1146 ὁπότε
3548 1092 3655 1146 κᾶν
3679 1090 4074 1161 παριστάμεθα

2486 1189 2680 1257 τούτῳ,
2743 1191 2842 1241 καὶ
2884 1188 2952 1241 τὰ
3005 1188 3104 1255 τῆς
3162 1187 3541 1255 ταπεινώσεως
3604 1183 3749 1253 ἔργα
3792 1186 3890 1238 καὶ
3946 1188 4071 1244 τοὺς

2486 1281 2676 1348 λόγους
2709 1280 2943 1348 λέγομέν
2995 1297 3053 1332 τε
3104 1278 3198 1332 καὶ
3238 1280 3580 1349 πράττομεν,
3637 1277 4071 1344 ταπινωθῶμεν

2482 1370 2720 1437 ὁρῶντες
2786 1369 2878 1421 τὸν
2942 1370 3347 1422 ταπεινωθέντα
3424 1371 3521 1422 καὶ
3596 1369 4062 1436 ταπεινούμενον

2481 1460 2768 1528 φρίξωμεν
2800 1460 3112 1522 ἐννοοῦντες
3140 1461 3329 1520 αὑτὸν,
3357 1454 3835 1530 ᾧπαριστάμεθα.
3882 1460 4069 1520 Μέσας

2481 1552 2641 1621 ἡμῶν
2699 1551 2985 1620 πρόκειται
3026 1552 3121 1603 καὶ
3169 1552 3417 1621 ἀοράτως
3449 1553 3685 1621 Χριστὸς
3719 1554 3813 1605 καὶ
3849 1551 4065 1619 ὁρατῶς

2478 1646 2556 1714 τῷ
2585 1645 2713 1713 θείῳ
2749 1646 2900 1715 ἄρτῳ
2931 1646 3024 1697 τοῦ
3060 1644 3340 1714 σώματος,
3367 1648 3461 1698 καὶ
3489 1646 3569 1714 τῷ
3602 1645 3785 1714 σεπτῶ
3814 1644 4066 1713 ποτηρίῳ

2478 1738 2571 1792 τοῦ
2605 1739 2862 1807 αἵματος,
2900 1738 2969 1791 τὰ
3018 1740 3167 1807 πάθη
3197 1739 3414 1799 δεικνὺς
3445 1736 3664 1803 ἑαυτοῦ,
3693 1738 3793 1805 τὴν
3824 1736 4062 1805 σφαγὴν,

2475 1833 2602 1894 τοὺς
2630 1832 2818 1902 ⁴ἥλους,
2840 1832 2903 1885 τὸ
2930 1826 3092 1901 αἷμα,
3121 1832 3213 1885 τὸν
3241 1832 3473 1885 θάνατον
3502 1846 3517 1860 ⁸
3556 1831 3747 1899 τρόμῳ
3773 1829 4063 1897 παριστῶ-

804 1927 1096 1981 invisibilis
1130 1929 1185 1980 in
1218 1942 1297 1991 se.
1344 1928 1441 1981 sed
1479 1928 1710 1982 visibilis
1741 1944 1841 1997 per
1890 1940 2139 1982 sanctum
2172 1945 2367 1998 partem
2407 1902 2446 1956 Β
2478 1943 2565 1996 psi

2297 1946 2367 1983 3m
2407 1902 2446 1956 Β
2478 1943 2579 1996 μεν
2612 1926 2928 1994 ἐγγίζοντες
2977 1926 3150 1993 αὐτῷ,
3185 1925 3281 1977 καὶ
3311 1924 3535 1993 ἀμέσως
3574 1922 3769 1975 τοῦτον
3800 1921 4058 1990 ὁρῶντες,

801 2020 1067 2088 corporis,
1101 2034 1197 2088 per
1234 2020 1608 2073 venerandum
1641 2020 1866 2073 calicem
1900 2020 2182 2087 sanguinis
2203 2064 2217 2087 ,
2252 2022 2371 2091 qui-

802 2113 905 2165 bus
928 2120 985 2164 et
1013 2112 1296 2180 passiones
1318 2112 1439 2181 ejus
1469 2120 1935 2180 reprasentantur
1971 2129 1984 2163 :
2019 2112 2371 2174 sacriﬁcium.

800 2204 967 2270 clavi,
1005 2204 1229 2275 sanguis
1259 2215 1316 2258 et
1359 2218 1530 2258 mors.
1577 2189 1909 2279 Treme'ntes
1942 2204 2272 2259 accedamus
2317 2216 2373 2258 et

804 2307 1045 2351 astemus
1082 2297 1173 2362 ei;
1211 2295 1488 2350 cernimus
1517 2296 1664 2350 enim
1697 2310 1825 2350 eum
1864 2296 2069 2366 absque
2104 2295 2259 2363 velo;
2293 2295 2377 2350 di-

802 2389 1040 2443 vidimus
1080 2397 1134 2443 et
1164 2386 1552 2442 manducamus
1582 2428 1597 2453 ,
1626 2397 1683 2443 et
1713 2388 1780 2443 de
1816 2388 2088 2459 sanguine
2136 2390 2375 2445 bibimus

801 2488 860 2535 et
903 2480 1078 2550 gratia
1128 2477 1222 2533 Dei
1275 2478 1437 2534 nobis
1481 2479 1745 2534 attributa
1792 2478 1918 2533 aliis
1967 2480 2370 2536 distribuimus.

758 2578 766 2588 ‘
801 2566 961 2624 Tunc
991 2568 1256 2622 mirantur
1299 2567 1607 2633 cherubim,
1638 2577 1861 2637 stupent
1908 2568 2184 2639 serapbim
2210 2610 2227 2634 ,
2266 2580 2376 2625 tre-
2422 2580 2425 2583 ‘

801 2669 959 2714 munt
1003 2673 1195 2713 omnes
1242 2660 1605 2715 sanctissime
1638 2660 1888 2725 virtutes,
1925 2660 2275 2714 considerant
2309 2678 2373 2716 ex

799 2751 932 2817 alto,
948 2766 1072 2805 cum
1091 2753 1283 2805 timore
1294 2752 1583 2817 assistunt,
1597 2762 1653 2807 et
1666 2763 1966 2822 agnoscunt
1985 2763 2234 2808 naturam
2250 2768 2376 2824 pro-

801 2844 974 2912 priam
1012 2856 1067 2897 et
1088 2840 1321 2897 debilem
1355 2853 1637 2899 creaturas.
1657 2842 1724 2897 Et
1759 2852 2043 2915 stupentes
2074 2845 2377 2915 gloriﬁcant

802 2937 1119 2989 immensam
1150 2934 1241 2988 Dei
1271 2935 1593 2989 bonitatem.
1622 2932 1918 2988 Nobiscum
1942 2943 2089 2990 stant
2116 2950 2132 2987 :
2164 2935 2373 2989 circum

800 3027 973 3078 altare
1007 3025 1212 3095 pressis
1256 3024 1564 3093 agminibus
1594 3024 1831 3078 bumiles
1872 3034 1929 3079 et
1975 3041 2101 3080 cum
2134 3034 2375 3081 tremore

801 3128 1049 3181 manent,
1074 3118 1462 3188 prastolantur
1517 3117 1764 3173 zelantes
1814 3118 2084 3187 inspicere
2124 3130 2372 3174 sanctum

802 3208 1139 3279 mysterium,
1197 3224 1303 3261 non
1357 3212 1503 3260 enim
1539 3208 1713 3262 otiose
1763 3224 2015 3279 varieque
2044 3212 2317 3265 assistunt
2357 3229 2370 3264 :

801 3302 951 3355 illinc
978 3301 1209 3370 propria:
1237 3301 1506 3355 claritatis
1532 3300 1809 3370 accipiunt
1838 3303 2049 3357 radium
2089 3313 2145 3358 et
2178 3305 2369 3373 splen-

800 3396 989 3450 dorem
1025 3412 1038 3447 :
1076 3394 1311 3447 indidem
1346 3394 1551 3463 pariter
1593 3394 1811 3449 luminis
1861 3410 2052 3450 eorum
2108 3396 2324 3451 ﬂamma
2350 3438 2365 3464 ,

800 3488 1047 3555 ignisque
1074 3502 1263 3541 eorum
1289 3487 1469 3551 ardor,
1491 3502 1680 3542 eorum
1706 3488 1835 3549 vita,
1859 3489 2151 3559 sapientia,
2175 3506 2370 3545 conse-

800 3581 995 3635 cratio.
1028 3580 1086 3634 Si
1130 3595 1261 3650 ergo
1294 3580 1369 3634 ita
1403 3582 1673 3636 assistunt
1712 3581 1799 3635 isti
1833 3583 2141 3637 nescientes
2170 3597 2371 3651 corpo-

801 3690 949 3727 ream
989 3675 1335 3739 densitatem,
1378 3674 1662 3747 ignarique
1685 3676 1866 3730 omnis
1905 3676 2200 3746 passionis,
2233 3692 2372 3746 quo—

800 3766 964 3819 modo
994 3766 1251 3820 assistere
1278 3766 1543 3821 debemus
1573 3782 1675 3822 nos
1704 3768 1798 3836 qui
1827 3783 2015 3822 sumus
2044 3778 2211 3833 terra,
2239 3770 2329 3839 pul
2349 3799 2367 3810 ο

799 3861 902 3923 vis,
936 3857 1184 3912 vermes?
1213 3856 1498 3925 Quomodo
1525 3860 1894 3930 nosmetipsos
1922 3862 2265 3917 servabimus
2301 3864 2371 3918 ad

803 3961 1009 4003 tantum
1040 3949 1134 4004 Dei
1162 3950 1336 4019 opus?
1369 3948 1689 4022 Satagentes
1714 3952 1986 4008 custodire
2009 3970 2109 4010 nos
2144 3955 2196 4008 in
2222 3956 2370 4009 omni

802 4044 994 4098 timore
1018 4053 1074 4098 et
1097 4043 1150 4096 in
1182 4042 1332 4098 omni
1366 4042 1640 4099 desiderio
1670 4043 1723 4098 in
1757 4046 2069 4102 acccdeudo
2105 4058 2161 4103 et
2194 4047 2249 4101 in
2281 4049 2371 4103 tali

804 4139 1020 4203 negotio
1080 4136 1469 4191 ministrando.
1507 4135 1649 4190 Cum
1701 4146 1886 4191 autem
1956 4139 2089 4194 illud
2157 4150 2371 4195 tantum

802 4228 1077 4298 negotium
1114 4242 1271 4282 amor
1299 4229 1450 4282 solus
1483 4227 1797 4295 perfecerit,
1842 4248 1863 4282 ε
1901 4229 2197 4301 Diligentus
2244 4250 2371 4288 eum

801 4320 894 4390 qui
916 4320 1061 4390 prior
1076 4319 1265 4375 dilexit
1287 4336 1387 4375 nos
1408 4320 1529 4374 "“.
1544 4338 1562 4371 ι
1596 4320 1662 4376 Et
1684 4322 1750 4376 ad
1781 4323 2145 4379 ministerium
2168 4329 2373 4384 amoris

800 4416 945 4467 omni
995 4414 1188 4466 anima:
1222 4412 1423 4467 virtute
1452 4422 1508 4466 et
1540 4422 1810 4483 potestate
1841 4416 2184 4470 accedamus.
2234 4419 2371 4474 Cum

801 4503 1002 4559 deinde
1030 4518 1181 4557 amor
1204 4503 1361 4557 nobis
1401 4504 1707 4558 ostenderit
1741 4514 1952 4560 tantum
1990 4506 2159 4561 Deum
2196 4508 2372 4561 humi-

2475 2020 2763 2087 τέμνοντες
2792 2036 2853 2072 τε
2906 2019 2999 2069 καὶ
3031 2017 3331 2080 ἐσθίοντες,
3381 2016 3480 2068 καὶ
3535 2018 3782 2077 πίνοντες
3835 2017 3900 2068 εκ
3964 2015 4059 2067 τοῦ

2474 2114 2728 2181 αἵματος,
2762 2112 2856 2165 καὶ
2889 2110 3101 2180 ἑτέροις
3144 2110 3521 2178 μεταδιδόντες
3562 2108 3701 2160 κατὰ
3740 2108 3841 2177 τὴν
3888 2106 4061 2159 δοθεῖ-

2476 2219 2576 2255 σαν
2607 2203 2766 2272 χάριν
2795 2203 2949 2271 ἡμῖν.
2989 2202 3125 2254 Τότε
3160 2200 3435 2267 θαυμάζει
3475 2200 3553 2252 τὰ
3602 2198 3908 2268 Χερουϐὶμ,
3952 2198 4060 2260 ἐξί-

2476 2311 2670 2348 σταται
2692 2294 2761 2347 τά
2790 2295 3061 2363 Σεραφὶμ,
3095 2294 3244 2346 πᾶσα
3271 2293 3525 2361 θειοτάτη
3554 2291 3787 2361 δύναμις
3815 2292 4054 2358 πὲθρρικι

2476 2385 2789 2456 καθορῶσα,
2824 2386 2921 2439 καὶ
2972 2384 3081 2438 δέει
3131 2383 3490 2455 παρίσταται,
3551 2382 3647 2435 καὶ
3711 2380 3809 2450 τὴν
3874 2381 4057 2433 οἰκίαν

2475 2476 2833 2546 ἐπιγινώσκει
2866 2478 3029 2545 φύσιν
3062 2477 3137 2539 ὠς
3164 2475 3363 2546 κτιστὴ
3396 2476 3491 2528 καὶ
3540 2474 3799 2545 ἀσθενὴς,
3831 2472 3924 2526 καὶ
3966 2474 4058 2525 ικ-

2475 2573 2738 2643 π).ἠκτως
2763 2569 2981 2636 δοξάζει
3013 2571 3114 2641 τῆς
3137 2571 3230 2623 τοῦ
3262 2568 3402 2624 Θεοῦ
3430 2569 3489 2622 τὸ
3510 2569 3753 2639 ἄμετρον
3777 2567 4055 2635 ἀγαθότηο

2475 2680 2594 2717 τοτ’
2632 2662 2755 2732 μεθ’
2786 2663 2943 2734 ἡμῶν
2976 2663 3222 2716 ἵστανται
3252 2662 3451 2725 ταῦτα,
3483 2660 3696 2731 κύκλῳς
3717 2659 3815 2713 τοῦ
3868 2660 4056 2712 θυσια-

2477 2757 2707 2826 στηρίου
2776 2756 3176 2826 συστελλόμενα
3234 2754 3388 2826 φόϐῳ
3432 2753 3610 2824 μένει.
3660 2748 4056 2819 Ἐπιθυμοῦσιν

2475 2851 2744 2913 ἁτενέζειν
2767 2850 2844 2921 τῷ
2869 2848 3177 2919 μυστηρίῳ.
3201 2850 3273 2901 Οὐ
3304 2849 3413 2915 γὰρ
3437 2846 3736 2917 ἀπράκτω;
3759 2845 4057 2913 παρίσταν-

2476 2963 2587 2999 ται.
2634 2942 2878 2998 Ἐκεῖθεν
2911 2943 3007 2995 τοῦ
3044 2943 3176 2997 ἰδίου
3210 2942 3384 3010 φάους
3417 2941 3667 3010 δέχονται
3708 2938 3809 3008 τὴν
3835 2939 4052 2991 ἀκτῖνα.

2476 3037 2714 3091 Αῦτόθεν
2744 3037 2853 3106 γάρ
2884 3036 2980 3089 τοῦ
3007 3036 3184 3104 φωτὸς
3208 3034 3389 3088 αὐτῶν
3419 3035 3452 3103 ὴ
3486 3032 3703 3104 πηγὴ,ἡ
3750 3030 3849 3084 τοῦ
3881 3030 4054 3097 ungi;

2478 3129 2656 3184 αὐτῶν
2681 3130 2880 3201 θέρμη,
2912 3131 2945 3201 ἡ
2974 3128 3109 3199 ζωὴ,
3144 3130 3176 3197 ὴ
3222 3128 3411 3196 σοφία,
3446 3128 3481 3196 ἡ
3516 3126 3739 3196 μύησις.
3778 3124 3842 3176 El
3876 3123 4056 3175 τοίνυν

2478 3222 2653 3285 οὕτως
2684 3216 2835 3274 οῦτοι
2868 3224 3257 3291 παρίστανται,
3298 3221 3347 3272 οί
3398 3214 3503 3283 ἔξω
3534 3217 3761 3279 πάθους,
3792 3217 3841 3268 at
3869 3214 4057 3285 πόρρω

2476 3314 2685 3376 πάθους
2750 3314 2973 3376 παντὸς.
3013 3316 3042 3366 ὁ
3088 3312 3216 3382 χοῦς
3268 3313 3454 3380 ἡμεῖς,
3498 3310 3528 3362 ὁ
3586 3308 3781 3377 πηλὸς.
3821 3309 3852 3359 ὁ
3914 3305 4058 3356 σκώ-

2472 3405 2591 3476 ληξ,
2632 3404 2746 3467 πῶς
2796 3405 3139 3473 παρεστάναι
3185 3402 3511 3470 ὀφείλομεν;
3561 3399 3676 3461 πῶς
3739 3393 4056 3464 ἑτοιμάζειν

2474 3497 2704 3561 ἑαυτοὺς
2744 3498 2880 3567 πρὸς
2923 3497 3086 3564 ἑργον
3132 3496 3271 3549 Θεοῦ
3320 3492 3681 3567 τηλικοῦτον;
3718 3492 3869 3558 "Olet
3902 3487 4051 3555 φόῦῳ

2474 3591 2569 3643 καὶ
2614 3589 2721 3659 ὅλῳ
2756 3587 2906 3659 πόθῳ
2938 3585 3341 3657 προσέρχεσθαι
3368 3603 3429 3639 τε
3466 3586 3567 3639 καὶ
3598 3581 4053 3653 ἐξυπηρετεὴθαι

2472 3681 2715 3753 τοσούτῳ
2744 3681 3033 3751 πράγματι
3057 3681 3288 3745 ἑαυτοὺς
3320 3678 3723 3749 ἑτοιμάσωμεν.
3757 3674 3913 3729 Ἐπεὶ
3944 3676 4051 3741 γὰρ

2470 3779 2530 3829 τὸ
2581 3776 2823 3831 τοιοῦτον
2877 3780 2979 3830 οὐκ
3026 3776 3154 3830 ἄλλο
3195 3792 3271 3841 τι,
3325 3775 3358 3844 ἢ
3426 3773 3617 3841 ἀγάπη
3682 3770 3845 3839 μόνον
3902 3767 4051 3818 τετέ-

2473 3869 2654 3934 λεκεν,
2708 3869 3087 3939 άγαπήσωμεν
3136 3870 3302 3921 αὐτὸν
3353 3866 3444 3920 τὸν
3482 3868 3852 3935 ἀγαπήσαντα
3901 3866 4052 3935 πρῶ-

2472 3979 2565 4015 τον
2594 3964 2765 4031 ἡμᾶς,
2794 3962 2890 4015 καὶ
2923 3964 2989 4032 τῇ
3032 3963 3279 4032 διακονίᾳ
3326 3960 3425 4030 τῆς
3469 3960 3716 4029 ἀγάπης,
3765 3960 3874 4029 ὅλῳ
3933 3959 4053 4012 σθέ-

2474 4073 2554 4109 νει
2620 4053 2803 4123 ψυχῆς
2870 4052 3336 4123 προσερχώμεθα.
3382 4052 3645 4119 Ἐπείπερ
3702 4052 3893 4128 ἀγάπη
3955 4066 4051 4102 τα-

2474 4146 2807 4201 πεινωθέντα
2865 4147 3123 4200 τοσοῦτον
3184 4148 3275 4201 τὸν
3339 4147 3473 4199 Θών
3522 4147 3714 4211 ἔδειξε,
3782 4145 3861 4215 τῷ
3905 4146 4049 4214 ἔργῳ

2473 4240 2574 4310 τῆς
2608 4240 2995 4303 ταπεινώσεως
3021 4241 3259 4302 οἰκείους
3294 4243 3352 4293 ἐν
3381 4240 3712 4293 ταπεινώσει
3741 4242 3831 4292 καὶ
3863 4242 4053 4309 ἀγάπη

2475 4334 2939 4402 ὑπηρετήσωμεν,
2970 4334 3096 4385 ἐπεὶ
3127 4332 3330 4396 ἔδειξεν
3370 4331 3798 4403 ἑνανθρωπήσας
3832 4335 3860 4385 ὁ
3898 4334 4051 4397 Θεὸς,

2473 4426 2547 4486 ώς
2576 4410 2836 4478 ἀδύνατον
2865 4420 2934 4495 ἧν
2965 4424 3091 4495 δίχα
3144 4424 3281 4477 Θεοῦ
3324 4426 3425 4493 τὴν
3483 4424 3698 4493 βροτῶν
3747 4425 4050 4492 ἀναπτῆναι

2475 4516 2659 4585 φύσιν,
2684 4515 2885 4585 ἑαυτὴν
2914 4517 3183 4579 ἑκουσίως
3212 4516 3478 4569 ἐπιδοῦσαν
3517 4516 3598 4584 τῷ
3641 4516 3922 4586 πτώματι,
3957 4519 4049 4567 καὶ

803 4598 1009 4661 liatum,
1039 4610 1203 4663 opere
1234 4595 1558 4649 humilitatis
1599 4596 1651 4650 ei
1678 4596 2111 4653 ministrabimus
2146 4618 2249 4657 nos
2284 4605 2367 4658 si—
2404 4612 2446 4667 [ι
2477 4610 2564 4661 διὰ

2291 4605 2367 4658 si—
2404 4612 2446 4667 D
2477 4610 2564 4661 διὰ
2595 4608 2756 4661 τοῦτο
2784 4610 2922 4663 Θεοῦ
2954 4609 3150 4679 ἐδεήθη
3190 4608 3437 4670 ἑνώσεως
3478 4609 3789 4677 ἄνθρωπος,
3823 4610 4052 4671 ἑαυτοὺς

804 4688 961 4741 miles
986 4726 1003 4751 ,
1030 4686 1218 4741 aﬂines
1264 4688 1570 4741 humilitate
1599 4696 1654 4742 et
1685 4687 1977 4747 dilectione
2011 4708 2026 4744 :
2056 4709 2179 4747 cum
2212 4695 2369 4750 deni-

803 4794 910 4848 que
942 4778 1129 4833 vivens
1157 4778 1211 4831 in
1258 4779 1513 4833 humanis
1548 4780 1687 4834 Deus
1733 4782 1891 4837 nobis
1922 4786 2227 4840 ostenderit
2262 4804 2368 4842 non

807 4882 966 4937 posse
1004 4868 1259 4923 homines
1302 4869 1629 4924 naturaliter
1673 4874 1879 4941 absque
1910 4872 2023 4929 Deo
2055 4892 2368 4949 resurgere,

806 4958 899 5027 qui
931 4960 1142 5028 seipsos
1191 4959 1499 5015 voluntarie
1542 4964 1611 5016 ad
1661 4968 1877 5034 culpam
1931 4967 2271 5024 tradiderunt
2314 4980 2371 5025 et

806 5061 1025 5119 prepter
1056 5052 1161 5105 boc
1190 5051 1322 5121 ipsis
1347 5056 1655 5107 necessaria
1691 5057 1791 5110 fuit
1815 5059 1945 5112 unio
1968 5075 2092 5115 cum
2120 5062 2251 5129 Deo,
2276 5080 2371 5119 eo-

806 5141 1035 5211 gitemns
1075 5159 1291 5213 seniper
1332 5155 1599 5213 quantum
1645 5146 1853 5211 debile;
1909 5150 2035 5206 facti
2071 5156 2264 5219 simus,
2320 5167 2377 5211 et

808 5243 1069 5304 perpetuo
1124 5236 1464 5306 indigeamus
1512 5239 1719 5294 autilio
1765 5239 1898 5308 Dei,
1947 5255 2003 5299 et
2047 5247 2116 5300 ad
2165 5249 2372 5303 nullam

809 5328 1013 5397 absque
1064 5329 1157 5383 illo
1199 5344 1489 5400 assurgere
1537 5333 1814 5402 possimus
1856 5338 2181 5405 scientiam;
2237 5343 2372 5397 dicit

808 5420 948 5475 enim
986 5437 1002 5475 :
1044 5438 1063 5472 ι
1101 5421 1231 5477 Sine
1261 5438 1347 5477 me
1382 5426 1519 5478 nihil
1546 5426 1774 5493 potestis
1804 5426 1983 5482 facere
2020 5431 2082 5483 “.
2124 5452 2143 5483 ι
2180 5432 2370 5501 Itaque

807 5519 863 5565 et
899 5525 995 5564 nos
1020 5510 1119 5580 ipsi
1161 5513 1554 5579 consociemns,
1580 5523 1637 5569 et
1665 5516 1933 5571 indivulse
1968 5535 2288 5577 maneamus
2312 5526 2367 5580 in

808 5599 919 5653 illo.
951 5598 1121 5655 Malus
1141 5605 1377 5656 amentia
1408 5612 1463 5657 et
1493 5606 1747 5675 superbia
1786 5608 1965 5663 factus
1990 5620 2074 5665 est
2098 5625 2363 5680 ap0stata:

808 5705 908 5746 nos
944 5695 1248 5762 cognitione
1279 5706 1335 5750 et
1378 5696 1723 5754 confessione
1778 5703 2010 5758 miseria:
2055 5719 2256 5763 nostra:
2289 5709 2372 5765 [οε

874 5869 967 5904 ﬁ"
1002 5868 1022 5924 ι
1052 5869 1208 5928 Juan.
1246 5890 1318 5941 tv,
1364 5875 1447 5933 19.
1534 5878 1571 5907 ”
1601 5878 1757 5935 Juan.
1793 5898 1879 5949 xv,
1921 5886 1972 5938 5.

2477 4702 2572 4767 καὶ
2599 4701 2758 4769 ἡμεῖς
2795 4700 2871 4763 ὡς
2928 4701 3257 4769 πεφύκαμεν
3290 4700 3542 4763 ἀσθενεῖς
3567 4702 3658 4754 ἀεὶ
3697 4701 4050 4770 λογιζόμεθα,

2478 4794 2572 4845 καὶ
2603 4791 2890 4861 δεηθῶμεν
2928 4792 3019 4844 ἀεὶ
3045 4790 3182 4844 Θεοῦ
3229 4792 3502 4862 βοηθείας,
3537 4793 3633 4846 καὶ
3682 4793 3851 4862 μηδὲν
3881 4794 4054 4864 χωρὶς

2476 4882 2668 4935 τούτου
2708 4882 2936 4935 πάντοτε
2990 4883 3287 4953 ἐννοῶμεν,
3314 4884 3396 4937 ὅτι
3436 4887 3553 4945 καὶ,
3590 4902 3609 4935 ι
3657 4884 3841 4954 Χωρὶς
3896 4885 4051 4952 ἐμοῦ,

2475 4976 2536 5028 σὺ
2578 4973 2807 5029 δύνασθε
2840 4978 3015 5027 ποιεῖν
3060 4975 3233 5041 οὐδὲν,
3272 4994 3290 5027 ι
3325 4977 3465 5045 ἔφη’
3504 4977 3593 5029 ἴνα
3642 4977 3734 5030 καὶ
3759 4976 4053 5045 ινωθῶμεν

2477 5066 2651 5135 αὐτῷ,
2689 5067 2785 5119 καὶ
2848 5067 3176 5136 ἁχωρίστως
3230 5068 3503 5138 συνῶμεν.
3555 5068 3618 5120 El
3675 5069 3992 5138 ἀποστάτης
4025 5072 4054 5121 ὁ

2478 5159 2715 5231 πονηρὸς
2740 5162 2805 5228 τῇ
2837 5159 3074 5231 ὲπὰρσει
3111 5163 3206 5215 καὶ
3229 5162 3463 5233 ἀπονοίᾳ
3489 5161 3803 5230 γεγένηται,
3843 5166 3909 5232 τῇ
3932 5164 4054 5216 επι-

2471 5252 2678 5321 γνώσει
2720 5254 2821 5320 τῆς
2854 5244 3129 5324 πτωχείας
3167 5255 3352 5324 ἡμῶν,
3386 5258 3546 5325 ἡμεῖ,
3574 5257 3949 5325 οίκειωθῶμεν
3974 5257 4053 5325 τῷ

2472 5346 2707 5417 κτίστῃ.
2746 5365 2765 5398 ε
2815 5346 2875 5401 '0
2909 5348 3182 5400 ταπεινῶν
3208 5350 3339 5417 γὰρ,
3371 5351 3561 5419 φησὶν,
3590 5352 3788 5404 ἑαυτὸν
3835 5352 4052 5421 ὑψωθή-

2476 5454 2652 5492 σεται.
2695 5458 2713 5490 ι
2754 5440 2814 5493 Ei
2840 5440 2981 5509 ὑπὲρ
3013 5443 3233 5495 πάντων
3274 5444 3509 5497 δέδωκεν
3547 5444 3745 5497 ἑαυτὸν
3780 5448 3811 5499 ὁ
3847 5446 4048 5499 Δεσπὸ-

2474 5548 2597 5601 της,
2648 5536 2741 5587 aut
2795 5538 2931 5589 πᾶσι
2977 5539 3091 5599 τοῖς
3154 5538 3422 5609 χρῄζουσι
3468 5539 3538 5592 τὰ
3576 5540 3759 5594 πάντα
3810 5541 4051 5608 ἐγένετο,

2478 5623 2704 5686 ἑαυτοὺς
2724 5626 2886 5694 ἡμεῖς
2906 5627 3055 5697 αὐτῷ
3076 5628 3278 5696 δῶμεν,
3312 5630 3400 5681 ἵνα
3429 5631 3523 5682 καὶ
3548 5626 3659 5683 τῶν
3691 5630 3861 5683 αὐτοῦ
3893 5629 4053 5690 αὖθις

2481 5712 2769 5784 γενώμεθα
2806 5718 3047 5787 μέτοχοι.
3104 5723 3528 5790 Διακονήσωμεν
3581 5722 3747 5775 αὐτοῦ
3783 5720 3860 5791 τῷ
3903 5720 4052 5791 ιργῳ
