4276 6696
219 458 333 522 εδθ

1516 470 1610 529 DE
1670 471 1907 529 SACER
1921 471 2157 533 DOTIO.

3320 440 3323 444 ’
3382 472 3499 533 970

222 575 553 643 προθύμως,
612 577 702 626 καὶ
760 577 809 627 εἱ
848 575 1074 631 δυνατὸν
1114 564 1233 631 καθ’
1266 580 1504 647 ἑκάστην
1564 585 1661 650 τὴν
1693 602 1812 652 φρι-
1841 593 1887 647 Α

1807 593 1887 647 -Α
1920 585 2128 637 miliarc
2183 583 2271 635 Dei
2332 582 2667 637 lucrabimur
2719 585 3086 638 consortium.
3146 583 3360 639 Dictum
3411 598 3496 642 est

224 669 370 737 κτὴν
416 669 565 737 αὐτῷ
599 668 793 720 Θυσίαν
826 671 1255 739 προσφέρωμεν.
1306 674 1674 743 Ἐπιθυμητὸν
1707 678 1814 746 γάρ

223 757 384 825 αὑτῴ
412 756 591 811 τοῦτο.
637 778 653 808 ι
705 759 1023 827 Ἐπιθυμίᾳ,
1062 762 1249 829 φησιν,
1286 764 1608 832 ἐπεθύμησα
1652 768 1813 818 τοῦτο

223 848 293 897 τὸ
338 846 528 915 Πάσχα
552 849 752 913 φαγεῖν
782 847 902 914 μεθ’
931 847 1105 916 ὑμῶν.
1142 869 1160 899 ι
1195 852 1301 902 Καὶ
1352 854 1617 918 διηνεκῶς
1651 858 1813 911 τοῦτο

226 932 415 1001 ζητεῖ.
451 953 468 985 ι
495 936 569 988 Οὐ
596 937 866 1005 Ποιήσατε
894 939 1025 1008 γάρ,
1046 940 1175 1008 ἔφη,
1198 942 1335 993 ἀλλὰ
1362 961 1380 993 t
1406 944 1577 996 Τοῦτο
1606 950 1811 999 ποιεῖτε

224 1028 314 1089 εἰς
344 1027 446 1093 τὴν
476 1026 617 1096 ἐμὴν
664 1028 997 1099 ἀνάμνησιν,
1037 1049 1056 1081 ι
1102 1034 1662 1104 τουτέστιδιηνεκῶς.
1702 1040 1812 1090 Καὶ

220 1126 280 1177 τί
317 1123 445 1177 ἄλλο
475 1125 660 1192 μεῖξον
691 1123 856 1192 ἔργον
884 1124 951 1177 ἄν
971 1126 1055 1196 εἴη
1088 1127 1182 1181 τοῦ
1216 1129 1382 1198 ἔργου
1413 1132 1607 1184 τούτου
1635 1151 1649 1197 ;
1676 1134 1813 1204 ὅπερ

227 1214 353 1267 ἐστὶ
380 1215 618 1284 Χριστοῦ
641 1218 675 1284 ἡ
702 1216 1033 1285 ἀνάμνησις.
1060 1219 1120 1271 τὸ
1149 1222 1424 1289 σφαγῆναι
1455 1224 1645 1276 τοῦτον
1669 1227 1811 1296 ὑπὲρ

228 1306 394 1375 ήμῶν
449 1306 542 1358 καὶ
580 1305 844 1373 διηνεκῶς
900 1306 1148 1360 θύεσθαι.
1204 1328 1222 1358 ι
1263 1310 1437 1362 Τοῦτο
1495 1313 1605 1381 γάρ
1640 1313 1811 1375 ἐστιν⁹

224 1402 359 1467 ἔφη,
385 1401 446 1450 τὸ
482 1398 643 1465 σῶμά
694 1415 794 1465 μου
828 1398 889 1450 τὸ
925 1400 1067 1467 ὑπὲρ
1095 1400 1250 1467 ὑμῶν
1284 1403 1593 1473 κλώμενον,
1634 1422 1651 1454 ι
1688 1422 1813 1457 του-

218 1494 410 1544 τέστιν
441 1492 535 1544 άεί
563 1507 574 1518 ⁸
614 1510 631 1541 ι
675 1493 784 1545 Καὶ
813 1491 974 1543 τοῦτό
1003 1494 1120 1546 ἐστι
1154 1495 1214 1546 τὸ
1255 1492 1393 1562 αἷμά
1424 1513 1555 1564 μου,
1586 1498 1645 1549 τὸ
1675 1500 1814 1568 ὑπὲρ

223 1584 383 1648 ὑμῶν
408 1584 792 1653 ὲκχυνόμενον,
833 1603 851 1635 ι
882 1586 979 1653 οὐχ
1027 1586 1178 1649 ἅπαξ
1218 1587 1471 1656 ἐκχυθὲν,
1500 1590 1639 1646 ἀλλὰ
1677 1593 1817 1645 πάν-

219 1695 348 1729 τοτε
382 1676 646 1745 δηλονότι.
700 1678 868 1731 Οὐδὲν
893 1680 1003 1749 ἄρα
1033 1680 1198 1752 376
1228 1684 1435 1754 ταύτης
1483 1689 1585 1755 τῆς
1618 1687 1815 1752 θυσίας

218 1767 674 1838 ὲπωφελέστερον
706 1770 839 1839 ἡμῖν
871 1772 967 1824 καὶ
1002 1771 1122 1841 Θεῷ
1151 1778 1647 1848 προσφιλέστερον.
1683 1779 1815 1835 Ὀτι

218 1861 322 1911 καὶ
357 1860 518 1930 ἔργον
547 1861 741 1927 αὐτοῦ,
781 1864 1009 1931 καὶτῆς
1058 1867 1483 1940 ἀνθρωπότητος
1524 1874 1813 1926 άνακπιίνι-

1915 677 2060 729 υςείιιι
2090 691 2100 724 :
2130 676 2262 741 «Qui
2289 689 2347 728 sc
2372 674 2619 729 humiliat
2644 677 2969 733 exaltabitur
2999 680 3091 731 ¹¹.ι
3114 676 3221 731 Pro
3243 678 3500 733 omnibus

1917 768 2161 837 seipsmn
2219 769 2439 821 tradidit
2495 768 2782 830 Dominus,
2838 779 2891 822 et
2942 770 3196 824 onmibus
3243 772 3486 839 proﬁcua

1918 858 2139 911 fuerunt
2166 858 2297 927 'qtm:
2335 860 2458 911 fecit
2499 872 2513 910 τ
2561 860 2660 927 ipsi
2706 874 2805 913 nos
2848 862 3115 913 donemus
3166 871 3225 915 ut
3258 861 3499 916 vicissim

1919 952 2185 1005 Lonoruut
2245 953 2364 1019 ejus
2430 952 2736 1005 habuimus
2810 953 3307 1021 participationem.
3382 953 3499 1007 Hoc

1917 1058 2081 1112 opere
2114 1044 2230 1110 ejus
2266 1044 2509 1096 zelanter
2561 1044 2851 1113 fungentur
2902 1045 3279 1100 ministrantes
3304 1086 3320 1111 ,
3366 1058 3422 1102 et
3453 1050 3496 1103 si

1918 1134 2035 1187 fieri
2074 1144 2274 1202 p0test,
2307 1134 2550 1202 quotidie
2583 1134 2910 1189 sat-rilicium
2938 1136 3276 1191 tremendum
3301 1137 3499 1193 offere-

1919 1238 2043 1278 ntus
2082 1227 2165 1289 ei;
2217 1225 2346 1278 illud
2403 1228 2518 1295 ipse
2566 1228 2921 1281 vehementer
2962 1239 3217 1297 exoptat,
3260 1230 3446 1284 dicens
3486 1252 3499 1283 :

1925 1332 1944 1365 ι
1984 1314 2267 1368 Desiderio
2301 1316 2606 1369 desidet-avi
2643 1319 2745 1371 hoc
2781 1318 2984 1385 pascha
3046 1321 3381 1374 mandumre
3411 1338 3503 1376 vo-

1917 1404 2129 1459 hiscum
2169 1388 2231 1458 I”.
2272 1425 2290 1457 ι
2329 1406 2390 1458 Et
2421 1408 2550 1460 illud
2587 1418 2851 1476 perpetuo
2885 1410 3124 1477 poStulat
3165 1427 3178 1461 :
3216 1426 3326 1465 non
3364 1412 3502 1468 dicit

1917 1499 2103 1556 enim;
2141 1497 2398 1563 Faeietis,
2444 1504 2535 1552 sed
2571 1517 2587 1554 :
2626 1516 2644 1550 t
2680 1501 2791 1555 lloc
2821 1501 2983 1557 facite
3036 1504 3089 1557 in
3145 1512 3322 1560 meam
3351 1524 3502 1561 com-

1918 1590 2369 1644 memorationem
2397 1592 2460 1655 ¹δ,
2489 1612 2506 1644 ι
2543 1593 2645 1646 hoc
2675 1602 2779 1656 est,
2802 1605 3085 1663 perpetuo.
3111 1596 3398 1661 Quodnam
3417 1608 3502 1652 est

1920 1681 2068 1735 aliud
2096 1698 2236 1751 opus
2264 1684 2367 1737 isto
2395 1701 2562 1753 opere
2594 1686 2807 1754 majus?
2836 1687 2980 1755 quod
3004 1698 3089 1742 est
3115 1690 3319 1745 Christi
3350 1706 3502 1745 com-

1920 1778 2245 1831 memoratio
2267 1819 2281 1839 .
2324 1778 2475 1831 illum
2528 1794 2729 1849 nempe
2785 1796 2884 1850 pro
2914 1782 3078 1836 nobis
3110 1785 3413 1841 sacriﬁcari
3447 1797 3503 1840 et

1919 1879 2189 1936 perpetuo
2240 1868 2468 1925 oﬂerri:
2508 1888 2526 1920 ι
2587 1870 2699 1924 lloc
2740 1880 2825 1927 est
2870 1874 3016 1928 enim
3063 1889 3267 1943 corpus
3315 1892 3499 1929 meum

217 1965 333 2013 σις,
378 1952 472 2003 καὶ
517 1949 703 2005 τούτου
766 1957 1024 2007 κοινωιία
1110 1958 1231 2027 μεθ’
1257 1960 1438 2029 ἡμῶν,
1493 1963 1675 2025 καθὼς
1718 1967 1810 2017 καὶ
1841 1980 1887 2039 Β

1807 2004 1810 2015 ι
1841 1980 1887 2039 Β
1916 1960 2061 2028 quod
2099 1976 2194 2029 pro
2230 1961 2379 2014 vobis
2404 1962 2638 2016 traditur
2664 1962 2744 2031 ¹⁸;
2780 1980 2800 2015 ι
2842 1963 2945 2019 hoc
2974 1974 3080 2031 est,
3111 1982 3348 2034 senmer.
3382 1966 3447 2020 Et
3482 1983 3496 2020 :

217 2041 532 2109 σαρκωθεὶς
548 2043 743 2110 ἔδειξε,
768 2041 865 2100 καὶ
889 2046 1098 2117 μέλλων
1122 2050 1376 2119 πάσχειν,
1404 2053 1608 2122 ηὕξατο
1626 2055 1803 2111 τοῦτο.

222 2150 244 2184 ε
289 2134 405 2188 ἰνα
435 2127 569 2189 ὦσιν
598 2136 678 2199 εν,
736 2136 918 2200 καθὼς
955 2141 1142 2209 ἡμεῖς,
1183 2160 1202 2192 ι
1234 2146 1428 2212 φησίν.
1470 2148 1588 2200 Όέι
1631 2148 1689 2200 δὲ
1720 2149 1809 2203 διὰ.

215 2223 416 2278 τούτου
449 2225 511 2280 ἓν
568 2227 838 2298 γινόμεθα
877 2229 996 2298 μετ’
1042 2230 1234 2294 αὑτοῦ,
1288 2232 1455 2296 αὐτὸς
1511 2241 1805 2307 μαρτυρεῖ.

224 2333 245 2366 ι
292 2317 351 2369 '0
376 2318 608 2386 τρώγων
646 2337 772 2390 μου,
802 2320 961 2391 φησὶ,
989 2321 1091 2392 τὴν
1122 2325 1326 2392 σάρκα,
1357 2326 1453 2378 καὶ
1484 2328 1657 2380 πίνων
1702 2345 1806 2398 μου

223 2413 291 2464 τὸ
319 2406 480 2483 αἷμα,
521 2416 579 2465 ἐν
611 2416 736 2485 ἐμοὶ
769 2419 944 2486 μένει,
985 2418 1139 2487 κάγὼ
1170 2421 1230 2473 ὲν
1267 2421 1439 2491 αὐτῷ.
1476 2441 1494 2473 ι

1920 2070 1938 2102 ι
1983 2049 2080 2103 llic
2110 2062 2194 2106 est
2245 2052 2467 2123 sanguis
2512 2070 2669 2110 meus
2700 2053 2792 2123 qui
2819 2070 2917 2125 pro
2948 2055 3103 2111 vobis
3126 2055 3374 2112 funditur
3398 2058 3491 2111 ⁸⁸.»

1918 2143 2037 2197 Non
2068 2146 2235 2198 semel
2258 2144 2466 2201 elIusus
2487 2156 2594 2210 est,
2629 2148 2723 2201 sed
2758 2147 3031 2217 hodieque
3055 2158 3113 2203 et
3142 2154 3356 2219 semper
3376 2149 3503 2204 fun—

1915 2236 2087 2298 ditur.
2136 2237 2441 2292 evidenter.
2497 2239 2641 2294 Nihil
2679 2249 2764 2295 est
2798 2251 2983 2295 autem
3033 2250 3090 2295 et
3137 2241 3297 2298 nobis
3326 2244 3501 2314 magis

1918 2332 2222 2400 proﬁcuum
2269 2343 2325 2387 et
2359 2332 2471 2387 Deo
2514 2334 2685 2405 magis
2726 2334 3055 2404 glorillcum,
3082 2335 3210 2404 quia
3256 2336 3362 2391 hoc
3411 2344 3502 2391 est

1928 2443 2067 2497 opus
2111 2428 2229 2497 ejus
2276 2428 2538 2483 dilectum
2589 2440 2645 2485 et
2694 2430 3055 2484 humanitatis
3089 2436 3395 2497 renovatio,
3446 2444 3504 2492 tt

222 2507 348 2575 ejus
371 2509 662 2565 nobiscum
689 2512 1133 2577 communicatio,
1192 2524 1250 2568 ut
1273 2517 1512 2571 ostendit
1553 2517 1887 2589 incarnatus,
1928 2531 1984 2577 et
2020 2538 2145 2578 mox
2184 2540 2450 2595 passurus
2483 2526 2724 2595 apertius
2764 2526 2945 2583 innuit
2973 2531 3163 2586 dicens
3197 2550 3209 2586 :
3243 2549 3261 2581 ι
3290 2530 3359 2586 Ut
3388 2529 3509 2605 sint

222 2617 397 2655 unum
432 2602 577 2656 sicut
622 2618 723 2658 nos
753 2604 815 2656 ¹⁷.
858 2622 875 2654 ι
921 2603 1032 2659 Nos
1073 2617 1257 2661 autem
1295 2606 1398 2663 hoc
1464 2626 1632 2680 opere
1669 2630 1840 2669 unum
1889 2617 2003 2672 ﬁeri
2038 2634 2166 2673 cum
2223 2622 2363 2690 ipso,
2400 2622 2514 2692 ipse
2546 2633 2781 2679 testatur
2817 2642 2941 2682 cum
2981 2626 3100 2683 ait:
3140 2646 3159 2678 ι
3198 2624 3302 2691 Qui
3343 2640 3501 2679 mau-

220 2696 386 2751 ducat
416 2712 592 2750 meam
640 2713 861 2752 carnem
893 2711 949 2754 et
990 2700 1123 2754 bibit
1162 2719 1341 2757 meum
1388 2707 1710 2776 sanguinem
1744 2712 1797 2764 in
1841 2727 1927 2766 me
1956 2726 2143 2769 manet
2173 2726 2227 2770 et
2257 2732 2358 2785 ego
2388 2721 2441 2772 in
2472 2735 2538 2773 eo
2564 2719 2625 2773 ¹⁸.
2659 2740 2679 2772 ι

305 2790 478 2858 ’Υπὲρ
509 2793 694 2846 πᾶσαν
725 2792 908 2848 τοίνυν
962 2798 1281 2867 προσευχήν
1314 2816 1373 2850 τε
1427 2802 1521 2853 καὶ
1572 2802 1805 2864 αίνεσεν,

220 2885 419 2937 toi-mo
454 2883 822 2954 ἐπιμελητέον
850 2885 947 2939 τοῦ
995 2886 1184 2957 ἔργου*
1243 2893 1325 2943 ὅτι
1395 2893 1491 2944 καί
1529 2894 1615 2945 διά
1649 2894 1808 2949 τοῦτο

220 2977 374 3027 πᾶσα
432 2979 734 3043 προσευχὴ.
796 2975 903 3026 Καὶ
951 2975 1012 3026 τὸ
1071 2977 1231 3029 πλέον
1283 2977 1393 3030 τῶν
1442 2980 1669 3048 ἡμερῶν
1704 2982 1803 3049 τῆς

220 3068 507 3134 ἡμετέρας
541 3065 686 3135 ζωῆς
716 3064 875 3118 τοῦτο
903 3066 1174 3135 ποιῶμεν.
1200 3067 1325 3120 Ὀτι
1360 3070 1455 3121 καὶ
1485 3070 1645 3123 τοῦτο
1674 3073 1807 3142 περὶ

218 3158 416 3210 τούτου
448 3158 762 3224 λογίζεσθαι
804 3160 1005 3227 χρεὼν,
1042 3161 1091 3211 εἰ
1122 3161 1328 3230 ἐνεργὰ
1362 3161 1433 3213 τὰ
1474 3161 1596 3216 θεῖα
1626 3164 1806 3218 πάντα

218 3253 365 3320 ἔργα
397 3269 452 3303 τε
490 3252 582 3304 καὶ
613 3250 764 3317 λόγος
796 3252 844 3302 οἱ
887 3253 946 3303 ὲν
972 3250 1051 3319 τῷ
1078 3252 1297 3321 κόσμῳ,
1334 3253 1428 3305 καὶ
1453 3254 1609 3308 οὐδὲν
1636 3255 1808 3325 ἀργὸν

224 3344 367 3412 μετὰ
423 3343 483 3394 τὸ
518 3337 774 3409 γενέσθαι
834 3341 992 3399 ποτέ.
1028 3344 1142 3396 Καὶ
1181 3342 1345 3413 δῆλον
1393 3344 1455 3408 ἐξ
1486 3338 1562 3398 ῶν
1590 3346 1806 3416 ὁρῶμεν

217 3432 445 3483 πάντων
478 3433 801 3500 κτισμάτων
854 3432 1099 3501 ἐνεργῶν
1127 3433 1297 3487 ὄντων
1323 3435 1433 3500 ἀεὶ,
1484 3436 1718 3505 οὐρανοῦ
1744 3454 1803 3489 τε

1984 2808 2162 2877 Super
2190 2826 2412 2865 omnem
2441 2828 2571 2883 ergo
2605 2830 2821 2883 precem
2854 2823 2909 2870 et
2933 2812 3150 2871 laudem
3183 2817 3346 2885 hujus
3367 2832 3500 2887 ope~

1914 2906 1990 2956 ris
2027 2904 2166 2959 ratio
2199 2907 2441 2960 curanda
2490 2916 2591 2967 est.
2638 2908 2767 2977 quia
2805 2920 3033 2979 propter
3082 2912 3260 2981 ipsum
3312 2921 3368 2963 et
3402 2924 3503 2979 per

1912 2993 2089 3063 ipsum
2121 2998 2301 3050 omnis
2331 2998 2531 3052 oratio.
2558 2997 2624 3052 Et
2650 3001 2987 3069 prazcipuum
3012 3000 3223 3055 dierum
3248 3000 3496 3054 omnium

1911 3086 2035 3139 vita:
2062 3096 2263 3141 nostra:
2292 3089 2571 3155 negotium
2604 3090 2705 3143 hoc
2729 3088 3021 3157 faciamus;
3047 3092 3175 3160 quia
3214 3101 3269 3144 et
3294 3091 3398 3146 hoc
3427 3092 3497 3147 tle

1915 3176 2008 3230 illo
2041 3177 2333 3231 dicendum
2368 3196 2381 3232 :
2420 3180 2475 3232 Si
2510 3196 2675 3249 opera
2702 3197 3097 3253 sermonesque
3126 3200 3248 3253 qua:
3284 3186 3338 3238 in
3362 3185 3499 3239 Orbe

1916 3275 2157 3334 aguntur
2202 3282 2359 3320 suam
2391 3284 2419 3321 a
2464 3268 2571 3323 Deo
2602 3272 2708 3323 vim
2754 3272 2956 3325 habent
2989 3272 3247 3336 actionis,
3276 3282 3333 3327 et
3364 3273 3494 3327 nul-

1918 3357 2025 3408 lum
2056 3357 2291 3411 otiosum
2321 3369 2402 3411 est
2436 3370 2722 3429 postquam
2747 3375 2989 3418 creatum
3012 3374 3116 3419 est.
3143 3363 3279 3419 lllttd
3303 3377 3491 3421 autem

1911 3455 1995 3499 est
2014 3446 2242 3500 evidens
2276 3464 2340 3502 ex
2372 3450 2473 3503 hoc
2502 3453 2645 3519 quod
2681 3453 2928 3508 videmus
2956 3456 3139 3510 omnia
3159 3471 3344 3512 creata
3368 3473 3499 3525 ope-

214 3522 364 3589 λέγω
385 3524 707 3592 κινουμένου
737 3525 845 3588 ἀεὶ,
875 3525 972 3577 καὶ
1001 3528 1105 3593 γῆς
1130 3526 1540 3599 βλαστανούσης
1566 3530 1661 3582 καὶ
1691 3528 1803 3582 τῶν
1830 3526 1876 3587 C

1830 3526 1876 3587 C
1912 3534 2123 3587 ratione
2161 3539 2435 3591 constanti
2468 3542 2735 3606 exerceri,
2781 3543 2980 3599 coelum
3014 3545 3237 3615 inquam
3277 3522 3496 3617 semper

214 3616 277 3668 ἑν
309 3615 387 3684 τῷ
415 3616 567 3684 μέσῳ
596 3614 1023 3685 διεντργούντων
1053 3616 1286 3670 ἑκάστου
1323 3620 1385 3671 τὸ
1429 3618 1587 3672 [διονο
1620 3619 1801 3687 πολλῷ

216 3703 424 3771 μᾶλλον
458 3702 678 3772 ἐνεργὸς
712 3704 919 3770 ὀφείλει
969 3705 1267 3773 τυγχάνειν
1300 3706 1329 3756 δ
1362 3708 1502 3776 πρὸς
1549 3706 1613 3760 τδ
1639 3708 1802 3777 ἔργον

215 3795 380 3849 τοῦτο
411 3796 472 3848 τὸ
516 3796 794 3849 θειότατον
845 3799 943 3849 καὶ
995 3798 1260 3866 μέγιστον
1325 3800 1631 3863 καταστάς.
1693 3802 1803 3855 Καὶ

218 3890 269 3939 εἰ
295 3889 364 3939 τὰ
397 3886 634 3955 αίσθητὰ
680 3888 861 3941 πάντα
895 3889 1199 3958 ἀκαμάτως
1252 3890 1493 3958 ινεργεί,
1522 3892 1617 3943 καὶ
1646 3891 1678 3943 δ
1712 3909 1802 3960 μι-

219 3981 353 4049 κρὸς
403 3981 608 4049 κόσμος
637 3972 794 4043 οὗτος
846 3985 939 4035 καὶ
996 3986 1176 4051 μέγας
1216 3984 1244 4036 ό
1299 3982 1611 4053 ἄνθρωπος,
1644 3984 1804 4037 τοῦτο

216 4070 515 4137 δείκνυσιν,
554 4072 780 4141 ὲνεργδς
809 4074 900 4125 ἀεὶ
930 4074 1125 4139 τελῶν,
1163 4075 1243 4144 τῷ
1279 4075 1531 4146 αίσθητῴ
1559 4076 1660 4145 μὲν
1691 4080 1804 4140 τοῖς

218 4166 524 4235 αἰσθητοῖς,
556 4165 913 4234 τρεφόμενος,
956 4166 1360 4236 αὐξανόμενος,
1391 4166 1801 4236 ὰλλοιούμενος,

218 4259 297 4329 τῷ
329 4258 507 4328 νοητῷ
535 4258 615 4322 δὲ,
644 4262 753 4319 τοῖς
784 4260 1019 4326 νοητοῖς,
1047 4259 1135 4311 ἀεὶ
1166 4259 1245 4328 τῷ
1270 4260 1345 4328 νῷ
1376 4263 1471 4313 καὶ
1494 4262 1571 4329 τῷ
1600 4262 1805 4332 λογικῷ

217 4353 321 4421 τῆς
343 4350 524 4421 ψυχῆς
556 4350 797 4418 ἐνεργῶν
826 4351 921 4402 καὶ
954 4350 1299 4419 κινούμενος,
1334 4354 1410 4415 ὡς
1455 4352 1709 4407 ἐντεῦθεν
1740 4355 1805 4407 ὲκ

219 4444 323 4513 τῆς
353 4442 447 4496 τοῦ
479 4443 830 4512 ἀνθρωπίνου
859 4443 977 4507 vqu
1029 4445 1303 4512 κινήσεως
1350 4446 1445 4498 καὶ
1476 4445 1575 4508 τὰς
1607 4448 1801 4515 νοερέις

223 4537 319 4587 καὶ
353 4534 503 4596 θείας
555 4534 817 4603 δυνάμεις
851 4535 1195 4602 άεικινήτους
1255 4531 1399 4589 εἶναι.
1459 4537 1802 4603 λογίζεσθαι.

221 4626 347 4688 Πῶς
386 4625 495 4694 ἄρα
523 4625 582 4677 τὸ
644 4626 902 4693 μέγιστον
953 4625 1117 4695 ἔργον
1150 4627 1251 4696 τῆς
1306 4629 1552 4701 μεγάλης
1596 4631 1805 4700 ταύτης

216 4717 497 4781 διακονίας
517 4716 612 4768 τοῦ
626 4714 785 4777 Θεοῦ,
811 4716 874 4767 τὸ
903 4717 1039 4783 ὑπὲρ
1064 4717 1246 4787 πάσης
1270 4722 1601 4787 κτίσεωςβι*
1626 4716 1688 4774 οὗ
1725 4727 1806 4786 εἰς

217 4815 357 4869 τδεῦ
375 4812 513 4867 εἶναι
540 4815 609 4865 τά
631 4815 759 4866 ὄντα
786 4817 1229 4883 χειραγωγεὴαι,
1248 4816 1369 4884 Θεῷ
1391 4816 1677 4886 ὲνούμενα,
1713 4820 1807 4871 καὶ

220 4907 341 4959 θεία
366 4907 655 4974 γινόμενα,
692 4906 787 4957 καὶ
815 4904 1017 4974 μᾶλλον
1050 4906 1118 4959 τὰ
1154 4906 1369 4973 λογικά,
1405 4906 1500 4959 καὶ
1523 4907 1805 4977 ἄνθρωποι

221 4999 330 5069 πρὸ
389 4998 609 5049 πάντων
659 4996 989 5067 τεθνηκότες
1031 4998 1128 5048 καὶ
1163 4999 1387 5063 ζῶντες,
1432 4999 1605 5069 ἀργὸν
1649 5001 1805 5052 ἔσται

222 5092 354 5145 ποτὲ
406 5090 493 5142 διὰ
528 5089 628 5158 τῆς
662 5090 957 5159 ῥᾳθυμίας,
989 5089 1021 5157 ἢ
1050 5090 1147 5140 καὶ
1202 5091 1466 5161 δοκούσης
1512 5092 1801 5154 εὐλαῦείας

218 5186 332 5237 τῶν
358 5184 549 5253 ἱερέων
571 5198 587 5247 ;
617 5184 731 5236 Οὐκ
755 5184 869 5235 ἐστι
892 5182 990 5251 τῆς
1014 5182 1124 5234 τῶν
1144 5184 1466 5253 μυστηρίων
1488 5186 1803 5255 ἱερουργίας

223 5278 258 5345 η
284 5275 455 5346 ἀργία
481 5273 763 5338 εὐλάϐεια,
798 5275 898 5327 οὐκ
938 5276 1077 5338 εστι,
1103 5275 1337 5346 κώλυμα
1379 5277 1434 5330 δὲ
1468 5278 1671 5347 μᾶλλον
1697 5280 1800 5346 τῆς

223 5374 497 5439 σωτηρίου
538 5368 729 5430 θυσίας
753 5371 845 5421 καὶ
878 5368 981 5436 τῆς
1011 5370 1264 5421 ἐντεῦθεν
1292 5370 1581 5439 ὠφελείας.
1618 5371 1681 5423 El
1705 5366 1800 5424 οὖν

225 5466 305 5535 μὴ
330 5463 394 5514 τὸ
429 5461 638 5514 κωλύον
674 5462 807 5529 πρὸς
844 5463 903 5514 τὸ
930 5463 1237 5532 ἱερουργεῖν
1265 5465 1435 5526 ἐστιν,
1466 5465 1499 5531 ἠ
1529 5466 1801 5533 σωτήριος

224 5559 387 5609 θυσία
420 5555 684 5623 διηνεκῶς
712 5554 1065 5623 ὲνεργείσθω.
1089 5557 1359 5625 ὐργανον
1393 5558 1537 5625 ἱερὸν
1561 5558 1589 5608 ό
1621 5558 1801 5627 ἱερεὺς

225 5648 553 5717 ἀπεδείχθηο
596 5647 670 5715 μὴ
708 5649 876 5715 ἀργὸν
914 5646 1145 5716 μενέτω.
1181 5650 1353 5701 Δὼσει
1384 5652 1492 5716 γὰρ
1519 5652 1699 5721 λόγον,
1726 5654 1802 5714 ὡς

222 5741 531 5806 λογίζομαι,
566 5738 665 5808 τῆς
714 5740 935 5808 ἁργὶαςυ
976 5740 1051 5800 ὡς
1083 5744 1175 5795 καὶ
1205 5746 1232 5794 ὁ
1265 5743 1407 5805 θεῖός
1440 5761 1575 5811 φησι
1636 5744 1798 5795 Badio

328 5860 367 5888 “
400 5858 584 5911 Matth.
623 5872 776 5923 χχιιι,
807 5856 893 5909 12.
978 5856 1020 5887 ⁸³
1054 5854 1185 5910 Luc.
1219 5871 1355 5923 xm,
1382 5857 1468 5912 15.
1550 5859 1590 5888 ¹⁵
1623 5854 1753 5913 Luc.
1789 5874 1924 5923 uti,
1968 5859 2054 5915 19.

228 5928 450 5983 “10am
484 5944 555 5986 vt.
598 5926 684 5982 57.

468 6024 740 6084 Panos.
774 6021 886 6082 Gn.
924 6020 1099 6081 CLV.

1906 3626 2130 3691 moveri,
2154 3635 2218 3681 et
2248 3637 2449 3682 terram
2479 3628 2765 3689 frondibus
2794 3635 2973 3691 virere
2998 3646 3058 3691 et
3096 3654 3220 3707 qua:
3289 3638 3343 3693 itt
3403 3638 3497 3694 illa

1905 3727 2033 3770 sunt
2059 3722 2488 3792 unumquodque
2520 3728 2664 3794 quod
2706 3726 2811 3797 ipsi
2847 3727 3127 3798 proprium
3168 3742 3253 3784 est
3284 3745 3447 3801 agere
3470 3750 3488 3787 :

1907 3808 2077 3863 multo
2100 3812 2273 3883 magis
2291 3826 2612 3884 operantem
2644 3818 3062 3888 deprehendere
3079 3834 3300 3891 oportet
3327 3840 3491 3893 quem

1906 3898 2053 3956 Deus
2085 3904 2371 3960 constituit
2402 3922 2567 3977 super
2597 3925 2735 3978 opus
2769 3912 3188 3968 sanctissimum
3222 3924 3278 3969 et
3320 3918 3497 3971 maxi-

1916 4008 2088 4048 tnum.
2122 3997 2187 4050 Et
2232 3998 2278 4052 si
2322 4001 2606 4055 scnsibilia
2656 4004 2838 4056 omnia
2903 4005 3024 4059 sine
3075 4006 3492 4065 intermissione

1906 4096 2093 4155 agunt,
2134 4087 2225 4142 hic
2250 4105 2453 4158 parvus
2481 4101 2536 4146 et
2558 4093 2721 4148 simul
2753 4111 2984 4166 magnus
3014 4099 3257 4154 mundus
3286 4104 3377 4170 qui
3406 4111 3494 4158 est

1908 4179 2093 4245 homo,
2136 4181 2270 4236 illud
2295 4183 2350 4236 in
2377 4199 2436 4239 se
2471 4184 2832 4252 demonstrat,
2865 4204 3032 4261 agens
3073 4193 3321 4259 perfecte
3361 4195 3493 4252 abs-

1906 4286 2013 4340 que
2042 4273 2253 4342 requie,
2287 4275 2621 4331 sensibiliter
2659 4287 2846 4346 utpote
2875 4282 3236 4337 seusihilibus
3264 4285 3488 4352 similis.

1908 4367 2147 4419 nutritus
2175 4365 2473 4429 alimentis,
2508 4377 2565 4422 et
2609 4384 2862 4425 crescens
2888 4411 2903 4435 ,
2933 4384 2987 4426 et
3021 4378 3331 4431 successive
3368 4396 3487 4434 mu-

1910 4468 2053 4512 tatus
2081 4476 2094 4511 :
2123 4459 2572 4515 intellectualiter
2600 4473 2781 4518 autem
2813 4468 3118 4522 secundum
3149 4474 3293 4539 quod
3329 4474 3493 4527 habet

1908 4570 2032 4608 cum
2056 4555 2433 4626 intelligentiis
2455 4559 2897 4627 similitudinem,
2917 4566 3186 4619 continuo
3212 4568 3489 4623 intellectu

1908 4656 1963 4701 et
2015 4650 2225 4702 ratione
2274 4652 2469 4705 animae
2510 4667 2623 4708 sua:
2667 4668 2836 4724 agens
2872 4666 2923 4709 et
2962 4672 3191 4713 movens
3223 4674 3238 4713 :
3275 4676 3340 4714 ex
3376 4677 3494 4714 mn-

1911 4740 2059 4793 tioue
2090 4742 2315 4808 Spiritus
2351 4742 2578 4796 humani
2618 4746 3033 4815 intelligendum
3071 4763 3335 4819 perpetuo
3372 4770 3489 4807 mo-

1912 4832 2025 4885 veri
2054 4833 2249 4901 agique
2266 4844 2321 4885 et
2356 4849 2516 4903 agere
2546 4836 2945 4892 intellectuales
2975 4851 3031 4893 et
3057 4840 3278 4899 divinas
3301 4859 3493 4898 omnes

1912 4922 2163 4976 virtutes.
2221 4921 2508 4988 Quomodo
2558 4924 2726 4993 igitur
2778 4928 3076 4980 maximum
3130 4946 3271 4999 opus
3325 4932 3492 5000 hujus

1910 5013 2093 5083 magni
2130 5014 2422 5067 ministerii
2454 5015 2570 5077 Dei,
2604 5018 2747 5085 quod
2775 5027 2861 5070 est
2890 5034 2986 5087 pro
3012 5024 3159 5073 omni
3190 5023 3489 5083 creatione.

1908 5121 2007 5174 per
2066 5106 2213 5173 quod
2267 5106 2333 5159 ad
2382 5108 2586 5161 bonum
2639 5111 2794 5177 quasi
2861 5121 3308 5168 manuducuutur
3371 5130 3493 5184 qua:

1908 5206 2080 5258 sunt,
2137 5196 2247 5249 Deo
2307 5198 2600 5266 conjuncta
2630 5237 2646 5258 .
2696 5210 2749 5252 et
2799 5201 2980 5253 divina
3034 5204 3214 5262 facta.
3261 5203 3493 5257 maxime

1906 5305 2028 5357 qua:
2056 5292 2166 5356 jatn
2194 5292 2402 5344 ratione
2425 5292 2724 5354 d0nantur,
2752 5306 2805 5346 et
2830 5312 2938 5362 pne
2964 5300 3221 5349 omnibus
3241 5296 3491 5350 homines

1907 5381 2105 5433 mortui
2137 5390 2189 5434 et
2208 5382 2330 5446 vivi,
2355 5386 2649 5450 quomodo,
2682 5384 2923 5453 inquam,
2960 5401 3099 5454 opus
3124 5386 3226 5440 hoc
3256 5387 3489 5439 otiusntu

1909 5486 2154 5526 maneret
2188 5472 2367 5542 aliqua
2400 5476 2748 5546 negligentia,
2773 5494 2892 5544 qua:
2918 5487 3094 5543 pietas
3120 5480 3171 5529 iu
3194 5480 3493 5532 sacerdoti-

1905 5564 2011 5617 bus
2038 5565 2405 5633 judicaretur?
2438 5566 2555 5619 Nou
2582 5579 2662 5621 est
2688 5568 2831 5620 enim
2862 5570 3034 5636 pietas
3068 5569 3397 5637 negligentia
3434 5570 3489 5621 in

1906 5654 2239 5709 celebrando
2261 5660 2512 5726 mysteria
2540 5675 2554 5725 ;
2580 5659 2687 5713 itno
2712 5668 2794 5712 est
2818 5659 3271 5728 impedimentum
3302 5660 3480 5726 potius

1908 5750 2160 5803 sacrificii
2198 5750 2473 5814 salutaris,
2506 5762 2561 5807 et
2600 5754 2717 5822 ejus
2751 5770 2871 5822 qua:
2902 5764 2982 5806 est
3017 5770 3083 5806 ex
3108 5769 3173 5805 eo
3213 5752 3486 5806 utilitatis.

2137 5861 2177 5893 ¹⁵
2206 5864 2338 5918 ibid.
2370 5865 2455 5918 19.
2540 5866 2580 5896 ¹⁸
2614 5866 2743 5920 ibid.
2778 5868 2869 5921 20.
2952 5867 2993 5895 ¹⁷
3018 5866 3173 5921 Joan.
3221 5882 3353 5934 xvn,
3398 5867 3484 5923 ιι.

2981 6027 3051 6088 31
