4460 6802
678 536 775 604 971
1507 538 1887 601 SYMEONIS
1919 538 2682 603 THESSALONICENSIS
2726 542 3077 606 ARCHIEP.
3832 536 3935 598 9’72

681 652 799 710 Nisi
826 669 956 726 ergo
980 652 1200 724 aliquod
1232 651 1397 708 fuerit
1428 652 1879 722 impedimentum
1916 654 2250 715 celebrandi.
2281 652 2328 712 Α
2356 655 2442 707 λεια

2180 654 2250 715 di,
2281 652 2328 712 Α
2356 655 2498 716 λειος
2531 654 2666 721 πρὸς
2698 653 3002 722 Γρηγόριόν
3046 668 3189 713 τινα,
3231 648 3475 703 ἀπειλῶν
3509 647 3661 716 αύτῷ
3709 646 3807 715 τὴν
3840 649 3938 715 ἀρ-

682 760 903 816 semper
932 746 1025 800 ﬂat
1069 747 1303 801 salutare
1343 746 1700 801 sacriﬁcium.
1731 748 2004 816 Organum
2035 761 2253 799 sacrum
2360 749 2443 814 γῖα

2175 761 2253 799 tm
2360 749 2504 814 γῑαν.
2541 749 2613 801 Ἦ
2646 748 2753 816 γὰρ
2787 745 3163 817 παραιτείσθω
3224 744 3461 811 εὐλόγως
3494 744 3729 811 δργανον
3775 737 3936 801 εῖναι,

683 849 942 908 appareat
973 839 1249 901 sacerdos,
1275 839 1422 908 quod
1445 854 1722 908 nunquam
1747 840 1983 894 otiosum
2016 850 2252 906 maneat;
2362 840 2444 894 ιιαΊ

2180 850 2252 906 at;
2362 840 2457 894 καὶ
2478 840 2703 892 ἀπέστω
2733 837 2828 892 τοῦ
2866 838 3055 907 ἐργου,
3100 835 3131 903 ἦ
3182 834 3659 896 κατασκευασθεὶς
3698 832 3941 900 ἐννόμως

682 929 837 985 dabit
865 931 1033 990 enim.
1064 938 1125 984 ut
1153 932 1373 1000 opinor,
1414 932 1683 986 rationem
1730 932 2071 1001 negligentia:
2106 950 2216 988 sure
2244 953 2257 988 :
2364 934 2443 985 θεῖ

2185 950 2216 987 ι
2244 953 2257 988 :
2364 934 2511 985 θεῖον
2542 931 2777 1002 ὖργανον
2810 926 2973 995 εἶναι,
3008 931 3103 983 καὶ
3139 931 3317 997 μένων
3348 931 3408 981 ἐν
3436 928 3631 997 τούτῳ,
3694 928 3769 996 μὴ
3806 929 3946 994 ἀμε·

688 1022 764 1077 lta
819 1037 1038 1090 quoque
1062 1021 1302 1090 loquitur
1325 1032 1548 1078 sanctus
1578 1023 1806 1078 Basilius
1838 1024 1907 1078 ad
1934 1023 2256 1093 Gregorium
2363 1025 2449 1079 lci

2179 1042 2256 1080 rrn
2363 1025 2524 1079 λεὶτω
2552 1026 2681 1093 περὶ
2718 1024 2778 1077 τδ
2806 1024 2985 1094 ἔργον.
3013 1022 3287 1083 Ἕκαστος
3337 1021 3447 1091 γὰρ
3477 1021 3571 1074 τοῦ
3609 1021 3742 1074 ἰδίου
3775 1021 3940 1089 ἔργου

689 1111 1006 1181 quemdam.
1059 1127 1298 1184 arguens
1342 1114 1461 1181 ejus
1514 1113 1895 1184 negligentiam
1934 1135 1944 1169 :
1979 1116 2063 1170 vel
2117 1116 2260 1170 enim
2367 1120 2450 1173 τὸν

2190 1116 2260 1170 im
2367 1120 2461 1173 τόν
2497 1116 2692 1188 μισθὸν
2725 1114 2980 1185 λήψεται.
3017 1114 3147 1176 Καὶ,
3182 1134 3200 1165 ι
3242 1114 3702 1182 Ἐπικατάρατος.
3737 1112 3946 1179 γέγρτ-

692 1204 898 1258 abnuat
920 1218 1041 1259 esse
1076 1204 1398 1259 rationabile
1448 1218 1737 1275 organum,
1770 1205 2093 1276 negligendo
2126 1223 2264 1277 opus
2373 1232 2453 1267 ira

2187 1223 2264 1262 ius
2373 1232 2525 1275 πται,
2558 1216 2586 1265 ό
2632 1212 2803 1265 ποιῶν
2830 1212 2889 1264 τὸ
2935 1212 3095 1280 ἐργον
3151 1208 3243 1260 τοῦ
3274 1207 3411 1260 Θεοῦ
3449 1207 3689 1285 ἀμελῶς,
3746 1225 3765 1257 ι
3796 1207 3861 1258 Τί
3892 1207 3948 1258 δὲ

695 1294 1006 1358 ministerii,
1038 1295 1119 1349 vel
1166 1301 1373 1366 satagat
1422 1309 1544 1351 esse
1617 1295 1861 1351 divinum
1932 1298 2269 1354 instrumen-

2377 1310 2565 1377 μεῖζον
2598 1308 2792 1359 τούτου
2822 1307 2980 1374 ἔργον
3012 1302 3140 1358 ἄλλο
3165 1300 3299 1354 Θεοῦ
3326 1318 3341 1367 ;
3375 1301 3440 1353 Ἥ
3472 1302 3637 1369 ἀργία
3665 1299 3757 1352 τοῦ
3788 1302 3950 1365 ἔργου

696 1394 835 1449 tum,
871 1397 927 1440 et
957 1386 1029 1441 ita
1058 1399 1287 1441 manens
1338 1402 1623 1456 nunquam
1681 1390 1750 1443 ab
1778 1404 1944 1457 opere
2003 1391 2266 1456 quiescat.

2372 1400 2567 1453 τούτου
2608 1397 2915 1465 ἐπιϐλαϐής
2949 1398 3120 1455 ἐστιν,
3168 1396 3245 1457 ὡς
3298 1394 3629 1461 εἱρήκαμεν.
3669 1390 3728 1441 ΕΞ
3794 1394 3954 1458 μόνον

696 1476 938 1546 Quisque
994 1479 1142 1532 enim
1196 1480 1378 1549 operis
1424 1481 1509 1535 sui
1578 1480 1877 1534 mercedem
1930 1482 2174 1536 habebit.
2210 1481 2274 1536 Et
2376 1512 2457 1547 και

2210 1481 2274 1536 ει
2376 1494 2521 1547 κατὰ
2556 1493 2685 1555 τοὺς
2726 1490 2983 1560 Πατέρας
3038 1489 3139 1558 τὴν
3201 1488 3360 1556 χάριν
3414 1486 3607 1538 ἔλαϐεν
3644 1485 3953 1554 ἄνθρωπος.

696 1570 960 1635 scriptum
1013 1580 1143 1625 est:
1203 1586 1223 1623 ι
1258 1570 1574 1626 Maledictus
1634 1572 1725 1641 qui
1787 1571 1915 1626 facit
1975 1589 2114 1644 opus
2179 1574 2271 1630 Dei
2378 1587 2457 1639 ut

2194 1574 2271 1630 )ei
2378 1587 2473 1639 καὶ
2505 1586 2605 1639 ούκ
2645 1584 2887 1653 ἐνέχεται
2924 1584 3037 1643 τοῖς
3061 1582 3334 1640 ἐναντίοις
3383 1580 3480 1647 τῆς
3509 1578 3755 1647 χάριτος.
3794 1578 3955 1629 εὐλα-

698 1661 1041 1731 negligenter
1076 1664 1141 1721 ¹⁹.
1189 1682 1209 1716 ι
1292 1664 1561 1729 Quidnam
1644 1665 1788 1719 enim
1865 1664 2009 1719 inter
2108 1681 2274 1736 opera
2378 1678 2580 1733 σείσθω
2614 1676 2689 1747 μὴ
2720 1674 2982 1744 ινεργῶν,
3012 1672 3147 1727 Θεὸν
3171 1670 3443 1741 φοϐείσθω
3466 1686 3479 1701 ο
3513 1668 3960 1739 ἀπαιτηθήσετιι

700 1753 796 1808 Dei
829 1754 973 1808 aliud
1026 1754 1130 1810 hoc
1178 1770 1345 1825 opere
1408 1756 1581 1825 majus
1634 1756 1758 1811 est?
1803 1756 1980 1811 Ruina
2032 1769 2118 1813 est
2181 1775 2279 1814 ne-
2379 1771 2461 1825 τδν

2199 1776 2279 1814 ιθ·
2379 1771 2472 1825 τὸν
2508 1770 2669 1836 λόγον
2698 1767 2793 1821 τοῦ
2848 1767 3053 1835 ἔργου·
3117 1764 3354 1817 παύεται
3390 1763 3498 1832 γὰρ
3534 1764 3600 1831 τῇ
3647 1759 3819 1829 ἀργίᾳ
3859 1758 3960 1821 τῆς

701 1846 961 1936 gligentia
994 1845 1157 1936 hujus
1178 1848 1382 1917 operis.
1435 1857 1493 1901 ut
1541 1847 1797 1902 diximus.
1830 1848 2135 1905 Dummodo
2190 1867 2279 1906 se-
2388 1867 2541 1936 ιερας
2570 1864 2761 1922 θυσίας
2787 1863 2820 1933 ἡ
2848 1862 2960 1914 τῶν
3002 1857 3305 1925 μελλόντων
3334 1855 3690 1925 ὠφεληθῆναι
3715 1852 3801 1906 διὰ
3826 1852 3961 1903 ταις-

702 1935 943 2043 cundum
1010 1935 1197 1992 Patres
1252 1937 1487 2034 accipiat
1541 1938 1844 2033 habeatque
1898 1942 2145 2011 gratiam,
2178 1958 2278 1998 nec
2316 1988 2355 2043 Β
2388 1976 2463 2027 τη.

2201 1959 2278 1998 tec
2316 1988 2355 2043 Β
2388 1976 2488 2027 της
2533 1957 2803 2027 ὠφέλειαο
2842 1955 2876 2022 ὴ
2932 1952 3026 2006 τοῦ
3082 1950 3336 2020 Σωτῆρός
3392 1966 3450 2002 τε
3506 1948 3604 2002 ούκ
3656 1947 3962 2014 ἐνεργεῖται

705 2026 1018 2097 implicetur
1088 2028 1169 2083 eis
1200 2043 1322 2098 quae
1354 2026 1485 2084 sunt
1543 2025 1730 2085 contra
1798 2032 1963 2097 illam,
1992 2034 2171 2088 videat
2209 2050 2278 2089 ne
2317 2025 2355 2043 "
2386 2025 2466 2105 ἀφ.

2209 2050 2278 2089 ηε
2317 2025 2355 2043 υ
2386 2025 2726 2118 ἀνάμνησις,
2790 2040 2913 2099 om
2964 2044 3032 2097 τὰ
3078 2043 3172 2095 τοῦ
3230 2043 3385 2094 θείου
3435 2040 3645 2101 πάθους
3684 2036 3960 2106 ἐγκαίνια.

706 2119 927 2175 omittat
956 2134 1237 2175 exercere.
1274 2119 1416 2176 Deus
1447 2120 1719 2177 timendus
1770 2132 1853 2178 est
1878 2125 1971 2193 qui
2013 2125 2277 2181 rationem

2398 2144 2455 2197 ’Δ
2467 2140 2663 2213 ργεὶτω
2684 2140 2791 2201 πᾶς
2812 2136 3153 2205 ἐνεχόμενος,
3174 2131 3252 2195 οἱς
3274 2130 3598 2201 ἀργεῖν-τοὺς
3613 2128 3966 2196 ἐνεχομένους

708 2214 892 2285 exiget
918 2215 1140 2285 operis;
1173 2216 1499 2287 negligentia
1554 2218 1697 2272 enim
1733 2232 1913 2275 cessat
1959 2221 2171 2278 fructus
2201 2239 2285 2278 sa-

2385 2234 2842 2307 πιραδεδώκααιν
2858 2233 2905 2284 οἱ
2929 2228 3269 2297 11ατέρες.⁹0
3306 2224 3382 2297 μὴ
3399 2226 3539 2278 κατὰ
3558 2226 3684 2285 τοὺς
3710 2220 3969 2289 Πατέρας

710 2306 925 2371 erilleii,
958 2322 1055 2376 pro
1090 2307 1157 2362 iis
1182 2308 1273 2378 qui
1308 2318 1569 2380 exoptant
1596 2310 1747 2366 illum
1776 2313 2061 2383 colligere;
2100 2312 2285 2373 Salva-

713 2399 850 2455 toris
882 2403 1334 2456 commemoratio
1371 2402 1772 2471 intermittitur,
1823 2416 1879 2462 et
1910 2407 2106 2463 divinae
2165 2426 2288 2479 pas-

713 2490 887 2555 sionis
940 2489 1133 2547 festiva
1187 2494 1505 2550 celebratio.
1554 2495 1810 2563 Quiescat
1866 2500 1959 2569 qui
1985 2502 2288 2569 quomodo-

716 2597 953 2653 cumque
982 2584 1227 2641 irretitur
1258 2586 1327 2640 ab
1354 2586 1759 2656 impedimentis
1785 2592 1985 2662 quibus
2014 2594 2289 2650 stantibus

717 2686 1125 2745 concesserunt,
1145 2679 1511 2745 tradiderunt,
1532 2682 1834 2737 docuerunt
1858 2682 2049 2739 Patres
2070 2702 2098 2739 a
2124 2689 2291 2742 sacri-

720 2766 844 2823 licio
874 2768 1175 2839 quiescere.
1210 2771 1314 2839 Qui
1340 2790 1446 2829 non
1470 2776 1578 2846 agit
1610 2778 1673 2831 ad
1703 2787 1937 2833 mentem
1962 2790 2016 2834 et
2045 2795 2293 2836 normam

720 2860 971 2926 Patrum,
1002 2862 1157 2933 juxta
1194 2867 1476 2935 proprium
1518 2870 1629 2937 agit
1683 2870 1941 2939 placitum
2006 2882 2061 2926 et
2103 2883 2294 2927 contra

724 2950 989 3022 “ipsum,
1042 2965 1098 3010 et
1130 2972 1257 3011 reus
1288 2967 1369 3012 est
1395 2960 1770 3029 mysteriorum
1798 2962 2020 3016 Christi.
2056 2963 2108 3017 Si
2147 2966 2293 3018 enim

726 3047 1135 3103 communicans
1188 3058 1401 3104 tantum
1455 3052 1680 3121 indigne
1711 3054 2025 3123 impeditur,
2085 3064 2293 3125 quanto

730 3137 900 3205 magis
930 3137 1019 3192 ille
1041 3140 1133 3208 qui
1185 3140 1386 3195 olfert?
1428 3143 1696 3198 Doeemur
1760 3146 1978 3214 quidem
2025 3150 2298 3203 nemiuem

2389 2328 2631 2398 ἐνεργῶν
2658 2325 2785 2381 καθ’
2804 2322 3001 2380 ἐαυτοῦ
3025 2323 3260 2391 ἐνεργεῖ,
3280 2320 3376 2373 καὶ
3404 2318 3582 2387 ἔνοχός
3599 2319 3715 2370 ἐστι
3742 2314 3849 2365 τῶν
3872 2310 3968 2364 τοῦ

2388 2420 2626 2491 Χριστοῦ
2656 2419 2991 2488 μυστηρίων.
3025 2416 3087 2468 Εἱ
3105 2415 3215 2480 γὰρ
3239 2414 3265 2464 ό
3285 2404 3526 2478 μετέχων
3544 2406 3777 2468 ἀναξίως
3795 2402 3972 2472 ἐνέχε-

2389 2531 2501 2575 ται,
2520 2514 2546 2566 ό
2562 2512 2655 2564 καὶ
2671 2509 2910 2580 ἐνεργῶν
2924 2506 3073 2573 πόσῳ
3091 2505 3290 2572 μᾶλλον
3314 2520 3327 2567 ;
3354 2500 3542 2562 Οὐδεὶς
3569 2501 3666 2566 μὲν
3683 2493 3775 2549 οὖν
3794 2494 3968 2558 ἄξιος,

2393 2607 2465 2665 ὡς
2500 2603 2777 2671 ἐμάθομεν
2810 2598 3100 2667 ἄνθρωπος
3137 2594 3275 2662 πρδς
3319 2593 3377 2646 τδ
3406 2593 3590 2659 ἔργον,
3625 2590 3708 2642 ὅτι
3741 2587 3971 2639 καὶτοῖς

2392 2700 2650 2767 ἀγγέλοις
2684 2694 2914 2765 φοϐερόν
2938 2709 2950 2723 ·
2987 2692 3110 2744 ἐπεὶ
3138 2690 3193 2743 δέ
3222 2687 3429 2757 βροτοῖς
3461 2684 3619 2737 τοῦτο
3656 2678 3970 2749 συγκατέὗη

2395 2795 2521 2854 δοὺς
2552 2793 2580 2844 ό
2614 2788 2771 2851 Θεὸς,
2806 2786 2881 2847 ὡς
2907 2784 3147 2853 ἐγχωρεῖ
3178 2785 3272 2836 καὶ
3318 2780 3609 2839 ἐνδέδοται,
3641 2775 3822 2841 βροτοὶ
3851 2772 3972 2840 βια-

2402 2886 2646 2953 σώμεθα,
2674 2882 2768 2935 καὶ
2797 2884 2850 2935 οἱ
2887 2882 2966 2943 ὡς
2998 2875 3260 2947 ἐνεχώρει
3294 2871 3591 2941 ἠξιωμένοι
3618 2870 3718 2935 τῆς
3750 2866 3974 2934 χάριτος

2400 2976 2705 3047 προθύμως
2730 2975 2933 3043 ταύτην
2966 2969 3389 3038 ἐνεργείτωσαν,
3409 2966 3507 3033 τὴν
3542 2963 3669 3030 ὅλην
3698 2958 3977 3011 πολιτείαν

2405 3071 2806 3141 ἐκμιμούμενοι
2840 3066 2916 3129 ῶς
2955 3062 3179 3117 δυνατδν
3218 3058 3313 3111 τοῦ
3373 3058 3672 3115 Δεσπότου,
3732 3054 3819 3105 ἵνα
3882 3049 3979 3101 καὶ

2402 3165 2615 3232 ἐνεργοὶ
2653 3161 2744 3215 ἀεὶ
2781 3160 2876 3213 καὶ
2910 3158 3162 3211 κοινωνοὶ
3189 3152 3383 3206 τούτου
3404 3144 3537 3203 ῶτιν
3565 3148 3611 3199 οἱ
3650 3146 3860 3198 ἐκείνου
3890 3144 3982 3193 τὸν

730 3226 1149 3322 ίηξθτὴθωίηθθ
1195 3233 1417 3301 «ίίειιυηι
1460 3248 1581 3288 ⁸⁵³⁸
1627 3251 1752 3303 (⁵⁸⁵8³
1808 3237 1910 3291 δοῖ)
1942 3252 2100 3307 opus,
2154 3238 2299 3307 (Ιυοά
2343 3318 2360 3322 Α
2402 3226 2979 3322 τύπονφέροντες,καὶ
2997 3240 3638 3311 καθεκάστηνείδυνατδν
3655 3238 3752 3299 τὴν
3774 3236 3980 3287 ἐκείνου

727 3318 892 3372 etiam
929 3320 1132 3390 angelis
1178 3322 1541 3378 tremendum.
1574 3324 1709 3378 Cum
1758 3337 1935 3381 autem
1982 3329 2297 3385 hominibus
2330 3318 2370 3373 (ἶ
2409 3364 2488 3411 μν.

2224 3347 2297 3385 ’“3
2330 3318 2370 3373 Ε
2409 3346 2599 3411 μνείαν
2618 3343 2959 3396 ποιείτωσαν.
2979 3338 3211 3397 Ἐνωσις
3228 3335 3338 3401 γὰρ
3356 3333 3506 3384 ἔσται
3524 3329 3659 3383 Θεοῦ
3684 3326 3985 3394 μετάύτῶν

730 3412 860 3467 illud
894 3413 1037 3468 Deus
1066 3417 1419 3480 concesserit,
1446 3418 1595 3485 juxta
1638 3419 1781 3487 quod
1813 3421 2070 3488 possibile
2099 3432 2181 3476 est
2208 3424 2302 3477 da-

734 3513 848 3557 tum
896 3514 999 3559 est.
1063 3504 1261 3576 Utpote
1317 3508 1565 3563 homines
1621 3524 1828 3577 pugnas
1880 3511 2225 3574 habebimus,
2251 3524 2305 3567 et

738 3596 838 3650 liae
858 3598 1035 3666 gratia
1064 3614 1161 3668 pro
1216 3614 1374 3669 posse
1417 3612 1603 3655 nostro
1652 3601 2051 3671 dignabimur:
2097 3604 2306 3660 fervido

736 3687 855 3741 zelo
892 3691 1030 3745 lianc
1074 3700 1367 3746 exerceant
1396 3692 1610 3746 Domini
1658 3694 1820 3749 vitam
1862 3706 2024 3750 totam
2064 3708 2124 3752 ut
2158 3711 2311 3767 pete-

736 3791 864 3835 runt
925 3784 1238 3849 imitantes;
1276 3796 1334 3839 ut
1374 3795 1636 3855 perpetuo
1671 3789 2019 3843 inveniantur
2046 3793 2142 3856 qui
2170 3794 2311 3845 cele-

741 3876 900 3930 brent
929 3885 985 3930 et
1006 3876 1099 3945 qui
1132 3878 1559 3938 communicent,
1594 3879 1687 3947 qui
1732 3881 1854 3948 ejus
1884 3890 2065 3951 typum
2092 3894 2308 3950 gerant,

744 3974 799 4020 ιιι
831 3969 1090 4037 quotidie.
1110 3969 1155 4023 si
1191 3979 1439 4037 possunt.
1468 3971 1589 4038 ejus
1617 3974 2192 4027 commemorationem
2219 3990 2312 4028 ce-

744 4060 956 4115 lebrent
982 4081 993 4115 :
1032 4063 1220 4130 sicque
1248 4064 1375 4115 unio
1405 4064 1510 4117 erit
1558 4064 1698 4117 inter
1728 4064 1891 4119 Deum
1916 4074 1969 4120 et
1996 4082 2116 4129 nos,
2151 4078 2204 4121 et
2231 4071 2311 4119 iu-

746 4164 831 4210 ter
862 4155 1081 4226 angelos
1136 4164 1191 4210 et
1220 4156 1389 4210 Deum
1438 4166 1492 4210 et
1543 4172 1662 4218 nos.
1714 4166 1770 4212 et
1816 4158 2028 4213 animas
2076 4171 2313 4222 sanctus,

748 4258 912 4317 atque
957 4250 1169 4304 animas
1224 4249 1462 4304 ﬁdelium
1512 4253 1753 4304 omnium
1809 4251 1903 4320 qui
1958 4252 2046 4319 pie
2086 4252 2315 4315 vivunt;

750 4342 866 4395 sive
897 4342 1364 4411 perseveraverint
1393 4352 1447 4396 et
1492 4341 1773 4412 proliciant
1796 4341 1849 4395 in
1882 4342 2115 4396 vivendo
2146 4351 2316 4403 recte,

754 4433 868 4487 sive
888 4448 1011 4486 cum
1039 4432 1407 4501 peccaverint,
1444 4447 1539 4500 per
1573 4433 1973 4498 paenitentiam,
2006 4431 2321 4483 misericor-

754 4528 897 4580 dizuu
930 4534 985 4577 et
1015 4526 1431 4579 conversionem
1458 4522 1524 4575 ad
1578 4516 1868 4590 puritatem
1896 4521 2221 4583 meruerint,
2265 4530 2319 4573 et

756 4619 976 4684 insuper
1008 4633 1069 4670 ex
1100 4616 1200 4670 hoc
1237 4617 1289 4669 in
1323 4630 1537 4669 omnem
1580 4628 1882 4668 creaturam
1920 4613 2088 4665 multa
2124 4614 2323 4666 redun—

753 4713 845 4769 dat
864 4713 1220 4767 sanctiﬁcatio
1256 4730 1271 4765 :
1301 4712 1355 4765 in
1406 4711 1471 4764 iis
1506 4711 1649 4765 enim
1700 4725 1929 4780 quorum
1984 4723 2122 4779 opus
2146 4707 2323 4767 .habe-

758 4822 877 4859 mus
924 4808 978 4858 in
1041 4805 1232 4859 ordiue
1285 4803 1351 4857 ad
1411 4803 1726 4856 sensibilein
1777 4803 1963 4864 vitam,
2026 4801 2319 4855 maximum

760 4899 917 4952 nobis
952 4898 1007 4951 in
1046 4897 1147 4950 lioe
1179 4896 1454 4949 invenitur
1500 4894 1782 4959 auxilium,
1813 4902 1868 4947 et
1922 4892 1995 4945 illi
2030 4895 2121 4961 qui
2163 4892 2324 4948 oll'ert

762 4993 846 5059 pie
868 5002 920 5046 et
946 4992 1173 5059 impigre
1199 4990 1368 5043 multa
1405 4987 1559 5040 valde
1588 5001 1813 5039 merces.
1845 4984 2000 5049 Quod
2026 4986 2066 5037 si
2089 4999 2193 5037 non
2226 5000 2323 5053 po-

765 5092 871 5137 test
914 5082 1153 5152 quotidie
1201 5080 1510 5142 celebrare,
1558 5077 1746 5129 saltem
1797 5075 1987 5128 ollerat
2035 5086 2225 5143 quater
2274 5076 2324 5126 in

765 5174 1122 5236 hebdomade,
1153 5172 1451 5226 secundum
1484 5167 1735 5221 liasiliunt
1792 5166 2061 5237 Magnum,
2118 5166 2207 5235 qui
2260 5167 2329 5218 ita

2404 3436 2500 3488 καὶ
2532 3434 2780 3501 ἀγγέλων
2813 3432 2950 3500 μετὰ
2978 3427 3110 3480 Θεοῦ
3124 3428 3217 3479 καὶ
3247 3425 3443 3483 αὐτῶν,
3482 3424 3567 3476 καῖ
3587 3421 3774 3488 ψυχῶν
3795 3417 3979 3483 ἱερῶν,

2406 3522 2702 3591 καλψυχῶν
2726 3521 2935 3574 πιστῶν
2951 3520 3202 3576 ἀπασῶν,
3241 3514 3335 3567 καὶ
3364 3512 3471 3564 τῶν
3502 3510 3720 3591 ζώντων
3748 3507 3805 3558 δέ
3838 3506 3989 3556 εὐσε-Δ

2410 3617 2540 3676 ϐῶς.
2586 3616 2693 3667 είτε
2724 3610 3138 3681 κατορθούντων
3165 3605 3416 3673 προκοπή
3443 3620 3503 3655 τε
3534 3602 3629 3653 καὶ
3656 3597 3983 3667 στηριγμός.

2412 3709 2536 3761 Εἴτε
2573 3707 2899 3767 πταιόντων,
2938 3706 2986 3755 εἱ
3018 3700 3363 3771 μεταγνοῖεν,
3402 3694 3632 3762 ἱλασμός
3656 3693 3751 3743 καὶ
3774 3689 3981 3753 καθαρ-

2414 3815 2546 3851 σιον·
2599 3799 2692 3855 καὶ
2716 3797 2795 3849 ἐτι
2829 3800 2897 3865 τῇ
2930 3794 3109 3846 κτίσει
3139 3791 3287 3859 πάσῃ
3323 3790 3397 3858 ἐκ,
3414 3783 3607 3840 τούτου
3643 3784 3797 3835 ἔσται
3827 3774 3989 3848 377

2427 3889 2732 3957 ἀγιασμός’
2781 3888 2875 3939 καὶ
2906 3888 2964 3937 ἐν
2992 3880 3070 3943 οἷς
3100 3884 3157 3934 δέ
3190 3879 3464 3951 χρῄζομεν
3496 3873 3789 3943 αἱσθητῶς,
3832 3868 3989 3938 μεγί-

2418 4003 2515 4052 στη
2548 3981 2773 4051 βοήθεια
2793 3993 2809 4009 ο
2840 3977 2936 4030 καὶ
2974 3977 3001 4028 ό
3034 3974 3174 4042 ὑπὲρ
3196 3972 3389 4023 τούτου
3416 3967 3607 4036 μισθὶς
3636 3964 3717 4032 τῷ
3746 3959 3989 4018 εὐλαϐῶς

2418 4050 2793 4144 ἱερουργοῦντι
2822 4068 2919 4120 καὶ
2947 4064 3241 4136 προθύμως
3280 4062 3362 4115 ὅτι
3394 4059 3579 4120 πολύς.
3614 4058 3673 4108 El
3724 4054 3769 4107 δ’
3796 4053 3856 4105 ού
3903 4050 3996 4144 δυ·

2419 4140 2583 4219 νατδνν
2607 4164 2667 4216 τὸ
2701 4162 2823 4216 καθ’
2855 4160 3069 4229 ἡμέραν
3108 4154 3434 4225 ἱερουργεῖν,
3462 4149 3562 4202 κᾶν
3601 4145 3857 4213 τετράκις
3899 4140 3996 4206 τῆς

2422 4256 2717 4325 ἑϐδομάδος
2744 4252 2883 4306 κατὰ
2908 4251 3000 4304 τδν
3038 4250 3208 4317 μέγαν
3233 4245 3533 4298 Βασίλειον.
3559 4238 3729 4292 Τοῦτο
3748 4236 3794 4289 δ’
3825 4235 3997 4289 ἐποίει

2422 4344 2601 4413 οὗτος,
2635 4346 2735 4407 τὰς
2781 4344 2930 4414 τρεῖς
2961 4337 3411 4405 καταλιμπάνων,
3453 4329 3766 4401 ἱερουργίαν
3806 4326 3997 4392 ἐτέραν

2423 4441 2522 4507 τὴν
2547 4437 2637 4491 διὰ
2668 4433 2761 4488 τοῦ
2794 4434 2960 4500 λόγου
3009 4431 3107 4498 τῆς
3148 4426 3493 4484 διδασκαλίας
3526 4420 3783 4489 ἐνεργῶν.
3825 4416 3898 4468 τὸ
3944 4415 4000 4507 δέ

2429 4504 2551 4582 καθ’
2623 4525 2838 4595 ἡμέραν
2896 4520 3199 4590 ἱερουργεῖν
3263 4515 3366 4568 ούκ
3425 4512 3537 4577 ἐγὼ
3600 4508 3696 4562 ἀπ’
3762 4504 3999 4576 ἐμαυτοῦ

2430 4617 2623 4691 θαρῤῶ
2645 4616 2850 4683 λέγειν,
2879 4613 2994 4666 ἀλλ’
3023 4611 3130 4663 ἀπὸ
3158 4606 3251 4659 τοῦ
3276 4604 3527 4671 Σωτῆρος
3548 4599 3756 4669 μαθὼν,
3792 4617 3809 4648 ι
3833 4595 4003 4691 Τοῦτο

2431 4689 2660 4775 ποιεῖτε,
2695 4710 2966 4775 λέγοντος,
2993 4704 3073 4764 εἰς
3120 4701 3219 4770 τὴν
3259 4696 3398 4766 ἐμὴν
3438 4693 3768 4760 ἀνάμνησιν.
3812 4707 3830 4740 ι
3868 4689 3999 4747 Καὶ,

2439 4828 2457 4859 ι
2501 4803 2645 4871 Ἐγὼ
2676 4800 2775 4863 ζῶ,
2805 4800 2900 4852 καὶ
2923 4798 2951 4848 ὀ
2975 4795 3204 4864 τρώγων
3241 4808 3306 4860 με
3332 4788 3554 4858 ζήσεται
3586 4782 3652 4836 δι’
3684 4781 3804 4851 ἐμέ.
3848 4798 3866 4831 ι
3898 4780 4006 4871 lui.

2434 4901 2482 4952 oi
2530 4869 2821 4949 ἀπόστολοι
2868 4891 2924 4944 δέ
2953 4888 3097 4941 οὕτω
3132 4882 3411 4942 ποιοῦντες
3445 4876 3770 4937 ἐδείκνυντο,
3819 4869 4010 4940 σχολό-

2438 4985 2621 5047 ζοντες
2667 4982 2735 5050 τῇ
2786 4977 3061 5045 προσευχῇ
3114 4975 3205 5025 καὶ
3239 4973 3305 5040 τῇ
3343 4968 3532 5022 κλάσει
3575 4962 3669 5017 τοῦ
3716 4962 3905 5030 ἄρτου,

2438 5049 2750 5141 γέγραπται
2769 5085 2785 5101 ο
2812 5071 2879 5137 τῇ
2907 5065 3191 5136 ἱερουργίᾳ
3221 5063 3329 5114 τῶν
3353 5055 3667 5129 μυστηρίων
3689 5052 3890 5123 δηλαδὴ
3916 5049 4007 5100 καὶ

2437 5167 2502 5234 τῇ
2536 5161 2812 5231 κοινωνίᾳ.

765 5270 977 5337 agebat,
1037 5280 1145 5321 tres
1196 5268 1313 5321 dies
1346 5268 1478 5320 alios
1519 5266 1940 5337 prseterntittens
1967 5278 1980 5325 ;
2016 5261 2287 5315 alternum
2319 5260 2393 5313 ita
2430 5258 2761 5313 sacriﬁcium
2794 5250 3069 5307 oll'erebat‘;
3096 5248 3245 5316 juxta
3278 5239 3653 5313 pmscripturn
3676 5234 4005 5337 magisterii.

767 5329 1018 5425 Quotidie
1050 5363 1386 5415 ollervndum
1417 5329 1537 5414 esse
1591 5373 1699 5411 non
1739 5374 1769 5411 a
1826 5371 1912 5411 me
1974 5355 2095 5424 ipso
2156 5353 2372 5409 conﬁdo
2428 5354 2641 5410 docere.
2676 5350 2769 5403 sed
2829 5350 2943 5416 ipse
2968 5359 2998 5397 a
3035 5341 3311 5395 Salvatore
3335 5338 3580 5391 edoctus.
3606 5329 3760 5399 cujus
3790 5329 3905 5425 Inoo
3928 5332 4009 5377 εει

771 5459 995 5513 verbum
1032 5476 1044 5510 :

1117 5476 1134 5507 ι
1179 5457 1291 5511 Iloc
1336 5455 1493 5509 facite
1557 5454 1611 5506 in
1670 5468 1841 5505 meam
1886 5449 2482 5505 commemorationem.
2514 5465 2531 5496 ι
2560 5445 2624 5499 Et
2657 5443 2831 5499 istud:
2868 5460 2885 5492 ι
2914 5440 3023 5509 Ego
3055 5438 3175 5489 vivo
3206 5442 3260 5487 et
3287 5431 3379 5500 qui
3424 5427 3714 5483 manducat
3760 5438 3847 5477 me
3895 5421 4009 5489 ipse

772 5557 917 5607 vivet
947 5560 1170 5621 propter
1198 5550 1367 5603 me“.
1397 5570 1416 5599 ι
1442 5546 1506 5600 Et
1551 5545 1780 5614 apostoli
1830 5543 1908 5596 sic
1965 5542 2158 5595 iecisse
2214 5542 2559 5595 declarantur
2594 5537 2837 5592 :etenim
2888 5530 3120 5587 orationi
3166 5535 3220 5580 et
3255 5522 3501 5578 fractioni
3552 5519 3705 5591 panis
3746 5518 4009 5572 instantes

774 5652 931 5696 erant
958 5650 1019 5694 ut
1046 5640 1306 5708 scriptum
1328 5647 1430 5702 est,
1450 5635 1715 5691 sacrificio
1739 5635 1947 5688 scilicet
1972 5642 2025 5685 et
2048 5630 2443 5685 communioni.

852 5733 928 5788 ile
961 5734 1065 5788 hoc
1127 5732 1479 5799 plurimorum
1532 5731 1796 5783 habemus
1839 5728 2059 5780 Patrum
2113 5725 2252 5777 dicta
2292 5730 2346 5777 et

778 5830 975 5895 laeta;
1036 5824 1329 5881 beatissimi
1373 5822 1604 5892 primum
1673 5819 1918 5888 Gregorii
1978 5816 2206 5871 llomani
2247 5816 2340 5883 qui

868 6009 913 6043 "
940 6008 1142 6067 lercm.
1173 6024 1357 6073 xtvnt,
1394 6007 1478 6063 l0.
1582 6005 1625 6038 ²⁰
1664 6003 1820 6059 Joan.
1864 6016 1939 6068 vt,
1975 6000 2060 6055 58.

2539 5721 2702 5776 Ἀλλὰ
2740 5720 2833 5770 καὶ
2873 5715 3083 5777 πολλοῖς
3114 5712 3222 5766 τῶν
3253 5708 3507 5778 Πατέρων
3539 5704 3665 5774 περὶ
3697 5701 3885 5757 τούτου
3924 5700 4009 5752 λέ·

2447 5816 2634 5868 λεκταί
2668 5830 2724 5866 τε
2753 5812 2846 5865 καὶ
2878 5810 3216 5880 πέπρακται,
3247 5803 3325 5873 τῷ
3354 5819 3410 5855 τε
3445 5798 3697 5871 μακαρίῳ
3729 5792 4013 5864 Γρηγορίῳ
