4460 6768
396 451 503 517 973

1727 476 1823 539 DE
1871 476 2348 540 SACERDOTIO

3560 484 3669 554 97$

396 564 476 635 τῷ
500 567 718 639 Ῥώμης
740 574 878 641 περὶ
907 574 1099 627 τούτου
1134 582 1569 653 προθυμουμένῳ
1604 587 1664 637 τὸ
1698 590 1841 637 θεῖον
1872 589 1961 656 ἔρ-
1995 588 2035 641 Α
2066 604 2157 641 sun

1892 590 1961 656 ρ·
1995 588 2035 641 Α
2066 604 2274 643 summa
2306 608 2431 645 cura
2467 594 2816 650 Celebrationi
2864 598 3029 651 divini
3064 600 3243 665 operis
3318 597 3653 666 inﬁgilnhal.

398 673 514 725 γον.
542 662 634 711 καὶ
664 664 723 713 ἐν
750 666 868 725 ταῖς
912 668 1186 735 νηστείαις
1228 671 1287 722 ἐν
1335 675 1399 739 τῇ
1444 674 1542 741 τῆς
1575 674 1798 745 Ῥώμης
1851 680 1972 729 Ἐκ.

398 748 630 817 κλησίαξ
662 752 739 815 ὡς
794 756 1032 822 λέγεται,
1064 760 1275 813 τελείαν
1320 765 1636 833 ἱερουργίαν
1680 768 1974 836 νομοθετή-

400 859 576 904 σαντι,
614 848 706 897 καὶ
741 850 866 917 περί
889 867 1034 913 τινος
1072 855 1375 910 ἐπισκόπου
1416 859 1573 911 τοῦτο
1606 863 1885 923 ποιοῦντος
1919 861 1978 912 τὸ

400 933 523 986 καθ’
550 937 764 1007 ἡμέραν
811 942 1115 1013 ἱερουργεῖν
1147 948 1481 1012 ἐκδιδάξαντι
1506 967 1520 981 ·
1554 953 1612 1005 ὃν
1652 953 1715 1021 δὴ
1751 954 1974 1006 ἐπίσκο-

399 1042 503 1116 πον
531 1030 584 1081 οι
621 1037 905 1101 κορυφαῖοι
937 1039 1078 1091 κατὰ
1113 1042 1211 1109 τὴν
1246 1045 1424 1096 αὐτῶν
1460 1047 1682 1116 μνήμην
1713 1048 1977 1115 προσελά-

398 1114 576 1179 ϐοντο,
628 1124 785 1189 φησὶ,
844 1128 982 1194 μετὰ
1029 1129 1129 1197 τὴν
1169 1131 1323 1186 θείαν
1363 1114 1699 1207 ἱερουργίαν,
1749 1138 1826 1201 ὡς
1879 1142 1973 1193 καὶ

400 1208 523 1303 καθ’
558 1209 776 1303 ὕπνουςῌ
798 1217 951 1287 αὐτῷ
983 1223 1402 1293 προηγόρευσεν
1427 1242 1442 1256 ·
1486 1229 1583 1281 καὶ
1626 1231 1975 1303 ⁹Δττολλωνίῳ

398 1300 479 1368 τῷ
512 1304 661 1371 ὁσίῳ,
717 1300 781 1359 οὗ
833 1310 929 1363 καὶ
986 1312 1035 1364 οί
1105 1317 1347 1383 μαθηταὶ
1403 1319 1525 1373 καθ’
1571 1322 1829 1390 ἑκάστην,
1881 1300 1976 1378 καλ

402 1392 721 1463 ίερούργουν
772 1399 865 1449 καὶ
919 1403 1166 1470 μετεῖχον
1216 1404 1331 1456 τῶν
1388 1407 1726 1475 μυστηρίων.
1780 1410 1889 1462 Καὶ
1946 1413 1973 1463 6

401 1481 545 1549 ἱερὸς
578 1485 636 1536 δέ
667 1486 1051 1559 Χρυσόστομος
1087 1492 1143 1544 ἐν
1172 1493 1349 1563 τούτῳ
1382 1500 1449 1549 τὰ
1472 1499 1571 1565 τῆς
1592 1498 1742 1561 θείας
1772 1518 1976 1567 μυστα-

400 1572 610 1639 γωγίας
632 1578 1007 1647 συνεγράψατο
1030 1582 1128 1634 σὺν
1146 1582 1225 1650 τῷ
1251 1584 1426 1652 Πατρὶ
1449 1583 1739 1655 Βασιλείῳ,
1760 1588 1977 1641 ἐπαινεῖ

398 1680 457 1714 τε
489 1665 613 1717 καθ’
641 1668 855 1737 ἡμέραν
883 1674 1009 1733 τοὺς
1036 1674 1133 1741 τῆς
1168 1677 1457 1739 κοινωνίας
1493 1679 1841 1747 μετέχοντας,
1874 1680 1973 1748 μόο

400 1770 490 1805 νον
520 1754 762 1821 εὐλαϐῶς
796 1761 892 1814 καὶ
919 1762 1104 1828 ἀξίως,
1138 1766 1230 1819 καὶ
1278 1769 1339 1819 ἐν
1384 1768 1507 1831 ταῖς
1554 1770 1867 1835 καθολικαῐς
1918 1773 1973 1825 δέ

414 1845 763 1916 Ἐκκλησίαις
826 1854 921 1906 καὶ
991 1855 1271 1926 πανταχοῦ
1330 1862 1446 1922 τοῖς
1505 1861 1974 1933 προθυμουμένοις

402 1939 527 1991 καθ’
588 1942 827 2012 ἐκάστην
884 1946 1221 2017 ἐνεργεῖσθαι
1292 1954 1361 2006 τὰ
1415 1956 1516 2022 τῆς
1582 1957 1975 2023 μυσταγωγίας

402 2034 784 2097 παραδέδοται.
821 2038 935 2092 Ἰνα
984 2041 1040 2094 δέ
1075 2044 1149 2113 μή
1187 2061 1296 2097 τισι
1340 2045 1403 2097 τδ
1454 2047 1620 2118 ῥηθὲν
1667 2046 1774 2111 ἔξω
1811 2048 1972 2116 λόγου

400 2125 553 2196 δόξῃ,
592 2128 672 2198 τῷ
718 2132 813 2182 καὶ
869 2138 1170 2201 κοσμικοῦς
1232 2140 1330 2206 μέν
1389 2137 1710 2193 ὑποκεῖσθαι
1760 2142 1854 2193 καὶ
1908 2144 1975 2211 τῇ

402 2220 630 2291 τοιαύτῃ
658 2222 909 2293 διακονία
936 2227 1153 2292 γυναιξὶ
1193 2229 1493 2295 συζῶντας,
1527 2234 1621 2285 καὶ
1652 2236 1765 2297 τοῖς
1808 2252 1979 2303 μονα-

403 2314 517 2379 χοῖς
584 2312 642 2366 δέ
702 2315 964 2381 πολλάκις
1023 2318 1123 2390 τὴν
1179 2323 1505 2391 νυκτερινὴν
1558 2325 1981 2397 ἐπισυμϐαίνειν

403 2405 691 2473 ἐπήρειαν.
743 2409 878 2463 ἀλλὰ
927 2414 1022 2464 καὶ
1072 2413 1248 2483 θυμοῦ
1306 2417 1401 2469 καὶ
1457 2421 1847 2487 μνησικακίας,
1886 2423 1982 2475 καὶ

406 2496 618 2549 πολλῶν
676 2501 881 2570 ἐτέρων
929 2504 1119 2556 παθῶν
1166 2508 1431 2578 ἐπήρειαν
1460 2510 1801 2577 ἐπιγίνεσθαι
1834 2513 1982 2566 πλείο

408 2606 554 2654 στοις
586 2593 832 2648 metm
866 2594 960 2649 τοῦ
993 2599 1257 2669 πονηροῦ.
1288 2600 1509 2657 Τούτων
1542 2604 1598 2657 δέ
1633 2606 1853 2659 πάντων
1881 2608 1985 2660 ἁπ-

402 2684 743 2754 ηλ)αγμένο;
780 2687 986 2754 ὀφείλει
1038 2686 1177 2744 εἶναι
1232 2692 1260 2744 ὁ
1307 2693 1527 2762 άληθῶς
1563 2697 1765 2766 ἱερεὺς,
1801 2699 1862 2750 τὸ
1886 2699 1983 2752 τοῦ

410 2780 644 2847 μεγάλου
688 2781 991 2845 Βασιλείου,
1018 2784 1065 2836 εί
1106 2783 1354 2849 δυνατὸν,
1389 2787 1740 2855 ἐνεργείσθω,
1781 2790 1841 2841 τὸ
1888 2791 1985 2858 τῆς

411 2870 705 2940 ἑϐδομάδος
758 2876 1019 2941 τετράκις
1074 2876 1399 2945 ἱερουργεῖν,
1452 2878 1527 2941 ὡς
1559 2881 1798 2947 εἴρηται.
1838 2882 1897 2935 Et
1942 2884 1985 2934 δ’

408 2961 523 3030 οἷν,
549 2964 651 3018 κᾶν
678 2965 759 3027 δῖς
784 2966 879 3032 τῆς
911 2966 1206 3036 ἑϐδομάδος
1235 2968 1651 3039 ἀπαραιτήτως.
1680 2972 1851 3027 Τοῦτο
1880 2975 1987 3041 γάρ

411 3060 504 3110 καὶ
537 3061 649 3121 τοῖς
674 3062 733 3113 ἐν
763 3062 951 3129 κόσμῳ
975 3063 1069 3115 καὶ
1106 3065 1365 3134 μοναχοῖς
1399 3065 1623 3119 δυνατόν
1658 3069 1772 3120 ἐστι
1803 3070 1895 3122 καὶ
1924 3072 1985 3122 οὐ

412 3150 565 3220 χώρα
596 3151 804 3213 τούτοις
842 3152 1161 3219 ἀπολογίας,
1197 3156 1264 3223 τῇ
1302 3154 1408 3206 τῶν
1443 3158 1602 3208 πέντε
1637 3159 1859 3226 ἡμερῶν
1895 3178 1988 3223 ειε-

2078 690 2132 731 et
2154 680 2361 748 legibus
2410 684 2728 749 providebat
2776 687 3050 754 quomodo
3101 688 3154 741 in
3220 688 3375 742 festis
3410 688 3662 743 Ecclesim

2080 769 2340 822 Romana‘
2372 771 2664 827 oﬂerri-tur
2694 776 3044 836 sacriﬁcium.
3082 785 3135 828 et
3168 778 3461 831 occasione
3486 776 3660 829 alicu-

2074 865 2164 927 jus
2198 863 2448 933 Episcopi
2484 868 2572 933 qui
2604 868 2847 934 quotidie
2882 869 3190 923 celebrabat
3232 870 3555 923 decreverat
3580 868 3657 921 ita

2078 955 2410 1017 faciendum;
2435 958 2633 1010 deinde
2662 962 2833 1012 sancti
2872 960 3162 1027 Apollonii,
3208 961 3367 1028 cujus
3398 960 3656 1028 discipuli

2078 1061 2293 1099 sacrum
2325 1048 2673 1103 celebrabant
2700 1050 2942 1118 quotidie
2977 1050 3298 1104 sacrificium
3332 1060 3387 1103 et
3414 1066 3660 1104 commu-

2078 1138 2337 1192 nicabant
2360 1142 2567 1195 sanctis
2598 1142 2894 1211 mysteriis.
2920 1141 3221 1196 Ets'inctus
3236 1141 3660 1211 Chrysostomus

2079 1227 2133 1281 in
2171 1229 2275 1283 hoc
2307 1234 2447 1298 quod
2479 1235 2544 1287 ad
2573 1250 2779 1288 sacram
2810 1236 3195 1305 mystagogiam
3250 1246 3463 1303 spectat
3519 1251 3660 1289 con-

2076 1321 2243 1374 sentit
2306 1322 2448 1393 l‘atri
2480 1324 2679 1378 Basilio
2729 1344 2743 1379 :
2807 1326 3102 1394 laudatque
3159 1342 3255 1381 eos
3282 1327 3373 1397 qui
3415 1328 3660 1395 quotidie

2075 1415 2446 1469 communioni
2480 1418 2827 1486 participant,
2879 1420 3040 1472 modo
3074 1420 3157 1487 pie
3202 1420 3473 1489 digneque
3515 1419 3662 1473 acci.

2076 1505 2249 1573 piant.
2274 1516 2328 1559 et
2358 1507 2411 1560 in
2468 1509 2711 1563 ecclesiis
2738 1510 3026 1563 catholicis
3061 1520 3116 1563 et
3165 1512 3365 1577 ubique
3412 1512 3520 1565 illis
3569 1512 3659 1575 qui

2075 1606 2333 1665 satagunt
2352 1599 2596 1666 quotidie
2616 1600 2893 1655 celebrare
2915 1616 3137 1655 munera
3167 1606 3457 1656 traduntur
3481 1602 3667 1656 initia-

2078 1688 2263 1742 tionis.
2299 1687 2374 1743 Ne
2410 1700 2591 1743 autem
2628 1689 2953 1758 quibusdam
2982 1702 3312 1761 praepostere
3342 1692 3547 1743 dictum
3585 1688 3665 1743 vi-

2075 1778 2305 1844 deatur;
2329 1794 2455 1833 nam
2485 1791 2540 1833 et
2575 1782 2629 1833 in
2656 1783 2858 1836 mundo
2882 1783 3071 1835 vivunt
3103 1782 3195 1837 tali
3226 1781 3531 1836 ministerio
3560 1778 3667 1833 inio

2079 1869 2197 1923 tiati
2226 1870 2534 1924 habitantes
2561 1887 2683 1925 cum
2714 1874 3017 1938 uxoribus;
3066 1883 3122 1927 et
3166 1874 3451 1927 monachis
3500 1872 3663 1927 etiam

2079 1974 2318 2029 perm-pe
2347 1960 2599 2014 accidunt
2625 1972 2905 2016 nocturna:
2951 1962 3301 2021 tentationes.
3348 1963 3433 2015 vel
3474 1960 3571 2015 ira
3612 1970 3663 2014 et

2078 2052 2244 2105 animi
2272 2054 2514 2108 rancoris
2532 2066 2626 2107 aut
2664 2056 2900 2123 plurium
2932 2054 3161 2108 aliarum
3190 2052 3502 2123 passionum
3531 2063 3659 2107 ten-

2080 2143 2316 2200 taliones
2337 2145 2573 2199 maxime
2605 2147 3075 2215 praeoccupatione
3110 2144 3430 2205 daemonis;
3458 2143 3529 2198 ab
3558 2142 3670 2197 illis

2079 2235 2339 2288 omnibus
2370 2236 2535 2307 longe
2570 2238 2764 2292 abesse
2797 2238 2961 2292 debet
2995 2236 3089 2305 qui
3116 2251 3246 2291 vere
3279 2233 3541 2291 sacerdos
3568 2244 3665 2290 est

2081 2338 2132 2380 et
2158 2336 2426 2397 quantum
2461 2337 2639 2397 potest
2672 2330 2851 2399 magni
2905 2328 3374 2391 Basiliinormam
3420 2328 3575 2396 sequi
3608 2336 3666 2380 ut

2084 2430 2278 2487 quater
2306 2420 2357 2473 in
2396 2420 2733 2474 hebdomada
2777 2420 3039 2475 celebret.
3100 2419 3196 2473 Sin
3228 2420 3412 2479 aliter.
3475 2419 3669 2471 saltem

2085 2510 2171 2563 bis
2196 2509 2617 2564 in'hebdomada
2650 2509 2745 2564 sed
2774 2520 2925 2565 certe
2957 2525 2973 2573 ;
3013 2513 3117 2563 hoc
3137 2509 3284 2564 enim
3319 2517 3371 2562 et
3408 2508 3476 2562 iis
3500 2508 3592 2575 qui
3619 2507 3671 2561 in

2085 2598 2292 2652 mundo
2318 2607 2449 2652 sunt
2481 2608 2537 2653 et
2570 2598 2860 2653 monachis
2888 2598 3112 2653 omnino
3143 2596 3404 2667 possibile
3433 2607 3539 2655 εει.
3573 2611 3675 2651 nec

2088 2689 2193 2744 illis
2226 2705 2350 2745 esse
2402 2700 2586 2760 potest
2637 2690 3013 2745 excusationis
3089 2691 3282 2754 locus;
3319 2700 3671 2760 possuntque

2088 2796 2187 2850 per
2220 2782 2357 2835 alios
2388 2782 2628 2852 quinque
2660 2783 2777 2836 dies
2822 2781 3179 2836 meditatione
3214 2791 3270 2835 et
3305 2789 3511 2835 attenta
3538 2796 3671 2835 cura

2088 2885 2143 2926 et
2174 2872 2525 2927 confessione
2575 2875 2942 2929 innocentiam
3002 2887 3353 2940 recuperare.
3387 2872 3572 2939 Quare
3616 2883 3672 2928 et

2089 2967 2465 3035 przedicationi
2507 2968 2612 3021 illis
2650 2976 2735 3021 est
2774 2967 3093 3021 instandum
3132 2975 3259 3019 ante
3310 2968 3516 3030 omnia,
3548 2981 3669 3035 qua:

2091 3074 2202 3128 prae
2232 3059 2353 3112 aliis
2385 3060 2714 3114 innocentia:
2740 3059 2894 3128 origo
2922 3074 3044 3113 esse
3074 3067 3279 3128 potest,
3310 3068 3366 3114 et
3392 3058 3566 3127 magis
3586 3063 3669 3111 est

2094 3151 2475 3204 sacerdotibus
2505 3151 2810 3205 necessaria
2866 3153 2957 3219 qui
3003 3151 3265 3221 perpetim
3300 3152 3569 3206 accedunt
3601 3149 3671 3204 ad

411 3239 541 3311 λέτῃ
570 3240 662 3292 καὶ
692 3244 933 3311 προσοχῇ
964 3244 1055 3294 καὶ
1088 3242 1481 3313 ἐξομολογήσει
1517 3247 1989 3317 προκαθαίρεσθαι
2016 3242 2061 3303 C
2099 3240 2172 3293 “0

1909 3249 1989 3301 )3;
2016 3242 2061 3303 C
2099 3240 2269 3293 Deum
2296 3242 2389 3309 qui
2424 3242 2606 3295 omnia
2664 3243 2801 3296 videt
2854 3254 2909 3295 et
2944 3244 3278 3311 poenitentia:
3304 3244 3398 3297 dat
3434 3244 3670 3298 veniam.

408 3332 749 3399 δυναμένοις.
787 3336 879 3383 Διὸ
912 3334 1007 3385 καὶ
1050 3333 1150 3399 τῆς
1183 3333 1593 3404 ἐξαγορεύσεως
1634 3338 1740 3406 πρὸ
1781 3342 1982 3401 παντῆς

409 3425 592 3485 αὐτοῖς
649 3424 983 3475 ἀνθεκτέον⁸
1042 3425 1124 3476 ὅτι
1176 3425 1272 3477 καὶ
1327 3426 1461 3494 αὕτη
1500 3427 1607 3495 πρὸ
1653 3428 1763 3480 τῶν
1808 3430 1983 3483 ἄλλων

410 3515 697 3585 καθαίρειν
727 3516 975 3577 δύναται,
1008 3519 1102 3570 καὶ
1132 3520 1242 3580 τοῖς
1293 3516 1531 3587 ἱερεῦσιν
1583 3521 1985 3591 ἀναγκαιοτέρα

407 3609 462 3660 (ῗέ
496 3608 696 3671 μᾶλλον
728 3608 869 3677 αὕτη
913 3612 1022 3671 τοῖς
1055 3609 1322 3678 διηνεκῶς
1360 3610 1638 3676 ἐγγίζουσι
1688 3614 1768 3682 τῷ
1810 3616 1985 3667 πάντα

410 3702 572 3752 είδότι
609 3700 748 3769 θεῷ,
781 3702 871 3753 καὶ
903 3703 968 3769 τῇ
1005 3701 1266 3771 μετανοίᾳ
1306 3701 1403 3771 τὴν
1457 3702 1653 3770 ἄφεσιν
1704 3705 1983 3759 δεδωκότι.

412 3792 473 3843 Et
522 3792 577 3843 δέ
614 3808 673 3857 γε
711 3790 918 3851 πάθους
950 3791 1093 3852 τινος
1137 3792 1463 3860 ἐπικράτεια
1506 3793 1705 3857 μᾶλλον
1736 3798 1875 3849 κατά
1908 3816 1988 3851 τι-

411 3899 500 3942 νος
527 3881 765 3947 γένοιτο·
808 3882 967 3933 τοῦτο
997 3882 1050 3933 δέ
1087 3884 1197 3943 τοῖς
1248 3886 1649 3952 μνησικακοῦσι
1674 3888 1986 3953 συμϐαίνει

413 3973 576 4024 πλέον
604 3974 698 4024 καὶ
736 3975 848 4034 τοῖς
888 3974 1156 4042 βασκανίᾳ
1185 3976 1279 4028 καὶ
1306 3976 1493 4043 φθόνῳ
1514 3995 1945 4049 κεκρατημςνοις
1972 3997 1986 4013 ο

410 4064 470 4113 ο)
500 4063 618 4114 δέον
654 4064 751 4128 μὲν
789 4064 880 4114 τον
904 4063 981 4131 τῷ
1018 4062 1181 4115 πάθει
1215 4064 1411 4117 ἁλόντα
1438 4066 1515 4134 τῷ
1543 4068 1733 4136 ἀγαθῷ
1767 4071 1861 4122 καὶ
1892 4073 1988 4139 τῆς

411 4153 636 4219 εἰρήνης
673 4154 895 4221 χορηγῷ
945 4156 1331 4221 προσεγγίσαι,
1363 4157 1593 4224 ὄργανον
1640 4162 1987 4214 καταστάντα

410 4241 488 4308 τῷ
515 4241 757 4309 πονηρῷ,
786 4243 861 4304 ὡς
903 4244 960 4292 ἐν
989 4243 1139 4310 αὐτῴ
1179 4244 1267 4296 διὰ
1300 4245 1394 4296 τοῦ
1428 4246 1634 4309 πάθους
1667 4252 1950 4319 οἰκήσαντι
1972 4270 1984 4281 ·

410 4333 727 4395 γινωσκέτω
763 4334 818 4385 δὲ
848 4333 1023 4398 οὗτος,
1054 4335 1129 4396 ὡς
1176 4334 1266 4385 τὸν
1308 4337 1401 4388 τοῦ
1446 4339 1651 4402 πάθους
1696 4341 1853 4409 λόγον
1896 4346 1989 4397 καὶ

412 4429 509 4497 τῆς
541 4428 738 4497 ἀργίας
778 4430 1239 4498 ἁπαιτηθήσεται,
1274 4430 1611 4501 αὐτεξουσίῳ
1641 4435 1835 4506 γνώμη
1867 4438 1988 4488 tau.

412 4522 503 4571 τδν
533 4520 719 4581 ἐκδοὺς
761 4522 887 4580 ταῖς
931 4520 1025 4571 τοῦ
1055 4522 1293 4589 πονηροῦ
1330 4522 1679 4589 συμϐουλαῖς.
1716 4525 1852 4577 Οὐδὲ
1882 4530 1989 4595 γὰρ

416 4612 572 4679 ἰσχὺς
614 4612 690 4676 τῷ
722 4610 902 4679 ἐχθρῷ
937 4614 1043 4681 ὅπη
1101 4612 1361 4681 βουλητὸν
1394 4613 1543 4682 αὐτῷ
1572 4617 1721 4683 ἡμᾶς
1755 4621 1989 4685 καταφέ-

415 4719 549 4768 ρειν·
631 4703 714 4753 ὅτι
747 4702 955 4754 δέδοται
978 4704 1111 4772 ἡμῖν
1138 4704 1355 4769 ἐξουσία
1378 4707 1571 4757 πατεῖν
1601 4706 1787 4759 ἐπάνω
1816 4708 1992 4773 ὄφεων

416 4793 509 4845 καὶ
545 4794 845 4861 σκορπίων,
878 4795 988 4845 τῶν
1022 4795 1329 4848 ἐπιϐούλων
1370 4798 1466 4849 καὶ
1507 4802 1841 4867 νεκροποιῶν
1880 4803 1993 4854 δαι-

418 4884 615 4950 μόνων.
649 4885 742 4935 καὶ
772 4886 863 4935 ἐπὶ
898 4886 1079 4937 aria-xv
1112 4886 1277 4937 αὑτοῦ
1310 4887 1405 4939 τοῦ
1439 4890 1674 4958 πονηροῦ
1707 4890 1803 4959 τήν
1838 4891 1995 4944 δύνα-

420 4992 531 5041 μιν.
568 4976 746 5027 Μόνον
788 4977 898 5043 γὰρ
948 4976 1310 5043 προσϐάλλειν
1345 4978 1530 5049 χώραν
1567 4981 1811 5049 εὑρίσκει
1839 4986 1866 5034 ὀ
1899 4987 1994 5050 τῆς

416 5066 618 5123 κακίας
646 5065 901 5135 εὑρέτης.
938 5069 1028 5129 Εἰς
1057 5068 1288 5139 δοκιμὴν
1316 5071 1371 5122 δὲ
1403 5072 1497 5124 καὶ
1520 5073 1695 5135 τοῦτο,
1723 5072 1797 5136 ὡς
1827 5075 1995 5139 ἔγνω-

422 5172 546 5223 μεν,
574 5155 680 5206 τῶν
712 5157 921 5208 πιστῶν
947 5176 1005 5209 τε
1042 5160 1135 5210 καὶ
1168 5161 1439 5213 ἐκλεκτῶν
1466 5176 1480 5189 '
1513 5163 1575 5215 οὐ
1613 5164 1719 5233 μὴν
1750 5165 1871 5231 βίαν
1903 5167 1997 5216 ἐπ-

422 5246 576 5312 άγειν
614 5247 748 5307 ὅλως
781 5248 875 5299 καὶ
905 5252 1206 5318 τυραννεῖν.
1240 5251 1366 5303 Ὀτι
1397 5254 1519 5306 οὐδέ
1555 5258 1699 5307 κατὰ
1731 5257 1840 5309 τῶν
1868 5258 1995 5310 ἀλοο

425 5355 537 5404 γιον
570 5339 764 5407 ἰσχύει,
796 5339 996 5409 κτίσμα
1028 5342 1312 5411 τυγχάνων
1360 5343 1521 5396 Θεοῦ.
1564 5345 1643 5414 Τῇ
1674 5348 1995 5416 προαιρέσει

421 5434 600 5483 τοίνυν
626 5432 787 5500 ἡμῶν
819 5433 911 5484 καὶ
942 5433 1159 5503 θελήσει
1194 5438 1450 5503 κειμένου
1492 5438 1586 5489 τοῦ
1620 5440 1776 5508 νικᾷν
1810 5440 1995 5501 αὐτὸν.

423 5526 512 5574 κ·ιὶ
554 5523 651 5591 τὴν
687 5523 888 5589 ἀρετὴν
918 5525 1244 5595 κατορθοῦν,
1283 5528 1802 5597 κατακριθησόμεθα
1837 5532 2000 5583 νικώ-

428 5632 578 5677 μενοι.
616 5614 743 5683 παρ’
779 5615 971 5677 αὑτοῦ,
1002 5618 1089 5668 καὶ
1119 5617 1206 5668 διὰ
1242 5618 1413 5681 πάθος
1440 5637 1490 5670 τι
1519 5620 1825 5687 βδελυκτὺν,
1855 5625 2001 5693 τηλι-

426 5705 633 5769 καὺτης
677 5707 1031 5775 στερούμενοι
1088 5710 1487 5777 ὑπερουρανίου
1521 5710 1750 5780 δωρεᾶς.
1791 5716 1891 5780 τῆς
1942 5733 2000 5766 τε

430 5799 745 5866 ἱερουργίας
775 5800 941 5867 φημὶ,
968 5801 1061 5853 καὶ
1102 5799 1195 5851 τοῦ
1246 5801 1309 5853 ἐκ
1341 5803 1542 5872 ταύτης
1576 5805 1872 5872 ἀγιασμοῦ.
1906 5809 2004 5859 Διά

432 5890 588 5941 τοῦ.ο
617 5898 707 5942 καὶ
732 5890 1033 5961 καθαρτέον
1056 5893 1228 5962 ὁπόση
1249 5894 1497 5963 δύναμις,
1521 5896 1613 5948 καὶ
1637 5898 2004 5952 σπουδαστέον

2089 3330 2142 3384 Si
2192 3330 2363 3397 igitur
2408 3331 2641 3399 alicuius
2702 3333 2781 3384 vis
2830 3334 3107 3401 passionis
3147 3344 3336 3387 contra
3377 3334 3671 3401 quemdam

2086 3422 2305 3483 swviat;
2336 3422 2436 3474 hoc
2480 3430 2659 3473 autem
2703 3422 2872 3488 magis
2925 3422 3125 3475 accidit
3174 3423 3373 3475 amaris
3433 3423 3517 3476 vel
3570 3437 3674 3476 sa:-

2090 3510 2361 3564 vientibus
2393 3512 2519 3563 odio
2551 3511 2632 3563 vel
2662 3510 2863 3563 invidia
2890 3511 3229 3581 consumptis
3259 3527 3274 3577 ;
3312 3527 3418 3564 non
3450 3512 3670 3580 quidem

2088 3612 2302 3671 oportet
2322 3603 2579 3657 accedere
2608 3604 2672 3655 ad
2697 3619 2820 3655 eum
2842 3604 2932 3670 qui
2961 3605 3136 3656 bonus
3156 3614 3239 3657 est
3267 3612 3320 3657 et
3344 3604 3451 3657 dux
3483 3604 3673 3673 pacili-

2090 3706 2223 3753 cus;
2282 3708 2404 3746 cum
2449 3694 2539 3763 qui
2598 3695 2852 3760 passione
2898 3704 3203 3747 exerceatur
3254 3708 3377 3747 cum
3431 3694 3547 3763 ipse
3596 3694 3669 3749 sit

2092 3784 2267 3839 factus
2286 3784 2407 3838 mali
2441 3800 2701 3853 organum
2730 3784 2821 3853 qui
2853 3785 2903 3836 in
2932 3800 2995 3838 eo
3025 3785 3208 3839 sedem
3238 3801 3335 3855 per
3360 3787 3667 3853 passionem

2092 3877 2275 3930 habet.
2298 3878 2601 3945 Coguoscat
2633 3885 2810 3928 autem
2837 3876 2924 3929 ille
2951 3878 3078 3945 quia
3110 3877 3382 3947 passioois
3410 3888 3464 3931 et
3490 3878 3664 3947 negli-

2090 3980 2281 4037 gentia-
2311 3971 2574 4022 rationem
2612 3969 2835 4028 reddet.
2879 3984 2935 4021 se
2963 3968 3273 4023 voluntarie
3321 3970 3673 4036 scienterque

2091 4063 2332 4116 subdens
2358 4061 2482 4114 mali
2521 4061 2983 4130 suggestionibus.
3012 4060 3128 4114 Non
3154 4072 3237 4116 est
3267 4064 3415 4115 enim
3451 4062 3675 4116 inimico

2092 4164 2332 4222 potestas
2362 4170 2459 4207 nos
2491 4168 2835 4221 quocumque
2883 4153 3117 4207 voluerit
3164 4154 3443 4222 impellere
3471 4169 3487 4218 ;
3513 4155 3674 4207 nobis

2089 4246 2343 4315 equidem
2376 4245 2499 4297 data
2533 4254 2616 4297 est
2648 4244 2872 4297 libertas
2904 4244 3150 4298 calcandi
3183 4254 3496 4313 serpentes.
3526 4250 3674 4313 aspi-

2093 4338 2190 4390 dcs
2232 4346 2285 4389 et
2314 4337 2655 4404 scorpiones,
2708 4333 2984 4389 dzcmones
3044 4334 3254 4390 scilicet
3311 4344 3583 4389 tentantes
3621 4346 3677 4389 et

2094 4440 2325 4483 mortem
2353 4428 2675 4489 inferentes,
2705 4436 2759 4479 et
2786 4426 3072 4481 incedendi
3124 4442 3288 4495 super
3312 4442 3531 4481 omnem
3566 4430 3674 4481 vir-

2099 4534 2268 4575 tutem
2304 4520 2588 4576 daemonis.
2652 4518 3005 4571 Solninmodo
3046 4519 3318 4572 licentiam
3371 4520 3527 4571 habet
3577 4537 3675 4572 nos

2101 4613 2451 4683 impugnandi
2480 4612 2698 4665 malitia!
2724 4612 2825 4665 iste
2851 4612 3024 4663 tristis
3059 4611 3331 4673 inventor.
3372 4611 3423 4663 in
3459 4614 3675 4681 experi-

2102 4715 2369 4764 mentum.
2399 4713 2457 4756 ut
2513 4703 2767 4755 novimus
2816 4701 3054 4754 lidelium
3102 4710 3157 4753 et
3203 4703 3524 4764 οΙιιι·ιοιίιιιι,
3570 4718 3675 4754 non

2100 4807 2283 4849 autem
2312 4796 2480 4848 vitam
2505 4793 2697 4860 agendi
2739 4802 2791 4843 et
2837 4791 3119 4860 tyrannice
3166 4792 3393 4843 omnino
3429 4792 3675 4861 regendi.

2095 4884 2709 4942 Contra’irrationabilia
2732 4881 2865 4935 nihil
2892 4891 3088 4950 potest.
3120 4896 3241 4950 quze
3266 4882 3359 4935 Dei
3378 4892 3504 4935 sunt
3527 4897 3680 4937 crea-

2098 4989 2236 5031 tura.
2256 4978 2392 5031 Cum
2422 4978 2582 5046 igitur
2620 4992 2715 5043 per
2748 4989 2846 5027 nos
2872 4984 2975 5027 stet
2995 4982 3052 5026 ut
3080 4973 3434 5027 inclinatione
3474 4974 3676 5028 mentis

2098 5079 2152 5123 et
2182 5068 2458 5121 voluntate
2487 5070 2771 5119 vincamus
2824 5066 2972 5118 illum
2996 5074 3050 5118 et
3076 5064 3376 5117 secundum
3408 5065 3662 5118 virtutem

2099 5173 2247 5216 recte
2268 5162 2535 5216 vivamus.
2572 5158 3063 5211 condemnabimur
3104 5157 3147 5208 si
3195 5156 3263 5208 ah
3305 5155 3424 5222 ipso
3474 5164 3679 5210 attera-

2102 5270 2225 5309 mur
2247 5264 2302 5306 et
2332 5251 2462 5303 illud
2492 5250 2819 5303 horrendum
2866 5249 3161 5300 subeamus
3192 5256 3251 5299 ut
3283 5262 3312 5299 a
3346 5255 3493 5298 tanta
3528 5248 3677 5299 deei-

2100 5348 2291 5401 damus
2345 5344 2516 5412 gratia
2558 5340 2933 5409 supercmli-sti
2958 5377 2971 5397 .
3004 5336 3310 5392 sacerdotio
3342 5343 3587 5407 inquam,
3618 5349 3677 5393 et

2101 5435 2650 5499 eonsecrationcqiue
2680 5442 2763 5482 est
2812 5447 2876 5483 et
2934 5432 3043 5482 illo.
3092 5429 3272 5493 Quare
3316 5445 3447 5497 ergo
3491 5440 3680 5485 sancte

2101 5545 2153 5585 et
2179 5546 2311 5600 pure
2337 5527 2491 5581 nobis
2522 5524 2808 5578 vivendum
2846 5535 2932 5577 est
2973 5522 3120 5574 omni
3155 5522 3444 5576 conamine
3480 5534 3535 5577 et
3564 5524 3677 5577 for-

2106 5622 2370 5682 titudine;
2400 5616 2694 5672 etoinnino
2719 5616 2999 5667 nitendum
3032 5628 3098 5667 ne
3123 5613 3428 5668 incidamus
3460 5616 3512 5668 in
3537 5618 3674 5669 retia

2108 5714 2259 5768 mali.
2286 5711 2673 5765 Custodiamus
2704 5708 3065 5775 nosmetipsos
3098 5706 3186 5773 qui
3235 5706 3545 5761 sacerdotio
3587 5707 3675 5760 di-

2108 5807 2196 5872 giti
2228 5819 2414 5857 sumus
2444 5800 2633 5861 habiti,
2666 5812 2724 5851 ut
2763 5798 3091 5851 imtnaculati
3131 5809 3397 5865 quantum
3437 5797 3493 5851 in
3525 5800 3680 5853 nobis

2108 5908 2182 5948 est
2217 5894 2539 5945 assistamus
2580 5902 2631 5943 et
2678 5890 3051 5956 ministrentus
3096 5885 3203 5940 Deo
3245 5888 3591 5941 immaculato
3625 5900 3677 5942 et
