3990 6298
481 367 587 420 ’15

466 506 477 523 ε
512 497 634 552 ejus
655 479 951 538 virtutibus
979 479 1264 556 refertum,
1301 480 1421 554 ejus
1444 479 1872 538 charismatibus
1910 479 2103 535 condi-

512 581 652 640 tum,
698 574 818 645 ejus
853 582 1282 647 sanctorumque
1334 573 1608 631 sociorum
1655 571 1830 644 ipsius
1874 587 2011 635 auro
2053 581 2108 628 et

511 667 745 738 gemmis
773 666 1105 724 confectum.
1141 667 1451 724 Codieellus
1498 674 1587 722 est
1615 665 1850 722 recentis
1881 664 2110 721 transla-

513 759 702 823 tionis.
734 761 1127 831 signorumque
1168 760 1361 831 ipsius,
1389 772 1730 829 suorumque
1759 767 2106 825 consertum,

511 867 635 922 quae
680 851 912 908 diversis
962 853 1099 910 locis
1144 867 1243 924 per
1293 852 1398 908 hoc
1441 849 1555 907 fere
1601 850 1673 907 ab
1716 849 1833 922 ipsa
1875 849 2109 907 transla-

1510 361 1873 423 GOSCELINI
1909 360 2469 420 CANTUARIENSIS
2504 361 2813 420 MONACIII
3733 371 3799 429 ω

2211 479 2360 535 tione
2389 479 2758 550 scptennium,
2793 479 3024 535 testibus
3051 480 3288 537 ﬁdelium
3321 481 3673 552 prmscnthnn
3705 499 3801 544 ass

2208 571 2459 644 pectibus
2493 572 2638 628 clare
2668 582 2877 643 patrata
2916 583 3240 629 ιιοδιοιιιιιιιν.
3279 573 3440 630 licata
3474 577 3550 630 tui
3585 577 3800 646 pontiﬁ-

2207 662 2277 720 cii
2305 673 2571 735 tcmpora,
2599 664 2876 736 inquibus
2903 674 3052 721 tanta
3072 665 3437 723 diuturnitate
3458 668 3644 723 clausa
3675 685 3798 740 par-

2209 756 2447 813 turicnte
2501 767 2820 813 sanctorum
2871 768 3037 824 terra,
3083 757 3285 814 reluxit
3332 759 3492 817 nobis
3520 762 3800 822 cuiusuis

2207 847 2440 920 gemmis
2471 847 2585 904 hmc
2614 848 2860 920 angelica
2887 848 3213 921 margarita!
3244 859 3334 906 etc

507 1011 3762 1038 Μ

1680 1176 2042 1269 LIBER
2109 1175 2603 1269 PRIMUS.

577 1376 762 1432 Cnpor
814 1373 854 1429 Ι.
901 1372 1294 1429 Tramlationis
1347 1370 1505 1442 hujus
1548 1372 1742 1443 festum
1798 1372 1924 1426 aliis
1983 1368 2086 1426 SS.
2116 1375 2166 1437 Α
2193 1380 2248 1427 et
2269 1369 2570 1428 Mildretlue
2593 1370 2798 1428 Christi
2826 1372 3060 1446 virginis
3093 1375 3361 1432 nardillua
3387 1375 3614 1449 pignora
3649 1379 3790 1439 mira

505 1482 799 1521 commune.
821 1494 894 1505 ——
922 1463 1055 1520 Post
1084 1463 1312 1534 antiqua
1345 1462 1646 1534 evangelici
1687 1464 2095 1533 protoparentis

503 1558 791 1630 anglorum
813 1555 1107 1628 Augustini
1134 1554 1401 1612 solemnia
1429 1555 1570 1610 coelo
1597 1553 1954 1625 triumphata,
1973 1570 2096 1625 quae

502 1665 678 1720 nuper
719 1649 932 1720 egimus
960 1646 1119 1702 laude
1148 1645 1364 1713 festiva,
1411 1660 1549 1701 nova
1592 1645 1754 1701 nobis
1774 1644 1950 1701 oritur
1979 1645 2095 1718 glo-

502 1743 605 1808 ria,
635 1756 778 1796 nova
807 1741 1016 1807 laetitia,
1048 1739 1369 1796 solemnitas
1393 1753 1556 1793 nova.
1588 1737 1710 1812 Ipsa
1738 1747 1824 1795 est
1849 1753 1949 1794 sua
1972 1753 2095 1794 san-

499 1843 825 1904 ctorumque
846 1832 1180 1903 collegarum
1204 1844 1434 1886 suorum
1463 1829 1753 1886 translatio
1784 1845 1947 1898 nova,
1971 1845 2095 1902 qua:

498 1937 626 2000 post
652 1937 874 1985 centum
911 1928 988 2000 (ι)
1032 1926 1146 1984 fere
1173 1928 1347 1983 lustra
1386 1926 1443 1982 in
1479 1941 1622 1984 nova
1654 1925 1776 1999 ejus
1807 1924 1951 1983 facta
1974 1927 2092 1999 jam

499 2020 937 2090 lueet-Ecclesia,
959 2030 1065 2078 etc.

566 2111 696 2167 Car.
729 2110 794 2166 II.
828 2109 980 2165 Nova
1003 2110 1228 2166 ecclesia
1259 2110 1490 2182 amplior
1517 2120 1835 2167 exstruitur.
1865 2111 2088 2168 —Sub-

493 2205 747 2261 limatum
783 2205 1073 2276 augustius
1110 2219 1266 2260 novae
1306 2203 1599 2275 Augustini
1655 2206 1902 2262 ecclesiae
1965 2221 2091 2277 pre-

492 2296 801 2370 sbyterium
837 2304 1014 2352 totum
1045 2296 1196 2351 illud
1235 2311 1362 2352 cum
1398 2295 1594 2366 amplis
1640 2297 1943 2368 porticibus
1971 2312 2090 2354 am-

495 2392 753 2464 plectitur
797 2391 1060 2462 spatium,
1110 2389 1258 2463 quod
1296 2399 1506 2468 sanctae
1548 2388 1645 2446 Dei
1693 2389 1985 2447 Genitrieis
2019 2390 2089 2448 ab

496 2484 708 2539 oriente
733 2483 1054 2555 contiguum
1103 2481 1423 2554 possederat
1468 2481 1792 2550 oratorium,
1831 2495 1935 2539 suo
1969 2497 2087 2539 ca:-

493 2575 827 2646 iestiumque
872 2575 1140 2631 virtutum
1173 2575 1293 2646 jugi
1325 2574 1595 2631 solemnia
1620 2590 1686 2631 ac
1719 2573 1894 2646 signis
1931 2574 2089 2631 illus-

2197 1463 2474 1519 suavitate
2512 1465 2797 1521 vernantia
2841 1465 3161 1524 solemniter
3185 1470 3487 1541 exportari,
3522 1481 3577 1527 ct
3608 1471 3790 1529 immi-

2197 1564 2417 1610 nentem
2439 1570 2631 1611 casum
2662 1557 2894 1614 evadere
2923 1557 3069 1614 fecit.

2263 1644 2395 1702 Car.
2426 1645 2515 1702 Ill.
2550 1646 2752 1704 lllwsre
2783 1649 2927 1705 inter
2956 1651 3140 1707 ruinas
3176 1651 3278 1709 SS.
3315 1653 3573 1726 rel-iqm'w.
3610 1687 3682 1700 -—
3718 1656 3791 1714 At

2192 1751 2324 1794 vero
2355 1738 2490 1808 ipsis
2524 1739 2881 1810 primoribus,
2903 1741 3159 1798 videlicet
3181 1742 3506 1816 Augustino,
3535 1744 3787 1802 Lauren-

2192 1830 2293 1898 tio,
2325 1829 2548 1901 Mellito,
2578 1831 2759 1901 Justo,
2785 1832 3051 1902 Honorio,
3083 1833 3381 1892 Deusdedit
3417 1837 3474 1893 in
3526 1839 3786 1908 praedicta

2192 1922 2484 1980 obrutione
2512 1924 2740 1994 relictis,
2771 1923 2953 1982 divina
3003 1927 3344 1997 protectione
3371 1929 3532 1998 quasi
3557 1945 3784 1986 manum

2192 2015 2567 2085 submittente,
2591 2032 2726 2074 saxa
2753 2027 2810 2074 et
2850 2018 2997 2091 ligna
3027 2035 3338 2090 pepercere,
3367 2021 3569 2092 quibus
3593 2023 3788 2080 durior

2193 2105 2436 2162 humana
2477 2107 2778 2164 obstinatio
2826 2122 2939 2164 non
2988 2110 3252 2181 pepercit.
3301 2109 3439 2167 Nam
3485 2113 3576 2169 ubi
3615 2122 3786 2170 tantae

2189 2198 2364 2254 moles
2391 2198 2658 2270 lapidum,
2681 2200 2918 2257 trabium
2947 2209 3328 2275 tectorumque
3347 2205 3779 2276 plumbatormn,

2187 2305 2313 2362 quae
2355 2302 2709 2350 sacrosancta
2756 2310 2986 2365 corpora
3031 2295 3350 2364 obruerant,
3400 2307 3530 2354 sunt
3562 2299 3780 2367 ablatae,

2184 2399 2383 2441 omnes
2410 2385 2517 2442 illre
2535 2385 2759 2444 illorum
2780 2388 3112 2459 sepulcrales
3140 2389 3422 2446 aediﬁculre
3449 2407 3576 2446 eum
3591 2402 3784 2449 essent

2188 2475 2431 2536 fractiles
2459 2488 2514 2536 et
2560 2481 2830 2548 lateritiae,
2875 2481 2971 2537 sed
3005 2490 3060 2536 et
3090 2483 3386 2553 sculptura:
3428 2493 3483 2538 et
3511 2484 3784 2554 imagines

2186 2573 2445 2644 angelicae
2470 2589 2596 2630 cum
2625 2573 2909 2629 Dominica
2934 2574 3217 2645 majestate
3239 2575 3316 2646 (5)
3342 2590 3506 2646 super
3527 2577 3780 2633 tumbam

493 2667 821 2728 trissimum.
876 2665 1017 2724 Hinc
1070 2667 1281 2740 reliqua
1327 2667 1485 2724 navis
1529 2668 1730 2725 veteris
1765 2667 2086 2724 monasterii
2118 2735 2155 2740 _
2186 2664 2460 2736 magniﬁci
2489 2664 2780 2736 Augustini
2803 2664 3033 2720 miriﬁce
3064 2664 3331 2732 formatae,
3358 2667 3574 2723 cunctis
3605 2669 3782 2724 mira-

493 2760 686 2816 eedere
705 2759 863 2832 jussa
893 2760 1126 2816 aediﬁcio
1150 2735 1421 2833 surgenti,
1437 2760 1661 2832 jamque
1683 2775 1776 2817 rea
1805 2761 2082 2817 minarum
2118 2735 2162 2791 Β
2189 2752 2311 2808 cuia
2333 2751 2427 2808 Dei
2459 2752 2890 2810 acelamanﬁbus
2915 2753 3100 2810 “133538
3127 2768 3450 2825 θνρπιιετθο

489 2852 714 2921 excidii,
739 2868 806 2909 ne
833 2853 1029 2910 obruat
1052 2853 1311 2910 diruitur.
1350 2852 1491 2910 Ante
1519 2861 1702 2909 tamen
1729 2862 1929 2911 cuncta
1960 2869 2084 2912 sane

487 2950 706 2999 ctorum
736 2944 893 3000 turba
941 2945 1198 3003 omnibus
1237 2945 1499 3004 sacrariis
1540 2937 1740 3002 dill‘usa
1793 2962 1824 3003 a
1864 2947 2080 3018 jactura

485 3036 722 3106 eruitur,
746 3047 801 3094 et
829 3038 990 3095 novis
1015 3038 1174 3097 tectis
1197 3039 1500 3111 reponitur,
1534 3041 1678 3098 sicut
1714 3042 1792 3099 illi
1822 3058 1854 3099 a
1888 3044 2076 3100 mundi

486 3130 650 3186 ruina
678 3145 804 3186 eum
826 3130 967 3188 Loth
992 3147 1024 3189 a
1047 3131 1281 3190 Domino
1307 3133 1630 3191 liberantur.
1665 3134 1756 3192 Sic
1780 3138 2078 3207 apostolica

485 3221 779 3294 Augustini
809 3223 934 3279 aula
963 3225 1032 3280 ad
1075 3224 1405 3281 destinatam
1443 3237 1646 3283 metam
1678 3229 1951 3298 tendebat,
1983 3230 2078 3286 sed

485 3325 603 3367 sua:
631 3312 983 3371 dormitionis
1011 3315 1256 3386 porticus
1277 3316 1548 3374 obstabat.
1581 3319 1724 3387 Quid
1755 3318 1921 3376 faciat
1948 3336 2076 3392 ergo

477 3411 679 3460 auctor
693 3404 909 3462 aediﬁcii
931 3405 1161 3464 devotus
1203 3407 1375 3465 abbas
1417 3408 1774 3480 Scollandus,
1807 3411 1945 3479 dum
1974 3428 2076 3469 nec

483 3494 579 3552 illa
600 3506 792 3553 sancta
828 3499 1126 3569 penetralia
1145 3507 1301 3557 tanto
1332 3517 1449 3558 aevo
1477 3502 1680 3559 intacta
1705 3519 1922 3560 movere
1943 3518 2077 3575 prte-

481 3589 673 3658 sumit,
713 3606 814 3645 nec
866 3606 1005 3662 opus
1042 3601 1315 3664 coeptum,
1348 3596 1456 3652 nisi
1512 3595 1708 3653 ablatis
1749 3597 2070 3667 obstaculis,

482 3681 776 3752 procedere
828 3685 1033 3754 possit;
1085 3687 1322 3744 maxime
1345 3703 1470 3744 cum
1516 3689 1886 3759 praedecessor
1936 3708 2071 3748 suus

481 3775 856 3844 praescriptam
874 3775 969 3832 Dei
993 3777 1292 3836 Genitricis
1318 3780 1604 3838 basilicam
1631 3781 1866 3838 fractam
1895 3793 2072 3841 morte

479 3865 662 3922 luerit.
694 3865 800 3923 Sed
832 3869 954 3940 ipso
979 3869 1124 3926 inter
1168 3872 1284 3928 hare
1315 3889 1554 3943 superno
1595 3874 1826 3930 arbitrio
1848 3876 1915 3932 de
1954 3893 2072 3935 me-

479 3958 572 4013 dio
597 3967 940 4017 terrenarum
995 3979 1254 4020 curarum
1305 3967 1543 4033 sublato,
1593 3969 1862 4025 successit
1897 3971 2069 4028 abbas

479 4050 646 4152 _V-Vido
668 4053 769 4124 (2),
789 4054 950 4126 cujus
969 4071 1116 4113 anno
1137 4068 1336 4129 quarto
1358 4060 1448 4152 (ὅ)
1468 4060 1612 4117 facta
1633 4070 1718 4117 est
1741 4079 1864 4134 quae
1891 4066 2067 4121 ascri-
2097 4093 2140 4152 ο

477 4142 630 4200 bitur
655 4147 962 4204 translatio.
991 4147 1094 4205 Cui
1133 4165 1230 4206 rex
1259 4150 1548 4209 consultus
1583 4152 1771 4211 favens
1803 4156 2067 4228 iusserat,

478 4243 542 4289 ut
574 4251 701 4291 cum
749 4239 1072 4308 pontiﬁcum
1125 4251 1179 4298 et
1214 4242 1474 4300 abbatum
1516 4247 1958 4321 populorumque
1986 4250 2069 4308 af—

471 4324 702 4382 ﬂuentia
729 4330 1118 4389 decentissime
1166 4343 1350 4404 ageret
1378 4335 1496 4392 haec
1529 4338 1828 4409 solemnia,
1855 4341 2070 4400 volebat

474 4427 532 4476 et
573 4422 689 4494 ipse
711 4423 997 4492 interesse,
1022 4426 1114 4481 sed
1145 4435 1276 4482 tunc
1319 4428 1432 4484 ibat
1459 4431 1537 4502 (4)
1574 4431 1628 4486 in
1665 4434 2065 4504 expeditionem

475 4509 715 4571 Scottiae.
763 4517 869 4573 Sed
906 4519 1397 4588 monasteriarcha,
1454 4522 1547 4579 ubi
1585 4525 1784 4581 turrim
1824 4527 2066 4599 praefatis

473 4610 775 4680 porticibus
807 4614 1303 4684 supereminentem
1330 4627 1564 4690 angusto
1603 4619 1820 4693 fastigio
1849 4624 2064 4682 extule-

473 4711 580 4768 rat,
603 4703 733 4758 dum
770 4705 1038 4776 reliquam
1066 4707 1253 4778 templi
1275 4709 1458 4764 navim
1502 4714 1824 4782 protendere
1849 4715 2061 4786 ﬂagrat,

472 4793 607 4851 illud
630 4795 916 4852 beatorum
937 4798 1253 4856 cubiculum
1281 4817 1450 4859 morte
1473 4803 1784 4876 impatiens,
1806 4825 1914 4880 qua
1934 4826 2062 4866 san-

472 4885 545 4940 cti
572 4897 918 4954 eruerentur,
949 4887 1076 4944 forti
1101 4890 1272 4947 ariete
1293 4894 1579 4965 subvertit,
1607 4907 1794 4970 totque
1836 4902 2060 4972 superni

470 4977 924 5050 regni‘prineipes
953 4980 1267 5053 longiturna
1297 5001 1430 5056 pace
1458 4998 1766 5060 soporatos,
1805 4991 2058 5049 festinata

470 5069 636 5126 modo
661 5069 862 5128 virtute
900 5073 1284 5146 negligentiam
1309 5089 1608 5138 excusante
1646 5083 1848 5140 obruit.
1883 5084 2058 5142 Antea

469 5167 654 5216 tamen
688 5164 1088 5238 condignorum
1119 5179 1436 5228 sanctorum
1467 5173 1691 5232 Adriani
1719 5174 2057 5236 confessoris

568 5315 620 5378 i)
648 5313 796 5374 Obiit
817 5335 908 5376 an.
935 5321 1056 5378 707.

561 5386 618 5450 2)
657 5386 715 5443 Id
743 5399 828 5445 est
847 5407 994 5448 anno
1029 5394 1188 5450 1091.
1697 5437 1707 5448 -

560 5456 1000 5542 3)..Scoﬂan_dus,
1030 5475 1091 5521 ut
1119 5466 1321 5542 dicitur
1355 5467 1498 5526 infra
1525 5487 1646 5542 cap.
1699 5482 1893 5530 intimo
1923 5475 2048 5531 libri

466 5540 530 5615 tt,
557 5533 693 5615 obiit
715 5533 940 5615 unodie
978 5545 1105 5591 ante
1133 5535 1491 5615 (ξιείξῂειιῃιιιχι⁸
1521 5533 1727 5615 regem,
1772 5545 1826 5599 id
1853 5555 1937 5602 est
1960 5546 2049 5602 die

465 5603 561 5653 vin
602 5597 938 5672 Septembris
976 5622 1122 5663 anno
1160 5608 1316 5664 1087.
1352 5597 1674 5672 Guillelnius
1712 5597 2047 5672 enimio—1;

463 5671 688 5758 questor
708 5671 1041 5758 Ilothomagi
1050 5676 1340 5758 defunctus
1349 5691 1438 5758 est
1463 5698 1519 5738 ιι
1543 5671 1880 5758 Septembris
1899 5671 2049 5758 ejus-

497 5753 584 5823 em
621 5746 772 5810 anni,
807 5762 889 5823 _ex
917 5746 1195 5823 _Orderico
1223 5749 1478 5823 Yitaliget
1519 5746 1642 5811 aliis
1682 5746 2042 5814 auctorib'us:

464 5812 589 5870 hinc
628 5816 1003 5896 emendandus
1044 5819 1364 5880 Guillelmus
1387 5821 1592 5893 Thorn,
1629 5826 1722 5896 qui
1770 5812 2048 5886 Scellandi

2259 2843 2390 2901 Car.
2417 2843 2506 2900 IV.
2530 2877 2602 2888 —-
2628 2845 2890 2901 Restabat
2907 2845 3126 2900 interim
3157 2846 3338 2916 paries
3366 2847 3645 2915 australis,
3663 2864 3779 2920 qua

2185 2948 2340 3010 parte
2373 2939 2553 2995 almus
2580 2938 2944 3010 Augustinus,
2969 2954 3235 3010 sacerque
3257 2937 3551 2996 Deusdedit
3593 2942 3782 3013 quies-

2185 3031 2407 3099 cebant;
2439 3031 2535 3102 qui
2565 3031 2784 3087 tandem
2811 3032 2984 3088 multo
3006 3031 3177 3088 ariete
3200 3032 3436 3100 solutus,
3466 3033 3597 3089 dum
3621 3045 3779 3091 certo

2184 3134 2319 3180 nutu
2391 3132 2609 3180 sanctos
2678 3139 3049 3196 Oppressurus
3109 3125 3463 3194 crederetur,
3516 3127 3777 3197 protinus

2182 3215 2550 3272 inaestimabili
2581 3215 2676 3272 Dei
2701 3216 2924 3285 virtute,
2953 3217 3112 3288 quasi
3156 3218 3211 3272 in
3238 3218 3438 3273 saltum
3470 3219 3774 3289 excutitur,

2179 3315 2235 3361 et
2255 3305 2323 3361 ad
2345 3315 2596 3362 austrum
2625 3317 2818 3364 contra
2849 3309 3189 3380 impellentes
3218 3319 3368 3367 totus
3393 3311 3602 3383 integra
3631 3313 3781 3368 soli-

2178 3397 2346 3454 ditatc
2369 3400 2769 3470 prosternitur;
2797 3411 3177 3474 quantumque
3217 3413 3408 3460 vastus
3437 3416 3490 3460 et
3519 3406 3772 3461 cacumi-

2179 3499 2344 3548 nattts
2363 3501 2500 3559 erat,
2526 3500 2737 3549 tantum
2769 3495 2932 3566 spatii
2950 3495 3142 3567 jacens
3165 3497 3484 3568 occupabat.
3511 3497 3612 3553 Vix
3633 3514 3771 3554 eva-

2178 3582 2382 3640 sissent
2405 3585 2587 3641 securi
2634 3585 3067 3658 impugnatores,
3116 3588 3225 3645 nisi
3261 3589 3347 3645 his
3382 3606 3616 3660 superna
3653 3593 3775 3647 cle-

2177 3675 2380 3732 mentia
2407 3688 2722 3736 sanctorum
2749 3679 2960 3736 meritis
2991 3681 3346 3752 pepercisset.
3378 3681 3514 3738 Tum
3541 3698 3668 3737 vero
3693 3685 3771 3740 ad

2176 3775 2287 3822 tam
2334 3767 2560 3825 evidens
2609 3769 2828 3841 signum
2881 3771 3090 3827 clamor
3131 3771 3453 3829 laudisonus
3496 3773 3773 3828 attollitur

2175 3861 2446 3917 omnium.
2470 3860 2609 3920 Nam
2640 3863 2736 3934 qui
2769 3864 3024 3936 superius
3048 3863 3277 3921 dilectos
3312 3865 3540 3921 obrutos
3571 3881 3773 3921 serva-

2174 3962 2347 4022 verat,
2371 3953 2464 4012 hic
2480 3971 2548 4011 ne
2567 3956 2914 4024 obrueretur,
2934 3957 3174 4013 vetabat.
3203 3957 3294 4013 Sic
3312 3958 3632 4028 plerumque
3647 3958 3778 4028 ipse

2175 4056 2490 4103 sanctorum
2519 4048 2840 4104 mirilicator
2863 4049 3000 4106 alios
3027 4049 3082 4104 in
3114 4049 3310 4106 mediis
3335 4048 3553 4120 ignibus
3573 4059 3773 4120 prote-

2173 4137 2355 4210 gebat,
2380 4139 2450 4195 ab
2485 4139 2608 4196 aliis
2637 4140 2801 4196 etiam
2857 4140 3011 4212 ignes
3048 4138 3306 4213 fugabat;
3336 4139 3471 4197 istos
3497 4155 3595 4211 per
3631 4157 3777 4212 pro-

2172 4225 2403 4283 fundum
2433 4230 2603 4287 maris
2650 4231 2800 4288 sicco
2826 4232 3059 4305 vestigio
3089 4233 3390 4300 transtulit,
3431 4233 3570 4290 alios
3593 4249 3778 4305 super

2173 4319 2349 4376 undas
2383 4335 2606 4378 currere
2641 4320 2789 4377 fecit.

2239 4431 2370 4489 Car.
2405 4432 2469 4490 V.
2505 4432 2614 4490 Sub
2640 4435 2732 4490 duo
2760 4434 2979 4492 relicua.
3011 4465 3082 4476 ——-
3101 4434 3331 4494 Jacuere
3358 4445 3491 4494 tunc
3519 4453 3617 4509 per
3652 4453 3772 4494 no-

2169 4542 2289 4584 vem
2333 4528 2702 4586 hebdomadas
2750 4531 2855 4588 iila:
2889 4531 3138 4589 cmlestes
3190 4534 3401 4589 exuviae
3432 4534 3538 4589 sub
3570 4534 3665 4590 die
3693 4551 3777 4592 ac

2167 4614 2214 4672 si
2237 4615 2478 4688 vulgaria
2503 4614 3006 4690 funeraexpositm,
3037 4629 3092 4676 et
3128 4621 3198 4678 ad
3237 4636 3457 4677 onmem
3490 4622 3772 4693 impetum

2167 4709 2311 4765 aeris
2331 4725 2395 4766 ac
2416 4710 2663 4766 sordium
2687 4721 2930 4784 patuere.
2959 4715 3130 4782 Adeo,
3161 4716 3300 4786 proh
3331 4717 3489 4772 dolor
3513 4718 3525 4771 ε
3553 4726 3776 4772 terres-

2167 4799 2266 4856 tris
2287 4800 2672 4858 dissimulabat
2695 4803 3014 4876 indignitas,
3036 4807 3238 4878 quibus
3261 4808 3486 4878 angelos
3499 4809 3782 4866 concives

2165 4893 2544 4966 frequentasse
2595 4897 2872 4957 credimus
2920 4901 3202 4957 excubias.
3258 4901 3518 4957 Certabat
3569 4910 3775 4958 tamen

2165 4993 2395 5049 fratrum
2446 4988 2665 5046 devotio
2704 5007 2803 5064 pro
2839 5007 2942 5049 suo
2977 4995 3200 5052 modulo
3240 4995 3589 5053 defensacula
3623 5010 3774 5065 spe-

2160 5086 2286 5142 ciali
2314 5086 2545 5160 principi
2575 5105 2679 5147 suo
2707 5104 2902 5162 parare
2926 5088 3252 5162 Augustino.

2229 5175 2360 5234 Car.
2390 5176 2479 5235 Vl.
2507 5177 2791 5252 Negligens
2822 5180 3132 5250 corripitur.
3161 5208 3233 5220 ——
3255 5175 3629 5248 Composucre
3657 5184 3777 5233 tu-

2193 5335 2368 5412 bit_um
2395 5336 2484 5393 die
2519 5337 2802 5412 IIIANQQQS
2833 5337 3171 5410 Septembris
3192 5338 3571 5412 consignavit.
3592 5338 3780 5396 Scol-

2079 5441 2130 5502 D
2159 5406 2340 5533 landol
2370 5408 2636 5465 successit
2681 5408 2844 5465 Wido
2865 5453 2880 5479 ,
2909 5406 2992 5466 'ex
3033 5406 3378 5467 monasterii
3403 5410 3614 5484 gremio
3652 5427 3774 5466 as-

2153 5494 2320 5533 sumo
2344 5496 2427 5533 us.

2153 5494 2427 5535 sumptus.

2226 5549 2306 5621 (4)
2331 5549 2383 5606 Is
2400 5560 2519 5607 erat
2539 5550 2864 5624 Guillelmus
2891 5551 3089 5620 Rufus,
3125 5553 3222 5624 qui
3250 5568 3318 5608 ex
3341 5549 3778 5624 Nortbmannia

2154 5619 2698 5690 hoc'anno,mense
2746 5622 2993 5694 Augusto
3045 5619 3322 5694 reversus,
3378 5625 3431 5678 in
3464 5622 3776 5694 Malchol-

2153 5705 2312 5774 mum,
2338 5707 2520 5766 regem
2554 5693 2872 5752 Scottorum
2906 5693 3356 5751 Northumbrlam
3391 5693 3779 5754 inl‘cstant’cln

2150 5773 2341 5819 mOVlt.

2226 5834 2305 5906 (5)
2341 5833 2397 5891 Id
2430 5845 2514 5892 est
2541 5835 2639 5894 SS.
2667 5836 2953 5895 Trinitatis
2981 5852 3077 5893 seu
3102 5835 3327 5893 Christi.
