3972 6296
257 371 323 426 n
1188 344 1372 434 insr.
1411 365 1806 430 rrunsur.

1943 355 2549 431 AUGUSTtle-LIB.
2582 373 2624 431 ι.

3471 384 3542 440 18

249 493 470 560 gunum
519 483 774 544 assiculis
817 485 900 560 Lid
927 492 1004 539 est
1045 484 1231 556 parvis
1256 484 1586 559 asseribus],
1615 493 1670 540 et
1703 500 1850 540 unus
1879 489 1926 549 Α
1953 485 2175 551 exsiliit,
2207 486 2474 559 longeque
2503 485 2817 558 ventilatus,
2848 503 3042 554 omnes
3067 499 3177 548 tam
3207 493 3346 554 mira
3370 505 3537 568 quam

248 585 349 632 aut
387 575 497 632 duo
543 590 643 646 pro
676 573 977 630 artitudine
1015 574 1258 630 vicissim
1299 575 1582 646 agitabant
1631 576 1848 648 vigilias

249 683 378 723 cum
418 665 722 722 luminibus
748 673 806 720 et
841 665 1072 722 canticis
1114 665 1347 734 divinis;
1381 666 1474 722 ubi
1503 682 1674 722 unum
1705 665 1846 724 forte

248 773 448 816 somno
471 769 875 830 praegravatura
905 774 1010 814 vox
1039 758 1226 814 audita
1254 760 1526 831 tnerepuit
1555 778 1568 815 :
1598 780 1616 812 ι
1636 758 1703 815 Ει
1730 759 1842 826 hic,

248 851 449 923 inquit,
475 867 586 907 non
614 851 940 909 dormitioni
961 852 1057 908 sed
1085 854 1323 909 orationi
1353 854 1510 910 locus
1532 855 1838 926 congruitp

249 959 360 1014 qua
395 943 748 1014 correptione
772 941 943 999 frater
967 942 1058 1001 ille
1081 943 1396 1016 vigilantior
1413 953 1498 1002 est
1521 947 1767 1004 redditus
1787 947 1841 1003 in

247 1049 434 1106 prece.

319 1127 452 1185 Car.
485 1125 598 1184 VII.
647 1127 975 1184 Omamta
1023 1129 1156 1184 mire
1205 1138 1484 1186 servantur
1528 1163 1600 1173 —
1640 1130 1844 1188 Deinde

249 1219 478 1275 candela
505 1220 708 1289 oblata,
746 1220 1076 1278 candelabro
1107 1223 1442 1296 negligenter
1473 1221 1652 1291 afﬁxa,
1678 1239 1844 1296 super

251 1311 525 1368 tumulum
566 1315 738 1370 sancti
782 1314 967 1371 linteis
1010 1323 1066 1370 et
1101 1315 1282 1386 palliis
1325 1315 1644 1374 solemniter
1672 1331 1842 1372 orna-

247 1410 369 1458 tum
399 1402 620 1473 decidit,
655 1404 842 1477 ibique
867 1407 1036 1462 trium
1080 1407 1282 1478 pedum
1324 1415 1562 1464 tractum
1591 1409 1843 1480 signante

245 1494 432 1552 favilla
464 1497 716 1569 (aberant
737 1499 884 1556 enim
912 1499 1192 1573 custodes)
1220 1501 1446 1558 exarsit.
1476 1499 1718 1558 Tandem
1747 1517 1835 1559 su-

242 1596 568 1657 perventum
595 1599 698 1660 est,
723 1591 953 1650 candela
994 1591 1197 1658 ablata,
1241 1591 1426 1649 favilla
1457 1607 1713 1662 excussa,
1735 1593 1812 1650 lin

242 1687 332 1734 tea
360 1690 414 1736 et
436 1681 598 1752 pallia
624 1698 858 1754 prorsus
901 1683 1104 1741 intacta
1145 1683 1378 1754 fulsere;
1424 1701 1538 1757 quo
1571 1685 1840 1744 miraculo

243 1785 439 1829 omnes
461 1771 575 1830 Deo
597 1774 803 1848 gratias
830 1777 1176 1833 exsultanter
1197 1775 1504 1834 reddidere.

314 1861 449 1921 Car.
483 1864 620 1923 Vill.
657 1897 730 1908 —-
773 1866 1079 1942 Gnndulfus
1104 1887 1187 1942 ep.
1223 1871 1486 1944 lio/femi:
1519 1871 1836 1928 translatio-

239 1971 362 2012 nem
390 1957 546 2029 facit.
582 1991 653 2002 --
680 1958 802 2018 1am
825 1962 945 2020 dies
965 1966 1283 2037 propositus
1301 1969 1616 2040 gratissime
1643 1969 1838 2028 illuxe-

238 2059 328 2106 rat
373 2066 547 2110 sacrae
575 2055 975 2115 translationis.
1022 2059 1196 2118 Adest
1223 2063 1553 2120 venerabilis
1591 2062 1836 2136 pontifex

235 2145 490 2201 ecclesia:
518 2145 795 2205 Roﬁ'ensis
819 2150 1154 2219 Cundulfus,
1186 2154 1282 2225 qui
1315 2163 1449 2212 tunc
1477 2156 1833 2227 archipraesu-

240 2235 314 2290 lis
347 2236 593 2294 defuncti
647 2241 758 2314 (5")
801 2244 1071 2300 auctorali
1116 2245 1238 2301 vice
1261 2246 1520 2317 pollebat.
1545 2246 1840 2320 Progredi-

243 2335 339 2381 tur
357 2343 485 2382 cum
510 2330 707 2386 abbate
725 2342 781 2390 et
796 2332 1054 2392 Patribus
1072 2350 1138 2392 ac
1159 2335 1480 2396 oﬂicialibns
1508 2338 1842 2411 hymnidicis

250 2415 322 2470 ad
348 2415 483 2472 illud
515 2416 782 2476 Sanctum
807 2433 1146 2493 sanctorum,
1171 2425 1242 2481 ad
1265 2426 1399 2484 illud
1417 2425 1638 2486 Domini
1659 2444 1844 2486 sacra-

247 2506 396 2561 rium
423 2525 490 2566 ac
517 2511 887 2582 propitiatorit
907 2532 982 2572 m.
1015 2514 1180 2574 Jubet
1207 2518 1445 2590 primum
1497 2521 1700 2578 summi
1727 2521 1840 2578 Au-

217 2600 450 2674 gustini
475 2603 714 2672 aperiri;
752 2621 917 2662 nemo
961 2610 1344 2680 approximare
1372 2611 1742 2684 praesumpsit,
1767 2613 1837 2669 ti-

243 2707 368 2748 mor
415 2709 608 2752 omnes
649 2695 963 2754 absterrutt.
1017 2697 1246 2760 Videres
1289 2702 1531 2759 artiﬁces
1570 2711 1832 2778 tanquam

240 2798 367 2840 teos
388 2785 493 2842 sub
512 2787 793 2858 judicibus
820 2799 874 2847 et
900 2793 1267 2864 quastoribus
1297 2809 1363 2851 ac
1398 2793 1629 2853 fulmine
1660 2796 1830 2869 trepi-

240 2884 454 2933 tantes.
487 2875 750 2938 Viderant
776 2881 984 2953 pridem
1013 2885 1292 2958 egregium
1311 2885 1571 2957 juvenem
1611 2903 1832 2946 monas-

241 2970 368 3029 terit
389 2971 654 3029 artiﬁcem
675 2974 838 3031 celeri
880 2987 1058 3034 morte
1086 2977 1401 3047 multatum,
1431 2979 1522 3051 qui
1545 2980 1706 3052 jussu
1729 2981 1829 3039 ab-

241 3063 386 3122 latis
431 3065 646 3136 primus
683 3067 827 3125 hanc
871 3085 1087 3128 sacram
1115 3073 1391 3142 porticum
1432 3073 1682 3144 impulit;
1730 3091 1832 3133 nec

1949 578 2230 649 inexperta
2259 581 2413 651 prius
2439 580 2727 638 dulcedine
2776 583 3024 654 replevit.
3077 585 3308 658 Quoque
3361 591 3539 662 magis

1947 670 2066 726 haec
2091 671 2450 729 balsamatica
2479 675 2742 744 apotheca
2769 676 3138 746 reserabatur,
3162 695 3229 736 eo
3255 680 3538 752 profusius

1947 762 2084 819 odor
2110 763 2352 821 caelestis
2375 765 2738 836 jaculabatur.
2787 767 3063 825 Continuo
3111 770 3269 827 locus
3315 773 3388 829 ob
3413 775 3534 847 glo-

1945 855 2085 910 riam
2111 853 2292 912 Patris
2319 865 2374 912 ct
2401 857 2662 929 impetum
2690 860 2876 931 populi
2905 862 3133 919 cortinis
3158 863 3417 933 ambitur,
3449 867 3535 922 in-

1946 955 2146 1019 tusque
2173 964 2204 1005 a
2233 948 2486 1007 ﬁdelibus
2508 951 2823 1026 domesticis
2851 953 3388 1015 desiderantissimus
3413 959 3534 1016 the-

1944 1055 2145 1098 saurus
2181 1050 2575 1112 perscrutatur.
3231 1052 3234 1053 ν

2013 1132 2143 1188 (ιλιι.
2179 1131 2247 1188 Χ.
2285 1133 2540 1204 Aperitur
2570 1137 2827 1192 tumulus.
2868 1165 2938 1178 —-
2973 1137 3094 1195 Jam
3139 1147 3360 1210 patente
3387 1142 3531 1198 ostio

1942 1227 2091 1283 clara
2114 1225 2406 1282 luminaria
2436 1227 2782 1299 ingeruntur,
2803 1238 2858 1286 et
2881 1244 3008 1286 ecce
3033 1231 3239 1301 Anglia:
3261 1231 3532 1288 Christia-

1943 1317 2132 1375 nitatis
2161 1318 2441 1375 institutor
2467 1319 2836 1389 primicerius,
2869 1328 2949 1377 tot
2991 1322 3208 1380 saeculis
3236 1323 3529 1383 abscondi-

1943 1417 2033 1466 tus
2057 1451 2072 1476 ,
2120 1418 2234 1466 tam
2267 1409 2610 1467 desideratus
2631 1452 2647 1478 ,
2683 1419 2796 1467 tam
2828 1427 3028 1484 magno
3055 1428 3222 1484 quam
3251 1414 3530 1485 insperato

1941 1502 2142 1575 gaudio
2166 1509 2442 1570 ostensus,
2471 1512 2595 1574 post
2623 1517 2798 1561 annos
2819 1503 2931 1559 fere
2956 1504 3286 1577 quingentos
3312 1506 3530 1576 conspi-

1942 1596 2105 1652 citur.
2160 1593 2304 1652 Sane
2325 1604 2410 1652 tot
2437 1595 2854 1667 tempestatibus
2889 1595 3181 1664 bellorum,
3211 1605 3364 1652 tanto
3388 1596 3530 1652 dilu-

1938 1687 2031 1744 vio
2059 1703 2420 1760 paganorum,
2446 1687 2774 1746 exterminio
2801 1688 3150 1760 populorum,
3174 1687 3531 1745 subversione

1940 1779 2162 1836 urbium
2193 1789 2248 1838 et
2275 1780 2655 1850 ecclesiarum,
2686 1781 2828 1836 mira
2877 1779 2975 1836 Dei
3023 1779 3364 1852 protectione
3409 1780 3528 1837 Au—

1939 1872 2312 1945 gustinianum
2342 1873 2694 1940 vestibulum,
2740 1882 2803 1930 ut
2839 1888 2967 1930 arca
2995 1871 3130 1940 Noe,
3159 1888 3377 1943 semper
3403 1887 3527 1928 ma-

1937 1965 2102 2024 nebat
2129 1965 2415 2022 inta‘ctum.
2469 1963 2624 2022 Unde
2651 1974 2707 2024 et
2731 1965 2848 2033 ubi,
2876 1972 2932 2022 et
2959 1964 3102 2022 sicut
3128 1963 3380 2036 primitus
3410 1962 3530 2034 ipse

1936 2073 2064 2116 cum
2089 2057 2267 2117 beatis
2294 2059 2520 2132 collegis
2548 2059 2665 2116 suis
2697 2075 2730 2115 a
2759 2059 2849 2116 die
2894 2057 3240 2116 dormitionis
3278 2067 3364 2115 est
3391 2073 3526 2115 con-

1937 2151 2108 2219 ditus,
2133 2151 2324 2209 eodem
2354 2151 2480 2208 loco
2509 2159 2564 2206 et
2590 2151 2782 2208 eodem
2811 2149 2976 2208 modo
3004 2148 3422 2206 immotissimus
3442 2157 3529 2206 est

1940 2243 2218 2300 inventus.
2258 2242 2489 2300 Patebat
2515 2243 2692 2299 forma
2718 2253 2774 2300 et
2801 2243 3080 2313 quantitas
3104 2242 3376 2313 corporis,
3406 2243 3528 2314 pie-

1941 2340 2030 2390 tas
2056 2341 2112 2388 et
2137 2332 2375 2404 qualitas
2405 2331 2644 2402 antiquae
2684 2330 3082 2397 obsecutionis,
3112 2330 3414 2401 primaeque
3441 2340 3531 2386 tu-

1940 2425 2281 2485 mulationis.
2331 2422 2590 2481 Cernitur
2633 2439 2760 2481 cum
2813 2423 3022 2490 casula,
3065 2423 3209 2492 alba,
3239 2422 3401 2491 stola,
3430 2423 3533 2480 ba-

1937 2519 2082 2586 culo,
2112 2515 2374 2573 sandaliis
2405 2515 2729 2587 ,caeterisque
2757 2514 3162 2586 pontiﬁcalibus
3192 2514 3532 2572 instrumen—

1937 2609 2045 2676 tis,
2101 2615 2164 2664 ut
2190 2615 2478 2679 putaretur
2507 2606 2687 2663 adhuc
2730 2619 2947 2663 carnea:
2995 2605 3366 2678 integritatis,
3417 2607 3526 2662 nisi

1934 2709 2114 2758 tactus
2141 2699 2428 2772 probasset
2456 2698 2824 2756 conditionem
2851 2697 3202 2755 mortalitatis
3227 2716 3243 2767 ;
3295 2713 3418 2768 quae
3442 2707 3529 2754 ta-

1932 2808 2060 2850 men
2089 2791 2270 2850 estad
2292 2800 2647 2865 augmentum
2677 2791 2866 2864 gloriae
2893 2789 3238 2848 immortalis.
3263 2788 3524 2848 Omnium

1930 2901 2063 2959 ergo
2116 2885 2260 2943 votis
2329 2885 2648 2958 speluncam
2705 2885 2856 2941 illam
2932 2883 3314 2942 inestimabilis
3365 2882 3526 2954 pretii

1931 2978 2333 3036 tbesaurariam
2365 2976 2564 3036 fratres
2595 2977 2777 3035 idonei
2803 2991 2931 3034 cum
2957 2991 3178 3034 summo
3207 2975 3528 3048 ingrediun-

1930 3079 2022 3128 tur
2049 3081 2288 3129 tremore
2315 3086 2380 3127 ac
2403 3069 2737 3138 reverentia,
2787 3085 2917 3128 cum
2947 3085 3107 3140 prece
3137 3077 3193 3127 et
3218 3068 3379 3125 laude
3410 3067 3523 3125 Da-

241 3154 334 3212 ide
362 3165 476 3212 tam
522 3158 800 3218 ofﬁciosus
827 3162 1083 3220 excusari
1119 3164 1316 3236 potuit,
1353 3165 1484 3236 quia
1512 3168 1832 3239 praeceptori
1859 3176 1903 3236 ο
1931 3161 2134 3219 vidica.
2182 3161 2460 3235 Colligunt
2502 3161 2560 3218 in
2587 3161 2791 3219 scrinia
2820 3161 3069 3228 linteata,
3100 3168 3156 3216 et
3179 3159 3401 3232 palliata
3430 3158 3524 3214 illa

239 3247 502 3318 cbedivit,
526 3267 660 3322 quin
691 3266 912 3324 pmnam
942 3255 1379 3326 praesumptricis
1420 3257 1613 3328 gratiae
1641 3256 1826 3327 luerit,

239 3341 338 3398 sed
365 3342 762 3402 ﬁdentissimus
799 3345 1093 3418 episcopus
1124 3347 1240 3420 jam
1267 3346 1519 3405 triduana
1549 3349 1830 3408 abstinen-

238 3443 316 3490 tta
340 3436 621 3507 praelibata
641 3453 674 3493 a
705 3436 992 3508 fratribus,
1028 3448 1276 3497 armatus
1303 3440 1431 3510 fide,
1459 3457 1622 3514 prece
1643 3458 1708 3500 ac
1733 3443 1829 3502 de-

235 3529 484 3598 vatione,
510 3529 651 3587 ultro
672 3528 1069 3589 ferramentum
1099 3532 1327 3600 invadit,
1351 3533 1521 3590 ictum
1547 3533 1604 3590 in
1624 3535 1831 3594 tumba

235 3621 478 3676 frontem
513 3621 682 3690 dedit,
721 3637 935 3696 suoque
963 3623 1215 3695 exemplo
1242 3631 1299 3680 et
1327 3623 1551 3680 hortatu
1585 3624 1828 3698 reliquos

235 3722 294 3764 tn
325 3725 467 3780 opus
505 3711 790 3767 animavit.

309 3797 424 3855 Car
482 3798 574 3854 ῘΧ.
615 3799 764 3858 Odor
789 3802 968 3857 suavis
997 3818 1024 3858 ε
1050 3802 1292 3873 sepulcro
1327 3801 1385 3858 S.
1413 3802 1720 3875 Augustini.
1757 3836 1829 3847 —

233 3891 429 3947 Primo
458 3891 947 3963 praestantissimus
973 3892 1248 3949 artiﬁcum
1297 3893 1580 3968 magister,
1609 3896 1830 3968 templi-

234 3998 346 4056 que
367 3984 684 4055 spectabilis
711 3984 947 4042 dictatu-
973 3983 1271 4054 Blitherus,
1291 3987 1527 4058 expetita
1553 3989 1830 4060 pontificis

235 4077 636 4146 benedictione,
657 4077 889 4150 trepide,
914 4093 1220 4154 iaerymose
1243 4087 1298 4136 et
1326 4081 1640 4153 prcstratim
1671 4097 1828 4140 acce-

233 4170 336 4238 dit,
358 4171 638 4243 altareque
663 4170 860 4242 capitis
886 4171 1091 4229 summi
1117 4171 1411 4245 Augustini
1443 4172 1511 4230 ad
1541 4173 1826 4245 pavimen-

234 4271 355 4320 tum
384 4263 658 4321 exhaurit.
689 4262 766 4320 Ibi
796 4265 1202 4336 complanatum
1233 4280 1374 4322 areae
1399 4262 1550 4322 Parii
1579 4282 1824 4324 marmo-

234 4356 317 4412 ris
347 4355 589 4414 candens
617 4371 813 4414 saxum
842 4357 1172 4430 quadratum
1202 4356 1445 4415 oifendit.
1477 4356 1599 4427 Quo
1626 4359 1825 4433 paulu-

1930 3271 2119 3324 aurea,
2150 3270 2215 3311 ac
2242 3269 2490 3328 gemmea
2515 3254 2765 3327 pignora,
2795 3253 3121 3326 compagine
3147 3260 3204 3308 et
3230 3251 3524 3308 harmonia

1930 3347 2200 3418 corporali
2229 3346 2336 3402 rite
2361 3345 2684 3418 composita.
2723 3343 2937 3402 Asserit
2971 3344 3138 3404 etiam
3167 3342 3369 3415 aliquis
3393 3343 3520 3399 illo-

1929 3454 2054 3496 rum
2109 3438 2348 3496 veridica
2392 3439 2700 3496 constantia
2748 3452 2808 3494 se
2856 3436 2999 3493 inter
3041 3436 3196 3492 illum
3242 3435 3522 3508 pulverem

1928 3532 2356 3605 pigmentarium
2400 3531 2606 3588 solidas
2655 3530 2837 3587 adhuc
2888 3544 3082 3585 carnes
3149 3526 3530 3600 quingentarii

1928 3623 2162 3696 depositi
2213 3639 2381 3680 manu
2429 3623 2745 3694 contigisse,
2799 3630 2854 3677 et
2902 3620 3220 3692 suppliciter
3271 3617 3520 3675 fovisse:

1929 3715 2076 3772 unde
2125 3715 2216 3772 hic
2260 3715 2458 3770 merito
2504 3713 2796 3771 estimatur
2823 3713 2941 3768 haec
2967 3727 3124 3770 sacra
3151 3711 3302 3784 gleba
3334 3710 3389 3766 in
3417 3725 3520 3766 cu-

1929 3803 2112 3860 stodia
2159 3817 2411 3874 supernae
2457 3801 2665 3874 gratiae,
2713 3801 3023 3875 longiturna
3069 3803 3300 3858 durasse
3332 3799 3519 3858 incor-

1930 3895 2205 3966 rupﬁone.

1999 3986 2130 4044 CAP.
2180 3985 2272 4042 XI.
2340 3986 2434 4042 Fit
2479 4003 2673 4060 magna
2727 3975 3060 4043 solemnitas.
3119 3983 3178 4042 S.
3227 3985 3528 4064 Augustini!

1929 4095 2118 4150 corpus
2165 4079 2504 4150 transfertur.
2561 4111 2632 4120 -—
2681 4077 2892 4137 Interea
2939 4079 3143 4136 indicta
3199 4092 3231 4134 a
3286 4078 3520 4150 praesule

1927 4187 2145 4230 summa
2177 4179 2232 4228 et
2261 4171 2409 4228 omni
2442 4171 2621 4227 nitore
2669 4171 2869 4227 laetitia:
2919 4169 3150 4227 colenda
3197 4167 3523 4238 festivitate,

1929 4274 2104 4324 totum
2159 4264 2552 4322 monasterium
2603 4264 2905 4320 adornatur
2951 4273 3211 4336 tanquam
3263 4262 3525 4321 Paschali.

1927 4359 2208 4432 dignitate.
2268 4355 2554 4430 Extemplo
2611 4365 2778 4414 tanta:
2843 4355 3100 4414 novitatis
3158 4353 3517 4427 fragrantiam

233 4446 351 4504 lum
376 4458 584 4519 evecto,
611 4464 908 4522 erumpens
940 4465 1114 4522 vapor
1142 4449 1446 4508 nardiﬁuus
1473 4452 1826 4524 quaesitorem
1854 4521 1890 4526 Α
1926 4453 2118 4526 procul
2161 4453 2423 4509 odoratur
2468 4450 2628 4507 turba
2672 4458 2902 4517 remota,
2943 4447 3169 4506 conﬂuit
3215 4449 3348 4508 urbs
3375 4457 3527 4514 tota,

235 4557 401 4598 suum
430 4541 486 4598 in
513 4556 614 4598 ora
641 4521 1028 4610 reverberavit,
1056 4550 1111 4600 et
1141 4557 1201 4598 se
1248 4542 1442 4600 adesse
1481 4521 1577 4616 qui
1606 4560 1821 4616 quaere-
1851 4521 1903 4585 Ῑ)
1927 4521 2157 4604 inundat
2204 4545 2397 4602 Cantia
2421 4587 2438 4620 ,
2489 4543 2734 4615 undique
2784 4550 3122 4601 concurrunt
3187 4542 3516 4614 populorum

233 4630 420 4700 batur,
449 4647 549 4690 sua
599 4633 868 4692 suavitate
919 4633 1159 4706 pulsanti
1206 4634 1504 4706 respondit.
1559 4633 1826 4695 Intellexit

232 4721 319 4779 vir
345 4725 585 4793 prudens
613 4725 764 4783 ultro
790 4726 1056 4794 oblatum,
1087 4741 1252 4799 quem
1283 4726 1393 4783 alto
1421 4725 1633 4786 fossatu
1661 4737 1714 4786 et
1744 4746 1825 4786 .a-

233 4816 460 4874 borioso
503 4818 738 4888 quaesita
807 4817 1199 4876 formidaverat
1247 4819 1341 4874 vix
1390 4818 1822 4891 inveniendum;

231 4917 570 4982 stupensque
594 4918 651 4966 et
675 4920 915 4968 tremens
942 4911 1178 4983 lapidem
1229 4913 1494 4985 reposuit,
1525 4921 1690 4986 atque
1719 4915 1824 4973 hoc

233 5002 528 5060 miriﬁcum
557 5003 1061 5078 thymiamaterium
1090 5003 1700 5078 occlusit,perpendens
1727 5022 1820 5064 sa-

231 5093 446 5166 pienter
472 5111 584 5153 non
613 5095 700 5153 sui
727 5111 851 5153 esse
893 5097 1056 5154 oliicii
1098 5096 1331 5155 ulterius
1356 5099 1632 5170 progredi.
1667 5099 1825 5158 Cedit

233 5185 402 5254 illico,
431 5196 662 5244 testatus
687 5187 982 5247 summisse
1025 5189 1316 5260 qumsitum
1360 5190 1559 5263 pignus
1584 5191 1818 5259 adesse;

232 5293 338 5335 nec
363 5279 580 5334 tacebat
607 5279 812 5336 interea
843 5280 994 5352 jugis
1020 5281 1345 5354 psalmodia.
1377 5281 1638 5340 Protinus
1657 5283 1820 5353 jussu

232 5371 448 5428 abbatis
494 5369 728 5429 fratrum
777 5374 1035 5431 manibus
1079 5384 1394 5432 removetur
1421 5375 1716 5448 praedictus
1743 5376 1824 5432 la-

231 5464 340 5538 p‘s.
375 5463 518 5521 Tum
569 5480 698 5522 vero
727 5467 919 5540 ingens
965 5466 1192 5538 spiritus
1217 5469 1675 5526 suavissimorum
1701 5485 1828 5529 aro-

233 5567 442 5614 matum
474 5557 623 5614 velut
652 5573 685 5614 a
713 5567 935 5630 pectore
959 5568 1016 5616 et
1041 5573 1137 5615 ore
1164 5559 1486 5617 dormientis
1533 5559 1826 5635 Augustini

307 5693 422 5766 (δ’)
461 5693 630 5752 Sedes
680 5693 1098 5766 Cantuariensis
1161 5694 1230 5749 ab
1289 5708 1437 5766 anno
1484 5692 1827 5766 1089,A_quo

217 5764 530 5821 defunctus
564 5773 652 5821 est
692 5764 1058 5831 Lanirancus,
1088 5779 1258 5820 vacua
1306 5764 1410 5819 luit
1439 5779 1612 5831 usque
1638 5763 1704 5819 ad
1733 5763 1820 5820 —S.

235 5835 481 5894 Anselmi
503 5836 904 5893 ordinationem
941 5851 1086 5892 anno
1113 5835 1249 5891 1095
1272 5835 1491 5892 factam.
1517 5835 1825 5892 Gundulfus

1923 4635 2195 4694 examina.
2229 4633 2584 4690 Gratulantur
2605 4632 2933 4690 immensum
2959 4631 3326 4704 Augustinum
3351 4639 3522 4689 suum.

1917 4717 2034 4802 jam
2061 4726 2219 4800 quasi
2250 4726 2317 4783 de
2347 4733 2524 4802 morte
2553 4725 2860 4792 reductum,
2893 4735 2996 4780 etc.
3051 4721 3382 4795 Exportatur
3411 4723 3514 4780 ita-

1923 4835 2032 4893 quc
2055 4834 2180 4876 cum
2211 4817 2363 4875 omni
2394 4825 2592 4873 ornatu
2619 4825 2672 4872 et
2705 4831 2964 4888 processu
2995 4829 3061 4870 ac
3077 4813 3256 4886 jubilo
3285 4813 3514 4870 celebri-

1924 4913 2052 4969 tatis
2079 4911 2483 4977 ecclesiasticae,
2511 4925 2638 4966 cum
2667 4923 2862 4966 vocum
2899 4923 2962 4964 ac
2988 4906 3362 4979 cymbalorum
3391 4921 3522 4962 mo-

1928 5007 2207 5066 dulatione
2232 5049 2248 5074 ,
2299 5023 2425 5064 cum
2474 5019 2840 5078 supernorum
2891 5011 2944 5057 et
3003 4999 3318 5058 inﬁmorum
3363 4999 3516 5058 socia

1926 5097 2416 5174 congratulatione,
2443 5108 2606 5170 atque
2625 5111 2752 5154 cum
2778 5095 2882 5151 hac
2905 5091 3139 5148 altisona
3162 5093 3357 5168 gloria,
3387 5102 3515 5150 ante

1925 5189 2300 5247 autlienticum
2315 5188 2484 5246 altare
2495 5200 2838 5244 summorum
2855 5182 3250 5256 apostolorum,
3265 5182 3516 5242 velutde—

1921 5282 2164 5355 positum
2192 5281 2413 5338 cmleste
2446 5277 2812 5350 componitur,
2844 5277 3019 5334 donec
3045 5286 3236 5348 parato
3262 5276 3516 5334 decenter

1924 5376 2086 5432 thoro
2110 5375 2422 5431 collocetur.
2458 5371 2633 5428 Tanta
2659 5384 2792 5428 vero
2819 5369 3118 5442 gratiarum
3148 5369 3356 5426 Christi
3383 5369 3516 5425 cha-

1928 5466 2156 5523 rismata
2199 5463 2627 5521 refundebantur
2667 5463 2723 5519 in
2773 5463 3033 5535 populum
3063 5463 3131 5519 de
3175 5461 3311 5518 tanti
3337 5458 3515 5518 Patria

1930 5555 2238 5625 dulcedine,
2277 5564 2338 5612 ut
2381 5555 2530 5613 velut
2576 5555 2862 5612 incensum
2893 5554 3101 5628 passim
3137 5553 3407 5612 stillarent
3430 5553 3513 5610 la-

1933 5694 2076 5757 apud
2104 5694 2338 5751 Beccnm
2361 5694 2417 5751 in
2441 5691 2836 5757 Northmannia
2863 5691 3168 5748 monachus
3204 5687 3386 5757 fuerat
3413 5691 3516 5744 sub

1935 5753 2195 5820 Herluino
2218 5766 2429 5824 abbate.
2467 5753 2597 5838 Ejus
2624 5764 2744 5822 Vita
2767 5765 2912 5822 edita
2952 5772 3035 5820 est
3077 5771 3210 5818 tom.
3243 5753 3288 5808 ll
3310 5755 3519 5832 Anglize

1935 5851 2103 5894 sacra:
2125 5852 2177 5908 p.
2209 5836 2335 5892 275.
