3990 6298
482 392 557 461 te
1482 377 1847 467 coScstmI
1884 403 2445 501 CANTUARIENSIS
2485 414 2793 475 nomen]
2981 443 2990 455 ο
3699 417 3775 477 se

472 519 689 593 -crymis
738 517 969 591 lretitite,
1019 519 1220 594 quibus
1247 521 1338 578 ille
1364 522 1481 581 dies
1508 533 1751 595 paternae
1777 526 2083 596 praesentia:
2110 530 2158 586 A
2184 538 2246 585 ut
2268 533 2514 589 omnium
2561 535 2898 591 interventor
2930 531 3211 613 aduratur.
3257 533 3393 604 Quis
3414 547 3544 591 vero
3564 543 3775 594 tantam

483 629 551 669 eo
580 621 741 671 tenus
767 613 1116 672 inestimatus
1145 615 1416 686 potuisset
1445 616 1765 673 clarescere.

466 712 473 716 '
554 705 685 760 Car.
714 703 831 760 XII.
871 704 1033 777 Ai'gri
1058 715 1338 761 sanantur.
1382 734 1451 747 —-
1482 701 1593 762 Nec
1619 713 1781 763 vacat
1809 706 2013 764 interea
2047 722 2080 764 a

484 797 662 853 salute
690 798 781 854 ille
810 796 964 854 locus
989 797 1188 870 prioris
1221 796 1441 870 quietis,
1474 796 1564 854 ille
1591 798 1824 855 lectulus
1855 801 2079 871 prolixae

484 887 876 956 dormitionis;
931 888 1072 945 calet
1117 889 1302 961 magni
1351 889 1544 945 incolae
1589 891 1867 957 accubitu,
1918 892 2082 949 sudat

486 978 695 1048 opifera
726 981 993 1049 balsama,
1021 990 1077 1038 et
1100 981 1268 1037 odore
1299 996 1401 1037 suo
1430 989 1588 1037 curat
1614 983 1862 1039 morbida
1890 1002 1903 1039 :
1927 978 2079 1057 aegri,

487 1071 752 1142 languidi,
781 1073 1007 1141 debiles,
1028 1074 1299 1147 contracti
1328 1074 1553 1130 veniunt
1574 1090 1817 1147 vespere,
1844 1085 1899 1133 et
1925 1078 2081 1133 ineo--

487 1159 667 1219 tumes
698 1162 929 1219 redeunt
953 1146 1134 1230 mane,
1161 1172 1266 1219 etc.

559 1250 691 1307 CAP.
740 1247 879 1307 XIII.
935 1251 1153 1308 Inimici
1197 1253 1550 1310 reconciliati.
1591 1286 1661 1296 —
1697 1254 1891 1330 Magna
1925 1265 2085 1314 erant

487 1352 624 1402 tunc
651 1346 719 1403 de
764 1345 1057 1419 Augustini
1104 1347 1363 1418 praesidio
1405 1348 1671 1405 miracula
1716 1344 2083 1422 corporalium

488 1438 789 1493 sanitatum
818 1478 834 1505 ,
881 1438 975 1495 sed
1021 1440 1236 1510 majora
1279 1447 1409 1495 sunt
1441 1440 1691 1513 cordium
1741 1452 2081 1498 sanatorum.

491 1526 743 1585 Vidimus
772 1528 865 1586 hic
893 1529 1324 1587 irremcdiabiles
1350 1530 1604 1589 inimicos
1628 1534 1973 1603 convenisse,
1994 1537 2086 1607 qui

489 1617 562 1672 ad
586 1619 761 1673 sancti
787 1621 1130 1690 prwsentiam
1172 1621 1504 1677 reconciliati
1532 1632 1686 1691 sunt,
1731 1632 1836 1680 etc.
1886 1624 1942 1680 ln
1973 1628 2084 1681 tam

489 1721 632 1762 nova
664 1715 889 1779 tamque
930 1709 1191 1779 praeclara
1237 1708 1534 1767 festivitate
1563 1712 1855 1783 episcopus
1886 1713 2087 1771 missas

489 1799 726 1856 candido
768 1801 940 1857 choro
968 1801 1341 1873 eonjubilante
1366 1802 1638 1871 celebrat,
1688 1811 1744 1860 et
1769 1813 1892 1876 post
1914 1821 2085 1862 evan-

2186 620 2322 677 vidit
2342 618 2671 681 oblationem
2698 626 2753 680 in
2795 640 2952 691 auro,
2979 635 3229 697 argento,
3268 627 3410 683 ceris
3430 635 3484 682 et
3504 622 3773 697 candelis,

2185 710 2417 784 aliisque
2436 715 2648 771 resellis
2671 714 2947 771 ﬁdelium?
2967 713 3232 770 Miraculo
3249 724 3367 770 erat
3382 715 3641 772 omnibus
3660 723 3776 772 tam

2184 800 2398 857 insueta
2422 804 2598 873 copia,
2623 819 2733 859 non
2758 803 3043 875 capiebant
3088 803 3206 860 hac
3238 804 3451 872 altaria,
3481 819 3593 860 non
3621 803 3775 861 sufﬁ-

2185 892 2404 949 ciebant
2427 894 2801 966 colligentium
2828 895 3151 961 certamina,
3177 904 3366 953 noctes
3406 905 3462 952 et
3498 895 3621 955 dies
3664 911 3775 951 non

2183 985 2500 1056 quiescebat
2525 986 2868 1043 oﬂ'erentium
2895 988 3077 1055 turba,
3099 994 3205 1043 etc.

2255 1076 2387 1134 Car.
2429 1077 2573 1134 XVI.
2620 1078 3040 1151 Transferantur
3066 1090 3117 1135 et
3152 1080 3249 1135 alii
3285 1083 3482 1136 sancti.
3507 1110 3582 1120 -—-
3606 1077 3779 1136 Volc—

2184 1170 2321 1226 bant
2351 1179 2483 1227 tunc
2511 1180 2568 1227 et
2593 1170 2784 1228 beatos
2816 1172 2938 1243 ejus
2967 1180 3255 1228 consortes
3291 1170 3610 1239 transferre,
3634 1186 3778 1243 qua-

2187 1262 2335 1319 tinus
2356 1278 2466 1319 una
2510 1263 2755 1334 ejusdem
2799 1262 2907 1318 diei
2952 1262 3240 1320 celebritas
3264 1263 3431 1318 unius
3454 1261 3785 1335 astringeret

2188 1355 2388 1411 mentis
2428 1355 2682 1427 collegas.
2730 1353 2932 1411 Verum
2959 1365 3012 1411 et
3036 1356 3155 1426 ipso
3175 1355 3263 1411 die
3283 1364 3337 1410 et
3357 1354 3629 1426 sequenti,
3657 1370 3784 1426 quae

2187 1455 2323 1513 erat,
2348 1455 2411 1502 ut
2433 1448 2752 1518 praedictum
2791 1456 2895 1515 est,
2926 1432 3241 1504 Nativitatis
3284 1445 3471 1503 Matris
3512 1444 3781 1502 Altissimi

2191 1537 2529 1611 Verbigena;
2556 1539 2610 1594 in
2659 1555 2769 1594 uno
2813 1539 3123 1612 Augustino
3165 1537 3544 1610 componendo
3581 1553 3784 1594 manus

2187 1630 2419 1700 dedere;
2452 1646 2555 1687 nec
2597 1630 2925 1688 suifecerant
2947 1647 3195 1703 prorsus,
3229 1630 3627 1686 intercurrente
3660 1628 3783 1702 jugi

2188 1723 2429 1796 plebium
2450 1724 2861 1796 glomeratione,
2887 1740 3027 1796 opus
3049 1724 3285 1795 explere.
3331 1721 3517 1778 Tertio
3557 1722 3782 1778 demum

2190 1814 2299 1882 die,
2326 1813 2380 1870 id
2422 1824 2509 1872 est
2549 1816 2710 1871 tertia
2733 1815 2887 1884 feria,
2910 1815 3003 1871 vix
3045 1815 3332 1871 aediculam
3358 1822 3412 1869 et
3443 1812 3782 1884 opertorium

490 1892 692 1978 geIit'tm
722 1893 791 1949 de
826 1900 982 1951 tanto
1030 1894 1166 1951 tanti
1198 1895 1418 1966 patroni
1449 1896 1689 1968 tripudio
1740 1897 1941 1969 populo
1967 1915 2084 1956 ser-
2115 1907 2159 1967 Β
2187 1906 2507 1964 accubantis
2527 1908 2686 1964 ducis
2709 1907 3013 1964 confecere.
3050 1906 3256 1974 Quarta
3276 1906 3495 1962 tandem
3527 1906 3637 1973 die,
3659 1920 3787 1978 quae

489 1975 711 2040 mortem
760 1984 1063 2056 dispensat,
1094 1993 1260 2043 tantm
1306 1987 1449 2045 lucis
1480 1989 1801 2061 mysterium
1830 2004 1957 2046 cum
1990 2005 2088 2062 spe

488 2075 666 2133 beata:
692 2067 1133 2147 resurrectionis,
1161 2079 1394 2138 visionis
1417 2090 1472 2137 et
1514 2082 1940 2141 cohabitationis
1966 2084 2088 2155 ejus

487 2179 764 2242 perpetua:
817 2171 1049 2229 ﬁdeliter
1116 2172 1352 2231 intimat.
1402 2173 1693 2232 Postremo
1734 2187 2088 2248 peccatorum

489 2254 918 2332 absolutionem,
945 2265 1339 2345 pqanitentibus
1368 2265 1774 2347 remissionem,
1804 2270 1955 2325 omni
1984 2284 2087 2341 po-

488 2355 620 2426 pulo
646 2355 864 2412 conﬂuo
893 2352 1140 2429 ejusdem
1168 2357 1332 2430 primi
1380 2359 1632 2430 prazsulis
1675 2367 1731 2416 et
1756 2359 2089 2420 institutoris

488 2436 719 2504 sui'vice
741 2456 907 2519 atque
931 2449 1259 2507 auctoritate
1286 2451 1380 2507 dat
1407 2451 1863 2523 benedictionem,
1888 2468 2088 2527 peren-

490 2552 730 2610 nemque
760 2539 816 2594 in
844 2539 1066 2597 Christo
1093 2542 1384 2619 confirmat
1415 2558 1626 2615 pacem.
1910 2550 1911 2553 “
1953 2574 1957 2581 -

561 2627 693 2685 Cap.
724 2628 869 2713 XIV.
910 2630 1256 2705 Cangaudent
1277 2636 1472 2707 angeli.
1497 2667 1567 2680 --
1592 2635 1839 2709 Superna
1870 2653 2090 2712 quoque

460 2722 467 2725 ’
492 2720 829 2793 agmina‘bis
859 2723 1144 2782 solemniis
1169 2726 1540 2799 congratulari
1577 2720 1708 2786 sunt
1734 2730 1871 2787 visa.
1899 2730 2091 2789 Conti-

494 2812 576 2884 git
599 2814 717 2871 haec
744 2814 1089 2874 celebrabilis
1115 2818 1404 2875 translatio
1434 2819 1489 2875 in
1520 2818 1780 2890 Sabbato,
1826 2822 1915 2879 cui
1957 2840 2090 2881 san-

494 2914 598 2961 etze
622 2904 719 2962 Dei
746 2905 1039 2966 Genitricis
1061 2906 1327 2967 Nativitas
1349 2913 1679 2970 succedebat
1700 2915 1790 2971 die
1813 2916 1994 2973 tertio.
2031 2916 2089 2973 In

492 2998 619 3071 ipso
631 3000 873 3057 Sabbato
894 3009 949 3058 et
970 3001 1339 3075 subsequente
1361 3014 1524 3063 nocte
1543 3006 1850 3076 Dominica,
1863 3010 2093 3084 pervigil

495 3105 729 3149 suorum
794 3103 983 3151 custos
1054 3096 1394 3168 Augustinus
1456 3114 1582 3156 cum
1641 3103 2093 3173 pernoctantibus

492 3183 851 3255 psalmicanis
889 3194 1016 3245 ante
1058 3189 1419 3258 apostolicum
1461 3190 1636 3249 altare
1674 3195 2094 3265 praestolabatur

495 3254 821 3348 apparatum
861 3254 1220 3353 requietionis
1265 3298 1399 3342 suae.
1440 3282 1539 3341 Est
1571 3254 1755 3342 autem
1777 3285 2091 3345 Canticnsis
2118 3254 2163 3317 Ο

499 3367 637 3425 civis
677 3369 961 3445 presbyter
1003 3375 1349 3445 notissimus,
1384 3375 1628 3448 probatae
1655 3376 1780 3434 ﬁdei
1804 3392 1868 3435 ac
1889 3379 2088 3436 verilo-

499 3462 636 3535 quii,
655 3466 750 3536 qui
768 3474 901 3525 tunc
923 3465 1064 3527 forte
1081 3470 1391 3544 hospitatus
1412 3470 1709 3530 Wintoniae
1729 3471 2089 3547 (Wincester),

500 3556 558 3611 in
584 3557 701 3628 ipsa
724 3568 885 3618 nocte
904 3636 907 3637 ν
927 3560 1209 3621 Dominica
1240 3564 1389 3623 circa
1413 3564 1591 3623 lucem
1614 3565 1844 3637 parabat
1865 3566 2089 3624 domum

498 3649 698 3707 redire.
722 3650 863 3709 Ecce
882 3662 1067 3712 autem
1091 3644 1235 3713 inter
1255 3658 1678 3715 somnolentiam
1702 3658 1785 3715 vel
1805 3660 2090 3727 exstasim,

497 3749 563 3797 ut
598 3742 687 3801 ille
706 3744 1067 3818 jurejurando
1091 3749 1474 3822 adstipulatur,
1492 3750 1628 3809 vidit
1648 3752 1868 3810 eminus
1891 3754 2092 3812 etelum

499 3843 747 3907 apertum
774 3852 940 3911 super
976 3840 1439 3915 Augustinianum
1467 3844 1750 3916 templum,
1776 3846 2093 3919 scalamquc

498 3926 755 4003 ﬂammeo
795 3929 1004 4006 fulgore
1044 3934 1347 3992 radiantem
1394 3936 1464 3992 ab
1507 3936 1625 4007 ipsa
1664 3951 1901 4009 superna
1922 3938 2093 4011 janua

497 4015 679 4091 usque
701 4021 755 4077 in
775 4032 940 4097 caput
958 4025 1202 4098 ejusdem
1226 4027 1489 4095 ecclesiae,
1507 4041 1616 4099 qua
1634 4037 1860 4085 sanctus
1878 4028 2093 4087 Domini

499 4113 822 4185 accubabat,
847 4117 1005 4189 quasi
1027 4118 1340 4176 columnam
1364 4119 1638 4188 libratam,
1663 4121 2096 4195 angelorumque

500 4205 733 4263 chorum
757 4207 1149 4269 candidissimo
1174 4226 1239 4269 ac
1276 4210 1724 4284 splendidissimo
1773 4199 1960 4270 habitu
1998 4230 2098 4288 per

498 4297 651 4353 illam
675 4300 1091 4359 descendentem
1115 4316 1290 4374 usque
1333 4303 1386 4358 in
1414 4303 1590 4374 ipsam
1614 4304 1971 4374 apostolicam
1995 4320 2095 4362 au-

502 4392 643 4461 lam;
690 4401 866 4450 totum
910 4411 1043 4453 vero
1080 4397 1474 4454 monasterium
1497 4397 1657 4469 quasi
1682 4396 1874 4471 ingens
1901 4399 2095 4471 globus

501 4484 935 4545 ﬂammivomum
960 4496 1147 4546 tantus
1174 4488 1406 4563 fulgoris
1430 4489 1620 4546 radius
1643 4505 1768 4547 cum
1791 4490 1908 4562 ipsa
1932 4492 2096 4549 scala

2188 2008 2273 2057 est
2291 2008 2489 2071 quarta
2521 1998 2675 2068 feria,
2710 1999 2869 2075 quasi
2900 2000 3166 2072 expeditis
3194 1999 3418 2055 lacertis
3442 1998 3507 2055 ad
3531 1998 3786 2055 beatissi-

2189 2104 2311 2146 mos
2335 2091 2758 2171 contubernales
2778 2081 2833 2147 et
2853 2106 3199 2149 successores
3227 2106 3380 2159 suos,
3413 2089 3781 2147 Laurentium

2190 2199 2255 2241 ac
2277 2182 2538 2241 Mellitum
2564 2184 2664 2258 (6),
2699 2186 2767 2242 ad
2789 2185 2968 2258 ipsum
2993 2185 3296 2258 principem
3320 2185 3666 2243 devehendos
3689 2201 3783 2241 ac—

2190 2291 2424 2334 cessere.
2439 2275 2769 2335 Laurentius
2790 2294 2915 2335 cum
2942 2280 3061 2351 ipso
3082 2277 3222 2336 duce
3242 2278 3549 2352 Augustino
3571 2278 3783 2349 primus

2189 2369 2360 2436 venit,
2404 2384 2528 2426 cum
2572 2384 2681 2442 quo
2720 2378 2775 2427 et
2798 2370 3000 2427 diaboli
3026 2371 3199 2427 aciem
3232 2371 3445 2443 primus
3466 2371 3636 2442 rupit,
3664 2369 3781 2441 pri—

2191 2476 2426 2534 musque
2450 2462 2520 2518 ab
2541 2463 2662 2536 ipso
2684 2462 2864 2520 adhuc
2886 2463 3102 2520 vivente
3120 2464 3405 2521 ordinatus
3442 2460 3779 2533 archiponti-

2192 2554 2303 2623 fex,
2327 2564 2387 2610 ut
2407 2556 2684 2626 quondam
2716 2565 2942 2613 sanctus
2971 2557 3225 2613 Clemens
3256 2573 3473 2613 summo
3496 2555 3660 2610 Petro
3690 2571 3790 2610 su-

2192 2648 2404 2720 perstiti
2429 2649 2723 2716 successit;
2757 2648 3022 2704 Mellitum
3057 2663 3187 2704 vero
3210 2647 3606 2703 electissimum
3643 2662 3787 2717 pra:-

2189 2740 2617 2799 cellentissimus
2661 2740 2956 2813 Gregorius
2981 2740 3285 2812 Augustino
3318 2738 3597 2812 postmisit
3628 2740 3787 2795 auxi-

2191 2830 2433 2898 liarium,
2454 2832 2507 2887 in
2531 2833 2813 2905 procinctu
2838 2832 3042 2889 Christi
3055 2842 3273 2889 strenue
3290 2832 3782 2888 succenturiatum.

2195 2921 2271 2980 De
2292 2924 2450 2980 beato
2471 2923 2767 2980 Laurentio
2792 2924 2949 2980 dulce
2982 2932 3128 2980 esset
3160 2933 3464 2981 memoratu
3505 2923 3790 2995 quomodo

2195 3026 2476 3073 mortuum
2521 3015 2886 3085 suscitaverit,
2927 3032 3092 3088 super
3129 3017 3307 3073 undas
3345 3016 3516 3072 maris
3551 3016 3788 3088 pedibus

2195 3107 2521 3177 cucurrerit,
2543 3108 2669 3181 igne
2692 3109 2758 3165 de
2780 3108 2920 3165 caelo
2942 3117 3170 3175 evocato
3193 3108 3395 3165 virtute
3420 3107 3552 3165 Elia:
3586 3109 3789 3179 impios

2195 3198 2640 3271 conﬂagraverit;
2680 3201 2955 3272 quomodo
2987 3198 3189 3257 fontem
3219 3201 3388 3257 aridis
3412 3200 3548 3256 locis
3577 3200 3788 3272 produ-

2194 3303 2341 3349 ctum
2364 3291 2421 3347 in
2442 3301 2761 3363 perpetuum
2785 3292 2965 3350 rivum
2988 3291 3258 3359 effuderit,
3282 3307 3390 3364 qua
3416 3307 3576 3363 pcena
3598 3281 3791 3346 amca-'-

2194 3394 2284 3441 tur
2304 3385 2485 3442 omnis
2505 3383 2832 3441 feminarum
2856 3400 3113 3442 accessus
3157 3386 3227 3442 ab
3251 3385 3500 3451 ecclesia,
3524 3400 3647 3455 quae
3666 3383 3791 3454 ejus

2194 3477 2523 3549 apostolatui
2548 3486 2827 3534 exstructa
2849 3485 2906 3534 et
2929 3485 3249 3535 consecrata
3276 3486 3359 3534 est
3378 3478 3433 3532 in
3458 3475 3696 3544 Scottia;
3727 3481 3791 3530 ut

2194 3585 2368 3642 nuper
2411 3570 2599 3643 regina
2647 3568 2870 3627 Scottiae
2909 3570 3110 3643 inclyta
3150 3569 3451 3642 Margareta
3498 3568 3574 3641 (7)
3601 3611 3616 3633 ,
3659 3584 3788 3624 cum

2195 3661 2561 3718 oblationibus
2601 3661 2809 3717 aditum
2853 3670 3063 3718 tentare
3111 3677 3243 3718 ausa
3269 3704 3285 3730 ,
3331 3661 3514 3717 subito
3553 3660 3621 3717 sit
3659 3674 3789 3731 per-

2194 3770 2357 3812 cussa
2381 3763 2543 3827 atque
2565 3755 2804 3826 repulsa,
2830 3756 2926 3815 sed
2965 3755 3289 3811 clericorum
3322 3770 3481 3826 prece
3511 3754 3789 3813 restituta.

2197 3847 2400 3906 Verum
2443 3849 2560 3906 haec
2602 3848 2709 3906 loci
2752 3848 3049 3905 artitudine
3097 3849 3357 3905 exclusus
3408 3847 3791 3920 praetermitto,

2197 3938 2328 3994 alibi
2370 3939 2481 3996 Deo
2535 3939 2813 4011 aspirante
2869 3939 3182 3994 retexenda.
3254 3937 3597 3995 Mellitissimi
3657 3954 3793 3993 vero

2196 4029 2402 4098 Mclliti,
2430 4029 2836 4100 archiprtesulis
2879 4014 2921 4084 a'
2951 4028 3231 4100 prit‘nitivo
3271 4027 3580 4100 Augustino
3619 4027 3792 4094 tertii,

2195 4121 2583 4194 probatissima
2617 4121 2879 4177 sanctitas
2909 4119 2963 4176 in
2996 4118 3234 4176 Historia
3273 4119 3575 4176 ﬁdelissimi
3606 4117 3790 4187 Bedac,

2196 4212 2621 4285 conflagrantem
2647 4212 2840 4267 urbem
2867 4209 3216 4268 Doroberniae
3238 4219 3410 4268 semet
3438 4211 3657 4282 ignibus
3684 4223 3790 4280 ους

2195 4304 2376 4375 posito
2397 4302 2617 4370 liberat,
2638 4300 2888 4359 ﬂammas
2906 4310 3211 4358 retrorsum
3234 4310 3556 4374 tempestate
3587 4308 3642 4356 et
3667 4309 3791 4357 tur-

2196 4391 2324 4448 bine
2364 4391 2661 4450 violentius
2703 4392 3027 4464 propulsat,
3071 4407 3104 4449 a
3143 4392 3304 4465 cujus
3346 4391 3487 4449 facie
3534 4389 3795 4447 recidunt

2196 4484 2453 4557 ventique
2475 4486 2723 4558 rogique,
2743 4494 3079 4557 pereuntque
3099 4486 3263 4542 citius
3283 4501 3409 4543 cum
3432 4499 3534 4542 suo
3557 4493 3792 4539 terrore.

501 4578 846 4637 extremitate
888 4579 1217 4649 involvebat,
1259 4592 1321 4639 ut
1355 4595 1678 4654 repercusso
1715 4582 1939 4651 intuitu,
1962 4584 2095 4656 quid
2127 4599 2173 4661 ο
2203 4576 2377 4650 Hujus
2401 4578 2565 4635 etiam
2589 4578 2751 4650 primi
2772 4577 3048 4650 pontiﬁcis
3078 4586 3134 4634 et
3155 4579 3541 4635 illuminatoris
3567 4575 3797 4632 Lundo-

498 4669 856 4741 intrinsecus,
896 4673 982 4730 vel
1024 4674 1170 4731 circa
1211 4690 1274 4730 ea
1316 4674 1433 4731 loca
1475 4683 1726 4747 ageretur
1762 4676 2095 4748 perpendere

502 4762 776 4836 nequiret,
813 4775 918 4823 etc.

570 4855 703 4913 Car.
746 4856 865 4915 XV.
915 4857 1243 4931 Papularum
1278 4861 1593 4918 oblationes.
1630 4893 1700 4902 —
1732 4861 1939 4920 Deinde
1971 4871 2097 4935 post

499 4945 593 5004 illa
639 4946 867 5004 Sabbati
909 4946 1048 5006 festa
1098 4949 1375 5018 recentia,
1425 4950 1718 5024 atl‘ulgente
1782 4950 2092 5019 Dominica,

500 5039 609 5096 alia
650 5039 960 5113 Augustino
1007 5039 1320 5099 festivitatis
1367 5036 1936 5115 secundatur‘gloria,
1966 5057 2093 5098 cum

499 5130 758 5187 universa
784 5125 987 5188 chorea
1010 5132 1208 5189 iterum
1233 5133 1523 5190 candidata
1545 5142 1599 5189 et
1622 5141 1945 5205 purpurata,
1968 5149 2094 5191 cum

501 5223 766 5295 prazcipiti
789 5224 1119 5296 populorum
1142 5225 1308 5282 ﬂuvio
1340 5235 1395 5282 et
1417 5226 1652 5283 altisono
1672 5226 1899 5283 laudum
1919 5226 2098 5298 jubilo

502 5318 772 5374 adornato
794 5317 1200 5375 solemnissime
1221 5319 1463 5376 thalamo
1485 5319 1807 5387 collocatur,
1830 5320 1922 5376 ubi
1951 5336 2099 5378 nunc

503 5422 535 5463 a
580 5406 762 5465 fronte
805 5416 862 5464 et
904 5405 1045 5465 facie
1097 5410 1342 5467 ecclesia:
1385 5410 1613 5483 pervigil
1657 5410 2001 5482 speculator,
2043 5420 2100 5468 et

504 5507 692 5557 custos
709 5501 928 5567 domus,
958 5499 1240 5573 urbisque,
1264 5509 1320 5557 et
1337 5503 1506 5559 totius
1527 5500 1735 5575 Anglia:
1758 5517 1872 5558 suae
1896 5516 2097 5557 aurosa

504 5596 733 5654 aedicula
756 5597 1060 5667 excubans,
1086 5596 1188 5654 rite
1221 5596 1292 5653 ab
1313 5596 1572 5654 omnibus
1594 5604 1910 5663 veneratur,
1936 5603 2102 5667 atque

580 5732 659 5805 (6)
686 5731 890 5791 Eorum
921 5729 1103 5791 Vitam
1125 5734 1378 5805 dedimus
1410 5732 1622 5791 Szeculo
1652 5729 1697 5787 II
1719 5728 2095 5805 Benedictino.

505 5799 838 5882 Laurentius
854 5805 1054 5882 colitur
1080 5822 1118 5861 Il
1142 5803 1452 5882 Februarii,
1467 5805 1700 5882 Mellitus
1722 5816 1859 5882 xxiv
1869 5799 2093 5882 Aprilis.

578 5875 663 5946 (7)
693 5873 964 5934 Malcolmi
1009 5891 1181 5945 uxor,
1225 5890 1347 5946 qute
1370 5875 1508 5930 adeo
1532 5874 1727 5943 pietate
1772 5873 2007 5939 enituit,
2039 5880 2099 5927 ut

2201 4669 2307 4727 nite
2332 4670 2618 4743 condignis
2642 4670 2853 4727 meritis
2883 4671 3219 4743 adscriptum
3261 4672 3478 4743 legitur,
3515 4670 3796 4741 quomodo

2201 4761 2460 4837 inclytam
2501 4762 2793 4819 ecclesiam
2833 4760 3310 4820 Westmonasterii
3358 4760 3793 4834 (Westminster)

2202 4864 2362 4913 nocte
2385 4855 2683 4913 Dominica
2703 4856 2832 4923 diei,
2856 4871 2963 4928 qua
2982 4856 3335 4913 dedicaturus
3360 4864 3479 4911 erat
3503 4855 3556 4910 in
3581 4856 3797 4909 honore

2202 4945 2475 5020 Principis
2507 4949 2914 5021 apostolorum,
2950 4949 3066 5020 ipse
3096 4949 3333 5021 claviger
3377 4949 3608 5005 arduum
3650 4963 3796 5019 opus

2201 5041 2543 5110 praavenerit,
2560 5049 2615 5098 et
2632 5058 2728 5113 per
2751 5030 3075 5113 piscatorem
3099 5050 3444 5098 transvectus
3464 5040 3794 5096 Tamensem

2198 5132 2425 5189 fluvium
2453 5134 2531 5193 (la
2554 5132 2804 5207 Tamise),
2834 5151 2998 5191 omne
3022 5135 3259 5193 cilicium
3304 5144 3359 5190 et
3392 5134 3659 5191 solemnia
3692 5135 3795 5189 de-

2198 5224 2491 5283 dicationis
2523 5226 2898 5284 ecclesiastico
2921 5228 3112 5283 ordine
3142 5227 3407 5298 exegerit;
3447 5226 3592 5296 quod
3626 5225 3796 5282 claris

2197 5316 2418 5374 indiciis
2454 5316 2652 5373 intueri
2688 5316 2810 5385 fuit,
2837 5328 3003 5389 atque
3042 5318 3098 5373 in
3145 5318 3363 5389 signum
3398 5315 3529 5372 facti
3570 5317 3795 5372 xenium

2200 5408 2445 5480 pontifici
2475 5410 2745 5483 insignem
2782 5410 2984 5481 piscem
3016 5411 3250 5467 miserit.

2272 5501 2402 5558 Car.
2443 5501 2609 5558 XVII.
2650 5502 2767 5569 Quo
2801 5503 2986 5557 ordine
3022 5503 3285 5574 disposita
3320 5500 3421 5559 SS.
3450 5488 3698 5574 corpora.
3721 5530 3799 5579 -έ

2202 5594 2362 5651 I’ium
2386 5603 2472 5653 est
2497 5595 2661 5651 etiam
2697 5603 2948 5666 posteros
2982 5596 3202 5665 audire,
3241 5597 3391 5668 quod
3411 5595 3527 5666 jam
3561 5608 3673 5649 non
3708 5601 3799 5649 est

2204 5729 2347 5857 intJer
2374 5738 2594 5813 sanctas
2623 5729 2805 5789 locum
2832 5731 3111 5788 meruerit.
3143 5728 3292 5787 Obiit
3324 5743 3471 5785 anno
3498 5725 3669 5796 1097,
3702 5724 3798 5782 die

2205 5817 2236 5856 χ
2309 5816 2441 5857 unn.

2205 5817 2236 5856 Χ
2273 5816 2441 5857 Junii.
