3972 6296
254 375 327 435 et
1012 447 1029 464 ι
1148 328 1167 352 “
1196 363 1819 463 ωηετιωκςωτ.
1858 364 1874 420 ι

1973 362 2572 427 secusne—us.
2596 362 2639 421 ι.
2712 362 2723 371 “
3475 363 3555 443 se

255 489 479 555 videre,
517 500 629 558 qua
657 484 750 543 hic
764 484 947 542 sancti
979 483 1137 567 prius
1163 483 1535 559 requieverint
1560 481 1853 556 positione.
1885 483 1931 544 Α
1951 487 2258 552 utrumque
2302 478 2570 537 habemus
2604 496 2619 532 :
2646 491 2839 535 verum
2881 475 2972 541 hic
3027 493 3140 551 uno
3180 478 3375 543 dolore
3408 479 3553 539 indi-

257 578 484 638 Primus
515 578 856 650 Augustinus
885 592 1005 651 sua:
1032 577 1278 648 porticus
1300 575 1543 633 australe
1561 575 1706 631 latus
1725 588 1860 646 pos-

256 671 504 740 sidebat,
569 678 626 728 et
668 671 852 728 sacris
903 669 1151 741 vestigiis
1191 668 1516 729 orientalem
1561 666 1857 724 maceriam

258 764 554 838 pulsabat;
589 762 663 819 ab
682 761 961 834 ejuslaava
986 761 1198 834 primus
1220 774 1513 843 successor
1536 766 1596 815 et
1615 758 1861 817 lateralis

262 855 633 922 Laurentius,
681 860 1273 937 utprazmonstratum
1318 840 1434 920 est,
1486 850 1661 937 simili,
1681 850 1862 922 spatio

260 945 727 1018 protendebatur,
764 936 1155 1000 tantummodo
1184 950 1431 1001 remotus
1458 930 1726 1013 quantum
1753 939 1862 996 loci

259 1039 438 1121 altare
493 1035 797 1094 beatissimi
838 1034 1212 1114 auctoris_sui
1246 1033 1524 1106 Gregorii,
1560 1020 1693 1109 hinc
1736 1032 1875 1103 inde.

262 1140 568 1203 utrumque
584 1128 933 1195 adsciscens,
966 1127 1290 1198 occupabat.
1335 1126 1527 1198 Cetera
1551 1123 1883 1201 parsaquiﬂ

265 1214 799 1300 lunarislatitudinis
820 1236 853 1276 a
875 1219 1100 1277 sinistra
1114 1219 1245 1275 almi
1260 1218 1544 1282 Laurentii
1558 1217 1863 1273 Adrianum

262 1298 527 1377 sanctum
549 1320 868 1385 exceperat;
914 1310 1072 1383 virgo
1106 1318 1289 1366 autem
1318 1309 1525 1366 Christi
1547 1298 1885 1381 Mildretha,’

267 1406 434 1483 unica
468 1414 703 1476 ,patrum
753 1419 1000 1477 gemma,
1051 1419 1085 1459 a
1132 1400 1337 1459 boreali
1376 1402 1583 1474 pariete
1631 1398 1865 1459 australi

264 1492 575 1564 Augustino
597 1490 854 1547 concordi
877 1486 1243 1560 respondebat
1264 1488 1509 1561 regione,
1535 1501 1677 1559 quos
1699 1500 1865 1556 supra

264 1583 910 1649 translatosextulimus.
943 1580 1077 1653 Ejus
1097 1581 1288 1638 vertici
1312 1590 1371 1637 ut
1392 1580 1537 1637 beati
1572 1578 1883 1651 Augustini

263 1664 438 1730 altare
460 1673 719 1743 astabat;
750 1684 807 1728 at
841 1672 1006 1744 capiti
1032 1688 1192 1729 sacro
1227 1671 1508 1729 Laurentii
1536 1670 1773 1727 Mellitus
1807 1680 1867 1727 ut

264 1758 555 1836 proximus
582 1778 873 1837 successor
894 1764 948 1820 in
974 1765 1242 1836 producta
1263 1764 1511 1822 ecclesiae
1530 1780 1656 1823 area
1679 1763 1865 1819 immi-

1962 573 2145 646 gnitas
2181 580 2372 653 nostra
2403 570 2665 640 tabescit,
2717 570 2867 642 quod
2894 570 3028 627 dum
3064 572 3275 645 scimus
3319 573 3453 646 quid
3480 574 3556 635 sit

1960 666 2111 738 quod
2141 665 2409 723 habemus
2431 706 2448 734 ,
2475 663 2601 737 quis
2624 663 2697 721 sit
2722 664 3005 722 nescimus
3022 705 3038 734 ,
3082 665 3191 722 nisi
3221 666 3370 737 quod
3396 666 3553 729 illum

1960 758 2030 827 de
2056 757 2267 837 intimis
2290 756 2477 814 Patris
2509 757 2801 830 Augustini
2853 757 3177 830 pignoribus
3218 757 3419 828 fuisse,
3454 761 3552 832 qui

1963 852 2060 908 tali
2091 852 2216 927 loco
2254 850 2582 924 consepeliri
2622 849 2884 927 meruerit
2916 859 3300 913 autumamus.
3339 850 3556 911 Nomen

1961 928 2123 1019 vero,
2157 943 2289 1017 quia
2333 943 2623 1015 antiquum
2653 942 3019 1015 perdidimus,
3061 959 3267 1003 novum
3295 928 3352 1000 et
3386 943 3609 1023 Ῑαιιιὶτί,Δ

1963 1036 2098 1109 liare
2122 1034 2229 1092 sibi
2259 1033 2494 1115 fideliter
2549 1033 2943 1113 imposuimus,
2986 1042 3057 1111 .th
3102 1049 3281 1106 usque
3309 1034 3366 1090 in
3407 1034 3554 1090 diem

1962 1125 2312 1183 revelationis
2361 1134 2586 1183 vocetur
2624 1125 2785 1197 npbis
2827 1133 3050 1183 sanctus
3084 1124 3387 1207 Deonotus.
3441 1124 3560 1184 Sub

1964 1218 2155 1277 eodem
2178 1218 2364 1289 itaque
2402 1215 2743 1291 Gregoriano
2775 1218 2968 1289 altari,
3008 1226 3360 1291 sacrosancta
3395 1217 3556 1289 gleba

1966 1301 2167 1397 sepulti
2193 1307 2262 1365 ad
2297 1309 2480 1380 ipsum
2531 1308 2853 1365 orientalem
2902 1308 3166 1379 parietem
3198 1308 3517 1379 contiguum
3537 1347 3575 1379 ,_

1967 1400 2129 1465 sicuti
2186 1397 2479 1472 Augustini
2528 1407 2584 1455 et
2646 1397 2932 1454 Laurentii
2992 1399 3402 1471 porrigebatur,
3459 1397 3579 1468 qui,

1967 1478 2228 1567 tanquam
2271 1490 2417 1548 tilius
2446 1490 2790 1565 geminorum
2834 1499 3058 1561 patrum
3098 1504 3275 1560 teque.
3296 1488 3513 1547 medius
3535 1528 3552 1553 ,

1966 1583 2117 1663 velut
2153 1576 2453 1654 utriusque
2482 1581 2585 1641 alis
2629 1580 2937 1663 fovebatur.
2974 1580 3259 1663 Reserata‘
3287 1594 3420 1653 ergo
3468 1579 3560 1635 illa

1967 1660 2276 1739 aromatum
2309 1674 2575 1751 apotheca
2601 1674 2776 1747 magis
2802 1660 2875 1733 ac
2901 1673 3078 1744 magis
3118 1660 3432 1743 anniteutes
3457 1685 3529 1742 po
3547 1698 3561 1710 -

1966 1758 2127 1845 pulos
2178 1766 2458 1851 reficiebat
2511 1754 2698 1851 divina
2752 1753 3099 1851 fragrantia”
3131 1761 3289 1821 Unde
3342 1769 3562 1834 raptum

267 1824 437 1910 nebat
460 1827 747 1917 auellitus
781 1824 1094 1927 justiiluum
1124 1853 1342 1912 Justum
1365 1854 1671 1913 secundum
1706 1870 1863 1912 suam
1896 1824 1941 1886 Β
1966 1824 2334 1939 pulviseitlum
2359 1847 2582 1931 quidam
2606 1930 2610 1937 .
2631 1824 2877 1939 naribus"
2890 1824 3192 1931 applicuit,
3223 1863 3280 1913 et
3318 1824 3562 1926 paradisi

262 1947 676 2004 successionem
723 1946 829 2004 sibi
863 1948 1244 2005 accommodat
1288 1949 1355 2005 ad
1409 1958 1572 2021 caput
1602 1967 1615 2004 :
1649 1965 1682 2005 a
1723 1946 1882 2021 Justi’
1967 1936 2344 2010 amoenitatem
2365 1939 2694 2019 aestimavit;
2718 1936 2936 2023 quoque
2956 1949 3133 2022 magis
3150 1956 3400 2019 stupeas,
3432 1959 3561 2001 cum

263 2057 395 2097 vero
427 2040 652 2098 dextera
700 2041 894 2100 beatus
943 2041 1223 2099 Honorius
1262 2056 1555 2101 successor
1602 2038 1777 2108 Justi,
1834 2052 1881 2094 a‘
1967 2028 2152 2121 statim
2175 2044 2454 2116 pulverem
2479 2026 2807 2121 reposuerit,
2837 2056 3034 2099 manus
3055 2041 3177 2113 ejus
3199 2038 3409 2095 diutius
3434 2035 3563 2092 inde

263 2134 455 2211 dextra
483 2132 715 2190 Honorii
753 2143 979 2191 sanctus
1028 2142 1084 2190 et
1138 2128 1172 2189 a
1215 2128 1326 2189 Deo
1350 2132 1543 2193 ,datus.
1575 2126 1869 2187 Deusdedit
1967 2120 2252 2207 flagravit.
2277 2133 2421 2203 Quia
2464 2120 2652 2206 itaque
2691 2133 2781 2190 die
2812 2132 2906 2189 illa
2927 2140 3151 2205 propter
3172 2131 3437 2201 impetum
3462 2142 3564 2198 po—

264 2225 676 2303 succcessionis
696 2241 819 2297 suae
865 2226 1057 2296 ordine
1092 2224 1547 2299 subjungebatur.
1574 2221 1629 2278 ls
1674 2236 1885 2291 nempe.
1970 2220 2088 2297 puli
2132 2212 2248 2283 non
2290 2234 2578 2297 pctcrant,
2626 2224 2800 2296 ipsius
2844 2224 3072 2281 Deonoti
3125 2222 3566 2281 sacratissimum

270 2330 302 2369 a
337 2316 517 2384 capite
551 2308 755 2370 summi
776 2314 1072 2386 Augustini
1090 2313 1338 2385 ejusdem
1366 2312 1627 2368 australis
1649 2310 1875 2383 parietis

275 2402 503 2475 thorum
532 2406 891 2473 commeruit,
927 2420 1069 2477 quos
1101 2413 1317 2463 tantum
1356 2404 1601 2459 medium
1638 2402 1874 2490 ostium,

276 2515 393 2570 quo
431 2499 740 2555 intrabatur
759 2498 1040 2556 discrevit.
1071 2497 1165 2555 Sic
1184 2507 1365 2553 tamen
1393 2505 1551 2554 erant
1575 2495 1762 2554 omnia
1786 2496 1876 2552 illa

273 2590 599 2662 angelorum
654 2589 753 2646 Dei
796 2590 1081 2647 mausolea
1143 2589 1434 2657 distincta,
1506 2596 1567 2644 ut
1606 2586 1874 2645 transitus

271 2681 569 2738 haberetur
593 2681 738 2736 inter
765 2682 1004 2753 singula.

308 2770 475 2849 μη.
533 2768 721 2829 XVIII.
764 2772 945 2846 Ignoti
1002 2764 1187 2831 sancti
1224 2773 1479 2830 tumulus.
1553 2758 1872 2845 Appellatur

274 2861 814 2935 Deonctus.-Igitur
841 2862 1117 2921 eﬁ‘erendo
1140 2865 1287 2921 beati
1313 2863 1593 2922 Laurentii
1615 2880 1866 2937 corpore,

269 2954 407 3011 dum
446 2956 854 3027 pavimentum,
904 2957 1053 3030 quod
1083 2973 1271 3037 coram
1315 2957 1653 3031 Gregoriano
1698 2957 1871 3017 altare

275 3046 419 3104 inter
443 3047 625 3119 ipsum
644 3057 700 3104 et
717 3049 1040 3120 praeclarum
1061 3050 1427 3121 Augustinum
1446 3050 1692 3122 patebat,
1715 3049 1870 3122 prius

1976 2309 2193 2401 glebam
2231 2316 2491 2401 plumbea
2542 2316 2705 2401 theca
2746 2323 3083 2401 susceptam
3125 2331 3286 2375 mane
3302 2357 3319 2384 ,
3375 2316 3433 2373 id
3480 2323 3569 2372 est

1977 2406 2170 2478 quinta
2212 2404 2382 2474 feria,
2430 2404 2487 2461 in
2521 2421 2720 2463 novam
2757 2404 3046 2462 ecclesiam
3088 2405 3449 2488 transtulere,
3514 2412 3575 2459 et

1973 2506 2103 2570 post
2146 2513 2352 2555 novum
2394 2495 2566 2555 altare
2608 2513 2763 2555 nova
2812 2496 3056 2569 porticus
3121 2494 3569 2577 memeratissimi

1971 2605 2127 2679 papze
2156 2588 2407 2663 Gregorii
2441 2590 2699 2647 decenter
2725 2604 3042 2660 reposuere.
3072 2587 3353 2646 Habemus
3388 2603 3565 2645 unum

1970 2697 2039 2739 ex
2082 2681 2392 2739 senioribus
2416 2680 2740 2739 monasterii
2784 2680 2923 2737 adeo
2944 2688 3090 2737 nota:
3131 2680 3458 2752 probitatis,
3501 2687 3567 2737 ut

1969 2774 2092 2851 ejus
2113 2762 2415 2833 asse‘rtioni'
2436 2788 2547 2832 non
2577 2773 2800 2832 credere
2828 2772 3028 2845 injuria
3056 2773 3147 2829 sit.
3195 2771 3450 2851 Testatur
3474 2772 3569 2829 hic

1970 2865 2077 2923 sibi
2116 2874 2337 2939 postera
2363 2873 2526 2923 nocte
2564 2880 2661 2941 per
2690 2880 2945 2936 soporem
2989 2864 3149 2937 quasi
3175 2864 3344 2937 hujus
3388 2862 3567 2921 sancti

1970 2956 2167 3016 faciem
2226 2966 2282 3016 et
2321 2957 2556 3016 formam
2596 2957 2857 3030 praeclare
2904 2965 3288 3028 conspectam,
3340 2963 3571 3013 staturae.

1969 3050 2298 3124 proceritate
2316 3059 2370 3108 et
2388 3048 2689 3107 monachili
2716 3049 2996 3107 schemate
3014 3044 3339 3120 condignam
3356 3089 3373 3115 ,
3396 3032 3567 3116 seque

276 3138 617 3195 evellendum
666 3148 1013 3209 censeretur,
1079 3142 1340 3225 quatinus
1395 3157 1425 3198 a
1484 3142 1654 3211 latere
1694 3132 1869 3198 fracta
1895 3160 1943 3227 ρ
1972 3128 2376 3214 ἱὶειρὶὶοωῑεω
2415 3161 2429 3198 :
2459 3160 2479 3194 ι
2514 3141 2731 3199 Gratias
2760 3140 3077 3199 amicabiles
3107 3130 3284 3197 habeo
3313 3146 3368 3195 et
3419 3128 3567 3192 mer-

275 3229 467 3289 tumba
485 3228 697 3287 facilior
717 3231 898 3289 exitus
919 3240 1112 3291 sancto
1133 3242 1440 3304 pararetur,
1464 3233 1668 3290 mirum
1686 3233 1866 3291 dictu!

277 3317 611 3378 ferramenta
629 3330 687 3380 et
713 3322 932 3395 ingenia
959 3324 1207 3380 omnium
1235 3323 1448 3382 ridebat
1475 3324 1706 3383 durities
1730 3316 1870 3382 late—

276 3428 425 3469 rum.
454 3412 599 3471 Sane
627 3414 747 3472 haec
770 3424 886 3471 tam
915 3414 1089 3473 solida
1129 3424 1405 3475 structura
1453 3418 1717 3490 prodebat
1752 3421 1872 3477 the-

277 3521 506 3563 saurum
540 3516 730 3563 nostra
749 3506 1008 3566 latentem
1037 3510 1257 3567 saecula.
1294 3507 1402 3569 Sed
1427 3510 1687 3583 quoniam
1717 3511 1873 3569 labor

274 3597 465 3655 omnia
490 3598 687 3669 vincit,
740 3599 854 3657 imo
904 3599 1069 3671 fides,
1114 3618 1239 3675 quae
1298 3603 1358 3660 in
1423 3603 1537 3660 Deo
1585 3604 1871 3676 persistit,

276 3690 416 3747 sude
444 3689 574 3747 ferri
606 3692 989 3749 robustissima
1028 3694 1098 3751 ab
1121 3684 1399 3753 anteriori
1424 3696 1671 3769 margine
1700 3684 1894 3755 sntio?

275 3782 441 3839 diunt
461 3791 517 3838 et
540 3780 846 3854 impellunt.
869 3782 1113 3842 Tandem
1134 3786 1356 3844 rebellis
1378 3784 1641 3844 fortitudo
1667 3788 1874 3847 crebris

278 3872 486 3930 ictibus
509 3873 839 3945 subjicitur;
870 3890 973 3932 nec
1003 3883 1182 3932 tamen
1207 3876 1614 3936 munitissimus
1635 3866 1891 3936 latercu-'

278 3963 463 4020 lorum
486 3974 670 4033 textus
697 3965 948 4023 solvitur.
983 3964 1186 4024 Verum
1204 4010 1221 4037 ,
1251 3968 1503 4026 mirabile
1526 3969 1650 4027 visu
1675 3971 1689 4027 !
1715 3971 1874 4043 quasi

279 4055 527 4128 ligneum
551 4057 857 4115 tabulatum
889 4061 1267 4118 eonelavatum
1298 4061 1369 4119 ad
1401 4062 1641 4135 spatium
1680 4058 1876 4134 amplae.

277 4148 465 4223 ianuae
512 4149 723 4223 integer
762 4152 1092 4229 sustollitur.
1135 4152 1388 4228 Dumque
1434 4155 1515 4212 sic
1559 4163 1875 4214 excrustato

283 4240 600 4314 pavimento
624 4243 812 4300 evulsa
843 4254 1023 4303 crates
1071 4244 1329 4320 erigitur,
1374 4246 1695 4319 sepulcralis
1747 4262 1873 4322 cry-

283 4333 471 4405 ptnla,
504 4344 628 4407 qute
652 4350 836 4413 coram
874 4337 1022 4409 ipso,
1069 4339 1154 4395 vel
1188 4339 1294 4396 sub
1315 4338 1436 4410 ipso
1465 4339 1623 4397 altari
1643 4339 1872 4411 latebat,

1973 3233 2160 3292 cedem
2189 3242 2511 3307 perpetuam
2540 3232 2832 3305 imprecor,
2862 3231 3062 3299 aiebat,
3089 3238 3284 3287 vestrae
3311 3227 3577 3285 fraterna.»

1972 3325 2280 3393 devotioni,
2332 3341 2433 3398 pro
2481 3324 2763 3398 diligentia
2809 3332 2865 3380 et
2907 3323 3131 3391 labore,
3186 3337 3351 3394 quem
3392 3317 3568 3392 pridie

1970 3404 2301 3475 exhibuistis
2329 3431 2456 3474 meo
2497 3412 2880 3473 transferendo
2907 3430 2973 3472 ac
3016 3410 3392 3486 componendo
3438 3426 3573 3467 cor-ut

1971 3508 2116 3582 peri.
2158 3509 2230 3566 At
2253 3508 2509 3581 equidem
2539 3523 2651 3565 non
2696 3523 2822 3564 sum
2851 3506 2942 3563 ille
2970 3521 3135 3578 quem
3167 3519 3256 3560 me
3279 3518 3404 3561 esse
3433 3518 3566 3571 cen-

1973 3600 2197 3659 sebatis.
2220 3619 2239 3653 ι
2268 3598 2638 3657 Conferebant
2663 3598 2811 3656 enim
2834 3596 3034 3655 fratres
3081 3592 3228 3652 inter
3270 3609 3365 3662 se,
3418 3592 3568 3675 hunc

1972 3682 2096 3749 esse
2122 3689 2479 3748 Ruﬁnianum
2502 3690 2677 3757 illum,
2709 3704 2874 3760 quem
2896 3689 3092 3745 beatus
3111 3700 3249 3757 papa
3273 3683 3584 3757 Gregorius,

1975 3775 2254 3853 quondam
2284 3795 2410 3838 cum
2456 3780 2633 3836 beatis
2662 3776 2866 3834 Mellito
2904 3792 2971 3835 ac
3016 3774 3173 3834 Justo
3202 3775 3578 3838 destinaverat

1975 3866 2033 3931 in
2080 3873 2414 3945 adiutorium
2468 3866 2747 3945 Evangelii
2791 3869 3168 3941 saeratissimo
3225 3868 3566 3941 Augustino,

1976 3974 2072 4024 aut
2095 3966 2333 4041 aliquem
2363 3983 2431 4023 ex
2458 3966 2608 4022 illius
2651 3979 2811 4023 sacro
2838 3962 3218 4021 contubernio.
3258 3980 3277 4015 ι
3302 3957 3567 4027 Nescitis,

1975 4059 2184 4132 inquit;
2217 4060 2343 4132 quis
2374 4056 2512 4129 sim,
2550 4057 2651 4115 nec
2693 4056 2874 4115 adhuc
2906 4056 3091 4128 scietis
3116 4054 3346 4138 ;,‘scietis
3383 4062 3568 4111 autem

1974 4160 2166 4223 postea
2193 4148 2264 4205 ad
2293 4157 2487 4206 nutum
2529 4164 2779 4223 superna}
2802 4146 3202 4225 dispositionis.
3234 4214 3241 4223 ι
3268 4212 3273 4219 ἦ

2004 4236 2011 4241 ’
2047 4246 2177 4304 ΟΜ».
2200 4245 2346 4303 XIX.
2380 4246 2801 4319 Transferuntur
2836 4243 2937 4303 SS.
2964 4242 3302 4313 Laurentius
3333 4251 3384 4298 et
3428 4238 3567 4297 Mel-

1976 4338 2128 4395 litus.
2153 4337 2307 4399 Miles
2336 4324 2587 4419 sanatur.
2608 4368 2680 4407 -τ-
2704 4338 2818 4411 Isto
2858 4338 3031 4410 igitur
3051 4333 3524 4409 praeveniente-Vel
3547 4374 3583 4402 ι.

286 4424 480 4482 evulso
509 4426 714 4497 pariter
744 4428 929 4499 lapillo
960 4429 1217 4487 violatur.
1261 4430 1340 4488 lla
1364 4431 1583 4488 modico
1605 4428 1901 4489 foramine‘
1976 4432 2038 4490 ut
2054 4431 2352 4506 jucundius
2372 4426 2582 4503 dicam,
2614 4425 2997 4505 supplantante
3018 4429 3265 4502 priorum
3285 4423 3585 4487 Laurentii-

286 4513 468 4584 facto,
513 4517 766 4587 protinus
813 4519 1006 4592 ingens
1044 4536 1216 4593 vapor
1258 4522 1553 4596 inexpertas
1591 4523 1878 4582 suavitatis
1910 4507 1955 4563 Ῑ)
1980 4510 2046 4583 ac
2070 4515 2705 4599 Melliti,translationem
2727 4566 2757 4593 ,,
2781 4522 2849 4579 ad
2877 4524 3027 4594 ipsos
3061 4537 3187 4579 cum
3215 4529 3405 4577 nostro
3440 4516 3585 4579 stilo.

286 4610 559 4667 ebulliens
576 4653 592 4681 ,
627 4627 739 4669 non
760 4612 936 4670 solum
959 4624 1204 4673 astantes
1232 4625 1293 4672 ut
1315 4616 1611 4674 vehemens
1635 4616 1797 4675 flatus
1818 4617 1875 4674 in

287 4701 487 4759 faciem
508 4705 809 4775 percussit,
838 4707 930 4764 sed
958 4714 1012 4762 et
1033 4716 1206 4763 totum
1232 4708 1536 4766 claustrum
1558 4710 1877 4767 monasterii

278 4810 356 4854 'ac
384 4794 579 4854 fratres
608 4795 666 4854 in
709 4814 775 4856 eo
816 4799 1118 4858 residentes
1146 4816 1285 4857 nova
1324 4811 1632 4858 aromatum
1676 4803 1878 4859 virtute

286 4887 560 4962 perflavit.
588 4890 671 4948 Ad
713 4899 824 4948 tam
875 4891 1215 4967 insperatum
1265 4894 1590 4952 miraculum
1624 4893 1879 4952 dicebant

287 4990 536 5039 astantes
565 5001 578 5039 :
618 4982 784 5052 «Quis
811 4984 914 5040 iste
928 4980 1073 5043 eat?»
1101 4986 1357 5065 dicebant
1376 4987 1666 5044 absentes:
1706 4985 1877 5056 «Quid

288 5085 377 5132 est
398 5076 554 5132 hoc?»
577 5075 655 5132 Ita
675 5077 768 5135 hic
788 5077 1046 5135 omnibus
1069 5079 1287 5152 ignotus
1308 5094 1541 5152 persona
1561 5088 1616 5135 et
1634 5079 1877 5148 nomine,

290 5167 553 5227 omnibus
577 5176 633 5225 et
663 5169 1028 5241 praesentibus
1060 5178 1116 5226 et
1142 5170 1462 5227 absentibus
1488 5168 1727 5229 innotuit
1765 5170 1887 5225 me-'

289 5256 528 5317 riturum
565 5258 916 5323 charismate.
950 5261 1100 5317 Adeo
1142 5261 1290 5319 enim
1333 5270 1453 5318 erat
1498 5260 1651 5317 omni
1690 5268 1882 5317 nostro

290 5344 412 5409 sevo
419 5351 536 5423 jam
567 5352 801 5410 abolitus
819 5396 833 5422 ,
857 5361 917 5410 ut
940 5353 1076 5413 nihil
1105 5355 1288 5412 minus
1308 5354 1609 5427 quisquam,
1629 5352 1882 5410 animad-

291 5450 560 5513 verteret,
633 5459 800 5516 quam
849 5444 996 5517 quod
1044 5446 1151 5501 sub
1172 5444 1264 5501 illa
1321 5444 1615 5517 pavimenti
1656 5443 1886 5517 planitie

292 5534 503 5608 aliquid
522 5542 720 5609 praeter
741 5536 969 5594 humum
993 5537 1250 5594 latitaret.
1270 5536 1485 5595 Gratias
1504 5536 1615 5592 Deo
1634 5530 1883 5593 omnium

284 5625 566 5685 bonorum
614 5628 903 5701 largitori!
948 5645 1048 5700 pro
1095 5637 1227 5685 noto
1272 5637 1505 5699 patrono
1554 5626 1884 5696 Laurentio,

295 5731 463 5790 quem
484 5718 889 5790 quaerebamus,
922 5719 1167 5791 ignotum
1193 5726 1506 5775 consortem
1540 5717 1884 5786 invenimus;

295 5809 613 5883 crescitque
668 5808 1008 5883 duplicatum
1072 5808 1334 5883 gaudium
1401 5819 1684 5881 nostrum,
1752 5810 1885 5873 dum

1414 6066 1458 6105 δ

1980 4616 2660 4683 ι’θᾱθθιιιιε.Ἐηιιειεειηῑιιι·
2686 4616 2891 4673 tumba
2933 4616 3150 4671 illorum
3177 4630 3207 4671 a
3230 4612 3428 4679 latere,
3465 4626 3571 4672 nec

1981 4708 2166 4767 minus
2193 4706 2825 4784 gu‘amgsupradiximus
2844 4751 2859 4777 ,
2893 4707 3124 4773 irruenti
3155 4707 3331 4764 turbae
3360 4717 3573 4778 cynna:

1983 4811 2270 4872 momaet
2306 4802 2577 4879 balsama,
2607 4796 2708 4860 sua
2740 4798 3013 4865 effudere.
3059 4798 3323 4873 Jamque-
3343 4802 3570 4875 paratus

1982 4880 2313 4951 Laurentius
2334 4894 2558 4968 dignum
2581 4902 2890 4952 consortem
2912 4892 3174 4955 Mellitum
3201 4888 3577 4965 μεθειοιειιιπι

1980 4984 2314 5057 Compositis
2332 4988 2583 5059 utrisque
2604 4986 2661 5042 in
2685 4984 2966 5047 adornatis
2994 4985 3155 5059 digne
3179 4983 3394 5051 loculis,
3418 4981 3572 5055 prior

1980 5062 2233 5157 effertur,
2287 5078 2451 5134 alter.
2485 5077 2841 5149 subsequitur
2887 5095 2901 5135 :
2949 5066 3278 5151 procedente
3334 5073 3569 5133 candida

1981 5170 2257 5243 concione.
2276 5170 2552 5245 gloriosus
2583 5170 2639 5226 in
2663 5168 2869 5229 sanctis
2898 5170 3015 5229 suis
3043 5167 3310 5229 Dominus
3340 5170 3575 5227 altisone

1982 5260 2337 5333 glorificatur.
2376 5257 2501 5316 Jam
2534 5248 2863 5321 Laurentius
2889 5258 3091 5317 ostium
3138 5275 3292 5318 novae
3327 5257 3585 5327 ecclesiae.

1980 5354 2304 5422 intraverat,
2342 5346 2591 5411 Mellitus
2626 5351 2867 5409 exterius
2913 5351 3265 5421 imminebat,
3300 5352 3376 5409 ibi
3418 5352 3571 5423 pium

1981 5430 2047 5524 ac
2064 5432 2450 5509 celebrandum
2466 5443 2563 5502 Dei
2581 5442 2908 5503 miraculum
2930 5445 2999 5503 ad
3018 5445 3348 5501 intellectum
3362 5445 3573 5509 bonum

1983 5538 2218 5613 populos
2273 5536 2554 5594 animavit.
2620 5538 2826 5594 Aderat
2880 5537 3106 5609 quidam
3160 5537 3353 5603 miles,
3409 5536 3571 5609 cujus

1984 5630 2207 5687 oculum
2236 5629 2487 5685 dextrum
2517 5624 2885 5687 carbunculus
2904 5672 2919 5698 ,
2964 5628 3112 5702 quod
3140 5629 3345 5684 malum
3375 5627 3572 5683 Franci

1983 5733 2082 5792 per
2131 5718 2492 5791 antiphrasim
2537 5712 3105 5777 Bonum-malannum
3151 5723 3379 5787 vocant,
3434 5716 3574 5774 adeo

1986 5810 2335 5891 possederat,
2385 5820 2448 5868 ut
2487 5828 2597 5871 non
2627 5810 2793 5869 modo
2838 5812 2907 5868 de
2939 5810 3096 5881 visu,
3149 5808 3325 5887 sedet
3364 5798 3432 5867 de
3460 5807 3576 5865 vita
