3990 6298
454 394 528 465 es
1424 383 1788 475 GOSCELINI
1821 382 2379 448 caurummusrs
2415 388 2722 449 nomen:
3657 383 3732 449 si

455 509 876 582 periclitaretur.
908 503 1030 580 Ipse
1051 506 1232 575 orbis,
1265 506 1385 578 ipsa
1419 505 1739 577 supercilia,
1766 519 2047 576 nasusque
2075 509 2122 571 Α
2149 522 2280 579 ergo
2313 507 2586 581 interroga
2610 516 2778 563 rutam
2811 504 3037 562 almillui
3086 505 3402 576 Deusdedit,
3429 507 3570 562 mira
3597 507 3732 563 odo-

454 600 694 672 spatium
729 615 891 655 suum
941 614 973 655 a
1033 607 1250 654 tumore
1295 605 1675 664 excesserant,
1718 604 1832 652 tota
1879 595 2049 654 facies
2150 608 2526 656 ramentorum
2580 600 2832 656 suavium
2892 599 3066 670 gratia
3128 600 3195 655 de
3255 600 3378 671 ejus
3437 614 3731 670 erumpens

454 693 663 762 largius
691 690 1072 746 extuberabat.
1121 689 1395 754 Instabat,
1426 688 1790 759 impingebat,
1825 689 2050 746 anhela-
2153 689 2339 744 tumba
2360 689 2658 745 enarrabit.
2689 688 2984 744 Sciscitare
3010 689 3136 759 quis
3163 689 3236 744 sit
3257 686 3479 758 Justus,
3499 696 3732 760 exponet

453 784 578 850 bat,
611 791 673 838 ut
703 783 771 838 ad
801 799 971 837 unum
1000 782 1302 837 remedium
1327 796 1490 835 suum
1531 780 1896 850 Augustinum
1920 795 2048 854 per-
2149 780 2250 836 tibi
2291 780 2598 836 caelestium
2632 789 2941 836 aromatum
2983 780 3182 837 domus
3209 799 3222 836 ε
3252 779 3477 838 Honorii
3511 789 3732 852 queque

452 876 729 948 tingeret;
810 876 906 931 sed
958 875 1147 940 turba,
1199 874 1342 928 sicut
1395 873 1450 926 in
1512 871 1809 943 Evangelio
1869 890 2046 942 caeco,
2150 874 2381 932 virtutes
2409 884 2464 930 et
2507 874 2700 930 merita
2729 875 3007 930 uberrima
3035 873 3280 945 loquitur
3309 875 3588 944 apothecae
3618 891 3734 930 sua:

453 967 714 1023 clamanti
743 967 1026 1032 obstabat,
1059 976 1112 1021 et
1140 964 1540 1021 confertissima
1565 965 1682 1020 acie
1701 967 2051 1037 reprimendo
2150 965 2474 1038 fragrantia.
2533 965 2791 1023 Omnium
2861 983 2992 1041 ergo
3046 969 3244 1023 horum
3295 967 3730 1038 patriarcharum

453 1074 737 1115 accessum
788 1059 1008 1114 vetabat
1037 1076 1049 1112 :
1079 1056 1174 1114 sed
1202 1055 1365 1124 vicit‘,
1411 1065 1472 1111 ut
1518 1058 1750 1124 assolet,
1792 1069 2047 1128 perseve-
2149 1058 2314 1113 unica
2338 1057 2555 1129 paterni
2603 1057 2832 1114 allectus
2874 1059 3110 1126 viscera,
3141 1068 3196 1116 et
3218 1069 3437 1130 pectora
3469 1075 3578 1116 una
3602 1076 3735 1137 pro-1

452 1153 664 1220 rantia,
704 1152 838 1209 vicit
859 1161 919 1209 ut
940 1152 1146 1223 potuit,
1189 1159 1246 1206 ct
1279 1151 1511 1207 salutem
1555 1152 1814 1208 violentia
1843 1152 2050 1223 rapuit.
2150 1151 2352 1207 clamat
2373 1151 2684 1207 divinarum
2708 1151 3011 1209 nardorum
3040 1151 3418 1224 praerogativa.
3443 1150 3732 1208 Translata

454 1247 648 1318 Itaque
699 1246 982 1318 impellens
1038 1253 1095 1300 et
1152 1243 1466 1317 irrumpens
1501 1235 1790 1304 densatus
1845 1259 2056 1302 cuneos
2149 1252 2280 1300 sunt
2303 1244 2489 1315 itaque
2535 1243 2654 1299 haec
2696 1243 2799 1298 tria
2835 1256 3021 1298 coram
3067 1256 3280 1298 summa
3328 1239 3596 1296 Trinitate
3638 1257 3732 1296 ra-

456 1339 662 1394 elatum
715 1338 1000 1393 brachium
1050 1336 1362 1406 protendit,
1437 1352 1503 1393 ac
1567 1337 1828 1409 desuper
1864 1336 2048 1396 nitens
2147 1337 2354 1396 diantia
2403 1335 2732 1394 candelabra
2789 1335 2846 1393 in
2897 1335 3002 1392 hac
3049 1333 3139 1390 die
3174 1333 3470 1406 Augustini
3516 1342 3730 1400 octava,

457 1439 758 1485 extremam
791 1436 1000 1498 partem
1031 1429 1226 1494 vectis,
1250 1445 1361 1500 quo
1384 1430 1526 1485 beati
1559 1429 1748 1486 Melliti
1784 1429 2047 1489 leretrum
2148 1427 2297 1504 quod
2341 1427 2409 1486 ad
2447 1427 2574 1494 hoc,
2622 1436 2684 1482 ut
2719 1425 3020 1492 credimus,
3051 1440 3288 1497 superna
3310 1424 3525 1480 distulit
3551 1439 3616 1480 ac
3643 1441 3733 1481 re—

460 1519 1072 1591 portabatur,summis
1093 1519 1280 1591 digitis
1313 1522 1591 1593 contigit;
1625 1522 1918 1594 ipsumque
1965 1530 2049 1579 ta-
2149 1518 2392 1578 tardavit
2458 1519 2862 1586 benevolentia,
2910 1517 3194 1590 quatinus,
3244 1517 3325 1573 uti
3372 1516 3732 1588 prmtulii'nus,

453 1623 601 1669 ctum
630 1612 790 1683 quasi
845 1613 1134 1685 collyrium
1155 1655 1172 1679 ,
1220 1613 1384 1684 quasi.
1437 1614 1823 1684 emplastrum,
1887 1615 2046 1688 quasi
2148 1613 2383 1682 amplius
2417 1619 2773 1671 consecretur
2799 1620 2853 1667 et
2876 1609 3269 1671 solemnizetur
3300 1609 3356 1664 in
3390 1617 3472 1664 tot
3518 1608 3732 1663 hierar-

458 1705 728 1774 optimum
806 1712 1185 1774 unguentum.
1219 1704 1471 1760 morbido
1547 1705 1708 1761 oculo
1773 1705 2044 1773 infrieuit,
2147 1703 2270 1760 chis
2317 1704 2436 1761 luec
2486 1704 2682 1763 eadem
2727 1703 2856 1760 dies
2895 1711 3109 1768 octava,
3158 1708 3380 1772 totaque
3429 1700 3731 1770 septimana

456 1797 765 1866 simulque,
809 1815 828 1847 ‹
857 1795 902 1851 Ο
937 1805 1127 1853 sancte
1155 1797 1496 1870 Augustine,
1543 1799 1804 1866 subveni,
1843 1817 1861 1850 ι
1912 1813 2043 1870 pro-
2078 1865 2114 1870 _
2149 1795 2338 1853 festive
2362 1806 2573 1864 exacta,
2602 1806 2794 1854 octava
2819 1795 3080 1851 reddatur
3106 1792 3280 1864 prima
3311 1811 3326 1847 :
3352 1792 3580 1862 jamque
3613 1807 3734 1862 my-

455 1865 730 1943 rlamavit.
771 1887 817 1942 0
844 1886 940 1942 Dei
968 1865 1268 1958 potentiam
1294 1891 1306 1943 !
1338 1903 1373 1945 ο
1410 1899 1724 1946 sanctorum
1769 1865 2041 1960 gratiam!
2078 1865 2121 1922 Β
2147 1889 2376 1945 sterium
2399 1888 2817 1947 resurrectionis
2867 1885 2921 1943 in
2953 1885 3042 1943 his
3072 1883 3279 1942 sanctis
3299 1893 3578 1954 'opcretur,
3610 1899 3735 1954 quae

454 1995 489 2031 ο
521 1979 762 2034 hominis
811 1978 1196 2034 confidentiam
1227 1982 1239 2034 !
1289 1995 1417 2036 cum
1443 1980 1592 2037 illius
1637 1981 1766 2036 mali
1796 1979 2046 2053 tyrannis
2147 1989 2273 2052 post
2301 1989 2527 2052 septena
2554 1980 2836 2035 volumina
2869 1977 3074 2044 saeculi,
3096 1986 3290 2032 octava
3315 1974 3736 2031 interminabilis

452 2071 636 2141 aliqua
667 2071 888 2127 lzesione
923 2071 1138 2128 irritata
1168 2074 1344 2144 magis
1368 2073 1607 2131 minetur
1633 2074 1891 2142 exitium,
1936 2084 2048 2132 sta-

451 2163 550 2217 tim
582 2162 651 2218 ad
674 2179 895 2219 sacrum
921 2172 1125 2219 tactum
1153 2173 1214 2219 ut
1248 2165 1562 2223 incantatus
1589 2168 1784 2239 anguis
1807 2168 2045 2239 crepuit,

452 2255 636 2311 sanies
662 2255 925 2325 pestifera
954 2256 1210 2324 defluxit,
1240 2257 1394 2313 visus
1421 2267 1478 2313 et
1512 2259 1696 2317 vultus
1735 2260 2008 2316 detumuit
2029 2302 2046 2326 ,

451 2362 785 2418 omnemque
829 2347 1072 2406 dolorem
1120 2349 1302 2407 subita
1355 2351 1507 2408 salus
1551 2359 1606 2407 et
1656 2352 1750 2411 lux
1793 2353 2048 2416 tenebras

451 2438 758 2509 profligavit
775 2481 790 2505 ,
836 2448 942 2496 etc.
1501 2451 1504 2454 ’

521 2528 653 2586 Car.
679 2529 800 2585 XX.
856 2529 1010 2586 Caeca
1052 2531 1411 2586 illuminatur.
1436 2531 1739 2589 —Interea
1785 2533 2048 2606 depositis

457 2625 668 2680 sanctis
722 2634 848 2682 ante
899 2627 1070 2682 altare
1126 2627 1375 2698 praesidis
1407 2626 1721 2698 Augustini,
1764 2628 1945 2699 agitur
1979 2627 2048 2684 de

456 2715 594 2786 ipsis
636 2718 806 2773 missa
861 2719 1248 2786 celeberrima,
1298 2727 1359 2774 ut
1410 2718 1636 2774 decebat
1687 2727 1910 2775 sanctos
1958 2734 2049 2777 sa-

453 2808 701 2866 cerdotes
749 2809 989 2878 Domini,
1045 2811 1102 2866 in
1153 2827 1260 2882 qua
1310 2809 1499 2866 habito
1543 2825 1797 2867 sermone
1842 2809 1909 2866 ad
1943 2826 2045 2882 po-

452 2902 666 2971 pulum,
714 2901 932 2958 illorum
965 2902 1225 2974 praeclara
1257 2913 1608 2974 exponuntur
1645 2903 1858 2959 merita.
1892 2900 2047 2959 Unde

454 2995 894 3052 iideilluminata
943 3012 1084 3053 anus
1125 2997 1397 3069 qumdam,
1447 3014 1570 3070 quze
1617 2999 1898 3066 intererat,
1951 2999 2044 3056 diu

453 3103 652 3143 carsns
705 3086 827 3150 luco
885 3089 1185 3156 mundana,
1227 3090 1358 3145 dum
1402 3090 1632 3148 fideliter
1683 3091 2046 3148 clementissi-

457 3196 580 3235 mus
613 3190 799 3250 patres
833 3182 1160 3254 interpellat,
1205 3184 1464 3240 reseratis
1496 3185 1768 3257 extemplo
1819 3184 2031 3240 lumini-

453 3272 581 3339 bus,
606 3272 753 3328 clare
777 3272 921 3329 diem
966 3282 1168 3344 captat,
1211 3284 1316 3330 etc.
1345 3274 1478 3332 Post
1503 3277 1702 3333 missas
1731 3277 2042 3350 adjungun-
2085 3272 2100 3310 ἶ

458 3371 554 3418 tur
602 3363 912 3436 Augustino
947 3365 1098 3437 digni
1129 3368 1569 3436 consacerdotes,
1601 3369 1757 3440 prior
1794 3366 2043 3427 Lauren-

455 3457 568 3512 tius
593 3472 623 3512 a
649 3456 880 3526 dextris,
909 3459 1186 3516 secundus
1215 3458 1452 3517 Mellitus
1478 3477 1508 3516 a
1539 3460 1801 3519 sinistris.

526 3547 659 3605 Car.
710 3547 854 3606 XXI.
892 3549 1312 3622 Transierunmr
1341 3553 1540 3619 atteri,
1568 3551 1880 3624 Deusdedit,
1911 3553 2045 3610 lus-

458 3651 565 3708 tus,
594 3640 888 3710 Honorius,
915 3640 1342 3698 Nothelmus.-——
1376 3643 1474 3703 llis
1522 3643 1598 3704 ita
1646 3643 1701 3701 in
1733 3646 1926 3718 quinta
1963 3645 2048 3704 fe-

457 3734 540 3788 ria
589 3735 931 3805 compositis,
981 3744 1190 3792 sextam
1239 3735 1430 3794 feriam
1476 3737 1873 3796 nanciscuntur
1915 3739 2045 3800 reli-

458 3825 586 3896 quis
623 3828 830 3883 sanctis
867 3826 1047 3894 Justo,
1095 3825 1342 3884 Honorio
1387 3843 1454 3886 ac
1477 3827 1775 3889 Deusdedit
1801 3829 1878 3904 (8)
1911 3831 2046 3889 επε-

458 3917 663 3974 rendis.
700 3917 806 3975 Sed
841 3918 1102 3975 nimirum
1150 3919 1332 3978 divina
1368 3921 1707 3994 dispensatio
1748 3922 2046 3980 Sabbatum

459 4008 548 4066 his
582 4010 835 4080 intendit,
866 4026 991 4084 quae
1019 4011 1136 4069 dies
1171 4014 1552 4070 translationis
1589 4013 1884 4088 Augustini
1928 4014 2044 4086 jam

457 4110 578 4156 erat
609 4110 823 4169 octava,
870 4102 1133 4174 quatinus
1184 4105 1417 4162 istorum
1457 4114 1773 4163 sanctorum
1801 4095 2048 4178 amplius

459 4198 819 4253 innovaretur
855 4196 1051 4268 gratia,
1073 4206 1129 4253 et
1153 4198 1414 4256 omnibus
1443 4215 1543 4271 per
1570 4215 1702 4257 suos
1719 4197 1839 4256 dies
1865 4207 2048 4256 trans-

454 4281 588 4341 latis
619 4294 1034 4342 consecraretur
1073 4283 1289 4356 festiva,
1329 4301 1632 4361 omnesque
1689 4288 2050 4360 conjungeret

462 4393 528 4434 ac
553 4378 937 4435 solemnizaret
986 4378 1192 4452 pariter
1229 4381 1348 4438 hzec
1389 4394 1499 4438 una
1543 4379 1664 4439 dies
1703 4389 1766 4437 ut
1807 4381 2050 4440 charitas

463 4484 592 4523 una.
626 4466 750 4539 Ipsa
776 4482 906 4540 ergo
935 4477 1088 4524 sexta
1119 4468 1255 4526 feria
1295 4468 1433 4527 itum
1471 4480 1556 4528 est
1585 4471 1653 4528 ad
1683 4470 2051 4543 praenomina-

2147 2083 2422 2131 nascetur.
2451 2072 2562 2129 Nec
2605 2073 2676 2132 ab
2726 2069 2814 2129 his
2861 2085 3184 2140 separamus
3233 2069 3407 2122 beatae
3454 2065 3737 2120 memoriae

2144 2165 2594 2238 archiprzesulem
2639 2171 2695 2220 et
2718 2169 3028 2219 consortem
3054 2175 3216 2218 suum
3240 2156 3614 2222 Nothelmum,
3641 2155 3732 2210 in-

2147 2268 2233 2316 tra
2273 2258 2447 2318 altare
2490 2257 2667 2316 sancti
2701 2253 2950 2327 Gregorii
2997 2251 3140 2311 inter
3189 2265 3285 2307 eos
3329 2259 3455 2305 ante
3484 2247 3734 2304 recondi-

2147 2361 2288 2418 tum,
2331 2359 2388 2406 ct
2433 2365 2582 2410 nunc
2626 2347 2870 2407 secundo
2907 2359 3035 2404 cum
3076 2344 3157 2399 eis
3183 2342 3531 2408 translatum,
3567 2354 3734 2412 quem

2153 2453 2433 2500 auctorem
2471 2451 2525 2498 et
2570 2440 2806 2497 indicem
2852 2437 3097 2496 historia:
3145 2437 3444 2508 Anglorum
3502 2435 3738 2504 scriptor

2145 2533 2290 2593 Beda
2332 2540 2679 2604 pratennatur
2723 2530 2824 2603 (9).
2871 2529 3112 2585 Ducebat
3137 2529 3239 2584 hos
3279 2528 3448 2584 duces
3492 2540 3625 2580 suos
3674 2531 3738 2578 ut

2145 2627 2363 2698 priores
2395 2623 2800 2681 solemnissima
2829 2620 3111 2694 processio
3138 2627 3193 2674 et
3220 2632 3420 2674 canora
3453 2615 3733 2679 laudatio;

2147 2717 2392 2788 ipsisque
2433 2729 2618 2772 coram
2663 2714 2834 2770 altare
2879 2711 3130 2784 praesidis
3179 2709 3495 2781 Augustini,
3555 2706 3737 2762 donec

2146 2807 2264 2863 suis
2284 2806 2504 2867 sedibus
2531 2803 3052 2870 inthronizarentur,
3077 2800 3246 2857 missa
3267 2793 3459 2856 festiva
3491 2797 3737 2853 celebra-

2147 2887 2257 2934 tur.

2213 2989 2376 3046 Csar.
2419 2983 3018 3044 XXII-XXIII—Hac
3079 2983 3247 3039 etiam
3325 2981 3416 3051 die
3471 2977 3736 3036 irradiata

2146 3080 2311 3136 claris
2340 3077 2624 3134 miraculis
2666 3074 2849 3132 favere
2891 3087 3128 3146 superna
3168 3071 3480 3143 benignitas
3511 3070 3735 3141 dignata

2146 3179 2232 3228 est
2256 3169 2463 3226 sanctis
2496 3167 2634 3233 suis,
2667 3174 2772 3223 etc.

2217 3279 2349 3336 CAP.
2379 3276 2571 3336 XXIV.
2604 3275 2757 3331 Nova
2799 3275 3148 3347 reliquiarum
3174 3271 3560 3343 dispositio.—
3579 3269 3738 3327 Nunc

2147 3387 2332 3435 autem
2355 3376 2414 3431 hi
2445 3383 2726 3432 senatores
2753 3370 2927 3428 nostri
2958 3379 3013 3426 et
3037 3368 3229 3424 Patres
3264 3367 3559 3437 conscripti
3590 3365 3738 3437 pari-

2146 3479 2232 3528 ter
2263 3477 2327 3524 ut
2351 3467 2608 3540 primitus
2653 3463 2944 3535 compositi
2989 3461 3361 3532 requiescunt,
3403 3460 3546 3515 sicut
3591 3474 3738 3514 unus

2148 3561 2559 3633 spiritus,,una
2628 3557 2783 3624 ﬁdes,
2834 3569 2945 3610 una
3005 3553 3270 3618 Charitas,
3312 3567 3424 3608 una
3454 3551 3643 3622 religio
3682 3558 3740 3606 et

2148 3655 2325 3729 gratia
2349 3661 2469 3709 erat
2489 3652 2544 3707 in
2571 3651 2674 3709 eis.
2702 3648 3087 3722 'Majordomus
3115 3647 3453 3719 Augustinus
3500 3643 3737 3700 frontem

2148 3755 2204 3804 et
2223 3744 2580 3818 principalem
2603 3742 2851 3800 ecclesiae
2893 3741 3165 3814 porticum
3204 3740 3446 3812 possidet
3474 3754 3599 3795 cum
3624 3736 3739 3808 pri-

2149 3856 2243 3897 mo
2271 3853 2590 3896 successore
2633 3838 2880 3894 laureata
2929 3833 3249 3900 Laurentio,
3281 3833 3382 3888 sibi
3421 3830 3676 3903 proximo
3703 3844 3739 3884 a

2148 3933 2305 3999 laeva,
2336 3938 2391 3987 et
2433 3928 2695 3986 melliﬂuo
2742 3926 2969 3993 Mellito,
3000 3938 3319 3982 successore
3347 3921 3611 3986 secundo,
3639 3936 3740 3990 ap-

2149 4022 2329 4095 posito
2351 4034 2383 4076 a
2410 4021 2619 4076 dextra.
2652 4017 2774 4090 Ipse
2819 4016 3120 4089 principale
3165 4022 3331 4086 caput
3374 4012 3618 4069 suaviter
3643 4027 3737 4066 τεο-

2150 4111 2317 4168 clinat
2345 4110 2514 4166 assito
2559 4107 2718 4164 altari
2750 4116 2956 4164 saneta:
2997 4106 3305 4163 Trinitatis.
3332 4103 3466 4161 Post
3489 4101 3740 4158 Lauren-

2150 4203 2286 4261 tium
2303 4202 2648 4274 justissimus
2673 4197 2928 4258 Justuset
2951 4198 3046 4256 Dei
3066 4197 3198 4255 dato
3215 4205 3531 4268 assumptus
3555 4193 3737 4250 Deus-

2149 4295 2299 4353 dedit
2331 4294 2608 4366 subjuncti
2637 4307 2668 4350 a
2698 4291 2940 4350 sinistris
2967 4289 3524 4348 honorificentissime
3549 4285 3740 4342 Hono-

2149 4387 2257 4454 rio,
2287 4395 2342 4444 et
2373 4385 2612 4442 theorito
2657 4383 2947 4440 Theodoro
2988 4383 3322 4454 respondent
3348 4396 3380 4437 a
3407 4379 3632 4436 dextris.
3668 4377 3738 4434 lii

2153 4489 2284 4539 sunt
2316 4489 2522 4552 septem
2560 4479 2704 4537 oculi
2740 4477 2981 4545 Domini,
3013 4493 3111 4550 per
3139 4491 3280 4550 quos
3321 4490 3428 4532 nos
3465 4473 3740 4547 propitius

462 4569 550 4616 tos
575 4568 814 4629 sanctos,
850 4560 1009 4632 quasi
1054 4559 1315 4621 facillime
1343 4577 1408 4619 ac
1446 4562 1730 4620 celerrime
1765 4563 2046 4620 'addueen-
2072 4582 2124 4643 ι)
2148 4572 2390 4643 respicit.
2417 4568 2481 4626 [1i
2513 4578 2719 4641 septem
2749 4567 2919 4626 stellae
2943 4567 3001 4624 in
3028 4568 3248 4624 dextera
3276 4565 3419 4637 ejus,
3445 4573 3500 4619 et
3526 4571 3738 4634 septem

461 4655 591 4720 dos;
625 4653 904 4709 acceditur
927 4652 996 4709 ad
1019 4655 1455 4712 sacratissimum
1481 4655 1794 4726 Deusdedit,
1823 4656 1942 4730 qui,
1985 4665 2048 4714 ut

460 4752 820 4812 prwnotatum
841 4752 946 4812 est,
981 4746 1281 4803 australem
1320 4746 1584 4818 parietem
1625 4758 1752 4821 post
1777 4748 2044 4821 Augusti--

461 4849 594 4889 num
619 4835 883 4906 possedit.
913 4835 1233 4895 Incredibile
1263 4839 1359 4895 sed
1387 4853 1580 4895 verum
1621 4839 1891 4898 dicemus.
1935 4840 2046 4898 To-

461 4932 579 4978 tum
611 4925 763 4982 illum
786 4927 952 4994 dicm,
980 4937 1150 4984 totam
1187 4939 1510 5001 sequentem
1539 4939 1757 4987 noctem
1793 4931 1850 4989 in
1894 4929 2046 4989 fran-

459 5016 638 5086 gendo
657 5017 743 5073 vel
769 5019 1066 5076 reserando
1095 5019 1270 5092 ipsius
1294 5023 1577 5079 mausoleo
1605 5023 1808 5080 attritis
1831 5023 2044 5080 viribus

465 5119 946 5180 consumpserunt,
965 5126 1128 5167 mane
1152 5110 1375 5168 tandem
1390 5112 1614 5170 Sabbati
1638 5115 1836 5172 anhelo
1847 5115 2046 5173 sudore

468 5197 765 5268 tryptulam
802 5198 923 5269 ejus
971 5211 1354 5271 perruperunt.
1397 5201 1602 5267 Deinde
1654 5213 1857 5278 crypta:
1903 5205 2047 5262 beati

464 5285 605 5343 Justi
636 5303 813 5360 usque
863 5290 929 5346 ad
977 5291 1170 5346 horam
1217 5294 1454 5364 primam
1505 5297 1769 5354 attentius
1819 5299 2047 5355 insuda-

462 5383 611 5442 runt,
661 5385 716 5432 ct
771 5378 864 5433 vix
911 5393 1031 5435 eam
1101 5382 1320 5439 tandem
1372 5394 1709 5442 reserarunt.
1758 5385 2048 5444 Postremo

457 5467 634 5524 sancti
661 5467 909 5536 Honorii,
939 5472 1033 5542 qui
1072 5473 1272 5530 horum
1321 5476 1535 5534 medius
1564 5479 1887 5547 accubabat,
1917 5495 2045 5551 per-

463 5565 587 5613 tusa
636 5559 694 5613 in
731 5559 901 5617 latere
949 5573 1138 5637 crypta
1185 5577 1376 5652 sancto
1415 5584 1696 5643 egressum
1728 5571 1912 5627 dabat.
1946 5571 2046 5628 llic

534 5691 611 5776 (8)
649 5692 839 5776 Justus
884 5699 1082 5776 colitur
1110 5701 1197 5758 die
1213 5721 1265 5776 7x
1293 5702 1583 5776 Novemb,
1615 5705 1895 5764 Honorius
1933 5724 2040 5764 xxx

464 5759 761 5832 Septemb,
797 5767 1088 5826 Deusdedit
1112 5791 1178 5828 xv
1203 5775 1352 5831 Julii.

557 5835 609 5904 9)
640 5834 696 5892 In
727 5840 947 5914 prologo
988 5842 1257 5902 Historiae.
1301 5847 1621 5906 Nothelmus
1669 5867 1942 5923 nusquam
1983 5852 2038 5906 in

2151 4664 2482 4722 candelabra
2521 4677 2687 4720 aurea
2720 4676 2905 4718 coram
2937 4675 2998 4717 se
3045 4659 3307 4725 lucentia,
3337 4658 3541 4729 quibus
3568 4656 3740 4726 septi-

2151 4755 2315 4812 forml
2350 4755 2525 4828 gratia
2578 4752 2816 4826 Spiritus
2844 4751 2931 4810 sui
2975 4750 3397 4823 septempliciter
3432 4747 3738 4805 Ecclesiam

2149 4863 2306 4906 suam
2356 4847 2650 4904 illuminat.
2703 4845 2911 4903 Horum
2954 4844 3244 4901 exterioris
3299 4843 3400 4900 alae
3422 4883 3438 4910 ,
3496 4841 3746 4897 borcalis-

2149 4940 2412 4998 Mildreda
2441 4947 2497 4996 et
2523 4937 2785 4995 australis
2811 4936 3084 4992 Adrianus
3115 4933 3366 5007 proprias
3394 4941 3580 4989 tenent
3601 4947 3737 5004 por-

2149 5034 2311 5103 ticus,
2347 5042 2404 5091 et
2436 5033 2629 5090 altaria
2657 5031 2724 5088 ad
2765 5031 2941 5103 capita
2986 5038 3047 5085 ut
3072 5027 3432 5100 Augustinus.
3473 5023 3736 5080 Mildreda

2147 5127 2308 5183 altari
2333 5125 2585 5199 praenitet
2613 5131 2930 5182 sanctorum
2959 5121 3342 5186 Innocentum,
3377 5133 3518 5190 quos
3541 5131 3738 5173 omnes

2150 5217 2401 5291 virginali
2432 5216 2579 5274 fovet
2604 5215 2832 5289 gremio,
2859 5223 3060 5270 etcum
3089 5213 3171 5269 eis
3195 5210 3490 5284 cytharizat
3519 5218 3574 5266 et
3602 5225 3738 5266 can-

2149 5320 2230 5366 tat
2250 5309 2522 5366 canticum
2553 5323 2756 5365 novum
2781 5305 2998 5378 Sponso
3019 5319 3122 5362 suo
3146 5312 3201 5359 et
3219 5303 3398 5374 Agno,
3420 5301 3572 5356 illum
3600 5315 3740 5370 quo-

2151 5417 2388 5475 cumque
2443 5400 2569 5458 ierit
2607 5400 2812 5472 pariter
2855 5396 3157 5470 sequendo.
3210 5394 3489 5452 Adrianus
3536 5392 3736 5448 Proto-

2148 5495 2405 5568 martyris
2454 5494 2735 5567 Stephani,
2767 5509 2868 5550 nec
2919 5508 3028 5550 non
3061 5491 3341 5547 Laurentii
3368 5506 3432 5546 ac
3464 5486 3737 5544 Vincentii

2147 5597 2450 5661 martyrum
2491 5595 2682 5644 tenens
2726 5585 3005 5651 altarium,
3051 5583 3356 5657 martyriali
3392 5582 3505 5638 vita
3533 5591 3755 5653 martym

2145 5721 2546 5794 Martyrologiis
2576 5730 2635 5794 ut
2673 5730 2898 5794 sanctus
2928 5719 3274 5794 celebratur,
3297 5717 3501 5794 dicitur
3528 5733 3558 5774 a
3586 5715 3738 5775 God—

2145 5789 2304 5865 wiuo;
2325 5794 2413 5851 die
2443 5789 2553 5849 imi
2584 5791 2861 5860 Octobris,
2895 5803 3039 5848 anno
3070 5791 3194 5859 741,
3225 5789 3448 5847 abiisse.
