3972 6296
197 383 286 447 εις

1097 379 1278 439 HIST.
1324 377 1716 452 TRANSLAT.
1759 379 1819 438 3.
1860 380 2259 441 AUGUSTINI.
2287 415 2358 426 ——
2384 383 2514 442 LIB.
2541 383 2584 441 I.
3432 392 3504 442 ιδ

203 516 335 570 rum
375 506 606 556 testatur
647 495 1014 560 consortium,
1061 495 1198 553 Item
1239 511 1274 553 e
1323 495 1552 567 regione
1597 494 1804 552 boreali
1833 497 1886 560 Α
1909 511 2132 570 quoque
2165 498 2235 556 ad
2277 497 2564 556 Christum
2605 498 2942 558 coverterit
2966 506 3202 570 gentem.
3237 499 3315 558 De
3343 501 3506 574 cujus

205 608 373 650 suum
419 591 626 663 quique
689 591 746 644 in
767 589 1058 645 meridiem
1099 589 1348 645 salutant
1401 601 1802 654 successum,

203 684 540 741 Laurentius
587 681 876 749 Mellitum,
913 681 1112 739 Justus
1144 679 1473 748 Honorium,
1506 678 1808 736 Deusdedit

203 777 582 845 Theodorum,
629 775 895 834 Mildreda
943 791 1070 832 cum
1098 774 1389 846 temporali
1433 773 1803 844 thalamo-pa-

202 879 348 928 trem
387 870 716 936 Adrianum,
743 882 1046 939 omnesque
1092 866 1386 939 prasidem
1423 865 1658 923 ederunt
1685 865 1802 919 Au-

202 965 513 1037 gustinum.

277 1056 411 1113 (λιι.
439 1053 612 1112 XXV.
646 1053 798 1110 Iusti
834 1053 1085 1126 elogium.
1116 1052 1366 1124 Epistola
1399 1051 1672 1124 Boaifacii
1700 1068 1802 1123 pa-

202 1166 289 1221 pa:
317 1147 376 1205 S.
403 1148 564 1204 Iusto
595 1149 814 1220 scripta.
833 1177 906 1190 -—-
930 1145 1036 1204 Sed
1058 1147 1189 1219 quia
1216 1146 1418 1202 horum
1441 1154 1556 1202 tres
1599 1143 1804 1201 altissi-

207 1257 316 1298 ma
374 1241 664 1298 Trinitatis
710 1238 1057 1302 confessores
1079 1283 1096 1308 ,
1135 1238 1330 1296 Justus
1353 1281 1370 1307 ,
1415 1237 1694 1295 Honorius
1737 1251 1804 1294 ac

209 1335 516 1392 Deusdedit
545 1335 686 1391 hanc
720 1333 1044 1393 hodiernam
1077 1331 1370 1404 Augustini
1393 1340 1667 1398 octavam,
1700 1345 1802 1386 sua

203 1431 429 1500 propria
457 1428 820 1485 translatione
842 1425 1126 1484 vindicant
1153 1426 1421 1496 primam;
1447 1424 1670 1480 illorum
1693 1423 1804 1480 dis-

202 1524 472 1580 simulare
517 1522 876 1594 dignitatem,
921 1522 1266 1580 aestimamus
1309 1521 1606 1592 iniuriam.
1657 1518 1803 1578 Sane

201 1615 335 1685 quia
359 1613 509 1670 Beda
539 1613 884 1672 Venerabilis
907 1613 962 1669 in
989 1614 1279 1686 multiplici
1309 1613 1538 1670 historia
1564 1628 1665 1671 sua
1696 1612 1803 1668 mi-

199 1721 314 1762 nus
362 1705 561 1760 borum
605 1703 908 1761 declaravit
961 1706 1252 1773 miracula,
1306 1720 1414 1762 non
1465 1704 1586 1760 ideo
1615 1720 1648 1760 ει
1695 1703 1802 1762 ﬁde

1906 591 2226 660 nuperrime
2263 590 2595 648 revelatione
2619 605 2816 662 parum
2842 591 2976 663 quid
3016 593 3401 666 sed.magnum
3442 595 3508 650 E-

1904 679 1994 737 dei
2018 689 2440 738 monumentum
2467 682 2562 738 hic
2581 681 2902 738 inserimus.
2918 681 3255 755 _1Derogabat
3279 685 3506 756 quidam

1904 772 2138 830 aemulus
2168 772 2300 830 huic
2329 783 2544 843 sancto,
2568 773 2866 845 praferens
2894 775 2974 831 illi
3002 775 3296 846 quemdam
3329 792 3508 832 sacu-

1903 865 2036 921 laris
2101 865 2396 937 opulentia
2461 868 2778 940 episcopum
2803 910 2819 936 ,
2873 867 2969 939 qui
3026 868 3326 925 Ecclesiam
3409 868 3506 923 Dei

1903 959 2096 1015 multis
2123 959 2324 1034 opibus
2361 969 2416 1016 et
2451 961 2741 1018 ornatibus
2775 960 3128 1028 exstruxerit,
3159 976 3286 1016 eum
3335 961 3504 1016 istum

1903 1051 2014 1107 tale
2067 1051 2277 1123 aliquid
2333 1051 2590 1109 utilitatis
2626 1053 2682 1108 in
2725 1053 2838 1109 vita
2895 1067 2998 1110 sua
3042 1051 3241 1108 fecisse
3289 1053 3503 1108 nullum

1903 1142 2195 1215 vestigium
2249 1142 2342 1200 sit.
2375 1142 2536 1210 Quod
2577 1144 2670 1202 ubi
2711 1144 2834 1215 ejus
2883 1143 2993 1199 loci
3051 1143 3310 1201 alumnus
3350 1145 3506 1216 prior

1904 1234 2216 1292 nuntiatum
2268 1251 2412 1310 agre
2469 1235 2674 1302 ferret,
2725 1246 2888 1294 nocte
2941 1238 3233 1294 subsecuta
3280 1237 3506 1300 quidam

1902 1329 2110 1389 seniori
2153 1337 2312 1386 atate
2371 1337 2427 1386 et
2499 1329 2749 1386 moribus
2807 1330 3106 1386 venerabili
3149 1331 3373 1401 quidam
3404 1331 3506 1386 bo-

1903 1419 2419 1478 noriﬁcentissimus
2474 1420 2530 1475 in
2587 1421 2710 1476 visu
2761 1421 3006 1489 adstitit,
3036 1421 3110 1476 ita
3135 1422 3414 1491 praelare,
3443 1430 3506 1478 ut

1901 1512 2111 1570 recolat
2157 1512 2340 1571 adhuc
2391 1513 2554 1584 cujus
2592 1512 2787 1569 forma
2843 1513 3000 1568 illum
3055 1512 3363 1570 assimilare
3403 1529 3504 1584 po-

1901 1607 2095 1676 tuerit,
2154 1607 2497 1678 attonitoque
2553 1607 2621 1662 de
2670 1616 2782 1662 tam
2838 1607 3126 1678 spectabili
3179 1616 3236 1663 et
3289 1608 3507 1680 magni-

1900 1700 2004 1756 fica
2057 1713 2290 1770 persona
2347 1699 2430 1756 sic
2481 1699 2600 1754 ait:
2648 1718 2668 1754 ι
2713 1697 2896 1766 Quare
2941 1699 3032 1754 ille
3075 1699 3204 1755 talis
3245 1698 3507 1756 hesterno

199 1807 393 1854 nostra
423 1798 704 1854 obliterari
744 1798 948 1857 debent
987 1806 1268 1856 tantorum
1297 1796 1535 1865 merita;
1577 1813 1647 1853 an
1687 1813 1798 1853 non
1831 1844 1876 1865 ἢ
1904 1800 2158 1848 sanctum
2191 1792 2402 1849 domini
2433 1789 2738 1847 Honorium
2781 1792 3011 1848 abusiva
3039 1791 3287 1848 lacerare
3329 1791 3507 1848 voluit

199 1844 726 1944 ἔιῖιῖὲέτζιζὲἷιὶῖᾅὲί
747 1844 978 1945 Βῖἷιῖεὶὶὲυ
990 1844 1647 1960 ᾟὲιὲῖὶζῖρξέἷιέἑῖείιιᾶζί
1684 1844 1800 1944 XI;
1829 1844 1880 1905 Β
1903 1844 2293 1954 aesaes:
2313 1844 2402 1940 s1."
2419 1844 2964 1956 pontiiici—snlaud—at—i
2981 1844 3353 1957 satiata
3375 1844 3506 1946 ‘c...

198 1981 486 2051 gustinum
515 1995 643 2038 cum
673 1979 812 2052 ipsis
852 1980 970 2038 suis
1011 1981 1178 2038 sociis
1218 1981 1580 2052 apostolicam
1625 1981 1797 2037 vitam

195 2079 253 2128 et
274 2069 506 2126 virtutes
528 2085 656 2126 cum
691 2069 1188 2126 innumerabilibus
1223 2071 1402 2142 signis
1439 2070 1668 2137 imihri,
1708 2078 1798 2125 at-

196 2177 312 2234 que
349 2177 452 2234 pro
488 2163 606 2234 ipsa
652 2177 819 2234 quam
865 2163 1241 2234 pradicabant
1271 2164 1376 2220 ﬁde
1403 2165 1546 2220 mori
1576 2172 1802 2235 paratos

200 2255 542 2325 descripsit?
579 2253 842 2312 Parvane
881 2255 1197 2314 sanctitatis
1232 2257 1614 2314 testimonium
1661 2255 1812 2316 astio.

205 2345 476 2400 manuum
502 2353 610 2410 est,
638 2344 781 2400 inter
804 2345 910 2399 alia
951 2346 1251 2415 praeconia,
1297 2345 1450 2416 quod
1488 2344 1805 2402 sacratissi-

1899 1979 1991 2038 liis
2015 1979 2225 2046 relatis,
2258 1979 2413 2050 prior
2452 1991 2521 2034 ex
2557 1987 2750 2035 sancto
2779 1975 3077 2048 Evangelio
3122 1991 3234 2032 non
3272 1990 3505 2045 respon-

1899 2071 2000 2139 dit,
2029 2071 2162 2142 quia
2186 2072 2462 2128 omuibus.
2487 2070 2706 2129 aut-esis
2745 2079 2802 2126 et
2831 2069 3071 2140 copiosis
3118 2067 3504 2140 largitionibus

1900 2161 2134 2220 divitum
2180 2163 2306 2234 plus
2369 2163 2494 2220 dua
2541 2164 2768 2220 minuta
2819 2163 3109 2218 valuerunt
3153 2159 3506 2232 paupercula

1905 2255 2052 2325 apud
2079 2255 2328 2311 iudicem
2357 2253 2606 2324 iustum?
2638 2273 2657 2307 ι

1977 2343 2111 2404 CAP.
2147 2343 2363 2400 XXVII.
2401 2344 2714 2412 Deusdedit,
2749 2353 2856 2402 etc.
2907 2361 2941 2399 a
2975 2343 3125 2398 Beda
3155 2342 3388 2400 laudati.
3433 2372 3508 2386 --

143 2471 154 2480 ο
207 2451 342 2494 mus
367 2451 506 2506 papa
545 2434 886 2504 Bonifacius,
938 2451 974 2493 a
1011 2437 1296 2509 pracipes
1330 2436 1608 2510 Gregorio
1639 2453 1814 2510 quae.
1909 2435 2141 2501 Beatum
2170 2451 2392 2508 quoque
2421 2435 2720 2494 Deusdedit
2769 2434 2884 2508 (12)
2914 2435 3206 2492 sanctitate
3249 2435 3506 2506 adjungi-

202 2536 301 2583 tus
324 2527 464 2599 (I0),
493 2527 716 2585 beatum
738 2528 959 2585 Iustum
1002 2529 1324 2601 apostolicis
1361 2529 1560 2587 litteris
1587 2531 1807 2592 collau-

197 2618 326 2686 det,
352 2620 588 2691 ejusque
619 2621 834 2676 meritis
871 2637 937 2678 ac
971 2622 1241 2678 caloru
1291 2621 1536 2696 pramiis
1558 2623 1802 2695 gentium

200 2711 620 2767 conversionem
651 2711 947 2780 adscribat,
976 2713 1128 2784 quod
1164 2712 1281 2783 ipsa
1308 2713 1555 2786 Epistula
1595 2715 1806 2786 partim

201 2811 464 2860 aunotata
487 2803 698 2876 gratius
710 2803 960 2860 clarebit.
997 2823 1016 2857 ι
1046 2803 1418 2863 Dilectissimo
1436 2804 1596 2862 fratri
1615 2795 1802 2875 Iusto,

200 2893 542 2951 Bonifacius.
574 2895 752 2963 Quam
773 2896 986 2963 devote,
1013 2911 1294 2968 quamque
1319 2895 1492 2954 etiam
1511 2897 1802 2971 vigilanter

199 3001 306 3058 pro
329 2985 536 3043 Christi
560 2985 860 3060 Evangelio
873 2989 1241 3046 elaboraverit
1257 2997 1442 3047 vestra
1459 2988 1798 3060 fraternitas,

200 3093 315 3134 non
361 3079 542 3138 solum
597 3079 855 3152 Epistola
895 3081 1118 3140 directa
1156 3097 1190 3137 a
1253 3082 1426 3139 vobis
1459 3090 1638 3150 tenor,
1686 3081 1804 3142 imo

1904 2547 2031 2588 mus
2077 2529 2396 2598 consimili,
2453 2529 2548 2601 qui
2603 2528 2748 2588 beati
2799 2527 3096 2602 Augustini
3159 2527 3504 2599 apostolatui

1905 2631 2104 2682 sextus
2121 2623 2407 2696 subiungi,
2432 2632 2489 2682 et
2510 2621 2690 2680 eidem
2714 2631 2828 2678 tam
2857 2622 3107 2694 proxime
3138 2623 3343 2678 meruit
3363 2637 3468 2678 con
3483 2651 3503 2662 -

1901 2715 2144 2790 sepeliri.
2195 2715 2264 2772 lli
2315 2723 2450 2780 sunt
2492 2731 2626 2788 ergo
2672 2731 2870 2780 omnes
2927 2715 3033 2771 viri
3079 2714 3500 2780 misericordia.

1899 2797 2142 2880 quorum
2183 2807 2418 2878 iustitia
2451 2807 2788 2866 oblivionem
2821 2823 2934 2868 non
2967 2816 3342 2879 acceperunt:
3371 2807 3502 2879 quia

1897 2901 2046 2962 enim
2081 2905 2342 2973 pratatus
2390 2901 2872 2974 historiographus
2917 2899 3108 2974 (Beda)
3157 2899 3502 2971 singulorum

1899 3001 2056 3068 gesta
2081 2993 2396 3062 describere
2422 2993 2655 3050 nimium
2683 2991 2999 3061 aestimavit,
3027 2993 3082 3050 in
3119 2991 3226 3052 line
3249 2991 3501 3048 omnium

1900 3089 2100 3148 merita
2122 3090 2204 3151 sic
2231 3087 2530 3146 conclusit:
2564 3087 2643 3144 De
2668 3087 2756 3144 his
2789 3088 3053 3146 omnibus
3080 3094 3231 3146 recte
3258 3094 3314 3148 et
3342 3101 3503 3142 vera-

201 3169 426 3266 indncta
479 3173 716 3244 desuper
751 3173 908 3244 operi
944 3181 1130 3266 vestro
1163 3173 1426 3266 perfectio
1458 3174 1741 3244 indicavit,
1772 3193 1794 3230 ι
1826 3202 1872 3266 c
1903 3183 2042 3241 cite;
2068 3183 2179 3244 dici
2213 3191 2394 3262 potest
2413 3225 2430 3252 ,
2481 3163 2617 3255 quia
2652 3196 2880 3252 corpora
2924 3197 3108 3236 eorum
3134 3181 3193 3236 in
3242 3195 3372 3252 pace
3414 3194 3502 3234 se-

198 3270 310 3319 etc.
363 3262 584 3337 Integra
631 3266 858 3322 habetur
911 3265 1058 3339 apud
1105 3266 1309 3323 Bedam
1364 3265 1461 3324 lib.
1521 3282 1562 3324 tt
1606 3267 1757 3324 Hist.
1778 3307 1796 3338 ,

200 3371 324 3426 cap.
359 3355 415 3412 8.

271 3447 405 3503 CAP.
442 3447 636 3505 XXVI.
663 3449 892 3507 Honorii
909 3451 1161 3524 elogium.
1177 3483 1250 3494 —
1271 3450 1574 3510 Honorium
1595 3452 1802 3510 nihilo-

197 3539 389 3596 minus
419 3541 831 3600 sanctissimum
867 3541 1011 3600 iusti
1058 3558 1435 3602 successorem
1467 3545 1630 3625 (anne
1666 3544 1798 3616 634)

197 3633 273 3688 ab
296 3633 610 3707 Augustino
641 3635 908 3707 primario
941 3638 1217 3708 quintum,
1245 3637 1389 3694 beati
1420 3653 1578 3710 papa
1603 3635 1798 3696 Hono-

198 3726 269 3782 rii
298 3729 641 3784 successoris
664 3729 972 3801 prascripti
1009 3729 1276 3786 Bonifacii
1301 3732 1620 3802 aposmlica
1646 3732 1798 3788 litte-

198 3834 276 3875 ra
303 3827 368 3874 ut
395 3817 764 3874 fortissimum
789 3819 999 3875 Christi
1040 3819 1348 3890 agonistam
1370 3820 1668 3878 victoriosa
1695 3836 1797 3878 co-

197 3927 337 3968 rona
363 3911 729 3983 triumphant.
759 3911 999 3970 Pulchre
1031 3926 1164 3968 vero
1185 3919 1250 3968 et
1263 3921 1418 3986 grata
1446 3912 1650 3970 divina
1674 3931 1802 3988 gra-

198 4005 290 4062 tia
313 4004 696 4071 consonantia,
728 4020 842 4061 uno
871 4014 1120 4080 tempore
1147 4003 1338 4061 eadem
1382 4006 1674 4065 sanctitate
1709 4016 1798 4064 at-

197 4113 308 4170 que
334 4098 526 4154 eodem
550 4099 771 4156 nomine
793 4099 898 4159 iste
921 4101 1012 4158 isti
1039 4099 1305 4170 occurrit,
1317 4110 1382 4157 ut
1400 4101 1686 4161 Romanus
1703 4119 1798 4161 or-

197 4193 286 4250 bis
322 4209 488 4250 suum
525 4194 724 4250 habeat
755 4193 1082 4262 Honorium,
1112 4195 1375 4268 orbisque
1401 4195 1666 4271 Anglicus
1691 4214 1794 4272 pas

195 4288 334 4344 riter
380 4304 565 4344 suum.
616 4287 880 4358 Pulchre,
939 4290 1196 4363 inquam,
1245 4290 1338 4348 ille
1376 4289 1508 4348 huic
1559 4291 1795 4350 univoca

196 4380 559 4452 prarogativa
609 4381 717 4438 hoc
769 4382 1032 4439 unanime
1093 4381 1406 4440 dilectioais
1464 4382 1634 4440 mittit
1674 4397 1798 4440 exe-

197 4470 374 4525 nium.
414 4487 434 4522 t
469 4469 836 4528 Dilectissimo
865 4471 1022 4529 fratri
1062 4471 1330 4542 Honorio,
1358 4473 1658 4533 Honorius.
1704 4474 1796 4532 In-

1901 3273 2058 3352 pulta
2081 3283 2230 3342 sunt,
2253 3284 2306 3334 et
2339 3274 2556 3330 nomina
2580 3289 2764 3330 eorum
2783 3272 2964 3328 vivunt
2990 3272 3048 3326 in
3065 3272 3426 3345 generationes
3449 3277 3499 3328 et

1900 3373 2286 3438 generationes.
2319 3365 2395 3428 De
2420 3366 2636 3424 eateris
2673 3380 2828 3433 vero,
2863 3365 2917 3422 id
2937 3372 3044 3432 est,
3072 3363 3316 3435 regibus,
3355 3377 3501 3434 pra-

1901 3459 2138 3528 sulibus,
2161 3459 2476 3528 abbatibus,
2503 3459 2737 3531 aliisque
2786 3457 2994 3516 sanctis
3040 3456 3324 3516 translatis
3350 3471 3502 3514 nunc

1896 3559 1982 3612 est
2009 3550 2418 3610 subsedendum
2433 3569 2456 3618 ς,
2474 3551 2543 3608 de
2589 3549 2796 3622 quibus
2823 3549 2940 3623 jam
2981 3548 3113 3619 alibi
3154 3548 3362 3604 dictum
3389 3557 3496 3612 est.

1899 3643 1989 3702 vel
2035 3659 2139 3702 suo
2194 3652 2444 3715 tempore
2497 3641 2792 3704 dicendum
2811 3683 2828 3710 ,
2871 3657 3000 3698 cum
3048 3647 3244 3714 parato
3294 3641 3501 3712 templo

1899 3739 2126 3798 thorum
2153 3738 2502 3809 perceperint
2531 3737 2891 3796 destinatum.

1971 3829 2103 3886 CAP.
2140 3826 2380 3884 XXVIII.
2417 3827 2566 3888 Odor
2591 3829 2773 3886 suavis
2795 3844 2866 3888 ea:
2884 3825 2948 3894 S,
2976 3827 3173 3886 Molliti
3198 3827 3404 3887 tumba.
3429 3859 3490 3870 -—

1899 3919 2034 3979 Post
2061 3921 2168 3979 hoc
2201 3935 2338 3994 ergo
2387 3921 2712 3989 Sabhatum,
2743 3936 2872 3980 cum
2897 3921 2954 3977 in
2976 3921 3350 3993 subsequente
3381 3920 3495 3977 Do-

1898 4014 2101 4073 minica
2147 4013 2372 4087 tapetis,
2399 4030 2526 4086 qua
2570 4013 2746 4072 fracta
2773 4023 2832 4070 et
2877 4014 3146 4074 exhausta
3174 4023 3492 4074 sanctorum

1895 4105 2225 4178 corporibus
2251 4113 2612 4175 monumenta
2653 4105 2928 4178 tegebant,
2980 4103 3167 4182 pluvia
3213 4113 3269 4160 et
3315 4103 3492 4162 lutum

1895 4198 2230 4266 sordidaret,
2260 4206 2450 4256 custos
2479 4198 2702 4254 illorum
2732 4197 3066 4260 venerabilis
3083 4197 3328 4262 harebat
3371 4196 3479 4254 ani-

1894 4309 1990 4351 ruo
2013 4301 2200 4349 utrum
2229 4290 2448 4347 auferre
2468 4297 2725 4360 tentaret,
2749 4307 2818 4348 an
2848 4289 2906 4346 in
2922 4290 3169 4361 ipsorum
3200 4288 3492 4366 obsequio,

1895 4384 1990 4456 qui
2018 4382 2247 4440 meliora
2282 4383 2510 4439 reddere
2533 4390 2762 4454 possent
2784 4382 3067 4454 corrumpi
3097 4382 3334 4448 sineret;
3366 4396 3480 4444 rur-

1897 4490 2132 4546 sumque
2153 4473 2492 4546 recogitabat
2523 4473 2672 4545 quod
2717 4473 2938 4531 illorum
2987 4473 3158 4546 gloria
3192 4487 3502 4532 ornamen--.

198 4572 280 4618 ter
325 4563 560 4634 plurima
597 4581 724 4637 qua
761 4564 1148 4638 Redemptoris
1185 4568 1362 4624 nostri
1408 4567 1791 4626 misericordia
1825 4553 1870 4610 D
1893 4573 2077 4622 torum
2123 4565 2370 4621 ecclesia
2409 4564 2739 4620 detrimenta
2777 4581 2890 4621 non
2941 4565 3196 4624 ambiret.
3245 4563 3488 4622 Tandem

195 4656 316 4712 suis
341 4655 562 4714 famulis
590 4657 849 4730 dignatur
875 4659 1146 4717 bonorum
1189 4675 1420 4716 munera
1458 4676 1798 4734 praerogare,-

195 4748 330 4804 illud
365 4749 531 4804 etiam
580 4749 881 4807 clementer
917 4751 1116 4808 collata
1157 4768 1273 4810 sua
1313 4752 1534 4824 pietatis
1568 4753 1794 4810 muniti-

193 4841 373 4897 eentia
399 4841 614 4908 tribuit,
647 4843 866 4914 quoties
914 4858 1013 4915 per
1055 4842 1330 4902 fraternos
1385 4847 1616 4905 affectus
1651 4864 1792 4905 una-

195 4933 399 4989 nimem
435 4932 784 4990 dilectionem
813 4935 1052 5007 quadam
1077 4937 1538 5009 contemplatione
1562 4939 1790 4998 alternis

193 5027 507 5096 aspectibus
536 5035 910 5098 reprasentat,
941 5045 961 5081 ι
985 5037 1092 5086 etc.
1128 5028 1402 5102 [ntegrum
1421 5031 1790 5092 exhibet-Beda

192 5117 288 5172 lib.
323 5134 383 5184 ιι,
425 5135 545 5190 cap.
578 5118 666 5174 I8.
714 5117 828 5176 Nec
852 5119 988 5176 illud
1029 5136 1212 5192 parva
1235 5122 1423 5194 gloria
1451 5121 1620 5198 [ejus]
1648 5141 1788 5196 pra-

191 5210 416 5266 conium
437 5220 542 5278 est,
566 5211 712 5283 quod
736 5228 836 5284 per
858 5222 1113 5270 sanetum
1137 5213 1372 5271 Felicem
1406 5216 1522 5288 (II)
1545 5233 1574 5272 a
1608 5233 1667 5274 se
1696 5233 1788 5274 or-

191 5304 442 5361 dinatura
501 5303 864 5364 Orientalium
913 5307 1218 5381 Anglorum
1264 5311 1579 5381 prasulem,
1635 5311 1785 5370 illam

261 5438 376 5510 (10)
407 5436 722 5513 Legendum
759 5441 996 5513 quintus,
1038 5458 1167 5499 nam
1212 5443 1304 5500 hic
1332 5441 1438 5500 fuit
1471 5443 1786 5506 Bonifacius

193 5507 298 5566 hoc
329 5507 570 5587 uomine
610 5507 859 5587 quintus,
888 5507 990 5587 qui
1027 5526 1084 5571 et
1127 5515 1356 5587 quintus
1400 5531 1624 5587 quoque
1652 5517 1789 5587 Afuit

194 5528 298 5566 noc
329 5528 570 5594 .nomtne
610 5528 859 5637 Ἕιηιυε,
888 5530 984 5585 qui
1027 5528 1084 5571 et
1127 5528 1356 5586 qutntus
1400 5531 1624 5587 quoque
1685 5528 1786 5574 fuit

190 5579 438 5663 pomifer
475 5591 624 5666 post“
665 5624 703 5666 ,τ
731 5582 1077 5666 Gregorium,
1115 5595 1172 5642 et
1214 5586 1355 5641 infra
1383 5587 1473 5642 isti
1503 5585 1786 5666 Bonifacio

192 5653 530 5729 successisse
571 5653 776 5729 dicitur
807 5653 1109 5729 Honorius,
1149 5673 1380 5713 numero
1407 5659 1678 5729 sequenti.
1715 5659 1787 5716 At

193 5722 414 5801 quidem
447 5724 536 5780 hic
571 5724 892 5801 Honifaeius
921 5722 1152 5801 quartus
1180 5744 1302 5801 esse
1327 5745 1437 5783 nou
1465 5722 1785 5801 pot.uit,‘qui

195 5795 387 5855 ιρι-εἰπε
413 5803 537 5865 post
569 5795 891 5866 Gregorium
933 5795 1054 5864 fuit,
1086 5807 1141 5852 et
1170 5799 1306 5866 obiit
1329 5795 1629 5854 aundGl-i.
1654 5795 1782 5858 Jus-

196 5881 279 5928 [lla
303 5882 434 5922 vero
464 5882 605 5922 attito
635 5865 740 5925 6‘25
771 5886 836 5927 cx
863 5868 1101 5926 Hoﬂcusi
1125 5867 1191 5925 ad
1219 5869 1668 5926 (Latituarieusem
1701 5890 1758 5928 se

1893 4661 2162 4718 accedens
2193 4660 2404 4733 trepide
2433 4675 2560 4716 cum
2611 4659 2843 4717 incensa
2890 4659 3212 4731 psalmodia
3242 4655 3312 4713 ad
3344 4655 3490 4713 beati

1893 4751 2081 4808 Μειιίῐί
2103 4751 2360 4808 similiter
2382 4759 2701 4824 perruptam
2729 4761 2785 4808 et
2803 4760 3126 4809 evacuatam
3154 4748 3466 4822 cryptulam

1889 4843 2116 4917 pallium
2181 4844 2252 4902 ab
2307 4853 2565 4917 apertura
2619 4845 2923 4917 paululum
2960 4842 3210 4912 seduxit;
3260 4849 3318 4900 et
3360 4853 3484 4898 ecce

1890 4946 2150 5009 expertus
2171 4935 2350 5010 pridie
2370 4937 2526 5010 vigor
2539 4937 2844 4994 caelestium
2863 4936 3346 4994 odoramentorum
3366 4949 3475 5010 ver.

1895 5029 2220 5086 nantissime
2243 5030 2394 5087 hunc
2411 5031 2764 5103 repercussit.
2777 5029 2872 5085 Ille
2899 5027 3189 5100 perculsus
3208 5026 3484 5100 prodigio-

1902 5137 1923 5172 ο
1967 5117 2110 5190 Quid
2140 5127 2245 5190 est,
2296 5119 2498 5193 inquit,
2539 5119 2771 5176 Domine
2815 5117 2982 5186 Deus,
3029 5116 3160 5189 quid
3209 5126 3298 5175 est
3337 5118 3484 5176 hoci

1895 5207 2052 5266 Unde
2089 5209 2263 5282 spirat
2296 5209 2506 5284 gratia?
2567 5209 2650 5264 An
2696 5207 2994 5280 quatriduo
3064 5222 3238 5266 vacus
3289 5207 3482 5264 tumba

1891 5302 2072 5360 adhuc
2098 5304 2261 5360 sudat
2287 5304 2453 5360 etiam
2477 5300 2722 5358 absentia
2757 5301 3038 5358 balsama?
3061 5319 3081 5354 ι
3109 5299 3260 5358 Talia
3296 5315 3482 5357 secum

1890 5459 2016 5526 dem
2040 5460 2340 5517 translatus
2353 5469 2460 5526 est,
2487 5474 2598 5530 quo
2619 5473 2767 5516 anno
2789 5475 2978 5517 mense
3006 5457 3228 5530 Octobri
3273 5459 3470 5530 exstin-

1893 5540 2014 5587 ctus
2049 5540 2136 5586 est
2180 5529 2769 5602 Bonifacius’quintus.
2812 5530 3005 5599 Justo,
3054 5531 3150 5602 qui
3190 5529 3479 5592 defuncta!

1891 5611 1976 5659 est
1997 5617 2145 5656 anno
2169 5601 2298 5668 654,
2325 5600 2595 5658 sucmssit
2627 5600 2922 5659 Honorius.

1967 5672 2082 5811 (II;
2123 5668 2201 5728 De
2227 5672 2333 5728 hoc
2355 5671 2692 5730 Dollaudiani
2717 5673 2806 5730 die
2829 5690 2926 5728 vtu
2949 5669 3148 5727 Martii.
3342 5739 3355 5752 _

1967 5742 2058 5810 (19.
2117 5741 2177 5796 Β.
2212 5741 2456 5800 Honorio
2483 5744 2750 5800 successit
2779 5761 2926 5800 anno
2953 5740 3355 5798 653.0antuart

1899 5783 1902 5785 λ
1967 5740 2080 5810 (19.)
2117 5741 2177 5796 Β.
2212 5741 2456 5800 Honorio
2483 5744 2750 5800 successit
2779 5761 2926 5800 anno
2953 5740 3478 5798 6.’i3.Cantuaricusi

1896 5811 2155 5871 Ecclesia
2182 5813 2399 5886 praefuit
2429 5831 2606 5888 usque
2634 5815 2700 5872 ad
2730 5830 2934 5872 annum
2960 5818 3085 5868 Utta.
