3972 6296
467 356 539 414 S7
1462 347 1823 419 GOSCELINI
1859 346 2035 403 CAN]
2051 346 2420 406 UARIENSIS
2454 347 2764 410 MONACHI

463 467 648 530 senior
676 463 768 522 ille
788 461 1010 535 stupido
1043 459 1208 520 corde
1231 461 1509 529 volutans,
1540 461 1785 533 reposuit
1814 461 2054 534 tegmina
2084 464 2131 521 Α
2155 461 2288 532 piat.
2321 461 2475 529 Quod
2496 465 2702 536 factum
2729 477 2828 522 est.
2857 465 3028 539 Capp.
3055 467 3092 523 ﬂ
3111 485 3252 542 seqq.
3277 471 3391 526 alia
3413 488 3616 545 quoque
3645 478 3768 532 mi-

461 559 736 617 nardiiluo
766 556 1050 623 foramini,
1082 556 1282 612 ardens
1319 555 1478 626 cujus
1513 564 1660 612 esset
1701 556 1831 620 haec
1879 557 2056 627 gratia

461 653 669 710 certius
695 649 957 721 experiri.
974 647 1127 704 Illico
1151 648 1415 704 obtrusus
1453 647 1588 704 odor
1614 648 1764 704 velut
1795 649 2056 706 exclusus

461 745 609 802 lucis
665 742 859 798 radius
904 740 1148 797 evanuit.
1203 739 1416 798 Rursus
1459 741 1550 796 ille
1591 739 1828 807 detexit,
1862 756 2059 798 rursus

468 839 614 894 facta
649 839 738 894 via
768 837 978 894 effusus
1009 837 1149 892 odor
1176 834 1456 902 redolevit,
1479 844 1569 890 etc

543 974 670 1030 CAP.
701 971 897 1042 XXIX.
927 971 1068 1026 Item
1107 987 1174 1026 ea:
1217 968 1275 1026 S.
1305 969 1596 1042 Augustini
1632 970 1832 1026 tumba.
1859 1001 1926 1011 —
1960 969 2058 1026 Se-

470 1067 649 1124 cunda
681 1066 880 1122 dehinc
909 1063 1066 1132 feria,
1102 1071 1318 1134 patente
1353 1062 1551 1135 spatio,
1583 1071 1860 1118 structura
1901 1063 2058 1121 navis

469 1160 718 1216 ecclesiae
765 1159 1042 1230 procedit;
1095 1157 1355 1212 fundatur
1401 1156 1658 1212 columna
1711 1157 1948 1227 spatiosa
2001 1157 2057 1212 in

471 1253 781 1324 aquilonari
840 1251 1012 1318 serie,
1068 1251 1187 1322 ipso
1231 1249 1354 1307 loco
1408 1250 1554 1305 unde
1607 1250 2057 1320 opulentissimus

471 1347 768 1402 thesaurus
792 1343 1081 1416 Augustini
1113 1344 1364 1414 corporis
1394 1350 1712 1412 assumptus
1736 1350 1838 1398 est.
1883 1341 2057 1414 Cujus

469 1443 674 1498 tumbae
697 1441 778 1495 vel
806 1440 1067 1513 cryptula:
1101 1446 1348 1494 sacratos
1373 1437 1670 1492 laterculos
1714 1437 1836 1492 alvo
1867 1437 2056 1509 capaci

470 1551 572 1606 pro
610 1533 783 1588 sacris
827 1532 1152 1603 pignoribus
1204 1530 1295 1584 illa
1341 1530 1738 1600 complectitur.
1782 1527 2057 1584 Substrati

469 1643 602 1682 vero
633 1625 952 1696 pavimenti,
982 1624 1071 1679 cui
1099 1623 1414 1679 beatissima
1443 1623 1598 1693 gleba
1615 1621 1886 1689 incubuit,
1917 1621 2056 1676 latc-

470 1735 566 1775 res
603 1717 889 1788 puniceos,
919 1716 1145 1782 nitidos,
1174 1715 1338 1785 plano
1376 1715 1622 1770 tabulatu
1663 1722 1970 1780 contextus,
2005 1720 2059 1767 et

473 1827 667 1869 crocea
699 1810 872 1864 nardo
901 1807 1175 1877 fumantes
1203 1808 1451 1863 certatim
1481 1813 1890 1871 excrustantur,
1915 1813 1970 1859 et
2003 1804 2056 1858 in
2091 1812 2134 1868 Β

477 1903 638 1959 altari
668 1919 822 1957 novae
845 1901 1087 1974 porticus
1115 1901 1262 1955 beati
1283 1899 1530 1970 Gregorii
1564 1915 1729 1968 supra
1759 1906 2061 1953 memorato

477 1991 869 2050 reconduntur.
919 1991 1035 2048 Sub
1080 1993 1168 2047 liis
1211 1991 1475 2046 lateribus
1520 1990 1740 2044 inventa
1786 1997 1870 2044 cst
1897 1996 2063 2044 terra

479 2083 845 2140 tuundissinia
908 2079 1201 2154 semipedis
1261 2080 1616 2152 spissitudine
1677 2078 2063 2148 fundamento,

480 2169 627 2249 quod
648 2178 714 2232 de
733 2178 936 2247 pariete
959 2175 1131 2232 veteri
1153 2174 1566 2246 Augustinianzc
1620 2163 1868 2245 porticus
1923 2189 2064 2244 pra:-

480 2273 758 2330 eminebat
805 2271 1140 2343 superjecta;
1175 2270 1291 2325 lucc
1325 2263 1544 2340 quoque
1574 2276 1713 2324 terra
1749 2275 2066 2339 penetrante

477 2363 682 2420 lateres
727 2363 1017 2436 Augustini
1058 2363 1246 2428 odore,
1285 2360 1514 2417 mirifica
1562 2359 1839 2431 fragrabat
1882 2360 2068 2415 suavi-

478 2465 612 2513 tate.
646 2456 822 2521 Quam
871 2454 939 2509 ad
983 2453 1226 2523 przedicti
1254 2452 1594 2522 fundamenti
1638 2451 1822 2506 silices
1856 2451 2066 2506 exhau-

485 2554 628 2602 Stam
660 2560 758 2615 per
789 2552 1008 2600 sacrata
1043 2543 1204 2598 busta
1246 2541 1559 2610 Laurentii,
1587 2541 1772 2597 Melliti
1814 2557 1878 2598 ac
1905 2541 2067 2610 Justi,

485 2653 611 2709 qua:
647 2635 1034 2692 ecclesiasticae
1064 2643 1356 2692 structura:
1395 2635 1827 2706 persecutionem
1871 2648 2072 2706 evase-

485 2737 642 2796 rant,
673 2726 1106 2784 distribuendam
1156 2744 1221 2785 ac
1250 2727 1574 2784 servandam
1612 2735 1960 2784 censuerunt.
1993 2725 2072 2783 Ne

485 2835 618 2878 vero
664 2820 871 2892 posteri
919 2819 1116 2888 nostri,
1147 2819 1202 2876 hi
1250 2820 1345 2891 qui
1379 2818 1586 2877 fuerint
1614 2819 1711 2876 filii
1763 2820 2072 2877 dilectionis

485 2913 626 2970 tanti
656 2912 852 2983 patris,
869 2927 927 2969 se
951 2913 1166 2970 nescire
1190 2912 1410 2969 doleant
1439 2913 1706 2970 hactenus
1731 2913 2068 2984 descriptum

485 3003 610 3074 ejus
637 3001 850 3073 antiqui
893 3002 1232 3058 monumenti
1263 3002 1478 3070 locum;
1515 3011 1666 3060 notet
1695 3004 1790 3074 qui
1841 3003 2074 3060 voluerit

487 3094 634 3152 hanc
679 3095 1015 3164 columnam,
1047 3109 1212 3166 quam
1253 3094 1419 3174 paulo
1473 3104 1600 3152 ante
1623 3095 2070 3170 ,designavimus,

487 3183 922 3261 cjus'continere
958 3149 1270 3246 latejritiam.
1295 3167 1572 3259 tumbam,
1601 3149 1972 3262 'nume’retque
2016 3149 2072 3246 ei.
2097 3165 2143 3230 (ἶ

488 3283 634 3340 sciat
652 3283 724 3339 ab
752 3282 866 3352 illa,
897 3297 1021 3354 qua
1051 3283 1189 3339 turri
1217 3283 1470 3340 orientali
1511 3291 1790 3349 arcuatur,
1831 3273 2069 3338 tertiam.

488 3375 633 3444 Quid
661 3377 806 3432 enim
843 3375 951 3448 ptis
980 3376 1291 3433 haaredibus
1332 3391 1444 3432 non
1491 3376 1764 3434 videbitur
1804 3375 1964 3430 dulce
2007 3373 2075 3431 de

489 3476 644 3522 tanto
687 3467 1040 3541 progenitore
1093 3469 1417 3526 dinoscere?
1461 3463 1603 3537 Quid
1655 3483 1788 3524 vero
1848 3483 1959 3522 non
2006 3468 2078 3523 sit

489 3564 646 3614 t'tste
673 3559 797 3630 ejus
848 3561 1036 3633 gratiae
1081 3559 1373 3632 ignorare?
1405 3559 1602 3616 Verum
1647 3559 1716 3616 de
1761 3559 1868 3615 illis
1895 3558 2078 3614 balsa-

490 3655 708 3712 maticis
749 3645 1013 3712 lateribus
1070 3655 1421 3728 przescriptus
1475 3655 1661 3712 senior
1701 3653 2076 3721 fidelissimus,

491 3747 588 3817 qui
617 3761 676 3802 se
707 3747 870 3817 hujus
902 3748 1093 3821 gratiae
1127 3748 1397 3804 innotesci
1441 3747 1677 3820 repellit,
1709 3762 1880 3803 unum
1926 3746 2080 3802 clas-

493 3837 621 3892 culo
664 3839 952 3905 subduxit,
983 3855 1052 3896 ne
1099 3839 1302 3906 dicam,
1353 3839 1540 3896 furtim
1589 3840 1881 3910 subripuit.
1927 3837 2078 3894 Lau-

494 3930 693 3986 dabilis
723 3931 840 3986 haec
867 3931 1049 4003 culpa,
1073 3948 1239 4003 quam
1269 3932 1404 3988 fides
1431 3933 1682 3998 adornat,
1712 3931 1955 3988 Charitas
1985 3930 2080 4001 ju-

495 4023 698 4078 stiticat
723 4041 736 4102 :_
763 4023 894 4095 quia
942 4024 1033 4079 ille
1065 4023 1442 4096 languentium
1469 4019 1734 4080 remedio
1769 4023 1860 4094 pio
1891 4023 2084 4078 sacri-

499 4111 642 4186 legio
671 4115 782 4200 hoc
819 4103 1204 4187 prospiciebat.
1248 4113 1386 4170 Nam
1430 4115 1618 4171 divino
1659 4115 1921 4172 instinctu
1966 4115 2084 4172 haec

497 4211 655 4262 Sacra
701 4222 828 4262 eum
882 4223 1199 4265 reservasse
1243 4208 1638 4280 consequentia
1685 4209 2081 4266 miraculorum

499 4297 716 4369 probat.

2160 554 2348 620 tacula
2369 566 2681 613 narrantur.

2183 705 2186 708 ,
2227 641 2358 700 ΟΜ».
2391 643 2633 701 XXXIII.
2665 644 2858 702 Putris
2899 657 2950 704 et
2984 648 3176 706 lateres
3200 666 3268 706 ea:
3295 652 3500 707 tumulo
3534 654 3594 710 S.
3631 657 3762 711 Au-

2157 736 2360 807 gustini
2399 753 2496 807 pro
2527 738 2785 811 reliquiis.
2815 770 2889 780 —
2915 739 3200 812 Reliquias
3247 743 3316 799 de
3347 745 3587 814 pretioso
3638 747 3764 804 A1-

2157 828 2363 899 gustini
2411 844 2645 900 corpore
2706 831 2930 903 plurimi
2993 833 3393 905 imploravere;
3443 837 3537 893 sed
3585 855 3763 895 nemo

2158 917 2330 989 (tanta
2359 927 2582 990 tamque
2604 921 2689 992 pia
2721 930 2812 978 est
2839 924 3053 993 paterni
3077 925 3316 980 thesauri
3342 929 3593 984 servandi
3619 945 3760 985 ava-

2132 1007 2308 1080 -ritia)
2338 1010 2422 1066 vel
2459 1027 2631 1066 unum
2663 1013 2922 1082 capillum
2966 1013 3091 1070 inde
3120 1016 3300 1086 potuit
3346 1017 3614 1074 obtinere.
3648 1019 3761 1076 Ve-

2157 1116 2282 1156 rum
2309 1102 2378 1156 de
2398 1104 2717 1176 praescripto
2743 1105 2913 1162 latere
2937 1106 3064 1162 data
3102 1107 3364 1170 beneﬁcia
3391 1108 3572 1165 adhuc
3597 1111 3761 1182 loqui

2157 1215 2262 1256 nos
2295 1209 2502 1272 cogunt
2531 1202 2820 1270 miracula,
2859 1203 3020 1275 cujus
3063 1214 3312 1260 servator
3337 1222 3502 1277 supra
3534 1225 3760 1265 meme-.-

2157 1303 2314 1350 ratus
2367 1295 2500 1351 dum
2535 1296 2880 1367 lbospitatus
2945 1297 3201 1354 cumobio
3255 1298 3576 1358 Ramesensi
3633 1305 3758 1377 (1⁸5)

2158 1388 2626 1444 sermocinaretur
2665 1388 2734 1444 de
2770 1388 3068 1445 virtutibus
3097 1389 3275 1460 ipsius
3307 1394 3758 1462 praestantissimi

2157 1478 2398 1550 patroni,
2425 1479 2684 1534 narrabat
2697 1478 2864 1535 etiam
2890 1479 3042 1551 ipsos
3072 1479 3374 1537 thuriferos
3389 1483 3610 1551 lateres,
3628 1487 3760 1556 qui-

2158 1570 2266 1628 bus
2334 1571 2662 1628 incubuerat
2717 1573 2998 1643 sepultus,
3056 1574 3355 1630 sanitatum
3415 1577 3760 1636 charismate

2158 1665 2488 1721 redundare.
2523 1665 2769 1738 Rogatus
2812 1681 2944 1738 ergo
2967 1683 2998 1722 a
3022 1665 3287 1724 fratribus
3318 1668 3446 1724 inde
3489 1671 3758 1742 reliquias

2159 1757 2264 1813 sub
2313 1756 2628 1813 conditione
2675 1757 3014 1814 celebrandae
3064 1768 3327 1830 perpetuo
3377 1761 3760 1819 translationis

2162 1865 2298 1918 suae,
2342 1851 2570 1906 adduxit
2611 1867 2800 1908 secum
2857 1850 3084 1907 fratrem
3125 1867 3192 1906 ex
3244 1852 3336 1908 illo
3391 1855 3758 1910 contubernio

2165 1939 2444 2007 idoneum,
2472 1941 2918 2012 praemittensque
2960 1957 3087 1996 eum
3115 1957 3240 1996 cum
3265 1942 3425 2014 signo
3467 1944 3536 2000 ad
3563 1945 3758 2000 condi-

2167 2049 2335 2104 gnum
2383 2034 2692 2101 seniorem,
2755 2034 2961 2090 dictum
3029 2033 3353 2102 Elfwinum,
3417 2035 3583 2106 hujus
3630 2037 3755 2093 lidei

2168 2125 2568 2186 amicissimum
2589 2125 2733 2196 apud
2755 2135 3007 2181 sanctum
3029 2125 3418 2198 Augustinum,
3441 2128 3556 2198 ipse
3583 2145 3752 2199 oppe-

2168 2217 2412 2276 riebatur
2432 2217 2553 2288 ejus
2573 2217 2810 2274 reditum
2839 2218 2909 2274 ad
2937 2217 3273 2290 Bertingam,
3301 2221 3520 2290 provide
3537 2220 3747 2274 scilicet

2166 2311 2548 2378 dissimulans,
2571 2326 2642 2366 ne
2669 2310 2795 2382 quis
2836 2311 2904 2366 de
2936 2310 3056 2382 ipso
3091 2327 3250 2368 sacro
3284 2326 3489 2366 arcano
3514 2325 3746 2382 praesen-

2170 2404 2390 2460 tiscerct
2443 2401 2652 2474 aliquid
2699 2402 3102 2462 abducendum.
3147 2401 3242 2458 Ille
3269 2402 3594 2473 particulam
3632 2401 3755 2472 pulé-

2168 2497 2334 2563 veris,
2375 2509 2540 2566 quem
2569 2495 2638 2551 de
2671 2495 2979 2565 sepulcrali
3023 2503 3214 2567 crypta
3261 2495 3436 2552 sancti
3465 2493 3755 2566 Augustini

2169 2589 2522 2657 exhauserat,
2545 2596 2601 2644 et
2619 2588 2731 2644 duo
2752 2589 2984 2644 laterum
3007 2587 3298 2660 fragmina,
3319 2589 3523 2660 quibus
3534 2596 3758 2645 sanctus

2171 2683 2548 2750 indormierat,
2575 2680 2804 2754 pracfato
2843 2681 3000 2738 fratri
3045 2682 3276 2738 remittit
3305 2681 3362 2736 in
3388 2681 3636 2748 bustula,
3666 2682 3760 2752 qui

2171 2775 2518 2849 Bertingensi
2561 2775 2674 2849 (id)
2713 2783 2768 2831 et
2807 2774 3128 2834 Ramesensi
3159 2773 3408 2831 ecclesia:
3433 2789 3592 2844 atque
3631 2773 3764 2829 divi-

2171 2872 2325 2928 deret
2375 2872 2666 2944 utriusque
2718 2872 2911 2948 gratia:
2974 2871 3156 2926 xenia.
3219 2869 3518 2941 Susceptor
3575 2870 3764 2941 itaque

2173 2963 2372 3021 borum
2399 2980 2711 3034 sacrorum,
2743 2973 2806 3022 ut
2849 2964 2932 3021 fut
2990 2972 3244 3022 metuens
3271 2962 3626 3034 deprehendi,
3668 2971 3766 3017 aut

2173 3065 2237 3115 ut
2257 3057 2590 3116 tliesaurifer
2608 3058 2934 3131 depraedari,
2963 3057 3120 3114 ocius
3141 3056 3208 3114 de
3237 3065 3428 3114 sancto
3454 3055 3766 3128 Augustino

2267 3151 2474 3208 (λιιι-ἰειί
2504 3151 2617 3224 (15)
2643 3151 2932 3210 ecclesiam
2967 3166 3028 3207 se
3054 3150 3257 3222 rapuit,
3285 3149 3472 3220 ibique
3498 3156 3766 3206 consueta

2175 3242 2510 3316 benignitate
2539 3242 2771 3300 fratrum
2817 3251 3129 3314 susceptus,
3158 3243 3438 3299 nocte'illa
3472 3257 3599 3298 cum
3631 3240 3766 3312 ipsis

2174 3337 2464 3408 requievit.
2478 3335 2715 3394 Mantica
2740 3337 2861 3408 ejus
2889 3335 3158 3393 servatrix
3183 3335 3326 3392 sacri
3352 3334 3600 3407 mysterii
3627 3333 3768 3390 foris

2175 3446 2302 3488 cum
2338 3429 2562 3486 famulis
2591 3429 2889 3486 remansit:
2912 3427 3104 3484 famuli
3132 3436 3328 3484 autem.
3347 3427 3763 3492 insolescentes,

2175 3533 2230 3580 et
2263 3532 2429 3579 tantae
2447 3522 2667 3580 virtutis
2712 3523 3060 3594 praesentiam
3089 3522 3176 3577 vel
3218 3521 3584 3577 reverentiam
3611 3519 3767 3592 igno-

2175 3623 2390 3682 rantes,
2436 3629 2504 3671 ea
2550 3622 2714 3671 nocte
2766 3621 2920 3670 tanto
2974 3622 3185 3670 terrore
3241 3622 3298 3670 et
3349 3612 3770 3684 horripilatione

2178 3708 2552 3780 exagitantur,
2603 3716 2874 3778 quantum
2924 3721 3208 3778 nunquam
3261 3706 3316 3762 in
3362 3705 3472 3762 vita
3521 3704 3770 3775 perpessi

2179 3808 2330 3868 sunt,
2353 3810 2414 3857 ut
2436 3800 2552 3871 jam
2575 3799 2917 3866 intcrituros,
2943 3806 3040 3854 aut
3061 3799 3115 3854 in
3153 3799 3453 3854 amentiam
3493 3797 3768 3852 transitu—

2179 3905 2274 3950 ros
2326 3892 2636 3960 crederent,
2701 3906 2828 3948 cum
2875 3907 3006 3959 cur,
3039 3899 3135 3946 aut
3170 3889 3317 3946 unde
3373 3890 3492 3946 haec
3531 3888 3774 3944 formido

2180 3992 2347 4052 esset,
2374 3991 2469 4039 aut
2496 3974 2629 4054 quid
2644 3982 3234 4054 portenderetprorsus
3255 3981 3550 4038 nescirent.
3585 3980 3770 4052 Ipsum

2181 4090 2402 4147 quoque
2430 4074 2656 4132 fratrem
2685 4091 2792 4132 vox
2813 4075 3002 4132 divina
3022 4075 3305 4146 increpuit
3333 4089 3431 4146 per
3473 4088 3767 4144 soporem:

2189 4186 2209 4220 ς
2251 4165 2456 4236 Quare,
2507 4167 2708 4238 inquit,
2739 4165 2931 4236 frater,
2959 4167 3228 4224 creditum
3271 4166 3369 4222 tibi
3411 4166 3613 4238 pignus
3655 4173 3772 4220 tam

2183 4259 2520 4332 negligenter
2584 4259 2938 4330 exposuisti?
2996 4277 3016 4312 ι
3085 4257 3349 4328 Sequenti
3413 4257 3776 4320 nihilominus

2185 4360 2344 4408 nocte
2363 4352 2486 4424 ipso
2507 4351 2564 4408 in
2586 4351 2830 4409 Rolfensi
2857 4351 3090 4408 ecclesia
3121 4347 3446 4422 (Rochester)
3474 4348 3774 4420 bospitato,

505 4491 508 4494 ,
572 4431 704 4490 Cu».
746 4432 930 4503 XXX,
964 4433 1172 4504 XXXI,
1199 4434 1416 4492 XXXII.
1452 4436 1743 4494 Miracuta.
1777 4435 1868 4482 ——'
1888 4437 2082 4496 Orien-
2187 4460 2386 4508 rursus
2415 4445 2654 4502 mantica
2702 4459 2986 4504 sacrorum
3016 4441 3361 4499 thesauraria
3391 4455 3516 4497 cum
3549 4439 3778 4496 famulis

498 4523 692 4582 ιιιὶιιω
719 4525 1001 4584 Saxonum
1027 4528 1312 4600 PrOVincia
1340 4529 1611 4588 illustrem
1632 4531 1815 4588 virum
1855 4529 2084 4588 Franci-
2111 4518 2160 4566 ’³
2189 4538 2400 4606 relicta,
2425 4538 2627 4596 iterum
2663 4538 2857 4596 brutos
2884 4536 3102 4592 animos
3129 4517 3440 4591 divinarum
3481 4547 3666 4589 rerum
3689 4531 3780 4586 in-

501 4633 696 4690 genam
727 4618 882 4675 novit
919 4619 1175 4690 incolam,
1203 4621 1363 4692 cujus
1404 4638 1545 4679 uxor
1566 4623 1780 4680 diutino
1823 4623 2087 4696 languore

499 4707 611 4779 jam
641 4707 967 4780 desperabat
1012 4707 1246 4766 salutem
1295 4719 1354 4767 et
1383 4711 1551 4768 vitam
1588 4730 1602 4768 :
1650 4713 1950 4770 revelatum
2009 4713 2087 4769 illi

500 4801 722 4857 tandem
747 4801 1039 4869 insomnis
1059 4810 1164 4870 est,
1189 4803 1451 4876 quatinus
1477 4820 1709 4877 propere
1741 4805 1810 4861 ad
1833 4815 2086 4863 sanetum

502 4889 872 4965 Augustinum
914 4891 1230 4950 Cantuarite
1279 4895 1552 4963 mitteret,
1591 4903 1648 4952 ct
1696 4895 1948 4963 laterem,
1991 4895 2086 4967 qui

503 4983 683 5054 ipsius
725 4983 1010 5042 salutifero
1055 4986 1274 5058 corpori
1328 4985 1704 5058 subjacuerat,
1750 5001 1894 5057 aqua
1941 4985 2089 5042 ablui

503 5085 753 5147 expetat;
783 5093 906 5149 quae
932 5078 1059 5136 inde
1090 5079 1288 5138 bibens
1311 5079 1380 5136 de
1409 5080 1702 5152 Augustini
1727 5080 1928 5135 virtute
1959 5093 2089 5135 eon-

505 5167 668 5238 fidat,
693 5168 824 5241 quia
868 5169 1188 5230 indubitata:
1239 5171 1520 5245 sospitatis
1567 5172 1870 5230 remedium
1914 5170 2091 5244 perci-

579 5374 694 5451 (15)
733 5375 810 5451 De
850 5375 1190 5451 Ramesiensi
1235 5377 1490 5438 coenobio
1518 5378 1686 5451 plura
1727 5376 2000 5434 habentur
2033 5379 2089 5434 in

509 5443 635 5521 Yita
661 5443 720 5502 S.
763 5445 1035 5521 Osvtjaldi,
1082 5451 1178 5521 qui
1220 5451 1342 5516 ejus
1377 5443 1693 5508 monasterii
1725 5459 1918 5506 auctor
1965 5451 2090 5517 fuit,

512 5515 916 5604 pcaaced.
933 5521 1020 5604 ‘ad
1041 5515 1132 5604 an}
1171 5515 1306 5604 992',
1329 5536 1453 5604 pag.
1484 5521 1607 5576 727.

583 5586 697 5662 (li)
733 5586 1046 5662 Legendum
1094 5591 1234 5647 forte
1261 5586 1626 5662 Be‘rki'ngense,
1650 5593 1809 5662 cujus
1851 5590 2093 5649 nominis

549 5657 1049 5733 arthenonjcxstitit
1069 5662 1214 5733 haud
1241 5662 1432 5733 procul
1452 5657 1738 5719 LundOnio
1753 5663 1806 5716 in
1828 5663 2091 5718 comitatu

559 5729 850 5804 ssekieusi.
886 5730 1059 5804 Certe
1104 5729 1256 5804 infra
1311 5733 1662 5804 reliquiarum
1719 5734 1929 5790 delator
1975 5749 2094 5804 pcr-

509 5809 766 5858 noctasse
789 5801 992 5860 dicitur
1016 5804 1071 5860 in
1101 5803 1344 5860 Roii'ensi
1373 5801 1622 5873 ecclesia,
1651 5820 1773 5875 qua:
1793 5805 1927 5861 urbs
1951 5801 2093 5861 inter

2187 4630 2396 4688 dociles
2443 4631 2687 4687 anterior
2738 4643 2908 4702 pavor
2957 4626 3343 4695 reverberavit,
3384 4632 3440 4682 et
3475 4624 3782 4696 plurimum

2188 4723 2369 4780 noctis
2394 4731 2456 4779 ut
2492 4721 2756 4779 vecordes
2781 4719 3090 4791 occupavit.
3125 4717 3310 4774 Tertia
3353 4717 3442 4774 die
3472 4716 3526 4772 in
3563 4715 3783 4772 Bertin-

2189 4831 2314 4887 gam
2351 4815 2420 4871 ad
2469 4813 2932 4886 Augustinianum
2987 4810 3318 4867 monachum
3374 4806 3782 4879 Augustiniana

2192 4909 2421 4980 pignora
2449 4907 2715 4974 exhibuit,
2737 4921 2864 4977 quae
2883 4905 2972 4960 ille
2991 4903 3272 4962 laetissime
3299 4901 3600 4972 excipiens,
3617 4906 3786 4958 nocte

2192 4999 2513 5056 imminente
2537 5014 2726 5055 secum
2753 4997 3011 5062 servavit.

2205 5141 2214 5147 .
2260 5089 2392 5147 Car.
2438 5090 2678 5146 XXXIV.
2729 5089 2977 5146 Monachi
3017 5088 3191 5154 visio,
3241 5094 3292 5141 et
3335 5083 3641 5140 abbatissaz.
3703 5113 3780 5125 —

2191 5179 2314 5254 Ipsa
2343 5189 2505 5238 nocte
2528 5181 2622 5237 hic
2653 5195 2936 5237 sacrorum
2985 5177 3217 5236 aerarius
3256 5175 3474 5248 magnis
3501 5174 3785 5230 visionum

2193 5383 2548 5469 Qantuariam
2589 5390 2645 5439 et
2702 5379 3028 5454 Berkingam
3083 5377 3267 5436 medio
3310 5389 3540 5449 prorsus
3567 5373 3793 5430 itinere

2195 5466 2315 5600 sua
2504 5533 2589 5581 est
2607 5523 2675 5580 de
2696 5520 3042 5600 monasterio
3049 5519 3376 5600 suburbano
3490 5513 3790 5597 Augustini

2196 5589 2586 5654 ad‘ec'clesiam
2613 5593 2980 5651 cathedralem
3003 5589 3226 5647 Christo
3248 5589 3518 5643 Salvatori
3541 5600 3781 5642 sacram.

2198 5667 2448 5739 Utraque
2467 5666 2697 5739 ecclesia
2733 5664 3130 5719 monachorum
3167 5659 3652 5718 Bcncdictinorum
3684 5655 3790 5711 fuit

2197 5740 2264 5824 ad
2288 5733 2508 5797 Ilénrici
2539 5733 2655 5791 VIII
2677 5744 2940 5796 tenuiora.

3663 5867 3826 5929 ’"k
