3972 6296
103 329 106 332 ’
203 375 279 435 ευ
1105 365 1286 427 msr.
1317 350 1722 428 'raANSLAr.
1766 369 1824 428 s.

1929 359 2269 430 UGUSTINI.
2298 403 2363 415 --
2388 369 2517 431 LIB.
2553 375 2616 431 ll.
3429 375 3504 436 so

207 487 702 568 agitur‘jmysteriis
721 529 738 556 ,
768 496 874 546 etc.
901 485 976 545 Ut
998 502 1132 560 ergo
1153 487 1462 546 diluculum
1499 489 1706 556 hausit,
1739 490 1806 545 il-
1835 489 1885 552 Α
1913 489 2142 559 psalmis
2171 498 2226 548 et
2255 489 2600 549 orationibus
2633 490 2867 560 intenta,
2909 491 3108 562 aspicit
3153 493 3334 564 palam
3368 505 3514 567 prm-

208 586 298 645 las
321 582 608 657 pulvereas
633 581 729 638 sed
754 580 1020 654 miriﬁcas
1041 580 1304 652 reliquias
1326 581 1574 638 ecclesias
1601 582 1808 648 intulit,

211 677 430 750 ipsique
481 673 594 730 Deo
635 673 864 728 amabili
906 672 1120 729 Anima:
1147 673 1470 740 abbatissae,
1521 689 1692 748 quam
1739 673 1812 732 ob

213 769 515 844 gratiosam
534 765 906 824 sinceritatem
921 765 1422 838 (lberam-gratiam
1433 775 1616 838 patres
1625 766 1813 838 appel-

213 861 416 926 lavere,
440 873 557 914 rem
578 871 801 914 omnem
824 856 1051 918 visionis
1079 864 1135 912 et
1161 856 1536 928 prodigiorum
1557 857 1814 927 exposuit

212 949 564 1024 ordine._llla
593 950 726 1008 dum
755 949 878 1020 ejus
905 948 1142 1004 miratur
1186 950 1532 1016 relationem,
1574 949 1814 1021 amplius

213 1041 540 1099 admirando
568 1038 845 1111 propriam
867 1040 950 1096 sic
979 1039 1284 1110 ingreditur
1309 1040 1502 1096 eodem
1536 1039 1650 1096 fere
1677 1049 1816 1096 tem-

213 1149 349 1206 pore
375 1133 714 1190 declaratum
733 1145 1010 1204 exponere
1030 1131 1325 1200 visionem,
1351 1142 1454 1188 etc.

287 1224 422 1281 CAP.
451 1221 673 1280 XXXV.
713 1254 784 1266 -—
819 1221 1045 1281 Ornatis
1097 1223 1284 1294 itaque
1331 1223 1710 1281 sacerdotibus
1762 1233 1819 1281 ct

216 1315 454 1383 clericis,
490 1330 593 1372 nec
623 1330 732 1372 non
762 1316 977 1372 sororia
1004 1316 1357 1386 processione
1378 1315 1571 1374 festive
1604 1317 1815 1382 induta,

213 1407 488 1480 excipitur
511 1422 613 1464 sua
642 1407 906 1467 medietas
933 1408 1136 1464 sacrati
1166 1407 1383 1474 lateris,
1414 1418 1468 1464 et
1497 1408 1815 1480 pigmentati

212 1500 456 1573 pulveris
495 1515 528 1556 a
570 1499 927 1556 devotissima
977 1499 1211 1556 ecclesia
1262 1515 1390 1556 cum
1438 1499 1600 1556 laude
1640 1500 1818 1556 dulci-

211 1594 402 1659 moda,
431 1593 605 1649 altera
649 1593 942 1650 medietate
991 1592 1148 1648 alteri
1182 1593 1447 1659 ecclesiae,
1477 1609 1642 1664 quam
1674 1609 1816 1665 prae-

209 1685 672 1754 monstravimus,
718 1695 1020 1742 reservata.
1078 1685 1367 1758 Colligitur
1409 1687 1516 1742 hoc
1581 1685 1817 1756 pretium

209 1791 481 1850 pompose
524 1777 786 1838 decorata
832 1778 1062 1845 scrinio,
1099 1777 1488 1835 circumfertur
1519 1779 1762 1835 claustro
1785 1792 1817 1834 a

212 1868 595 1924 sacerdotibus
625 1869 680 1924 in
723 1868 1162 1926 benedictionem
1197 1886 1324 1927 cum
1359 1869 1557 1942 jubilo,
1588 1871 1820 1927 comita-

212 1967 308 2016 tur
335 1959 580 2031 paternis
625 1960 884 2040 laudibus
927 1961 1208 2034 virginalis
1261 1963 1476 2019 concio.
1519 1963 1717 2035 Agitur
1763 1961 1817 2018 in

213 2052 374 2108 beata
401 2051 695 2125 Augustini
732 2055 1002 2110 memoria
1032 2054 1202 2112 missa
1234 2056 1664 2122 solemnissima,
1695 2071 1819 2112 mo-

212 2147 440 2203 dulante
461 2148 706 2219 angelica
736 2149 978 2216 camina,
1013 2157 1069 2204 et
1103 2158 1403 2220 superante
1442 2165 1584 2206 terea
1614 2165 1822 2221 organa

213 2239 498 2311 virginum
527 2241 784 2296 melodia.
816 2239 998 2296 Tanto
1037 2241 1175 2297 adeo
1205 2242 1490 2297 decertant
1521 2241 1826 2311 triumpho,

221 2343 290 2383 ac
315 2328 364 2382 si
390 2328 761 2399 Augustinum
808 2330 1114 2386 tenuissent
1157 2345 1394 2401 corpore
1429 2331 1638 2398 solido;
1688 2331 1828 2385 mis-

225 2432 347 2474 sam
376 2428 635 2487 personat
681 2419 1110 2490 Augustinensis
1138 2423 1467 2489 monachus,
1497 2430 1746 2479 servator
1775 2431 1832 2479 et

222 2507 561 2566 distributor
606 2526 840 2572 suorum
872 2527 1154 2569 sacrorum
1187 2513 1507 2571 fidissimus.
1541 2513 1642 2570 Hic
1670 2530 1822 2586 ergo,

218 2614 382 2655 sacra
411 2599 731 2670 praefatione
761 2603 915 2657 finita
936 2617 1063 2658 cum
1091 2604 1340 2676 angelico
1364 2605 1568 2677 hymno
1596 2620 1827 2662 summa:

220 2689 481 2746 Trinitati
510 2702 760 2759 sacrato,
805 2695 1014 2765 grande
1043 2695 1301 2766 apparuit
1336 2697 1668 2768 prodigium,
1718 2700 1822 2755 no—'

221 2791 448 2853 stroque
467 2785 667 2839 saeculo
687 2785 1314 2855 tam'obstupescendum
1333 2802 1498 2858 quam
1521 2789 1820 2846 insuetum.

297 2873 429 2930 CAP.
484 2874 728 2931 XXXVI.
760 2875 996 2948 Apparet
1019 2879 1129 2948 ipse
1177 2877 1528 2949 Augustinus.
1553 2912 1626 2923 -—
1651 2879 1824 2938 Soror

222 2981 342 3024 aevo
374 2967 663 3037 maturior,
687 2984 813 3040 qua
835 2967 1258 3028 administrabat
1277 2971 1458 3040 altari,
1483 2972 1614 3028 dum
1643 2974 1826 3031 adstat

1915 583 2196 654 signatum
2223 583 2620 651 .sacerdotem,‘
2643 583 2788 639 sicut
2821 583 3116 640 dominicis
3155 587 3515 644 sacramentis

1913 675 2272 733 conﬁciendis
2297 676 2626 747 assistebat,
2651 684 2755 732 etc.
2787 675 2990 732 Eadem
3011 685 3141 747 ergo
3169 677 3515 734 solemnitate

1913 765 2307 836 processionis,
2363 767 2823 837 modulorumque
2867 774 2926 822 et
2977 774 3310 834 ornatuum,-
3351 765 3516 837 atque

1915 857 2212 913 missarum
2237 898 2254 924 ,
2306 867 2563 929 suscepta
2610 865 2695 914 est
2734 858 2905 915 altera
2955 857 3244 913 medietas
3272 851 3516 928 saepefati

1915 947 2104 1004 lateris
2125 957 2179 1004 et
2207 947 2452 1019 pulveris
2472 965 2598 1020 quae
2626 949 2849 1006 obvenit
2877 947 3202 1006 Ramesensi
3229 957 3516 1006 monaste-

1915 1041 2002 1097 rio
2034 1060 2047 1095 :
2085 1043 2158 1096 et'
2181 1041 2257 1096 ita
2306 1042 2574 1098 celebrari
2619 1043 2676 1098 in
2719 1051 3039 1114 perpetuum
3098 1041 3518 1098 translationem

1915 1131 2224 1203 dignissimi
2273 1133 2450 1204 patris
2477 1133 2774 1205 Augustini
2821 1133 3154 1205 promissum
3206 1140 3264 1189 et
3309 1131 3518 1189 contir—

1917 1231 2128 1280 matum
2157 1231 2246 1280 est
2271 1224 2416 1280 sicut
2445 1225 2500 1278 in
2529 1223 2810 1296 Bertinga.
3031 1265 3034 1268 .
3193 1239 3198 1246 '
3403 1239 3410 1244 -
3481 1261 3494 1269 .

1987 1315 2120 1372 CAP.
2150 1313 2416 1370 XXXVII.
2456 1313 2851 1370 Translationis
2899 1315 3203 1386 festum.—-
3231 1312 3388 1370 Hanc
3416 1313 3522 1370 ita-

1919 1421 2028 1478 que
2069 1421 2288 1478 semper
2342 1408 2692 1464 recolendam
2741 1415 3058 1462 sanctorum
3109 1407 3520 1462 translationem

1921 1503 2197 1571 festivam,
2219 1519 2400 1559 annus
2429 1503 2700 1558 incarnati
2732 1501 3037 1558 Salvatoris
3066 1502 3397 1558 millesimus
3417 1514 3523 1555 no-

1921 1597 2238 1668 nagesimus
2259 1596 2492 1667 primus,
2524 1606 2721 1651 octavo
2761 1594 2890 1651 ldus
2951 1594 3524 1672 Septembris‘nostro

1920 1703 2038 1746 aevo
2065 1689 2376 1761 gratissime
2411 1688 2785 1754 consecravit,
2831 1699 2944 1758 quo
2989 1686 3266 1756 juniorem
3308 1682 3525 1738 Willel-

1921 1797 2072 1836 mum
2128 1795 2314 1854 regem
2359 1773 2588 1852 Anglia,
2629 1789 2686 1836 ct
2720 1779 3010 1836 Widonem
3057 1779 3315 1834 abbatem
3357 1777 3525 1848 hujus

1923 1869 2047 1927 festi
2076 1870 2308 1926 latorem
2334 1869 2664 1942 Augustinia
2707 1869 2928 1935 habuit,
2959 1869 3049 1923 cui
3089 1866 3364 1922 Roﬂ‘ensis
3389 1879 3526 1936 prae-

1921 1963 2008 2019 sul
2038 1961 2352 2018 Gundulfus
2379 1960 2756 2017 memorabilis
2785 1974 2884 2031 pro
2925 1959 3344 2029 archiepiscopo
3373 1970 3524 2011 ama-

1921 2055 2106 2111 biliter
2144 2053 2560 2110 obsecundavit.
2608 2052 2732 2122 Ipso
2774 2066 2996 2122 quoque
3041 2052 3238 2106 abbate
3283 2049 3522 2114 volente,

1923 2139 2130 2214 placuit
2149 2143 2608 2214 praestantissimo
2619 2141 2995 2212 archipraisuli
3007 2141 3269 2196 Anselmo
3280 2138 3526 2194 caeteris-

1928 2249 2035 2305 que
2063 2235 2436 2304 pontificibus,
2463 2233 2652 2288 haberi
2678 2233 2733 2286 in
2755 2241 3081 2302 perpetuum
3103 2233 3246 2286 hanc
3273 2240 3526 2286 octavam

1930 2325 2264 2396 praecipuam
2314 2339 2382 2379 ac
2431 2321 2846 2380 celeberrimam
2885 2336 2986 2393 pro
3029 2323 3226 2392 prima,
3257 2331 3530 2392 quatenus

1931 2425 2044 2472 tam
2078 2415 2388 2488 Augustino
2417 2415 2546 2471 duci
2571 2427 2739 2486 quam
2772 2413 2984 2470 (steteris
3006 2413 3230 2484 collegis
3252 2412 3388 2479 suis,
3420 2410 3533 2467 Ro-

1927 2525 2108 2566 manae
2153 2508 2366 2564 scilicet
2412 2507 2674 2580 Ecclesiae
2720 2505 2962 2564 alumnis
3015 2514 3072 2562 et
3120 2506 3332 2578 legatis,
3363 2514 3529 2576 atque

1925 2602 2250 2675 Angliamm
2305 2601 2666 2673 principibus,
2717 2601 3076 2672 ipsorumque
3112 2600 3530 2656 successoribus

1925 2694 1980 2750 in
2021 2709 2318 2752 commune
2349 2694 2607 2750 omnibus
2636 2702 3018 2761 consecretur;
3053 2693 3108 2748 in
3137 2709 3245 2764 qua
3279 2692 3528 2747 omnium

1927 2785 2068 2844 facta
2095 2787 2404 2854 translatio,
2439 2795 2498 2842 nt
2522 2787 2635 2857 jam
2667 2802 2832 2857 supra
2855 2793 3218 2842 memoratum
3241 2793 3344 2848 est,
3375 2799 3530 2839 com--

1927 2880 2212 2952 probatur.
2251 2877 2557 2951 Sequuntur
2577 2877 2844 2933 miracula
2889 2877 2960 2932 ad
2991 2877 3150 2948 ﬁnem
3191 2875 3348 2946 hujus
3375 2874 3526 2943 libri,

1925 2987 2045 3043 quae
2065 2974 2365 3028 ontt'siums.
2985 2973 2990 2980 “
3321 2969 3324 2972 ⁴

1327 3443 1688 3568 LIBER
1759 3444 2411 3550 SECUNDUS.

304 3675 621 3735 Primitivus
687 3687 874 3736 noster
935 3679 1319 3752 Augustinus,
1369 3695 1495 3735 cum
1549 3647 1895 3750 posteriusC
1927 3647 2028 3734 rus
2075 3677 2210 3749 (l6),
2263 3677 2423 3748 quasi
2471 3677 2707 3748 quodam
2751 3687 2880 3732 voto
2929 3683 2984 3731 et
3031 3675 3297 3748 praesagio
3325 3673 3531 3733 futura

229 3768 534 3824 translatus
563 3769 638 3824 sit
675 3785 799 3824 cum
836 3769 952 3826 suis
974 3770 1312 3836 lateralibus,
1344 3770 1521 3840 prima
1551 3771 1828 3825 narratio-

230 3860 321 3916 nis
363 3859 506 3916 scrie
543 3853 874 3931 anticipatur
913 3879 927 3916 :
961 3861 1143 3916 eieteri
1173 3861 1340 3932 hujus
1393 3861 1556 3916 amici
1586 3871 1714 3917 ante
1744 3862 1830 3932 ip-

230 3967 357 4007 sum
408 3952 814 4024 translati'post
843 3953 1022 4024 ipsum
1051 3962 1422 4009 recensentur.
1450 3952 1596 4009 Ordo
1619 3969 1831 4026 praepo-

233 4054 440 4112 sterus,
486 4045 582 4101 sed
607 4046 920 4102 necessario
951 4056 1342 4104 commutatus.
1367 4045 1582 4116 Quare?
1609 4046 1746 4114 Quia
1777 4057 1832 4112 et

233 4138 322 4193 cui
360 4138 708 4209 potissimum
733 4139 851 4194 haec
874 4139 1195 4195 solemnitas
1220 4139 1598 4211 priescribitur
1623 4140 1832 4212 prima-

229 4243 325 4289 tus
371 4233 619 4300 debetur,
661 4241 719 4288 et
744 4231 1116 4288 esurientibus
1156 4217 1414 4304 paternas
1456 4233 1626 4304 dapes
1667 4233 1831 4292 citius

201 4327 514 4400 -medetur,
553 4342 640 4404 ne.
675 4326 840 4397 longo
866 4326 1167 4398 suspendio
1224 4327 1500 4382 diuturna:
1547 4325 1830 4397 ambagis,

235 4428 534 4490 antequam
583 4419 649 4474 ad
681 4419 978 4474 triclinium
1009 4419 1378 4491 perveniatur,
1428 4435 1574 4491 niger
1599 4433 1832 4489 exspec-g

237 4518 383 4564 tator
422 4509 789 4566 exanimetur.
854 4509 1010 4566 Nunc
1049 4526 1183 4582 ergo
1219 4511 1348 4582 quia
1395 4520 1551 4582 grata
1611 4510 1833 4566 occasio

237 4603 488 4658 renovati
524 4603 710 4674 templi
756 4603 905 4660 hunc
931 4604 1092 4660 nobis
1125 4603 1176 4658 in
1211 4613 1497 4674 assumpto
1525 4603 1834 4676 Augustino

235 4703 558 4765 ueterisque
602 4695 934 4766 primatibus
987 4696 1194 4768 peperit
1252 4696 1634 4767 triumphum,
1701 4714 1836 4753 con-

236 4803 437 4857 gruum
492 4787 707 4844 videtur
747 4804 780 4842 a
828 4789 1202 4860 superioribus
1249 4788 1500 4860 patribus
1545 4789 1599 4846 id
1653 4790 1836 4860 ipsum

235 4878 672 4950 parturientibus
716 4889 923 4936 textum
952 4881 1272 4949 secundare,
1302 4890 1376 4948 et,
1417 4881 1833 4938 intercurrenti-

236 4971 344 5026 bus
373 4971 675 5038 miraculis,
699 4971 933 5043 gratiam
965 4981 1075 5026 tam
1123 4973 1368 5043 ipsorum
1398 4989 1566 5046 quam
1613 4981 1839 5028 nostro-.

235 5082 363 5122 rum
393 5067 606 5122 dierum
642 5068 940 5124 celebrare.
979 5067 1070 5124 Sic
1093 5070 1331 5127 ambitus
1357 5087 1651 5127 causarum
1685 5070 1838 5144 [pen-

238 5157 410 5231 sabit]
443 5175 626 5216 moras
649 5161 1078 5231 colligendorum
1108 5161 1175 5217 de
1197 5164 1369 5232 pratis
1391 5162 1592 5236 Elysiis
1613 5166 1833 5230 florum,

239 5250 342 5323 [ct]
376 5251 620 5308 diversas
648 5253 1039 5310 translationes
1066 5255 1488 5324 praecedentium
1517 5266 1836 5312 sanctorum

238 5345 309 5402 ad
346 5343 640 5416 Augustini
664 5347 777 5416 jam
813 5347 1064 5402 translati
1092 5345 1396 5404 referemus
1425 5349 1750 5406 sacrarium.

255 5449 268 5456 ‘
309 5435 442 5492 CAP.
475 5435 510 5490 I.
541 5427 786 5493 Almerus
833 5440 996 5495 abbas
1027 5438 1084 5495 S.
1119 5439 1596 5512 Augustini."ltem
1627 5441 1838 5513 Elfsta-

237 5544 360 5584 nus.
409 5557 482 5569 —-
528 5527 716 5586 Primo
767 5530 930 5603 igitur
974 5531 1401 5605 Augustinensis
1433 5532 1604 5590 abbas
1647 5532 1836 5589 Alme-

313 5661 429 5734 (l6)
467 5661 885 5736 scuElmerus;
923 5663 1170 5736 Vull‘rico
1203 5666 1474 5724 successit
1502 5682 1648 5721 anno
1673 5664 1842 5734 1006,-

241 5737 300 5807 et
330 5749 474 5790 anno
497 5735 644 5807 1022
673 5736 851 5794 factus
873 5747 959 5807 est
985 5735 1278 5807 cpiscopus
1323 5736 1829 5793 Sebirclmrnensis.

243 5801 322 5860 De
348 5820 458 5878 quo
496 5805 822 5886 Wilbelmus
852 5801 1040 5864 Thurii
1063 5808 1139 5894 ait
1166 5801 1314 5880 Quod
1344 5808 1470 5864 licet
1487 5809 1578 5880 pic
1611 5816 1835 5864 sanctus

1933 3769 2346 3835 translationis,
2403 3785 2565 3824 arcus
2593 3779 2647 3824 et
2677 3767 2966 3825 columnas
3009 3784 3176 3840 super
3208 3777 3529 3825 sanctorum

1934 3877 2166 3933 corpora
2213 3860 2462 3916 Romana
2511 3861 2781 3932 elegantia
2844 3861 3180 3935 sollemniter
3228 3861 3530 3918 aedilicatos

1933 3953 2178 4028 abstulit,
2203 3961 2582 4025 quantumque
2611 3955 2861 4020 audebat,
2891 3955 3036 4026 viam
3066 3955 3394 4026 exsurgendi
3420 3953 3532 4011 illis

1931 4047 2148 4120 paravit
2182 4066 2196 4102 :
2234 4047 2301 4102 de
2328 4047 2462 4118 ipsis
2484 4063 2615 4104 vero
2649 4047 2920 4108 columnis
2949 4057 3006 4104 et
3042 4048 3282 4103 arcubus
3317 4061 3534 4103 mena-'-

1932 4141 2082 4210 sterii
2118 4141 2202 4196 sui
2256 4139 2558 4200 claustrum
2584 4141 2888 4198 exornavit.
2943 4139 3083 4196 Hinc
3109 4141 3176 4197 de
3224 4140 3422 4196 abbate
3465 4141 3524 4196 in
3587 4149 3589 4152 '

1932 4233 2247 4312 pontificem
2310 4233 2450 4288 mire
2510 4233 2754 4288 renitens
2823 4243 3141 4304 assumptus
3193 4241 3278 4289 est
3349 4231 3534 4288 Scire-

1935 4326 2168 4392 bourne,
2203 4324 2448 4382 Elfstano
2493 4326 2786 4399 Condigno,
2823 4327 2918 4398 qui
2975 4327 3350 4383 beatissimam
3401 4325 3529 4381 Mil-

1933 4417 2156 4472 dredam
2181 4419 2250 4474 ad
2279 4434 2440 4474 suum
2466 4419 2830 4488 Augustinum
2863 4418 3162 4486 transtulit,
3182 4419 3534 4476 succedente.

1936 4510 2138 4572 Verum
2193 4513 2309 4584 ipse
2351 4511 2561 4584 judicio
2589 4511 2686 4568 Dei
2739 4513 3150 4580 misericordiae,
3187 4511 3534 4570 verberantis

1933 4621 2075 4680 quos
2101 4605 2298 4677 diligit,
2344 4607 2584 4662 carcitate
2629 4621 2950 4678 percussus,
2993 4607 3370 4678 episcopatum
3417 4612 3531 4660 tam

1937 4697 2243 4754 voluntarie
2297 4698 2576 4765 deserens,
2629 4714 2797 4769 quam
2851 4699 3020 4754 invite
3069 4705 3419 4770 susceperat,
3462 4695 3534 4752 ad

1935 4798 2224 4861 paternum
2257 4790 2551 4862 Augustini
2591 4790 2776 4846 sinum
2799 4791 2983 4857 rediit,
3013 4801 3070 4846 et
3105 4791 3160 4845 in
3211 4791 3344 4846 cella
3375 4787 3534 4844 inﬁr-

1937 4899 2154 4939 morum
2181 4883 2405 4955 degens,
2430 4883 2600 4938 otium
2628 4899 2790 4939 suum
2818 4883 2874 4938 in
2899 4880 3222 4953 psalmodiis
3241 4889 3297 4936 et
3321 4879 3532 4936 oratio—

1938 4975 2101 5032 nibus
2129 4975 2394 5032 exercuit.
2432 4973 2544 5030 Nec
2561 4973 3025 5046 praetermittenda
3059 4979 3144 5028 est
3174 4973 3265 5028 bic
3295 4972 3540 5029 admiras

1938 5067 2064 5124 bilis
2093 5083 2258 5138 super
2282 5083 2350 5124 eo
2381 5067 2543 5124 visio.
2575 5066 2803 5124 Jacebat
2828 5065 2949 5137 ejus
2975 5064 3228 5121 minister
3256 5066 3342 5122 vir
3362 5066 3538 5122 bono-

1941 5145 2134 5218 rabilis
2181 5161 2236 5216 in
2283 5160 2517 5218 ecclesia
2561 5161 2738 5216 sancti
2776 5158 3038 5227 Mauritii,
3071 5158 3382 5216 adhaerente
3425 5159 3535 5232 ipsi

1938 5257 2148 5313 cellulae
2173 5257 2518 5312 infirmorum
2551 5271 2572 5308 -:
2609 5254 2744 5308 vidit
2770 5253 3006 5326 quadam
3032 5262 3193 5312 nocte
3214 5263 3276 5310 ut
3299 5255 3538 5311 accuba'

1941 5349 2056 5416 bat,
2087 5347 2245 5420 plene
2299 5346 2555 5418 vigilans,
2597 5343 2735 5400 dua's
2764 5359 3028 5417 personas
3055 5343 3397 5403 venerabiles
3419 5345 3537 5420 cpi-

1942 5456 2172 5511 sc0pum
2197 5441 2264 5496 de
2293 5439 2484 5494 eadem
2510 5436 2666 5508 cella,
2692 5437 2747 5494 in
2769 5453 2878 5510 qua
2904 5439 3241 5510 quiescebat,
3253 5439 3384 5495 hinc
3408 5438 3536 5497 inde

1943 5530 2000 5584 in
2023 5531 2198 5600 ipsam
2225 5527 2588 5582 Thebanorum
2610 5538 2916 5602 martyrum
2944 5529 3228 5587 basilicam
3255 5527 3536 5586 adducen-

1944 5657 2218 5746 credatur,
2251 5671 2427 5746 ipsius
2459 5679 2640 5746 tamen
2674 5651 2944 5746 festivitas
2970 5674 3180 5746 absque
3209 5675 3536 5732 auctoritate

1945 5743 2260 5814 apostolica:
2286 5743 2432 5801 sedis
2459 5745 2724 5802 celebrari
2754 5745 2962 5817 nequit.
