3990 6298
472 400 540 457 8i
1466 387 1831 453 αοεαειιΝι
1866 387 2070 449 εΑΝτι

2174 390 2430 450 ΜΕΝΕΙὸ
2465 392 2749 453 MONACH
2753 395 2774 452 1
3683 396 3760 455 53

473 522 579 580 tes,
612 509 797 582 ibique
826 509 980 567 illum
1025 508 1131 567 sibi
1167 509 1405 567 medium
1439 505 1783 567 familiariter
1811 504 2060 561 assiden-
2090 513 2135 572 Α
2163 508 2281 565 rius
2311 509 2427 582 ipse
2447 506 2747 580 Vulfricus,
2779 523 2882 582 pro
2913 508 3303 569 ecclesiasticis
3342 482 3759 581 magistratibus

472 613 580 669 tes,
606 602 948 669 multamque
974 615 1100 656 cum
1128 615 1195 655 eo
1218 597 1757 663 sermocinationem,
1783 611 1948 651 cnam
1974 595 2066 652 ille

474 693 879 765 contemplator
907 694 1087 764 palam
1109 692 1321 757 audire,
1350 697 1456 751 etc.

541 787 676 845 CAP.
703 785 769 840 11.
803 784 1068 840 Henricus
1105 784 1233 853 imp.
1268 780 1535 835 desiderat
1565 778 1817 849 reliquias
1847 775 1907 832 S.
1948 777 2064 832 Att-

472 879 697 954 gustini.
730 907 805 921 ο-
830 874 1325 933 Przcstantissimus
1359 878 1542 925 autem
1586 869 1757 925 abbas
1783 868 2067 925 IElstanus

477 972 713 1028 Romam
737 968 1113 1041 proﬁciscens,
1140 981 1170 1021 a
1216 961 1717 1035 pmeellentissimo
1738 960 2068 1030 imperatore

474 1045 713 1120 Henrico
766 1060 838 1118 ob
884 1060 1114 1132 gratiam
1155 1052 1511 1113 famosissimi
1558 1052 1732 1122 patris
1776 1049 2067 1122 Augustini

468 1153 767 1229 magniﬁce
816 1151 1113 1222 suscipitur
1141 1147 1276 1221 (l7),
1300 1145 1395 1201 ubi
1416 1160 1542 1200 cum
1577 1144 1645 1200 de
1674 1151 1825 1199 tanto
1858 1143 2068 1197 hierar—

477 1248 586 1305 cha
612 1261 895 1304 sermones
942 1239 1385 1306 solemnizarent,
1434 1236 1708 1292 exclamat
1736 1234 2063 1305 imperator:

484 1357 506 1401 α
524 1338 569 1396 0
594 1340 643 1397 si
661 1338 748 1397 vel
776 1338 1064 1391 minimum
1081 1330 1497 1399 articulum,vel
1523 1329 1762 1399 aliquem
1786 1326 2064 1397 capillum,

476 1431 566 1488 vel
585 1429 801 1487 tandem
822 1434 1128 1485 extremum
1154 1422 1519 1496 pulvisculum
1549 1421 1618 1477 de
1635 1428 1788 1475 tanto
1809 1418 2069 1473 thesauro

478 1520 725 1581 nancisci
756 1532 1017 1585 mererer,
1047 1516 1271 1589 quantis
1298 1530 1483 1571 rerum
1508 1512 1699 1585 pretiis
1729 1510 1786 1566 id
1823 1521 2068 1579 emptum

477 1610 701 1668 vellem!
754 1609 901 1681 quod
953 1606 1351 1665 inaestimabilis
1412 1603 1722 1675 splendoris
1786 1600 2065 1657 braviuml

478 1710 750 1773 quantum
803 1700 998 1772 Anglia
1048 1699 1307 1769 adeptum
1358 1696 1578 1769 gaudet,
1632 1703 1847 1751 tantum
1895 1691 2069 1748 Roma

480 1795 797 1863 ademptum
842 1792 1015 1859 ﬂeret,
1058 1791 1164 1847 nisi
1192 1790 1327 1846 lides
1368 1790 1661 1858 utrobique
1698 1802 1825 1842 eum
1857 1785 2066 1853 adesse,

480 1893 537 1938 et
562 1883 761 1953 ubique
788 1882 1047 1952 prodesse
1070 1881 1326 1952 deiregno
1349 1895 1589 1951 superno
1615 1879 1910 1934 crederet.»
1942 1875 2068 1939 Hac

478 1975 673 2037 dicens
733 1973 1017 2045 piissimus
1076 1973 1331 2043 princeps
1385 1971 1675 2028 insistebat
1739 1980 2069 2039 magnopere

480 2066 795 2123 venerando
824 2065 1036 2131 abbati,
1091 2074 1362 2135 quatenus
1408 2064 1542 2119 illud
1589 2072 1698 2118 tam
1756 2062 2067 2133 preciosnnt

481 2156 651 2215 decus
702 2155 933 2211 Romani
984 2156 1240 2226 imperii,
1281 2171 1348 2212 ac
1406 2155 1624 2227 generis
1681 2152 1908 2209 humani
1952 2152 2068 2222 jam

480 2247 822 2313 transferret,
863 2247 1078 2317 sibique
1099 2247 1307 2318 aliquid
1330 2256 1440 2302 tam
1467 2260 1752 2303 sacrorum
1776 2245 2067 2315 pignorum

480 2339 754 2398 conferret
788 2361 802 2396 :
838 2338 983 2411 quod
1014 2340 1061 2393 si
1084 2339 1374 2404 obtineret,
1403 2335 1669 2409 quidquid
1695 2335 1857 2391 vellet
1881 2333 1937 2388 in
1966 2342 2069 2387 ter-

482 2434 581 2501 ris,
614 2433 831 2500 vinetis,
855 2448 992 2488 auro
1040 2442 1096 2488 et
1118 2441 1347 2503 argento
1386 2432 1692 2487 sublimiter
1721 2431 2066 2501 impetraret;

482 2526 705 2596 insuper
733 2526 848 2595 ipse
875 2524 1013 2580 tanti
1041 2524 1283 2579 thesauri
1314 2522 1577 2578 scrinium
1607 2537 1743 2577 auro
1773 2520 2070 2592 purissimo

483 2614 1013 2685 pretiosissimisquc
1046 2613 1278 2685 gemmis
1304 2612 1661 2683 augustalitcr
1685 2612 1932 2667 ambiret.
1962 2609 2067 2665 Sed

482 2705 675 2771 abbas,
708 2705 961 2784 quamvis
998 2719 1127 2761 eum
1158 2719 1445 2760 accessum
1476 2704 1545 2759 ad
1592 2714 1884 2775 paternum
1910 2716 2067 2771 aspe-

474 2807 657 2865 ctum,
679 2813 840 2867 quem
866 2806 1056 2853 nostra
1081 2796 1197 2854 dies
1221 2796 1439 2864 meruit,
1453 2796 1667 2853 cunctis
1688 2796 1881 2867 opibus
1910 2805 2067 2854 terra:

486 2889 948 2959 praeponderaret,
971 2898 1154 2945 tamen
1176 2903 1276 2960 pro
1298 2888 1510 2945 cunctis
1525 2888 1719 2960 opibus
1740 2904 1943 2956 rerum,
1968 2904 2069 2948 nec

484 2996 611 3050 suo,
668 2997 770 3038 nec
816 2982 1162 3053 imperatoris
1210 2981 1484 3039 desiderio
1541 2982 1771 3053 obsequi
1821 2982 2066 3039 auderet.

488 3071 792 3145 Regressus
831 3074 1080 3143 domum,
1108 3075 1240 3145 dum
1261 3083 1386 3147 post
1404 3075 1725 3131 monasterii
1747 3076 1831 3131 sui
1850 3090 2072 3146 provec-

2166 612 2223 658 et
2248 611 2409 675 gente
2444 618 2545 659 sua
2586 619 2975 675 responsurus,
3008 620 3039 659 a
3070 619 3195 678 rege
3232 604 3439 661 scilicet
3484 603 3760 661 Edwardo

2165 693 2491 763 destinatus,
2516 704 2574 751 ut
2596 704 2714 752 erat
2740 696 2794 751 in
2819 696 3184 751 transmarina
3230 711 3398 769 regna
3442 704 3498 753 et
3537 712 3758 754 summa

2166 789 2380 858 negotia
2405 787 2547 843 mitti
2572 798 2681 843 tam
2717 796 2971 844 assuetus
3011 804 3177 859 quam
3212 788 3479 856 idoneus;
3524 788 3758 846 comites

2167 878 2244 935 illi
2303 880 2579 935 adduntur
2621 880 2965 950 spectabiles,
3006 878 3225 935 Dudeco
3276 878 3592 937 Snmersate
3637 880 3757 952 epi-

2167 984 2389 1039 scopus,
2436 976 2491 1024 et
2540 968 2893 1025 Ramesensis
2942 969 3112 1026 abbas
3172 968 3537 1026 Elfeuvinus.
3601 968 3759 1027 Tunc

2171 1077 2405 1133 magnus
2432 1062 2688 1117 sacerdos
2718 1060 2850 1132 (Leo
2878 1061 2972 1133 IX)
2997 1062 3215 1118 Domini
3235 1060 3559 1118 Remensem
3587 1063 3760 1119 eccle-

2168 1150 2307 1208 siam
2357 1150 2541 1207 Sancti
2592 1151 2823 1225 Remigii
2867 1153 3171 1221 dedicabat,
3235 1162 3289 1209 et
3339 1154 3507 1209 fidum
3552 1153 3760 1209 Christi

2167 1242 2599 1313 dispensatorem
2629 1244 2911 1299 miraculis
2940 1244 3277 1300 ostendebat.
3321 1245 3595 1300 Discussis
3616 1245 3760 1300 ordi-

2168 1333 2332 1388 nibus
2360 1332 2551 1400 sacris,
2575 1333 2700 1404 quis
2723 1349 2819 1405 per
2838 1334 3038 1389 ostium
3061 1334 3361 1400 intraverit,
3387 1334 3512 1405 quis
3539 1334 3761 1388 aliunde

2169 1426 2495 1493 ascenderit,
2528 1426 2733 1499 Anglos
2760 1427 3165 1483 innocentiores
3208 1424 3412 1491 Christi
3447 1426 3640 1482 consul
3672 1427 3757 1481 in-

2169 1518 2355 1585 venit;
2394 1518 2619 1589 Anglos,
2656 1527 2711 1574 et
2751 1519 2989 1574 maxime
3025 1518 3485 1589 Augustinensem
3521 1519 3765 1590 legatum

2169 1626 2270 1682 pro
2298 1610 2432 1666 tanti
2489 1610 2727 1667 nominis
2773 1611 3071 1683 dignitate,
3122 1611 3373 1682 ampliori
3424 1610 3763 1682 benignitate

2170 1703 2400 1775 excepit.
2438 1702 2574 1758 Nam
2613 1712 2771 1760 antea
2820 1702 3148 1779 venerabilis
3197 1703 3476 1760 memoria:
3516 1703 3763 1774 pontifex

2174 1794 2465 1851 Scriberis:
2487 1794 2864 1853 Heremannus
2890 1796 3023 1869 (20),
3061 1796 3149 1852 cui
3172 1795 3427 1851 laterales
3453 1796 3765 1852 adhaereba-

2170 1902 2315 1953 mus,
2352 1887 2540 1943 Romae
2564 1888 2616 1942 in
2650 1888 2992 1959 amplissimo
3035 1888 3357 1959 pontiﬁcum
3398 1897 3591 1945 senatu
3645 1887 3761 1961 (21)

2169 1980 2348 2037 lucide
2381 1982 2754 2051 disputaverat
2798 1996 2982 2037 coram
3024 1981 3143 2052 ipso
3186 1980 3508 2037 beatissimo
3558 1965 3760 2048 Leone,

2168 2073 2236 2128 de
2263 2072 2565 2143 Anglorum
2608 2072 2927 2128 inexcusata
2961 2072 3289 2141 omnigenis,
3320 2074 3406 2127 vel
3436 2073 3761 2144 peregrinis,

2169 2164 2254 2218 vel
2294 2164 2508 2219 civibus
2548 2163 2958 2234 hospitalitate;
2995 2164 3061 2218 de
3108 2163 3224 2233 ipsa
3270 2162 3463 2234 Anglia
3513 2164 3763 2219 ecclesiis

2169 2254 2372 2326 ubique
2403 2256 2628 2325 repleta,
2653 2271 2776 2326 qua:
2799 2256 3043 2327 quotidie
3074 2256 3231 2311 novis
3276 2255 3409 2311 locis
3436 2254 3764 2311 adderentur

2169 2363 2326 2404 nova:
2351 2366 2365 2414 ;
2404 2349 2472 2404 de
2499 2349 2785 2404 innumera
2805 2358 3250 2404 ornamentorum
3283 2358 3337 2402 et
3362 2347 3641 2418 signorum
3663 2362 3766 2419 per

2168 2440 2410 2496 oratoria
2440 2440 2845 2507 distributione,
2882 2455 3181 2511 regumque
3209 2448 3264 2495 et
3289 2440 3517 2495 divitum
3558 2439 3613 2493 in
3647 2438 3764 2493 hm-

2170 2528 2457 2584 rcditatem
2503 2527 2709 2586 Christi
2761 2530 3098 2599 amplissima
3149 2529 3419 2601 largitate.
3480 2528 3769 2585 Gaudebat

2171 2636 2422 2676 summus
2447 2621 2660 2677 amicus
2699 2620 2918 2676 Domini
2960 2620 3087 2689 Leo,
3129 2622 3263 2677 adeo
3296 2629 3357 2677 ut
3394 2621 3550 2676 elatis
3585 2620 3770 2674 mani-

2171 2714 2276 2770 bus
2306 2714 2509 2786 gratias
2537 2720 2717 2784 ageret
2747 2712 2879 2769 Deo.
2916 2712 3135 2768 Addidit
3157 2712 3319 2768 etiam
3349 2710 3616 2783 prrefatus
3640 2710 3767 2781 epi-

2173 2821 2375 2877 scopus
2422 2806 2761 2861 nobilitatem
2803 2804 3044 2877 Anglican
3090 2804 3414 2860 hierarchize
3462 2817 3766 2873 exponere,

2172 2899 2318 2971 quod
2352 2898 2560 2955 scilicet
2605 2897 3021 2954 Cantuariensis
3077 2896 3277 2968 prtesul
3322 2895 3620 2968 apostolica
3657 2911 3766 2951 au-

2172 2989 2445 3056 ctoritate,
2507 2986 2696 3044 Romae
2742 2985 2986 3043 assidere
3034 2987 3229 3043 debeat
3272 2996 3475 3044 sanctae
3532 2985 3771 3042 Rutilum

2170 3079 2415 3152 pontiﬁci
2440 3079 2553 3152 (22)
2580 3099 2595 3149 ;
2630 3080 3057 3153 Augustinensis
3086 3095 3216 3137 vero
3244 3080 3417 3139 abbas
3449 3078 3632 3136 abbati
3660 3092 3762 3135 ca-

486 3171 605 3224 tutn
632 3164 1010 3228 strenuissime
1052 3175 1237 3228 aetum
1283 3164 1650 3255 quadriennio
1697 3174 1825 3227 ante
1858 3166 2068 3223 obitum
2097 3201 2144 3270 ο
2173 3171 2276 3228 stri
2300 3170 2508 3231 Casini.
2536 3171 2840 3242 Quaesitum
2882 3173 3051 3236 estin
3080 3172 3316 3237 decretis
3359 3180 3414 3235 et
3456 3172 3768 3244 inventum,

486 3259 806 3332 langueret,
859 3262 1137 3334 egregium
1199 3261 1289 3319 sui
1353 3252 1535 3336 gregis
1596 3262 1821 3319 arietem
1866 3258 2069 3319 Vullri-

489 3366 619 3407 cum
642 3352 777 3425 (18),
810 3354 1060 3409 εωοιιιειτὶ
1084 3361 1139 3409 et
1157 3353 1531 3411 ecclesiastica
1552 3369 1617 3410 ac
1644 3354 1861 3411 litterali
1889 3355 2074 3411 erudi-

487 3437 640 3493 tione
662 3440 1005 3509 prteclarum,
1032 3441 1280 3497 abbatem
1304 3441 1408 3497 sibi
1430 3442 1499 3498 ad
1520 3443 1877 3513 apostolicum
1898 3445 2074 3501 sancti

491 3525 639 3583 Petri
682 3530 871 3598 altare,
900 3532 1125 3602 antiqua
1162 3531 1415 3589 videlicet
1454 3531 1687 3588 Romani
1712 3534 1978 3607 privilegii
2011 3549 2076 3590 ac

486 3621 758 3678 libertatis
790 3623 1207 3691 consuetudine,
1242 3625 1544 3695 apostolica
1593 3627 1918 3683 auctoritate
1961 3629 2076 3699 pri-

490 3714 663 3769 mitus
693 3714 928 3782 ﬁrmata,
958 3715 1201 3774 ordinari
1221 3716 1371 3774 fecit.

562 3804 690 3860 CAP.
717 3804 803 3860 ll'l.
830 3806 907 3861 De
940 3804 1178 3879 Vulfrico
1216 3808 1422 3865 abbate.
1447 3838 1518 3851 —-
1542 3810 1612 3866 At
1649 3809 1946 3880 Vulfricus,
1975 3812 2072 3884 qui

493 3893 554 3952 in
583 3894 901 3950 dilatatione
937 3897 1247 3967 reipublicze
1276 3899 1584 3955 commissa:
1607 3914 1799 3956 omnes
1831 3911 2077 3959 anteces-

490 4000 649 4042 sores
672 3987 918 4043 studebat
947 3988 1305 4059 aequiparare,
1335 3991 1396 4047 in
1442 3992 1689 4049 ecclesia:
1722 3993 1938 4048 tandem
1964 4009 2078 4050 suae

482 4078 894 4134 restauratione
919 4095 1111 4137 omnes
1143 4082 1387 4138 certabat
1422 4085 1694 4140 evincere.
1721 4083 1924 4142 Verum
1969 4087 2079 4142 im-

493 4176 891 4239 praesumptum
923 4170 1135 4227 caeteris
1164 4181 1421 4229 conatum
1443 4175 1734 4230 verebatur
1770 4175 2078 4233 inconsulte

484 4274 846 4330 praesumere,
876 4270 925 4316 et
956 4262 1090 4318 illud
1121 4271 1231 4318 tam
1256 4265 1564 4337 antiquum,
1598 4275 1707 4322 tam
1731 4267 2074 4338 primarium,

490 4359 607 4407 tam
664 4351 1149 4409 innumerabilium
1191 4364 1508 4412 sanctorum
1565 4356 1905 4412 domicilium
1959 4358 2079 4414 sine

488 4443 821 4501 auctoritate
854 4445 1074 4516 publica
1103 4454 1392 4503 temerare.
1430 4446 1643 4504 interea
1672 4449 1807 4505 illud
1835 4449 2078 4519 splendi-

2174 3262 2358 3339 iblque
2375 3276 2533 3340 papae
2573 3278 2738 3341 atque
2775 3270 3025 3327 omnium
3050 3285 3282 3327 assensu
3313 3259 3763 3328 'corroboratum.

2174 3356 2501 3430 Huiusmodi
2526 3358 2804 3418 favoribus
2830 3360 2974 3416 idem
3007 3360 3359 3417 beatissimus
3387 3374 3526 3431 papa
3555 3358 3767 3430 Anglos

2174 3448 2501 3507 familiarius
2520 3450 2741 3518 habuit;
2769 3448 3013 3507 Vulfrico
3034 3465 3165 3506 vero
3185 3450 3255 3505 ob
3274 3449 3451 3506 sancti
3468 3447 3767 3520 Augustini

2174 3539 2426 3610 gratiam,
2450 3546 2613 3610 atque
2635 3555 2793 3595 suam
2814 3540 3239 3595 concinnitatem
3261 3539 3496 3596 deditior
3518 3538 3765 3594 exstitit:

2175 3630 2360 3687 omnia
2390 3638 2844 3687 rememorantem
2865 3630 2933 3686 de
2967 3628 3087 3699 ipso
3117 3639 3309 3685 sancto
3360 3628 3588 3699 suisque
3628 3642 3767 3683 eon-

2174 3718 2354 3791 dignis
2375 3719 2596 3792 collegis
2622 3719 2999 3776 amantissime
3019 3719 3226 3776 audivit
3249 3737 3277 3790 ;,
3299 3718 3613 3791 suggerenti
3641 3733 3769 3774 mo-

2176 3812 2404 3870 nasterii
2452 3813 2538 3870 sui
2586 3814 3043 3870 restaurationem
3087 3810 3395 3885 gratissime
3448 3811 3661 3879 annuit,
3698 3826 3771 3868 ac

2176 3905 2469 3963 benedixit.
2500 3904 2593 3962 Sic
2625 3904 2838 3962 Nathan
2866 3904 3036 3961 David
3076 3905 3221 3977 regis
3248 3902 3519 3961 desiderio
3546 3902 3601 3958 in
3631 3902 3770 3959 auli-

2177 3998 2390 4053 ilcando
2436 3998 2636 4069 templo
2678 3996 2847 4052 favit:
2897 3997 2993 4054 sed
3021 4012 3147 4052 cum
3198 4004 3344 4053 esset
3384 4003 3612 4066 uterque
3631 4009 3764 4065 pro-

2177 4088 2359 4159 pheta,
2408 4097 2636 4160 uterque
2669 4087 2759 4145 hic
2787 4104 2817 4143 a
2843 4086 2937 4144 Dei
2971 4088 3203 4145 consilio
3247 4095 3307 4143 ut
3333 4087 3501 4143 homo
3536 4085 3769 4152 erravit,

2178 4194 2281 4234 nec
2310 4179 2603 4251 quisquam
2625 4180 2919 4251 quicquam
2950 4180 3165 4250 poterit,
3211 4178 3316 4235 nisi
3354 4178 3442 4235 cui
3462 4187 3515 4233 et
3541 4176 3776 4248 quando

2177 4268 2321 4327 Deus
2359 4271 2679 4327 decreverit.
2715 4270 2827 4328 Hoc
2861 4270 3231 4328 desideriosus
3273 4269 3440 4326 abbas
3484 4284 3595 4325 non
3635 4283 3770 4339 per-

2178 4363 2441 4433 pendens,
2474 4370 2531 4420 et
2562 4364 2630 4420 ad
2666 4363 2769 4419 sibi
2818 4363 3198 4420 inconcessum
3240 4376 3379 4433 opus
3433 4359 3637 4417 frustra
3684 4361 3772 4416 ni-

2178 4459 2321 4518 tens,
2353 4452 2497 4508 facta
2521 4453 2811 4526 legatione,
2840 4452 3104 4524 templum
3126 4467 3287 4509 suum
3311 4467 3342 4507 a
3367 4450 3546 4508 fronte
3571 4450 3770 4521 diruit,

488 4537 782 4627 dissimum
810 4554 877 4596 ac
907 4539 1315 4596 sanctissimum
1335 4540 1498 4611 jubar
1525 4540 1701 4596 nostri
1726 4541 1911 4597 saeculi
1933 4556 2072 4612 papa
2106 4566 2154 4627 ι)
2178 4546 2553 4603 beatissimam
2616 4547 2882 4619 virginem
2928 4545 3245 4602 Mildredam
3290 4553 3415 4601 ante
3463 4545 3774 4616 principale

489 4626 605 4687 Ιιθο
634 4630 746 4702 (19)
778 4628 1148 4688 Simoniacam
1177 4631 1504 4687 Ιιωΐθεὶωίιι
1530 4630 1721 4691 Galliis
1747 4633 2072 4704 debellabat.
2109 4626 2130 4627 ί
2176 4640 2349 4698 altare
2390 4640 2778 4711 Apostolorum
2825 4639 3101 4696 conditam
3155 4638 3211 4693 in
3263 4638 3533 4709 porticum
3592 4637 3773 4708 patris

488 4722 987 4779 nummulariorum
1034 4740 1257 4781 mensas
1308 4732 1363 4780 et
1402 4725 1690 4781 cathedras
1720 4724 2073 4784 vendentium
2179 4733 2471 4805 Augustini
2499 4732 2795 4799 transtulit,
2826 4740 2881 4787 et
2903 4731 3059 4803 juxta
3079 4729 3469 4801 Aquilonarem
3499 4728 3771 4800 parietem

486 4812 775 4871 wlumbas
795 4814 1094 4897 evertebat,
1120 4828 1451 4885 omnemque
1494 4817 1915 4888 negotiationem
1938 4833 2072 4875 ava-
2179 4834 2370 4883 contra
2437 4833 2687 4880 sanctum
2749 4823 3116 4895 Augustinum
3175 4820 3478 4877 collocavit.
3545 4818 3771 4876 Partem

488 4904 631 4961 ritite
663 4906 732 4962 de
764 4908 968 4978 templo
1004 4906 1220 4964 Domini
1246 4907 1516 4977 ejiciebat.
1564 4907 1795 4964 Mittitur
1818 4911 1887 4967 ad
1915 4911 2069 4969 illum
2178 4931 2397 4988 quoque
2441 4918 2510 4991 ab
2538 4917 2820 4973 occidente
2865 4914 3088 4971 oratorii
3117 4922 3319 4969 sancta:
3352 4911 3448 4968 Dei
3471 4911 3774 4969 Genitricis

486 4994 840 5068 Anglicarum
873 4997 1249 5058 Ecclesiartnn
1289 4999 1552 5070 principis
1592 5000 1882 5074 Augustini
1920 5005 2073 5060 vica-
2178 5023 2304 5065 cum
2355 5008 2674 5080 porticibus,
2714 5007 2915 5079 quibus
2960 5004 3505 5078 circumcingebatur,
3547 5002 3772 5077 deiecit,

493 5194 674 5273 ..(17)
725 5193 1015 5273 ld_R_omae_
1040 5213 1137 5255 seu
1166 5197 1233 5273 in
1281 5197 1434 5273 Italia
1487 5200 1790 5273 contigisse
1837 5201 2073 5269 videtur,

488 5266 580 5343 ubi
608 5267 819 5343 erat__S.
852 5268 1122 5343 Henricus
1162 5272 1266 5327 hoc
1294 5272 1416 5342 ipso
1445 5286 1613 5336 anno,
1644 5266 1760 5343 quo
1788 5266 2077 5331 [Elstanus

488 5335 668 5412 factus
696 5339 874 5412 abbas
897 5338 1124 5412 Romam
1150 5335 1324 5412 petiit.

560 5407 676 5481 (18)
711 5408 1003 5482 Yull‘ricus,
1030 5407 1194 5482 hujus
1223 5411 1464 5468 nominis
1481 5411 1778 5482 secundus,
1818 5412 2074 5472 Elstano

488 5480 827 5536 successisse
854 5481 1056 5537 dicitur
1075 5480 1220 5538 anno
1242 5483 1400 5539 1047.

561 5548 677 5620 (19)
698 5548 809 5623 LeO
830 5566 1030 5617 nonus,
1051 5553 1146 5623 qui
1174 5569 1320 5610 anno
1345 5554 1487 5611 1049
1508 5551 1855 5611 Simoniacos
1881 5565 1965 5610 est
1987 5554 2072 5610 in-

2183 5205 2380 5262 Smculi

2242 5278 2368 5403 ((20)
2391 5277 2547 5332 Tunc
2567 5275 2912 5331 Hermannus
2928 5275 3306 5331 Wiltoniensis
3323 5273 3768 5347 eratepiscopus,

2305 5364 2431 5403 cum
2455 5347 2639 5402 sedem
2654 5362 2809 5401 suam
2839 5360 2985 5400 anno
3014 5346 3152 5399 1078
3192 5345 3555 5401 Sarisberiam
3580 5356 3768 5403 trans-

2179 5345 2275 5404 sed
2305 5345 2431 5403 cum
2455 5347 2639 5402 sedem
2654 5362 2809 5401 suam
2839 5360 2985 5400 anno
3014 5346 3152 5399 1078
3192 5345 3555 5401 Sarisberiam
3580 5345 3770 5403 trans-

2181 5419 2387 5487 tulerit,
2420 5426 2607 5475 noster
2644 5427 2838 5472 auctor
2887 5431 2953 5471 ex
3010 5430 3151 5470 nova
3186 5416 3313 5472 sede
3352 5433 3479 5472 eum
3518 5417 3774 5473 denomi-

2176 5497 2290 5544 nat.
2706 5496 2717 5505 ’

2244 5557 2360 5628 (2|)
2395 5556 2453 5613 In
2483 5555 2740 5628 concilio,
2767 5553 3083 5628 utvidetur,
3115 5554 3385 5628 Romano,
3418 5572 3565 5628 almo
3599 5555 3766 5628 1049,

488 5627 716 5708 secutus
750 5621 814 5708 in
847 5621 1110 5708 concilio.
1135 5623 1411 5708 Bernensiz
1449 5624 2072 5708 cuiﬁYulfricusmabbas
2178 5621 2658 5708 paulo'antequam
2685 5625 2794 5681 Leo
2830 5626 2894 5707 in_
2915 5626 3117 5708 Gallias
3147 5627 3213 5681 ad
3244 5621 3600 5682 dedicandam
3627 5621 3773 5683 basi-

490 5703 619 5768 cum
652 5690 939 5768 Dudecone
982 5711 1052 5768 es
1081 5694 1274 5767 Anglia
1315 5690 1671 5768 adfuit.7Ejus
1696 5696 1924 5768 concilii
1954 5705 2073 5768 acta
2179 5690 2341 5755 licam
2368 5690 2742 5768 Remigianam
2774 5696 3003 5750 veniret.

488 5768 547 5838 et
568 5759 882 5838 Remigiani
907 5759 1378 5838 archimonasterii
1403 5759 1661 5838 basilicae,
1692 5767 1746 5821 in
1771 5782 1879 5837 qua
1915 5766 2067 5838 habi-
2254 5769 2368 5838 (22)
2401 5767 2450 5822 ls
2471 5759 2589 5838 erat
2609 5782 2752 5821 unus
2777 5783 2807 5820 e
2829 5776 3047 5838 (septem
3076 5766 3345 5837 episcopis
3373 5765 3769 5838 cardinalibus,

491 5836 606 5885 tum
631 5842 731 5897 est.
763 5835 1120 5895 dedicationis
1151 5837 1434 5893 historiam
1480 5837 1647 5894 habes
1678 5834 1831 5908 parte
1873 5855 1886 5892 ι
1914 5837 2077 5907 hujus
2183 5834 2530 5908 cujussedes
2552 5836 2840 5893 Portuensi
2862 5834 3199 5908 episcopatui
3226 5834 3377 5891 unita
3412 5834 3513 5891 est.

3698 5933 3758 5953 ““”Ψ

3702 5965 3807 5991 μηδι
