3972 6296
475 373 572 398 ’,με

220 379 306 458 ss
475 379 572 398 “
1084 390 1256 450 ms'r.
1299 389 1694 463 TBANSLA’I‘.
1737 390 1798 449 s.
1839 387 2334 465 suaesuae—
2363 389 2493 450 LIB.
2531 389 2598 450 ιι.
2781 431 2786 438 .
3449 401 3522 461 η

223 523 279 588 ει
298 514 443 575 inter
456 481 747 583 utramque
769 508 1083 579 ecclesiam,
1111 505 1346 565 fratrum
1386 467 1658 565 cimiterio
1678 505 1826 578 quod
1855 509 1904 568 Δ
1927 507 2206 565 ahbatiam
2234 506 2486 576 mutavit,
2515 505 2910 580 Augustinensl
2938 514 3253 572 successori
3281 531 3380 574 sua
3397 515 3530 589 jura

222 604 508 678 adjacebat
541 611 798 676 purgato,
830 611 1009 658 totum
1037 600 1275 671 spatium
1303 600 1373 656 ad
1403 599 1666 656 fabricam
1695 615 1822 656 cor-

223 699 376 772 ripit,
421 697 661 770 parietes
707 695 894 767 erigit,
941 694 1226 750 columnas
1249 701 1304 749 et
1323 708 1487 750 arcus
1519 691 1819 763 componit.

224 791 541 849 Laetabatur
563 805 710 848 novo
735 803 902 861 opere
921 785 1138 854 Cantia,
1165 799 1483 859 quanquam
1505 785 1826 842 monasticae

223 885 554 946 habitationi
608 885 977 956 incongruum
1029 879 1254 938 fecisset
1318 879 1592 938 artificum
1651 878 1826 950 impe-

223 980 376 1038 ritia.

297 1114 435 1172 Car.
467 1110 561 1170 IV.
600 1110 873 1184 Vulfricus
892 1109 955 1166 ob
976 1109 1216 1165 dirutam
1236 1105 1295 1165 S.
1323 1105 1400 1162 Μ.
1427 1105 1702 1162 ecclesiam
1726 1121 1830 1176 pu-

228 1207 402 1264 nitus.
449 1233 525 1248 -ο
561 1204 634 1261 At
677 1203 888 1261 oﬂ‘eusa
931 1210 1018 1258 est
1066 1199 1276 1273 Regina
1337 1199 1451 1271 poli
1503 1196 1572 1254 de
1624 1196 1829 1269 injuria

229 1297 426 1370 templi
445 1295 573 1354 sui:
612 1296 717 1353 hoc
757 1309 924 1352 suum
956 1291 1307 1360 sacrarium;
1351 1289 1479 1358 hoc,
1519 1288 1677 1360 juxta
1716 1287 1830 1343 An-

235 1387 440 1462 glicum
480 1385 743 1458 elogium,
787 1398 954 1442 suum
981 1382 1346 1449 vestiarium;
1395 1381 1503 1438 hoc
1531 1379 1832 1436 multorum

231 1485 556 1535 sanctorum
577 1474 736 1532 sinus
763 1482 884 1531 erat
905 1482 963 1530 et
990 1470 1282 1546 gremium.
1315 1470 1438 1536 llic,
1467 1480 1531 1527 ut
1557 1469 1614 1526 in
1635 1484 1834 1526 conse—

230 1568 532 1642 quentibus
552 1567 778 1640 patebit,
800 1565 1130 1624 audiebatur
1157 1575 1460 1626 concentus
1486 1566 1832 1638 angelorum,

233 1659 328 1717 hic
348 1674 556 1732 organa
579 1658 881 1732 virginum,
930 1657 1022 1716 hic
1055 1657 1446 1715 assiduabatur
1469 1657 1646 1713 virtus
1675 1655 1838 1712 mira-

233 1745 510 1810 culorum.
559 1748 689 1810 Htec
731 1765 921 1807 rerum
963 1748 1198 1807 Domina
1239 1764 1338 1822 per
1363 1749 1541 1807 visum
1571 1761 1837 1820 apparere

234 1843 460 1916 dignata
478 1842 697 1900 cuidam
720 1843 852 1900 anui
877 1859 892 1899 :
923 1861 944 1896 ι
973 1841 1146 1911 Vade,
1169 1841 1371 1915 inquit,
1398 1851 1453 1899 et
1472 1841 1563 1899 die
1589 1838 1836 1897 Vulfrico
1865 1859 1912 1919 Β

233 1934 442 2002 abbati,
473 1934 605 2007 quia
648 1941 828 1992 morte
861 1934 1120 2006 punietur
1147 1933 1220 1991 ob
1257 1933 1686 1993 destructionem
1707 1947 1837 1990 ora-

235 2026 368 2084 torii
395 2026 526 2084 mei.
551 2045 572 2082 »
607 2025 723 2086 lloe
747 2027 938 2096 semel,
969 2027 1076 2084 hoc
1095 2027 1298 2097 denuo,
1324 2027 1432 2085 hoc
1457 2028 1618 2086 tertio
1637 2026 1838 2085 mulier

234 2120 540 2187 admonita,
565 2120 785 2178 tandem
810 2135 904 2194 per
925 2135 1174 2179 sororem
1202 2120 1416 2178 abbatis
1451 2121 1589 2178 bene
1614 2120 1838 2192 religio-

235 2228 380 2280 sam,
401 2214 535 2285 quia
556 2214 712 2270 illum
732 2213 1045 2282 verebatur,
1080 2213 1306 2269 mandat
1333 2213 1439 2269 sibi
1460 2215 1654 2270 ctelica
1674 2229 1837 2268 man-

238 2305 388 2360 data.
412 2304 510 2360 Ille
527 2304 898 2391 reformidans
917 2305 988 2362 ad
1016 2313 1186 2360 tanta:
1210 2304 1455 2359 Domina
1474 2305 1842 2375 majestatem,

245 2396 346 2452 sed
371 2410 609 2452 renuens
659 2396 882 2452 credere
923 2395 1088 2466 quasi
1115 2395 1290 2451 aniles
1315 2393 1529 2452 fabulas
1550 2395 1621 2454 ad
1662 2395 1844 2454 nuntii

244 2485 535 2553 vilitatem,
577 2485 759 2543 tenuit
793 2485 1057 2559 propositi
1093 2485 1472 2556 intentionem,
1521 2496 1578 2546 et
1616 2487 1844 2546 siderea:

239 2578 484 2649 quer-clm
511 2578 756 2650 neglexit
781 2577 1232 2638 satisfactionem.
1275 2576 1406 2635 Ruit
1428 2579 1574 2636 enim
1599 2580 1841 2652 plerum-

237 2684 350 2817 (ἕω
394 2669 671 2728 humanus
717 2669 954 2742 impetus
995 2669 1442 2742 irrevocabiliter,
1496 2672 1654 2746 juxta
1703 2672 1838 2734 illud

291 2777 521 2817 asoms:

291 2777 480 2819 aSOIIlS
507 2781 521 2818 ζ

385 2893 637 2965 Difficiles
671 2894 852 2949 aditus
880 2895 1106 2966 impetus
1141 2895 1312 2951 ontnis
1347 2894 1522 2954 liabet.

241 2985 442 3044 Incidit
463 2990 648 3058 itaque
669 3001 802 3044 reus
823 2988 877 3044 in
891 2987 1218 3045 sententiain
1244 2987 1512 3057 divinam,
1537 3003 1838 3061 percussus

241 3089 330 3137 est
354 3081 539 3136 lethali
575 3080 772 3152 sagitta
791 3080 1132 3153 :cgritudinis
1155 3079 1303 3138 circa
1330 3081 1560 3138 Cmnatn
1583 3081 1835 3140 Domini:

1924 599 2053 656 alibi
2073 601 2499 673 'impraesumpta
2521 603 2761 674 reliquit.

1995 692 2127 748 Car.
2175 691 2266 748 VI.
2319 693 2393 748 De
2441 693 2730 750 Scotlando
2774 695 2982 752 abbate.
3017 727 3088 738 -—-
3131 697 3344 758 Interea
3384 701 3523 758 Wil-

1923 781 2270 851 Ielmus,dux
2287 782 2937 855 Northmannorum,Deo
2963 789 3317 861 dispensante
3341 794 3531 850 erudi-

1926 876 2132 932 tionem
2155 875 2333 948 plebis
2358 893 2492 945 suae,
2527 879 2581 934 in
2605 893 2783 952 regem
2811 881 3034 938 transiit
3059 881 3178 956 (24)
3197 883 3528 956 Anglorum,

1927 985 1959 1025 a
1982 984 2095 1040 quo
2125 970 2391 1026 domuum
2436 969 2814 1041 Scotiandum,
2851 975 3031 1031 virum
3061 977 3294 1048 probum
3314 985 3370 1035 et
3395 994 3530 1050 pro-

1927 1060 2051 1133 dige
2071 1062 2370 1129 eruditum,
2392 1063 2794 1137 Augustiniana
2814 1067 3010 1124 domus
3037 1067 3255 1126 Patrem
3283 1072 3533 1143 suscepit

1930 1154 2368 1210 accommodum.
2405 1153 2526 1224 Hic,
2554 1166 2615 1213 ut
2647 1159 2831 1215 cazteri
2875 1167 3274 1231 antecessores,
3307 1165 3527 1220 ordina-

1930 1251 2023 1302 tus
2049 1245 2104 1301 in
2133 1261 2236 1303 suo
2262 1250 2620 1316 monasterio,
2656 1267 2782 1309 cum
2811 1253 2868 1309 in
2891 1255 3136 1312 ecclesia:
3162 1273 3276 1314 sua:
3308 1257 3532 1330 longius

1931 1339 2320 1412 protendendaa
2347 1340 2661 1411 aedificium,
2680 1345 2896 1417 largum
2927 1349 3241 1404 extenderet
3259 1351 3531 1417 animum,

1933 1430 2171 1502 graviter
2216 1430 2524 1489 offendebat
2575 1450 2704 1490 eum
2761 1435 2988 1493 adstans
3037 1454 3176 1510 opus
3235 1439 3536 1512 impediose

1934 1521 2283 1594 productum,
2298 1522 2606 1581 offendebat
2619 1535 2675 1582 et
2693 1535 2992 1599 angustum
3011 1527 3247 1586 decreta:
3270 1529 3537 1586 machina:

1936 1612 2216 1686 spatium:
2267 1615 2506 1672 terrebat
2534 1632 2664 1674 vero
2713 1616 2809 1674 Dei
2851 1617 3146 1676 Genitricis
3190 1620 3245 1675 in
3283 1621 3535 1677 abbatem

1935 1705 2279 1777 superiorem
2307 1705 2374 1763 de
2400 1717 2674 1780 praerupta
2694 1709 2926 1766 ecclesia
2951 1726 3053 1766 sua
3081 1711 3390 1782 judicium;
3422 1721 3537 1768 ter-

1935 1799 2094 1854 rebat
2117 1799 2186 1855 de
2225 1799 2396 1856 veteri
2432 1802 2771 1860 monasterio
2816 1803 2978 1874 longa
3018 1802 3166 1859 carie
3210 1810 3540 1874 consumpto

1937 1890 2114 1947 ruina:
2138 1891 2465 1964 periculum.
2490 1891 2548 1948 In
2585 1893 2672 1951 bis
2697 1894 2996 1967 angoribus
3023 1895 3240 1968 rapitur
3264 1895 3540 1969 legatione

1936 1983 2086 2056 regia
2107 1981 2340 2040 Romam
2365 1985 2433 2041 ad
2463 1983 2833 2043 Alexandrum
2856 2002 3074 2060 papam.
3122 1987 3202 2044 lbi
3240 1996 3365 2059 post
3387 1986 3540 2059 regia

1937 2090 2226 2146 responsa,
2256 2075 2551 2133 consilium
2579 2078 2778 2150 accipit
2807 2079 2876 2135 ab
2901 2080 3023 2151 ipso
3051 2095 3192 2152 papa
3223 2087 3278 2135 et
3304 2080 3536 2136 benedi-

1938 2167 2177 2224 ctionem
2215 2167 2285 2223 de
2325 2168 2720 2226 transferendis
2760 2172 2987 2238 sanctis,
3025 2173 3094 2228 de
3127 2170 3462 2227 destruenda
3487 2177 3546 2226 et

1941 2253 2296 2311 reformanda
2316 2257 2545 2312 basilica
2575 2273 2674 2313 sua
2722 2274 2822 2328 pro
2852 2261 2971 2315 suis
3009 2261 3171 2328 votis,
3197 2277 3264 2317 ac
3286 2270 3421 2317 nutu
3447 2277 3546 2317 su-

1944 2363 2133 2420 perna:
2160 2348 2449 2420 largitatis.
2498 2347 2707 2405 Dehinc
2737 2352 3070 2408 reverendus
3113 2354 3449 2424 apostolicus
3475 2354 3546 2409 de

1944 2439 2136 2497 eadem
2191 2441 2520 2496 antemurali
2575 2441 2807 2498 ecclesia
2858 2459 3025 2516 quam
3073 2445 3326 2516 proxime
3371 2445 3548 2502 muris

1942 2532 2184 2591 civitatis
2227 2532 2576 2601 immineret;
2625 2535 3164 2605 praecellentissimus
3203 2538 3547 2610 Augustinus

1939 2635 1996 2685 et
2040 2627 2416 2686 deeentissimi
2452 2637 2740 2685 consortes
2787 2628 2874 2686 sui
2914 2645 3022 2701 qua
3062 2639 3218 2702 parte
3271 2631 3541 2700 ecclesias,

1939 2734 2053 2792 quo
2077 2719 2292 2788 ordine,
2325 2719 2490 2776 simul
2511 2735 2582 2776 an
2606 2719 2884 2777 distinctis
2908 2721 3210 2792 porticibus
3238 2722 3548 2795 requiesce-

1938 2819 2094 2882 rent,
2137 2827 2265 2868 eum
2307 2811 2726 2886 diligentissime
2775 2811 3090 2886 indagaret,
3141 2821 3198 2870 et
3245 2815 3545 2886 praeclarus

1937 2904 2110 2962 abbas
2133 2904 2203 2961 ad
2238 2905 2426 2961 omnia
2455 2914 2635 2977 optata
2663 2903 3046 2962 satisfaceret:
3099 2925 3117 2960 ι
3154 2904 3302 2974 Haec,
3336 2907 3540 2979 inquit,

1939 3005 2026 3055 est
2056 3013 2156 3054 arx
2177 2996 2414 3054 civitatis
2444 2996 3012 3068 praeeminentissima,
3051 3013 3117 3054 ac
3155 2997 3546 3055 decentissima

1938 3089 2111 3146 totius
2131 3087 2286 3163 regni
2334 3088 2505 3162 regia,
2549 3089 2643 3145 ubi
2690 3089 2779 3146 ille
2825 3089 2936 3146 dux
2976 3105 3094 3146 suae
3133 3090 3548 3164 propagationia

243 3173 490 3244 quotidie
513 3182 693 3228 tamen
714 3182 780 3229 ct-
800 3172 854 3228 in
897 3173 1015 3244 ipsa
1042 3172 1234 3242 C(ena,
1257 3183 1314 3230 et
1347 3173 1404 3230 in
1429 3173 1752 3244 Parasceve,
1783 3185 1841 3234 et
1865 3204 1914 3271 ο
1940 3181 2321 3248 ecclesiarum,
2346 3180 2603 3252 princeps
2645 3180 2909 3237 comitum
2959 3181 3265 3251 beatorum,
3297 3181 3404 3238 hoc
3437 3189 3544 3250 est,

246 3263 492 3320 Sabbato
511 3273 722 3333 sancto,
756 3274 812 3320 et
839 3265 929 3321 die
957 3264 1204 3336 Paschre,
1248 3267 1488 3324 secunda
1529 3283 1751 3341 quoque
1773 3284 1840 3326 ac

243 3359 409 3416 tertia
441 3357 597 3425 feria,
629 3358 867 3430 majores
895 3357 1096 3416 missas
1121 3359 1177 3415 in
1211 3360 1631 3433 congregatione
1655 3361 1840 3433 seipso

244 3461 303 3507 ct
327 3451 446 3522 ipsa
491 3449 808 3505 inﬁrmitate
855 3449 1052 3506 fortior
1095 3451 1424 3523 complevit;
1473 3451 1841 3525 subsequent!

243 3559 381 3600 vero
425 3551 604 3610 nocte,
645 3542 932 3621 repentino
977 3543 1237 3612 transitu,
1274 3543 1596 3616 priusquam
1639 3543 1842 3603 fratres

245 3650 539 3692 accurrere
559 3645 806 3706 possent,
841 3634 1077 3692 decessit
1111 3635 1248 3708 (25),
1282 3646 1336 3692 et
1363 3637 1531 3694 festos
1568 3637 1686 3694 dies
1708 3653 1842 3696 suos

244 3728 332 3784 cis
358 3727 415 3782 in
458 3727 698 3783 lamenta
736 3727 1005 3784 convertit
1030 3743 1043 3782 :
1071 3742 1211 3798 opus
1244 3737 1426 3784 autem
1457 3745 1642 3797 suum,
1673 3729 1840 3787 innu-

245 3819 421 3877 meris
463 3818 777 3889 sumptibus
807 3827 864 3874 et
889 3817 1170 3875 laboribus
1207 3816 1507 3887 frustratis,
1538 3820 1608 3876 ad
1628 3821 1845 3877 destru-

247 3911 491 3968 ctionem
520 3909 644 3968 aliis
690 3910 931 3982 reliquit.
974 3907 1150 3966 Nemo
1178 3919 1361 3968 tamen
1393 3911 1604 3982 judicet
1633 3919 1846 3970 tantum

246 4004 429 4059 virum
458 4011 586 4075 post
633 4002 895 4060 ultionem
935 4001 1032 4060 Dei
1079 4002 1454 4060 misericordia
1496 4005 1844 4078 destitutum,

246 4111 353 4152 nec
377 4096 536 4152 bona:
571 4095 871 4154 voluntatis
919 4112 1035 4153 sua:
1071 4093 1252 4154 fructu
1303 4097 1664 4156 exinanitum.
1709 4097 1846 4158 Pro-

247 4189 430 4261 pheta:
476 4187 904 4245 inobedientiam
945 4199 1188 4262 quaestor
1228 4189 1318 4247 leo
1351 4191 1586 4263 punivit,
1635 4192 1733 4249 sed
1775 4191 1846 4251 de

247 4281 506 4338 exstincti
551 4281 836 4348 cadavere,
865 4281 1026 4352 quasi
1058 4280 1176 4353 jam
1223 4282 1461 4354 purgati,
1494 4281 1610 4354 jam
1639 4282 1846 4354 justiti-

249 4371 384 4440 cati,
419 4385 530 4426 non
549 4372 858 4441 comedere,
889 4386 992 4430 nec
1026 4371 1205 4444 ipsum
1233 4373 1354 4445 ejus
1383 4373 1612 4430 asellum
1650 4374 1848 4433 Imdere

248 4463 618 4536 praesumpsit.

1941 3288 2196 3346 princeps
2240 3273 2577 3345 principum,
2634 3272 2765 3328 etin
2822 3287 2926 3328 suo
2955 3273 3264 3344 apostolatu
3319 3281 3548 3329 sanctus

1941 3374 2264 3422 sanctorum
2300 3365 2663 3436 Augustinus,
2695 3379 2856 3420 suum
2888 3364 3132 3433 thorum,
3165 3379 3440 3436 suumque
3472 3363 3543 3420 ad

1941 3456 2114 3513 cmlos
2158 3463 2475 3527 porrectum
2533 3455 2719 3526 posuit
2761 3455 3122 3526 triumphum.
3172 3452 3351 3522 Quam
3399 3471 3544 3526 pra:-

1942 3545 2090 3602 clara
2117 3544 2316 3601 domus
2358 3553 2441 3601 tot
2481 3551 2538 3600 et
2583 3551 2862 3599 tantorum
2903 3545 3026 3601 ρωιί
3065 3544 3343 3600 siderum!
3377 3561 3546 3616 quam

1942 3634 2252 3691 veneranda
2291 3635 2417 3690 aula
2465 3633 2739 3689 universae
2797 3635 2943 3704 genti
2987 3634 3330 3705 Anglorum!
3379 3651 3547 3706 quam

1943 3725 2102 3782 beata
2144 3727 2322 3796 patria
2375 3731 2693 3782 sanctorum
2746 3722 2918 3780 radiis
2965 3723 3239 3781 illustrata
3286 3735 3550 3799 patrono-

1943 3817 2174 3874 rum!)

2015 3907 2146 3966 Car.
2174 3905 2288 3964 VII.
2321 3905 2489 3980 Egre
2528 3904 2756 3962 destruit
2789 3907 3087 3962 oratorium
3125 3906 3291 3963 beata:
3323 3907 3540 3975 Maria,

1945 4003 2004 4059 in
2029 4019 2133 4077 quo
2159 4001 2355 4075 sepulti
2391 4003 2566 4059 sancti
2615 4001 2832 4056 abbatea
2869 4009 2920 4055 et
2950 4016 3114 4074 reges.
3151 4030 3223 4040 —
3256 3997 3397 4056 Tum
3441 4001 3546 4056 ab~

1944 4096 2046 4154 bas
2073 4096 2248 4153 fidelis
2284 4095 2354 4151 ad
2385 4101 2599 4151 tantum
2631 4093 2768 4150 tanti
2809 4093 2916 4148 vlri
2943 4092 3320 4150 testimonium
3355 4093 3548 4150 obstu-

1944 4203 2178 4263 peseens
2201 4197 2258 4246 et
2288 4187 2496 4262 gratias
2529 4201 2720 4260 agens,
2746 4186 2973 4244 domum
3003 4193 3282 4260 properat,
3311 4186 3545 4244 inchoa-

1947 4290 2062 4339 tam
2100 4279 2302 4338 moIem
2348 4279 2480 4336 novi
2521 4279 2706 4351 operis
2754 4278 3041 4335 subvertit.
3081 4277 3285 4335 Verum
3321 4280 3545 4338 residua

1945 4393 2076 4451 pars
2094 4375 2380 4448 virginalis
2410 4373 2640 4432 oratorii
2668 4389 2899 4431 summa:
2927 4372 3113 4430 Maria:
3135 4373 3256 4445 ejus
3278 4375 3545 4446 impetum

1947 4468 2298 4537 morabatur;
2343 4476 2550 4524 nostra:
2599 4480 2822 4538 quoque
2870 4465 3138 4523 orationis
3181 4481 3409 4523 cursum
3453 4467 3549 4522 hic

321 4555 454 4612 Car.
480 4553 546 4611 γ.
580 4555 862 4627 Egetsmus
883 4555 1046 4613 abbas
1073 4557 1348 4630 privilegio
1370 4557 1846 4618 donatum—Post
1873 4555 1921 4618 ι)
1946 4561 2112 4618 modo
2133 4567 2464 4616 remoratur.
2495 4556 2807 4614 Occurrunt
2839 4556 3006 4629 hujus
3046 4557 3275 4612 sacrarii
3305 4571 3548 4628 superna

249 4650 402 4706 hunc
423 4649 662 4706 domnus
687 4649 976 4723 Egelsinus
1001 4651 1465 4710 monasteriarcha
1479 4652 1762 4721 attollitur,
1791 4662 1850 4710 et

250 4743 309 4798 in
333 4741 538 4814 palatio
581 4743 725 4816 regis
769 4751 1144 4812 consecratur,
1184 4742 1280 4816 qui
1311 4741 1540 4801 Romam
1568 4743 1849 4817 profectus

249 4833 325 4888 ab
353 4832 666 4895 Alexandro
695 4847 836 4905 papa
861 4832 1025 4889 mitra
1046 4841 1102 4890 et
1123 4832 1386 4890 sandaliis
1415 4835 1849 4893 sacerdotalibus

249 4924 512 4993 donatur,
537 4923 740 4998 bisque
767 4926 847 4982 uti
887 4924 1189 4998 pontiﬁcall
1231 4925 1348 4983 vice
1379 4925 1624 4998 jubetur.
1668 4926 1847 4998 Hunc,

249 5020 453 5092 inquit,
495 5020 708 5092 apicem
744 5019 946 5077 habere
989 5029 1254 5094 perpetuo
1291 5029 1558 5078 rectorem
1596 5021 1840 5080 decemi-

251 5128 381 5170 mus
413 5113 898 5185 Augustinensem,
928 5112 1002 5169 ob
1029 5112 1205 5184 ipsius
1243 5113 1454 5171 scilicet
1479 5121 1535 5170 et
1565 5111 1844 5171 Romano-

249 5223 378 5265 rum
402 5207 608 5262 alumni
630 5215 688 5264 et
714 5206 1016 5280 Anglorum
1037 5206 1272 5280 apostoli
1297 5206 1590 5280 Augustini
1616 5207 1825 5281 dignita

250 5310 386 5359 tem.
423 5299 578 5358 Hanc
605 5301 788 5374 itaque
811 5303 1228 5375 prazrogativam
1255 5301 1347 5359 ille
1368 5302 1594 5360 domum
1618 5303 1846 5373 revexit,

248 5405 308 5454 et
340 5395 564 5454 interim
597 5395 654 5454 in
679 5396 971 5471 Augustini
1019 5404 1301 5470 potentatu
1343 5395 1574 5456 habuit:
1623 5396 1722 5455 sed
1753 5395 1848 5456 ubi

327 5575 443 5662 (25)
465 5572 780 5662 Hinenpawt
797 5573 968 5660 falsos
996 5574 1169 5662 fuisse
1187 5592 1287 5635 eos
1311 5576 1405 5662 qui
1424 5576 1655 5634 Vulfrici
1689 5593 1842 5634 mor-

252 5646 365 5720 tem
394 5662 541 5720 anno
568 5646 708 5720 1049
729 5648 1074 5720 consignant.
1114 5647 1229 5704 Hoc
1249 5646 1455 5720 quippe
1481 5664 1628 5704 anno
1656 5663 1844 5720 mense

251 5716 476 5773 Octsbri
507 5716 694 5776 Remis
734 5716 980 5776 interfuit
1014 5720 1249 5776 concilio
1269 5716 1617 5776 'in'ecclesia
1656 5717 1842 5775 Remi-

253 5787 658 5862 gianahabito.
878 5858 1006 5862 _____
1043 5859 1057 5862 _
1254 5860 1261 5862 _
1359 5860 1389 5862 __
1780 5859 1791 5862 _

327 5859 443 5930 (24)
485 5857 646 5916 Anno
691 5857 831 5916 I066
878 5858 1188 5919 Willclmus
1236 5860 1487 5934 Angliam
1533 5859 1840 5932 occupavit.

1941 4650 2240 4724 praeconia,
2269 4657 2327 4706 et
2353 4649 2411 4706 in
2436 4648 2558 4722 ejus
2588 4649 2797 4722 gremio
2826 4647 3194 4721 adjacentium
3224 4657 3546 4705 sanctorum

1943 4743 2230 4802 miracula.
2255 4741 2357 4800 llic
2385 4742 2504 4816 ipsa
2527 4743 2786 4815 praecelsa
2811 4757 3012 4814 parens
3041 4741 3310 4799 Altissimi
3341 4741 3549 4812 saepius

1942 4837 2085 4905 visa,
2125 4844 2183 4893 et
2229 4851 2356 4893 cum
2396 4835 2710 4892 dulcimodo
2745 4834 3022 4908 virginum
3059 4836 3232 4891 choro
3277 4833 3544 4890 ineffabili

1945 4931 2214 4988 suavitate
2246 4926 2488 4986 ctelestis
2527 4927 2832 4984 harmonia:
2871 4925 3118 4982 noscitur
3147 4925 3356 4981 audita.
3402 4924 3545 4983 Huic

1947 5022 2342 5083 candidissimo
2388 5021 2750 5079 contubernio
2791 5019 3044 5090 angelum
3077 5015 3296 5074 Domini
3331 5018 3545 5078 exerci-

1946 5127 2126 5188 tuum,
2154 5128 2211 5176 et
2246 5127 2372 5191 post
2401 5111 2768 5190 Augustinum
2812 5127 3056 5184 suosque
3097 5124 3384 5174 consortes
3406 5115 3544 5172 niti.-

1945 5211 2238 5271 dissimum
2255 5213 2424 5270 decus
2435 5209 2760 5283 Anglorum,
2777 5206 3105 5265 familiarius
3118 5223 3184 5265 ac
3197 5208 3544 5282 frequentius

1948 5304 2264 5364 interfuisse
2284 5303 2667 5362 beatissimum
2690 5306 2910 5357 constat
2936 5298 3280 5360 Dunstanum
3305 5302 3422 5373 (25)
3448 5319 3464 5358 :
3486 5308 3546 5357 et

1949 5407 2012 5459 ut
2042 5413 2268 5458 cervum
2311 5396 2590 5455 sitientem
2619 5393 2690 5452 ad
2728 5391 2909 5452 fontes
2941 5409 3242 5468 aquarum,
3280 5393 3357 5451 ita
3383 5393 3542 5450 illum

1947 5573 2408 5650 Egelsino'abbati
2423 5575 2834 5650 Augustinensi.
2847 5575 2942 5650 qui
2956 5575 3101 5650 regis
3111 5573 3541 5650 indignationem

1947 5644 2274 5722 incurrerat,
2299 5665 2407 5706 non
2435 5644 2773 5722 comparenti
2799 5644 3128 5703 Scotlandus
3163 5644 3542 5702 Nertmannus

1949 5719 2211 5776 suffectus
2228 5728 2331 5776 est.

2023 5789 2307 5916 (253853“
2341 5789 2461 5847 Vita
2490 5791 2616 5848 data
2655 5797 2740 5846 est
2776 5788 2990 5846 Szeeulo
3027 5783 3297 5859 superiori
3330 5785 3398 5842 ad
3441 5801 3542 5842 an-

2031 5876 2082 5916 tn
2215 5902 2230 5916 .

1949 5876 2082 5916 nutu
2105 5876 2230 5917 υδδ.
