3990 6298
490 348 571 417 55.

1432 414 1437 419 _
1477 341 1840 413 GOSCELINI
1874 339 2434 402 CANTUARIENSIS
2468 342 2807 419 κοΝΑςΗιρ

3704 355 3776 415 36
3790 392 3793 393 ,

486 476 740 535 supernae
766 459 1166 523 modulationis
1203 461 1491 523 dulcedine
1516 468 1738 533 captum
1774 457 2080 529 inexplebi—
2110 464 2156 525 Α
2183 459 2378 532 ligiose
2423 458 2770 528 informavit,
2831 417 3172 517 ornamentis
3226 469 3283 518 et
3333 461 3533 537 opibus
3579 463 3781 536 regiis.

485 556 611 610 liter
657 553 976 611 assiduasse
1037 554 1188 611 hunc
1239 564 1554 612 sanctorum
1616 550 1954 623 paradisum.
2002 549 2084 609 Ne

482 646 653 705 etiam
693 647 903 720 nostris
941 646 1283 718 temporibus
1316 645 1480 716 hujus
1515 642 1823 717 ﬁdei-desit
1866 642 2084 717 experi-

483 748 753 808 mentum,
799 739 919 811 ipse
962 737 1238 795 Dominici
1267 735 1446 809 gregis
1490 743 1678 790 custos
1716 732 2089 801 Scollandus,

481 833 721 907 quadam
752 839 918 889 nocte
945 841 1074 887 ante
1098 837 1409 901 nocturnas.
1425 825 1640 897 vigilias
1665 823 2083 899 expergefactus

481 939 513 978 a
544 937 763 990 somno,
789 920 869 977 uti
895 919 1278 993 accubabatin
1306 916 1488 972 vicina
1523 914 1900 987 ipsiecclesiae
1921 914 2085 991 cella,

481 1017 688 1073 chorus
724 1016 864 1071 mire
894 1013 1217 1070 dulcisonus
1242 1008 1554 1065 alternatim
1583 1008 1807 1063 auditur
1834 1007 2078 1078 psallen-

482 1106 642 1174 tium,
686 1116 968 1177 tamquam
995 1104 1242 1158 virorum
1276 1108 1334 1156 ct
1369 1114 1669 1170 puerorum
1705 1099 2079 1172 gratissimam

479 1197 904 1271 consonantiam
952 1192 1218 1271 diapason
1281 1188 1661 1257 reddentium,
1723 1189 1856 1245 dum
1914 1188 2080 1270 modo

477 1288 684 1359 junctis
704 1270 948 1355 modulis,
963 1270 1340 1349 concinerent,
1368 1282 1534 1339 modo
1557 1280 1834 1338 distinctis
1855 1280 2079 1352 organis

478 1380 692 1450 parvuli
722 1364 852 1434 viris
894 1375 1309 1446 responderent.
1344 1373 1595 1447 Haerebat
1621 1373 1676 1428 in
1705 1371 1922 1428 insueta
1956 1374 2079 1451 me;

478 1472 647 1537 ludia,
675 1482 860 1525 tamen
905 1468 1155 1525 nondum
1202 1467 1647 1527 animadvertcns
1672 1465 1920 1523 coelestia
1952 1480 2077 1541 car-

476 1561 651 1627 mina,
689 1558 967 1632 cogitabat
1004 1557 1206 1615 fratres
1235 1557 1352 1630 jam
1388 1556 1620 1629 expletis
1660 1556 2077 1635 matutinalibus

475 1651 650 1727 sacris
674 1651 1105 1723 proccssionem,
1131 1658 1195 1705 ut
1217 1657 1349 1705 tunc
1368 1648 1489 1705 dies
1510 1657 1566 1705 et
1591 1657 1780 1729 noctes
1801 1648 2077 1718 solebant,

476 1742 532 1798 in
562 1743 681 1814 ipsa
709 1742 949 1814 agitasse
973 1740 1226 1797 ecclesia.
1263 1740 1440 1814 Rogat
1471 1740 1742 1798 excitatos
1776 1741 1961 1799 socios
2001 1758 2071 1797 an

2184 555 2346 611 terris
2376 562 2434 613 et
2468 570 2655 612 rerum
2701 553 3029 611 necessariis
3063 553 3536 612 abundantissime
3565 557 3781 624 ditavit.

2182 644 2434 719 interque
2493 646 2733 718 regalem
2790 645 2978 701 villam
3049 643 3398 701 Northbuma
3452 648 3781 719 appellatam

2181 734 2406 805 adjecit;
2429 745 2692 809 praeterea
2712 724 3189 791 Christianre'fidei
3214 745 3582 807 propaganda:
3603 737 3784 796 beatis

2180 824 2437 882 Patribus
2457 827 2767 899 adjutorem
2791 835 2846 882 et
2870 825 3283 899 coo'perator‘em
3309 828 3570 884 devotum
3601 845 3662 887 se
3683 846 3781 886 ex-

2180 917 2360 974 bibuit

2252 1005 2387 1064 CAP.
2430 1006 2525 1064 IX.
2570 1006 2649 1064 De
2678 1005 2957 1064 Lothario.
2995 1039 3069 1051 -
3098 1006 3387 1067 Secundus
3417 1018 3538 1066 erat
3574 1001 3782 1067 Lo'tbao

2177 1096 2315 1165 rius,
2351 1084 2741 1169 rege'Edbaldo
2765 1111 2887 1165 avo,
2914 1104 2970 1153 et
2993 1090 3121 1170 rege
3142 1096 3483 1154 Erconberto
3503 1107 3680 1170 patre,
3708 1112 3779 1157 ac

2178 1186 2290 1244 Deo
2314 1189 2528 1245 dilecta:
2549 1187 2778 1262 virginis
2798 1187 3103 1245 Mildretha:
3128 1190 3404 1246 avunculo
3425 1191 3627 1247 editus.
3660 1191 3781 1248 Cu-‘

2172 1279 2267 1351 jus
2303 1286 2479 1335 mater
2519 1279 2868 1336 sanctissima
2912 1279 3103 1352 regina
3149 1277 3456 1353 Sexburga,
3492 1281 3549 1338 in
3595 1282 3781 1349 insula

2179 1369 2410 1443 Scapeia
2444 1372 2842 1429 monasterium
2882 1362 2980 1428 Dei
3006 1370 3267 1428 Genitrici
3303 1374 3483 1444 prima
3526 1373 3777 1437 fundavit

2176 1472 2233 1519 et
2276 1463 2778 1521 sanctimonialium
2814 1464 2986 1520 choro
3022 1463 3278 1533 instituit,
3323 1465 3530 1537 ibique,
3559 1474 3776 1526 mutato

2176 1556 2233 1611 in
2265 1570 2483 1612 sacrum
2510 1557 2690 1612 velum
2710 1557 2869 1629 regni
2890 1555 3218 1626 diademate,
3239 1557 3457 1615 ancillis
3481 1551 3691 1615 Christi
3713 1574 3774 1617 se

2175 1650 2487 1720 conjunxit,
2511 1648 2631 1721 ipso
2650 1649 2765 1706 filio
2787 1664 2889 1706 suo
2909 1648 3148 1717 favente,
3170 1644 3457 1722 terrasque
3476 1658 3536 1706 ct
3550 1650 3773 1709 divitias

2176 1739 2311 1796 inibi
2356 1739 2682 1798 suffecturas
2729 1739 2986 1812 regaliter
3032 1739 3344 1812 adjiciente.
3398 1738 3533 1808 Qua:
3564 1750 3771 1813 postea

474 1836 633 1908 signa
676 1835 1024 1913 matutinalia
1065 1834 1360 1902 audierint,
1404 1849 1599 1890 omnes
1639 1843 1860 1907 negant.
1895 1832 2069 1915 Rogat
2101 1816 2146 1879 Β
2174 1832 2427 1905 pretiosa:
2445 1833 2664 1904 virgini,
2695 1824 2970 1904 gentianae
2990 1824 3504 1891 suasiEtbeldt-ethat
3537 1833 3689 1905 (28),
3713 1834 3769 1891 in

474 1944 545 1984 an
576 1928 680 1984 sibi
711 1927 933 1983 auditos
958 1934 1156 1983 cantus
1182 1925 1433 1995 audiant,
1462 1941 1657 1983 omnes
1687 1942 1747 1985 se
1772 1927 1935 2003 plane
1969 1942 2071 2007 au-_

473 2020 593 2076 dire
619 2029 674 2075 et
700 2019 956 2075 monachi
984 2029 1040 2075 et
1066 2018 1190 2075 laici
1218 2026 1555 2076 asseverant.
1582 2018 1747 2095 Mittit
1774 2034 1842 2075 eo
1869 2018 2070 2075 ﬁdelis—

472 2109 676 2168 simum
694 2108 943 2175 fratrem,
968 2106 1292 2164 Sinvoldum
1313 2108 1557 2177 nomine,
1582 2109 1662 2165 rei
1685 2094 2069 2187 certitudinem

471 2202 757 2274 explorare
785 2221 800 2259 :
827 2202 997 2271 venit,
1021 2210 1078 2256 et
1111 2200 1254 2281 ostia
1275 2201 1464 2258 clausa
1488 2201 1715 2269 invenit,
1744 2217 1847 2258 nec
1875 2216 2070 2281 quem:

471 2310 641 2366 quam
681 2295 756 2352 ibi
790 2295 988 2364 cernit,
1017 2311 1120 2352 nec
1147 2296 1320 2352 ullum
1345 2298 1462 2370 jam
1503 2311 1704 2354 sonum
1739 2296 1914 2353 audit.
1956 2295 2066 2354 Re-

470 2402 695 2459 gressus
736 2403 932 2445 omnes
981 2388 1154 2447 lectos
1211 2388 1447 2447 fratrum
1495 2389 1715 2457 circuit,
1766 2404 2069 2464 omnesque

470 2479 805 2535 dormientes
849 2481 1072 2551 reperit.
1105 2478 1262 2547 Quod
1301 2481 1397 2535 ubi
1442 2481 1584 2551 patri
1607 2481 1813 2548 retulit,
1855 2481 1946 2537 ille
1982 2482 2068 2538 in-

471 2571 631 2627 clinis
670 2572 870 2627 lectulo
896 2570 1109 2628 modice
1138 2571 1493 2639 obdormivit,
1523 2580 1579 2628 et
1604 2587 1734 2629 ecce
1766 2572 1956 2629 vocale
1989 2572 2068 2628 si-

469 2678 639 2734 gnum
686 2663 1084 2719 matutinorum
1136 2663 1395 2719 intonuit.
1456 2662 1597 2719 Tum
1627 2679 1758 2720 vero
1805 2664 2067 2735 obstupe-

469 2770 651 2824 sccns,
680 2752 944 2821 intellexit
973 2756 1357 2829 incunctanter
1388 2772 1515 2813 cum
1552 2757 1811 2814 omnibus
1837 2758 2067 2825 audien-

470 2847 768 2929 tibus'verc
802 2847 856 2902 in
893 2847 989 2925 illo
1020 2848 1142 2904 loco
1168 2844 1440 2920 olympica
1476 2848 1799 2906 convenisse
1822 2850 2062 2929 agmina,

468 2926 780 3013 saepiusque
805 2950 933 2997 ante
956 2949 1179 2997 narrata
1205 2941 1473 2998 miracula
1502 2942 1792 2999 verissima
1813 2943 1919 3000 sibi
1947 2926 2063 2999 cla;

464 3033 649 3105 ruisse
672 3034 1028 3105 experientia,
1059 3042 1115 3091 ct
1142 3049 1271 3091 vere
1297 3049 1567 3106 supernos
1587 3034 1735 3091 cives
1763 3035 1882 3091 haec
1906 3024 2062 3092 ineo;

465 3125 581 3203 lere
607 3127 939 3184 habitacula.
973 3125 1110 3182 Nam
1142 3127 1302 3183 bunc'
1326 3127 1509 3183 locum
1554 3126 1668 3185 Deo
1694 3136 1750 3184 et
1781 3129 1933 3184 omni
1959 3144 2063 3186 saa-

465 3220 595 3275 culo
624 3220 878 3276 amabilis
899 3218 1079 3275 Patris
1107 3219 1394 3290 nostrique
1415 3229 1541 3293 post
1570 3234 1849 3279 summum
1872 3220 2061 3292 Augu-

465 3312 675 3369 stinum
717 3311 909 3383 optimi
945 3311 1277 3368 institutoris
1327 3312 1556 3369 Adriani
1586 3313 1721 3384 (‘26),
1762 3312 2064 3369 irradiabat

463 3403 741 3475 prmcipue
781 3405 926 3477 signi
968 3404 1355 3476 potentissima
1378 3405 1555 3476 gleba,
1590 3406 1757 3462 simul
1795 3414 1850 3461 et
1885 3405 2063 3462 sancti

465 3484 650 3552 Albini
676 3496 791 3569 (27)
814 3497 1071 3568 discipuli
1095 3506 1151 3553 et
1179 3498 1519 3555 successoris
1540 3499 1650 3567 sui,
1678 3514 1891 3555 necnon
1916 3498 2060 3555 beati

461 3587 756 3656 Johannis,
781 3588 1326 3661 superioritempore
1347 3589 1584 3659 abbatis,
1604 3589 1916 3663 veneranda
1937 3604 2062 3664 cor-

462 3696 620 3752 pora.
652 3681 732 3737 Ad
759 3681 865 3740 hoc
906 3682 1092 3752 plures
1132 3682 1310 3737 sancti
1336 3682 1581 3753 episcopi
1611 3689 1667 3753 et
1703 3682 1928 3738 abbates
1955 3699 2060 3738 nu-

464 3774 688 3847 merosi,
724 3781 965 3844 quatuor
991 3789 1214 3845 quoque
1243 3790 1421 3847 reges,
1456 3789 1580 3830 cum
1616 3766 1895 3848 regalibus
1926 3790 2061 3832 con-

2087 3164 2133 3228 C

457 3860 685 3934 jugibus
727 3870 785 3920 et
836 3862 1027 3919 liberis
1075 3878 1141 3919 ac
1194 3863 1359 3934 longa
1422 3873 1683 3935 nepotum
1716 3865 2057 3937 ,genealogia
2100 3882 2103 3883 '

460 3951 646 4020 aulam
680 3949 1021 4020 Dominicam
1068 3952 1417 4011 illustrabant
1456 3962 1512 4011 et
1544 3954 1909 4011 nobilitabant
1935 3956 2058 4012 dor-

462 4045 692 4103 mitione
720 4062 843 4103 sua.

2170 1925 2444 1999 Eligcnsis
2472 1925 2795 1983 monasterii
2837 1926 3107 1983 successit
3138 1926 3415 1999 regimen.
3448 1926 3767 1995 Lotharius,

2169 2017 2302 2075 dum
2355 2027 2482 2090 post
2527 2017 2756 2075 fratrem
2808 2033 2970 2074 suum
3017 2016 3364 2091 Egbribtum,
3416 2017 3799 2077 Raeulfensis‘

2168 2111 2407 2167 cmaobii
2458 2109 2837 2178 fundatorem,
2892 2110 3184 2167 duodecim
3239 2104 3404 2167 annis
3458 2122 3766 2184 regnasset,

2167 2202 2313 2260 bello
2368 2202 2712 2259 Australium
2764 2201 3046 2260 Saxonum
3092 2217 3124 2258 a
3161 2211 3358 2275 nepote
3394 2196 3499 2259 suo
3539 2203 3761 2271 Edrico,

2168 2295 2357 2351 fratris
2389 2295 2477 2351 sui
2515 2294 2736 2368 Egberti
2782 2295 2917 2364 ﬁlio,
2958 2301 3324 2368 Oppugnatu's,
3356 2294 3537 2367 ibique
3570 2295 3765 2352 vulne-
3804 2313 3811 2317 ·

2166 2396 2343 2455 ratus,
2388 2386 2519 2444 dum
2565 2387 2815 2444 medetur
2849 2388 3135 2444 emoritur.
3181 2385 3381 2449 Edrieo
3412 2397 3594 2444 autem
3634 2396 3765 2458 post

2166 2494 2374 2535 annum
2405 2487 2462 2537 et
2485 2479 2776 2536 dimidium
2808 2481 2961 2553 regni
2990 2480 3171 2553 adepti
3206 2481 3443 2550 sublato,
3471 2495 3629 2553 reges
3660 2496 3761 2537 ex-

2168 2572 2309 2628 terni
2332 2571 2447 2644 (29)
2471 2580 2525 2628 et
2567 2572 2762 2628 incerti
2786 2572 3055 2629 dominati
3077 2580 3207 2628 sunt
3231 2581 3476 2643 tempore
3502 2572 3762 2642 aliquan-
3812 2587 3819 2593 ·

2166 2672 2225 2731 to
2250 2684 2264 2720 :
2296 2679 2537 2736 quorum
2565 2679 2731 2732 unus,
2760 2665 2984 2721 nomine
3015 2663 3215 2734 Mulus,
3248 2664 3608 2737 consepultus
3641 2672 3767 2720 erat

2167 2758 2544 2830 superioribus
2573 2759 2766 2814 ordine
2796 2758 3010 2815 tertius.
3208 2798 3211 2799 ν
3483 2792 3489 2799 -

2232 2848 2366 2906 αλιι.
2408 2849 2589 2929 Χτυε
2634 2850 3032 2906 Witltredo.--
3055 2848 3296 2918 Quartus
3335 2856 3458 2906 erat
3481 2847 3762 2920 legitimus
3808 2868 3813 2873 ι

2164 2956 2261 2999 rex
2284 2940 2630 3012 Witbrcdus,
2656 2942 2794 2998 alter
2818 2940 3122 3012 superioris
3149 2939 3398 3013 Egbrihti
3420 2939 3564 3012 regis
3588 2939 3759 3006 (ilius,

2164 3035 2260 3113 qui
2285 3035 2488 3092 virtute
2520 3044 2576 3091 et
2599 3035 2862 3107 religione
2887 3043 3084 3105 potens
3109 3043 3398 3106 paternum
3429 3047 3656 3104 regnum
3685 3031 3763 3088 ab

2162 3128 2378 3207 exteris.
2407 3128 2656 3199 tyrannis
2698 3127 2927 3207 eripuit.
2975 3114 3125 3198 Ipse,
3173 3126 3400 3199 jubente
3440 3114 3545 3182 sibi
3594 3125 3762 3182 beato

2164 3204 2400 3276 Martino
2429 3235 2527 3291 per
2548 3204 2751 3288 visum,
2784 3220 2840 3275 in
2861 3220 2982 3291 ejus
3005 3220 3213 3293 bOIlOI'e
3235 3220 3305 3274 ad
3328 3217 3595 3275 Doveram
3619 3233 3762 3275 eon-

2162 3312 2343 3389 stituit
2371 3310 2581 3382 primus
2609 3320 3028 3379 monasterium,
3064 3326 3130 3366 ac
3157 3305 3252 3365 Dei
3295 3308 3518 3366 famulis
3549 3309 3757 3380 regali-

2160 3403 2265 3483 bus
2293 3403 2453 3460 donis
2473 3413 2737 3475 perpetuo
2763 3401 3001 3483 reddidit
3017 3403 3301 3474 copiosum
3320 3400 3757 3474 ;'Augustinensi

2159 3510 2292 3552 vero
2315 3494 2500 3551 Maria:
2526 3505 2581 3552 et
2622 3495 2941 3552 beatissimo
2972 3495 3167 3551 incolae
3194 3494 3315 3565 ejus
3343 3494 3584 3551 Adriano
3612 3494 3758 3551 inter

2158 3596 2339 3667 cetera
2369 3603 2598 3644 munera
2639 3585 2887 3659 principe
2926 3586 3093 3659 digna
3126 3586 3331 3658 regiam
3379 3586 3753 3654 mansionem,

2157 3697 2283 3752 qua:
2318 3680 2665 3737 Listleburna
2714 3679 3046 3752 appellatur,
3095 3679 3482 3750 perpetualiter
3518 3678 3754 3751 largitus

2157 3783 2270 3841 est;
2303 3774 2495 3847 sicque
2533 3772 2591 3829 in
2622 3788 2687 3830 ea
2724 3773 2891 3830 domo
2931 3772 3180 3846 requiem
3215 3771 3556 3828 haereditavit
3579 3788 3752 3845 quam

2158 3866 2356 3939 Opibus
2390 3865 2563 3922 auxit.
3162 3848 3189 3857 ﬂ

2227 3957 2359 4015 Car.
2394 3957 2488 4015 XI.
2540 3958 2886 4029 Transfertur
2929 3956 2990 4014 S.
3025 3957 3321 4013 Adrianus.
3357 3985 3430 3999 --
3462 3955 3635 4030 Igitur
3668 3964 3753 4013 tot

2156 4051 2364 4117 sanctis
2387 4067 2514 4108 cum
2544 4051 2875 4109 sublimibus
2902 4050 3175 4123 personis,
3202 4059 3329 4108 ante
3362 4051 3536 4123 ipsius
3571 4050 3752 4107 eccle-

531 4140 664 4231 βου).
716 4138 853 4231 Vlll.
881 4139 961 4195 De
982 4138 1238 4231 _anldo.
1276 4171 1349 4182 -—
1378 4140 1586 4199 Horum
1630 4152 1813 4201 autem
1860 4122 2053 4218 regum
2152 4116 2252 4201 site
2295 4143 2652 4225 dejectionem
2704 4116 3135 4231 transferendis,
3161 4116 3486 4214 prauus—tris
3542 4144 3748 4219 abbas.

460 4230 674 4301 primus
703 4228 1277 4301 noscitur‘Edbaldus,
1300 4233 1467 4305 “tertii
1495 4231 1796 4305 Anglorum
1837 4250 2050 4306 regum,

456 4322 557 4380 sed
591 4323 752 4394 primi
794 4321 1139 4380 Christicolae
1174 4322 1476 4381 A‘Idelberti
1522 4323 1690 4399 filius,
1728 4326 1826 4397 qui
1860 4327 1930 4381 ab
1965 4342 2053 4382 er-

460 4430 588 4481 rore
628 4416 953 4486 idololatria:
980 4416 1129 4473 velut
1164 4417 1235 4473 ab
1269 4418 1577 4475 Acheronte
1611 4434 1918 4489 emergens,
1955 4418 2053 4490 per

2155 4252 2351 4308 magna
2381 4236 2624 4308 supremi
2655 4233 2819 4308 Regis
2848 4234 3123 4293 Genitrice
3158 4236 3276 4292 suis
3310 4234 3753 4319 devotorumque

2152 4328 2387 4386 fratrum
2432 4328 2679 4403 jejuniis,
2718 4326 3063 4405 orationibus
3098 4328 3165 4384 ac
3209 4328 3468 4401 lacrymis
3507 4328 3749 4399 placata,

2152 4422 2333 4493 primo
2354 4421 2422 4477 ad
2440 4418 2782 4477 eversionem
2804 4420 2997 4477 altaris
3016 4430 3072 4477 et
3093 4420 3295 4477 tumbae
3317 4421 3492 4492 patris
3514 4420 3756 4479 Adriani

458 4506 681 4564 beatum
727 4507 1174 4578 archiprtesulem
1211 4507 1570 4567 Laurentium
1609 4509 1858 4582 apostolo
1892 4509 2053 4566 Petro
2083 4522 2130 4578 Β
2154 4512 2477 4586 exportandi
2500 4512 2885 4570 venerabiliter
2900 4510 3135 4570 accedit.
3161 4512 3588 4571 lnstrumentum
3612 4528 3753 4584 ope-

457 4612 561 4670 pro
593 4598 882 4670 desperata
924 4614 1027 4656 ove
1066 4609 1344 4685 pastorem
1386 4601 1710 4658 verberante
1746 4601 1812 4656 ad
1846 4601 2053 4658 Christi
2147 4606 2235 4685 gris
2282 4620 2424 4664 area
2471 4606 2871 4678 complanatur,
2920 4614 2976 4663 et
3017 4604 3203 4663 Sancti
3238 4606 3562 4678 sepulcralis
3602 4606 3754 4679 lapis

459 4689 647 4757 sinum
674 4689 941 4763 confugit,
976 4700 1326 4765 paternasque
1346 4691 1567 4762 pietatis
1595 4692 1883 4767 aemulator
1911 4694 2053 4751 hanc
2153 4699 2516 4757 attentissime
2563 4709 2930 4773 expurgatur;
2991 4700 3284 4757 thesaurus
3339 4701 3707 4759 assumendus
3726 4743 3749 4770 ,

455 4780 749 4837 ecclesiam
768 4780 1050 4853 praecisa:
1074 4780 1173 4837 Dei
1199 4780 1461 4839 Genitrici
1489 4781 1731 4839 condidit
1751 4791 1805 4839 et
1825 4783 2049 4841 dedica-
2152 4795 2314 4867 quasi
2332 4826 2337 4831 -
2356 4794 2424 4851 ad
2449 4810 2677 4852 manum
2699 4796 2898 4863 elatus,
2922 4796 2979 4853 in
3004 4810 3221 4853 ηοσωω
3245 4794 3515 4864 differtur,
3537 4811 3607 4853 ne
3628 4811 3752 4868 quo

454 4874 565 4940 vit;
596 4873 654 4929 in
691 4889 802 4945 qua
827 4873 1095 4945 hactenus
1120 4873 1410 4944 requievit.
1436 4874 1762 4930 hacreditans
1786 4875 1934 4948 quod
1964 4874 2048 4933 [θη
2147 4883 2294 4960 forte
2327 4888 2607 4962 inexperta
2639 4902 2767 4960 spes
2799 4888 3049 4945 laedatur.
3090 4886 3265 4946 Nocte
3285 4904 3411 4946 cum
3436 4888 3754 4947 luminibus

456 4963 554 5035 cit,
574 4974 630 5035 et
646 4966 941 5037 possidens
961 4966 1108 5038 quod
1128 4966 1294 5032 dedit,
1318 4980 1444 5043 cum
1462 4965 1630 5036 justis
1659 4966 1886 5052 scilicet,
1908 4985 2051 5041 quos

2173 4997 2267 5041 ina:
2285 4982 2427 5040 lucis
2449 4979 2711 5054 gaudium
2735 4980 3008 5056 abducere
3027 4982 3235 5057 paratis
3259 4982 3459 5038 animis
3483 4981 3750 5048 redeunt,

456 5055 513 5112 in
534 5058 763 5132 nomine
785 5057 929 5116 Iusti
956 5059 1220 5131 suscepit.
1248 5056 1401 5115 Hanc
1422 5059 1617 5115 abbate
1637 5068 1693 5116 et
1717 5062 1909 5119 ordine
1928 5078 2049 5135 mo-
2149 5072 2510 5145 sepulcralem
2562 5072 2800 5145 lapidem
2847 5064 3132 5144 auferunt,
3184 5055 3511 5147 prosperam
3558 5075 3751 5131 sancti

455 5149 671 5207 nastico
695 5158 758 5207 ut
781 5150 1183 5228 Augustiniano
1208 5150 1462 5208 coenobio
1490 5150 1936 5225 incorporaretur
1958 5171 2048 5213 re-

450 5280 1386 5396 141.29.).."3235araneae
1398 5306 1633 5396 Ρξίιδξιιὲη.
1654 5306 1943 5396 Angliam...
1966 5286 2044 5396 '5":

455 5373 571 5429 rnul
591 5390 717 5446 cum
736 5373 1033 5446 Ibeodoro
1054 5373 1495 5446 archiepiscopo:
1513 5376 1592 5433 De
1617 5377 1704 5434 bis
1735 5373 1873 5437 Sec.
1899 5373 1943 5436 ll
1971 5383 2040 5439 ad

455 5458 661 5499 annum
691 5443 815 5508 690,
839 5459 909 5498 ex
938 5442 1104 5512 Beda,
1132 5442 1258 5500 etc.‘
1277 5442 1491 5503 Colitur
1518 5464 1573 5502 1x
1602 5447 1872 5506 Januarii.

489 5552 503 5596 ί
529 5514 645 5586 (27)
683 5511 830 5596 ise:
861 5514 1056 5596 Anglis
1086 5511 1299 5596 primus
1327 5517 1727 5596 Augustiniano
1752 5530 2038 5596 monaste-

449 5581 550 5647 ,ι’ἰό
567 5581 784 5649 maluit
809 5581 1013 5640 szeculo
1040 5581 1136 5642 vi'u
1171 5581 1596 5646 labente.'Bedae
1620 5589 1876 5649 Historiae
1901 5594 2069 5649 seri-5

456 5651 646 5735 nenda:
672 5662 865 5735 auctor
899 5651 1022 5713 fuit.
1056 5655 1335 5735 Nusquam
1381 5659 1521 5714 inter
1562 5672 1783 5719 sanctos
1818 5664 2038 5731 colitur,

450 5724 601 5806 sicug
625 5721 987 5806 necdoa‘nnes
1027 5721 1205 5784 abbas
1239 5728 1394 5806 infra
1417 5740 1777 5806 memoratus,
1801 5736 1915 5806 Aqui
1950 5721 2039 5791 se;

453 5790 669 5851 cundus
703 5793 947 5861 eiusdem
984 5799 1302 5856 monasterii
1346 5799 1514 5856 abbas
1548 5799 1669 5858 fuit.
1713 5790 1926 5862 Obiissc
1953 5790 2037 5863 di-

2144 5179 2376 5237 corpore
2411 5165 2575 5239 quasi
2619 5165 2885 5238 parietem
2931 5181 2966 5223 a
3015 5164 3374 5224 fundamento
3422 5175 3751 5247 surgentem

2144 5326 2290 5382 citur
2319 5342 2409 5381 an.
2435 5324 2561 5381 618.

2217 5396 2331 5468 (28)
2370 5394 2674 5468 Ethildritse
2724 5393 2920 5468 Vitaa
2962 5392 3173 5468 Thema
3213 5394 3435 5454 Eliensi
3461 5396 3755 5454 monacho

2144 5465 2348 5540 scripta
2377 5468 2610 5540 habetur
2634 5466 2769 5540 saec.
2792 5465 2836 5520 ll
2859 5465 3060 5540 Bened.
3086 5466 3159 5537 ad,
3176 5468 3424 5540 an.679,
3451 5484 3577 5540 pag.
3605 5467 3747 5540 738,

2144 5539 2239 5611 ubi
2258 5535 2837 5611 'plura_de_Sexburga
2858 5535 3243 5611 etMildtretba
3272 5538 3364 5598 hic
3389 5535 3747 5611 memoratis,
3838 5596 3849 5601 _

2143 5606 2291 5665 sicut
2330 5618 2386 5664 et
2408 5608 2477 5664 de
2509 5606 2711 5664 Eliensi
2731 5606 3089 5678 monasterio.

2214 5679 2329 5751 (29)
2365 5678 2639 5754 Cedwala,
2659 5677 3002 5754 _\_Vestsa_xiaa
3030 5695 3149 5752 rex,
3181 5689 3238 5741 et
3256 5678 3427 5754 Wolf,
3461 5680 3585 5754 ejus
3618 5678 3755 5741 fra-

2141 5748 2245 5817 ter,
2276 5748 2317 5805 a'
2340 5748 2618 5807 nonnullis
2651 5748 2830 5805 Malus
2855 5749 3054 5810 dictus.
