3990 6298
504 354 575 414 ω
1500 345 1864 411 αοεοωκι
1902 339 2464 415 ῼΔΝΤῸΑΒΙΕΝΒΙΒ
2502 339 2810 399 MONACIII
3725 345 3799 401 ιο

511 475 904 545 candidissima
923 471 1295 550 proeessione,
1320 468 1762 537 transferamque
1783 462 2101 535 praesulum.
2131 464 2179 523 Α
2204 458 2476 530 plectitur.
2504 455 2565 513 in
2595 457 2715 529 ipso
2742 455 2912 530 priori
2956 466 3120 550 atque
3163 457 3499 517 electissimo
3541 458 3665 517 loco
3692 476 3799 518 suo

511 570 775 626 abbatum
796 567 1242 640 reliquorumque
1261 572 1576 621 sanctarum
1598 558 1825 630 pignora
1849 571 1976 611 cum
2004 570 2101 610 vo-

511 678 639 719 cum
674 669 731 718 et
753 660 1129 734 cymbalorum
1155 659 1263 714 alta
1292 653 1662 714 resultatione,
1696 649 1752 704 in
1779 646 2100 705 occidentali

510 753 652 810 turri
675 752 994 810 monasterii
1037 752 1221 807 omnia
1265 745 1574 817 composuit
1601 750 1729 798 ante
1762 750 1969 798 sancta:
2002 739 2098 796 Dei

510 844 806 903 Genitrieis
851 845 1050 903 altare.
1074 844 1269 907 donec,
1294 854 1433 895 nova
1477 834 1707 891 ecclesia
1747 833 2098 895 retedilieata.

506 952 651 994 novo
681 942 1107 994 reconderentur
1162 938 1389 989 honore.
1434 927 1546 985 Nec
1596 926 1819 983 defuere
1860 934 2100 998 quatuor

505 1044 667 1100 reges
695 1044 862 1100 supra
888 1026 1179 1084 memorati
1206 1024 1335 1079 huic
1357 1020 1727 1089 translationi,
1754 1035 1879 1075 cum
1904 1020 2098 1090 conju-

505 1121 667 1193 gibus
689 1129 745 1177 et
764 1137 864 1178 sua
891 1119 1148 1193 progenie
1174 1115 1367 1172 evecti.

572 1255 705 1312 Car.
733 1256 873 1311 XIV.
903 1256 1089 1309 Altare
1126 1251 1194 1307 Β.
1230 1250 1423 1307 Marica
1455 1251 1712 1305 diruitur.
1746 1247 1833 1303 Ibi
1858 1247 2097 1319 reliquit:

494 1346 1004 1418 ignaue—Deinde
1029 1342 1331 1415 principale
1355 1344 1529 1399 altare
1547 1341 1832 1415 virginalis
1851 1339 2097 1396 ecclesiae

507 1441 765 1505 diruitur,
789 1438 861 1493 ibi
902 1452 1125 1509 quoque
1158 1453 1299 1510 opus
1340 1436 1663 1509 proteiatur,
1697 1444 1886 1490 noster
1928 1434 2094 1490 etiam

494 1545 683 1586 sermo
693 1529 1039 1601 subsequens
1049 1530 1428 1601 prolongatur.
1444 1527 1780 1583 Aﬂ‘ulserunt
1796 1525 1871 1581 ibi
1899 1540 2089 1581 saero-

498 1629 687 1677 sancta
707 1631 1028 1679 sanctorum
1050 1622 1302 1695 pignora,
1317 1621 1561 1677 eburneo
1576 1620 1817 1675 candore
1828 1626 1884 1673 et
1893 1618 2093 1674 rubore

496 1712 789 1783 interfusa,
800 1716 1065 1786 omnique
1084 1715 1354 1771 suavitate
1364 1713 1684 1780 redolentia,
1698 1729 1729 1767 a
1742 1712 2093 1770 sanctissimo

495 1804 887 1875 archiprtesuie
930 1806 1131 1900 mellito
1175 1806 1249 1861 ibi
1276 1805 1576 1900 quondam,
1621 1804 1841 1900 quando
1873 1805 1979 1862 hoc
2007 1806 2090 1862 ai-
2122 1838 2166 1900 Β

492 1904 613 1953 tare
641 1913 768 1953 cum
799 1899 1031 1954 ecclesia
1073 1899 1456 1965 consecrabat,
1488 1898 1876 1953 decentissime
1925 1912 2089 1969 repo-

494 1988 603 2043 sita
652 1987 885 2045 Nomina
907 2004 1101 2045 eorum
1121 1998 1177 2045 et
1199 1989 1401 2046 indicia
1422 1990 1689 2045 chartulis
1710 1989 1991 2060 inscripta,
2016 2000 2091 2047 at-

490 2095 604 2149 que
634 2080 690 2136 in
712 2081 937 2136 modum
960 2083 1144 2138 erucis
1172 2090 1366 2137 cavato
1394 2080 1561 2152 lapidi
1596 2081 1767 2137 indita
1801 2097 1866 2137 ae
1892 2082 2091 2137 distin-

491 2180 604 2238 cta,
635 2171 889 2242 apparuit
914 2172 989 2228 ibi
1020 2173 1319 2243 aliquando
1341 2172 1577 2228 flammis
1599 2172 1909 2242 absumpta.
1936 2171 2092 2227 Dole-

492 2278 619 2319 mus
653 2272 708 2319 et
749 2264 948 2319 horum
987 2273 1043 2321 et
1068 2272 1149 2320 tot
1190 2265 1425 2320 aliorum
1473 2272 1791 2320 sanctorum
1837 2264 2088 2321 notitiam

491 2357 655 2412 terris
687 2356 971 2426 abolitam,
1002 2373 1129 2414 eum
1170 2357 1275 2413 hoc
1317 2358 1580 2412 damnum
1618 2364 1864 2411 nostram
1908 2357 2092 2413 redar-

491 2447 611 2519 guit
663 2448 946 2517 inertiam,
999 2466 1125 2506 cum
1170 2465 1271 2505 nec
1305 2449 1428 2504 illos
1476 2448 1639 2520 digne
1681 2448 1904 2503 laudare
1947 2463 2089 2519 quos

490 2541 768 2610 novimus,
804 2558 906 2598 nec
928 2542 1045 2613 ipsa
1073 2550 1153 2597 tot
1172 2549 1285 2597 tam
1316 2542 1614 2597 multorum
1647 2548 1799 2613 gesta
1850 2541 2089 2613 relegere

488 2632 857 2706 assurgimus,
886 2643 975 2691 etc

560 2768 689 2823 Car.
703 2767 822 2823 XV.
838 2767 1063 2824 Parvuli
1088 2765 1546 2840 corpus.—Igitur
1561 2767 1862 2839 assumptis
1888 2784 2084 2839 supra-

488 2860 651 2917 dictis
685 2860 958 2933 reiiquiis,
988 2863 1336 2933 ante‘ipsum
1386 2862 1559 2917 altare
1597 2862 1960 2931 exstirpatum
1998 2858 2085 2915 of-

490 2952 787 3009 fenduntur
826 2954 948 3010 alite
972 2969 1127 3026 opes,
1161 2954 1282 3010 alite
1321 2954 1650 3027 margaritae.
1683 2953 1970 3010 Germinat
2011 2953 2085 3008 ibi

488 3059 648 3101 saera
666 3046 926 3115 spelunca
954 3046 1116 3103 unius
1139 3046 1349 3119 parvuli
1372 3047 1527 3102 nivea
1544 3056 1599 3102 et
1619 3046 1793 3102 lactea
1816 3045 2083 3113 membra,

489 3146 566 3193 tta
594 3138 805 3195 minuta
836 3146 897 3195 ut
922 3138 1010 3194 vix
1041 3148 1267 3211 possent
1292 3140 1485 3207 teneri,
1510 3139 1586 3195 ita
1612 3139 1751 3196 dura
1782 3147 1842 3194 ut
1869 3138 2085 3194 diilicil—

487 3228 617 3287 lime
650 3240 876 3301 possent
906 3229 1102 3305 frangi.
1139 3229 1466 3289 Mirantibus
1492 3231 1705 3288 eunetis
1736 3231 2009 3287 insuetam
2031 3239 2087 3286 et

489 3323 812 3380 tenuitatem
845 3332 900 3379 et
930 3324 1263 3382 soliditatem
1304 3333 1470 3397 atque
1508 3325 1827 3391 candorem,
1858 3324 2083 3395 quidam

488 3414 790 3471 astantium
815 3414 931 3485 jam
967 3416 1169 3472 maturi
1203 3416 1303 3471 aevi
1338 3416 1589 3487 prorupit
1616 3415 1673 3471 in
1701 3416 1844 3471 hanc
1865 3415 2085 3471 relatio-

488 3520 614 3560 nem
641 3524 654 3560 ε
688 3523 707 3557 t
731 3505 871 3561 Cum
892 3521 1031 3579 puer
1058 3521 1259 3573 essem,
1295 3520 1396 3577 ego
1416 3514 1465 3561 el
1499 3505 1761 3562 coaetanei
1794 3504 1901 3561 mei
1927 3503 2084 3575 pueri

486 3610 679 3653 sacros
722 3606 918 3654 cantus
940 3597 997 3654 in
1046 3597 1153 3653 hac
1188 3597 1420 3654 ecclesia
1457 3597 1824 3654 discebanius.
1873 3596 2085 3654 interea

486 3701 615 3742 eum
667 3688 906 3759 quadam
941 3696 1124 3758 nocte,
1168 3689 1398 3763 expletis
1435 3690 1742 3756 matutinis,
1768 3689 2085 3746 concinere-

486 3792 614 3835 mus
637 3794 705 3834 ex
736 3795 911 3849 more,
943 3781 1173 3855 contigit
1201 3798 1373 3837 unum
1399 3797 1462 3838 ex
1492 3782 1653 3838 nobis
1675 3797 1792 3838 aevo
1820 3792 1875 3839 et
1898 3784 2086 3847 animo

486 3871 905 3941 promotiorem,
942 3873 1103 3945 quasi
1148 3882 1519 3945 spasmantem
1550 3874 1733 3931 subito
1772 3876 2082 3945 concidere,

486 3969 542 4021 et
563 3962 712 4019 velut
738 3964 1044 4022 exanimem
1070 3965 1187 4021 sine
1207 3982 1373 4024 sensu
1393 3976 1449 4023 et
1469 3982 1599 4024 voce
1615 3968 1818 4040 jacere.
1841 3969 2084 4027 Tandem

488 4054 769 4127 respirans
814 4072 880 4113 ae
909 4059 1219 4129 suspirans,
1264 4061 1748 4130 percunctantibus
1776 4062 1937 4119 nobis
1970 4071 2083 4119 tre-

486 4146 613 4219 pide
641 4147 773 4219 quid
793 4156 1072 4219 pateretur
1097 4169 1112 4205 :
1133 4151 1217 4207 An
1242 4167 1361 4220 vos,
1386 4153 1584 4224 inquit,
1611 4154 1790 4210 visum
1815 4154 1950 4211 mihi
1981 4155 2086 4213 mi-

487 4238 737 4296 raculum
767 4254 882 4297 non
926 4240 1176 4298 vidistis?
1230 4240 1570 4315 Negantibus
1604 4245 1883 4301 omnibus.
1938 4244 2084 4315 Vidi,

490 4332 591 4399 ait,
627 4332 679 4387 in
704 4331 958 4404 ingressu
987 4335 1140 4392 chori
1164 4337 1451 4407 parvulum
1479 4346 1770 4405 astantem,
1799 4340 1973 4395 instar
2002 4340 2087 4395 ni-

488 4427 575 4497 vis
600 4428 948 4497 candentem,
1000 4430 1172 4485 tensis
1199 4429 1253 4485 in
1288 4430 1487 4487 cerium
1518 4432 1773 4503 palmulis
1813 4442 2083 4500 orantem,

488 4528 614 4591 post
642 4520 946 4581 orationem
977 4521 1115 4577 fiexa
1145 4522 1200 4579 in
1230 4524 1515 4580 meridiem
1538 4524 1623 4579 via
1654 4525 1722 4580 ad
1745 4526 1916 4581 altare
1954 4541 2083 4595 pro-
2117 4550 2162 4606 ι)

474 4619 791 4689 perantem,
814 4613 1001 4684 sicque
1028 4614 1169 4671 inter
1194 4626 1443 4672 sanctum
1464 4618 1764 4673 Adrianum
1788 4634 1853 4673 ac
1872 4618 2080 4689 princi—

486 4704 609 4777 pale
637 4704 808 4760 altare
826 4716 1295 4764 evanescentem.»
1320 4708 1446 4765 Haec
1472 4710 1602 4767 dum
1633 4711 1721 4764 ille
1742 4711 2080 4781 contempla-

486 4805 575 4855 tor
596 4807 836 4854 tremens
857 4808 911 4855 et
938 4801 1146 4871 pallens
1165 4803 1529 4872 exposuisset,
1555 4801 1629 4857 ita
1660 4816 1852 4857 omnes
1876 4810 1932 4857 et
1958 4818 2080 4858 ma-

488 4889 657 4961 gister
700 4899 756 4946 et
801 4892 1057 4963 discipuli
1094 4895 1338 4950 exterriti
1393 4910 1606 4959 sumus,
1658 4903 1719 4950 ut
1768 4894 1971 4965 pariter
2011 4894 2083 4951 ab

487 4982 743 5050 ecclesia,
791 4985 1056 5057 magistro
1101 4986 1303 5056 praevio
1332 4994 1387 5040 et
1431 4985 1730 5053 hortatore,
1776 4986 2081 5058 praecipites

488 5072 825 5145 fugeremus,
853 5087 957 5133 etc.
992 5077 1099 5133 Sed
1140 5086 1223 5145 te,
1252 5093 1287 5133 ο
1334 5091 1488 5147 puer,
1536 5092 1699 5148 quem
1742 5079 2081 5150 praescripsi-

488 5181 634 5231 tuus,
658 5174 714 5223 et
737 5165 879 5223 forte
909 5167 1331 5238 indisciplinatis
1359 5166 1546 5239 pueris
1580 5166 1923 5239 indignatum
1947 5183 2083 5239 pen-

486 5274 706 5329 samus;
731 5269 804 5329 te,
834 5261 1081 5334 inquam,
1113 5264 1237 5321 licet
1264 5263 1487 5321 nomine
1510 5263 1844 5336 ignoremus,
1872 5264 2083 5322 meritis

487 5349 900 5409 Bethiehemitis
928 5354 1314 5413 innocentibus
1334 5357 1439 5413 iide
1474 5357 1823 5413 ascribimus.

554 5442 685 5500 Car.
718 5443 859 5499 XVI.
889 5444 1090 5517 Crypta
1121 5447 1189 5503 B.
1225 5448 1301 5504 Μ.
1338 5450 1651 5504 exstruitur.
1686 5479 1757 5490 -
1784 5449 1875 5505 Sic
1896 5449 2080 5521 itaque

484 5535 742 5605 praedicta
766 5538 997 5593 ecclesia
1018 5539 1134 5597 suis
1157 5540 1479 5614 pignoribus
1500 5552 1783 5609 evacuata,
1808 5544 1875 5599 ad
1897 5544 2077 5602 solum

486 5627 752 5681 evertitur
799 5638 855 5682 et
903 5632 1301 5701 complanatur,
1350 5650 1586 5706 moxque
1625 5636 1680 5691 in
1730 5637 1846 5707 ipsa
1899 5637 2078 5694 fronte

488 5715 717 5771 arietata
767 5726 923 5776 novat
962 5720 1130 5780 facies
1156 5726 1294 5782 aula":
1330 5727 1576 5797 erigitur,
1611 5737 1894 5800 totumque
1924 5730 2075 5785 illum

494 5804 688 5865 veteris
719 5812 880 5867 snatii
904 5821 1138 5878 uterum.
1167 5833 1292 5874 eum
1319 5820 1569 5890 ampliori
1599 5823 1896 5893 capacitate
1919 5838 2073 5879 com-

2203 561 2451 625 cryptam
2475 566 2673 607 novam
2710 550 2979 607 altissima
3008 548 3175 624 Virgo
3211 552 3568 622 nanciseitur,
3596 562 3653 612 et
3677 555 3795 611 Au-

2201 645 2406 717 gustini
2434 642 2731 711 thalamus,
2759 653 2813 699 et
2852 642 3161 715 principum
3192 646 3565 715 apostolorum
3593 646 3797 704 domus

2199 738 2433 807 desuper
2482 735 2881 792 cacuminatur.
2939 731 3182 791 Summae
3220 747 3402 792 autem
3439 737 3625 795 Maria:
3659 740 3814 803 suus

2199 837 2353 885 torus
2377 826 2719 898 receptabilis
2770 827 3127 900 sequentibus
3158 827 3330 900 signis
3351 829 3682 888 declaratur.

2269 948 2399 1005 CAP.
2417 946 2770 1003 XVII-XXII.
2807 945 2963 1006 Caeca
2986 948 3315 1006 illuminata.
3328 948 3655 1009 —Necdum
3674 962 3796 1009 erat

2196 1048 2386 1115 crypta
2441 1041 2617 1113 regia
2653 1036 2916 1112 perfecta,
2966 1050 3023 1097 et
3072 1042 3277 1114 reginae
3339 1052 3546 1100 nostra:
3603 1045 3793 1101 arrisit

2197 1133 2393 1202 gratia.
2416 1131 2558 1188 Erat
2601 1133 2746 1188 alma
2775 1132 2893 1190 dies
2919 1132 3259 1201 Palmarum,
3289 1134 3344 1189 in
3370 1150 3483 1206 qua
3530 1134 3656 1191 Filii
3688 1134 3791 1193 Dei

2194 1232 2251 1277 et
2272 1224 2359 1279 sui
2384 1223 2630 1279 mundus
2650 1223 2960 1279 celebrabat
2980 1223 3342 1295 triumphum.
3372 1224 3524 1281 Fecit
3547 1224 3791 1283 Ecclesia

2192 1315 2393 1373 festiva
2412 1315 2677 1372 ﬂoridam
2720 1325 2778 1373 et
2818 1317 3114 1387 palmatam
3149 1317 3582 1387 procedentem,
3608 1318 3793 1375 susei-

2195 1409 2352 1481 piens
2405 1423 2569 1464 suum
2620 1424 2749 1466 eum
2794 1408 3037 1480 antiquis
3090 1406 3534 1480 Hierosﬂymitis
3582 1422 3789 1481 regem,

2195 1498 2339 1569 apud
2365 1498 2619 1557 homines
2663 1499 2838 1556 asello
2863 1499 3166 1566 sedentem,
3209 1508 3266 1555 et
3288 1514 3465 1569 super
3500 1500 3788 1557 cherubim

2195 1590 2337 1647 coelo
2378 1601 2718 1663 regnantem.
2754 1590 2965 1648 interea
3008 1606 3151 1648 anus
3194 1593 3448 1663 quadam
3496 1592 3787 1653 oculorum

2192 1684 2441 1740 eazeitate
2460 1693 2516 1740 et
2537 1684 2751 1741 diutina
2776 1682 3100 1759 aegritudine
3128 1683 3408 1751 tribulata,
3430 1683 3547 1740 sola
3570 1700 3790 1741 reman-

2196 1786 2344 1832 serat
2366 1776 2421 1832 in
2448 1784 2637 1849 crypta
2674 1791 2804 1834 cum
2848 1774 3156 1839 Salvatoris
3180 1775 3446 1849 genitrice
3478 1790 3547 1833 ac
3591 1778 3786 1835 mundi

2193 1870 2485 1927 salvatrice
2531 1868 2721 1926 Maria.
2766 1869 3023 1927 Miserata
3052 1877 3141 1925 est
3179 1879 3355 1925 mater
3393 1869 3787 1928 misericordia:

2191 1959 2405 2015 misera:
2428 1958 2815 2025 calamitatem,
2844 1968 2903 2016 et
2925 1969 3052 2017 ante
3072 1970 3349 2032 peractam
3373 1960 3784 2031 processionem

2189 2067 2348 2108 caecae
2376 2052 2609 2109 reddidit
2631 2052 2918 2110 oculorum
2965 2053 3173 2121 lumen,
3202 2061 3258 2108 et
3286 2052 3564 2125 languidae
3586 2054 3785 2124 reliqui

2189 2142 2440 2212 corporis
2480 2142 2699 2214 plenam
2749 2141 3097 2213 sospitatem,
3145 2151 3252 2198 etc.
3289 2138 3596 2213 Sequuntur
3637 2160 3787 2199 com-

2188 2231 2348 2303 plura
2369 2232 2653 2301 miracula,
2677 2248 2795 2305 qua:
2819 2232 3013 2289 ridesis
3048 2232 3193 2304 apud
3224 2230 3633 2288 Bollandianos.

2260 2364 2389 2421 Car.
2417 2363 2609 2435 XXIII,
2633 2365 2826 2421 XXIV.
2846 2366 2951 2422 Alii
2970 2366 3098 2423 item
3119 2365 3297 2435 fratri,
3322 2383 3438 2424 sevo
3455 2375 3511 2423 ct
3530 2368 3786 2425 moribus

2187 2458 2523 2528 venerabili,
2569 2459 2794 2515 nomine
2837 2457 3102 2531 Gregorio
3153 2458 3391 2531 quadam
3442 2470 3603 2517 nocte
3655 2470 3787 2517 ante

2187 2562 2489 2609 nocturnos
2517 2552 2754 2624 hymnos
2800 2551 2981 2609 adhuc
3026 2552 3228 2622 sopito,
3279 2553 3426 2609 clare
3456 2554 3681 2609 auditur
3713 2555 3787 2610 ab

2186 2646 2377 2702 eadem
2401 2656 2593 2718 crypta
2632 2644 2773 2700 mira
2804 2660 3055 2715 supernae
3098 2645 3403 2701 harmoniae
3451 2646 3784 2713 modulatio,

2186 2739 2325 2797 adeo
2363 2749 2427 2799 ut
2452 2756 2564 2811 pra:
2593 2736 2685 2795 illo
2710 2738 2859 2796 dulci
2888 2754 3026 2797 sono
3069 2750 3458 2812 expergeretur
3485 2755 3514 2794 a
3558 2755 3783 2809 somno,

2188 2829 2519 2897 Quiesoebat
2548 2844 2691 2901 aeger
2728 2838 2882 2896 tunc,
2912 2837 2977 2885 ιιι
3021 2828 3185 2885 hodie
3215 2838 3397 2897 tcuus,
3438 2829 3496 2884 in
3528 2829 3786 2886 infirmo-

2189 2937 2311 2980 rum
2338 2922 2471 2980 cella
2497 2920 2662 2978 fronti
2685 2931 2740 2977 et
2765 2922 2867 2995 ipsi
2899 2931 3103 2995 cryptae
3144 2923 3465 2979 monasterii
3497 2922 3781 2994 contigua.

2187 3012 2411 3071 Rcsidet
2460 3015 2675 3071 auditor
2725 3012 2925 3071 lectulo
2969 3023 3027 3070 et
3087 3015 3403 3082 auscultat,
3453 3006 3788 3071 cantabatur

2189 3106 2448 3175 oilieium,
2476 3108 2624 3179 quod
2669 3107 2744 3164 ibi
2787 3106 3035 3179 quotidie
3065 3107 3120 3163 in
3156 3109 3388 3180 gratiam
3417 3106 3660 3180 Virginis
3684 3109 3789 3163 de—

2112 3193 2158 3257 C
2188 3201 2336 3257 votio
2369 3200 2599 3257 fratrum
2626 3200 2874 3258 assiduat
2903 3219 2915 3256 :
2950 3198 3126 3268 Salve,
3158 3211 3346 3256 sancta
3372 3218 3583 3272 parens,
3619 3202 3789 3256 enixa

2187 3309 2449 3364 puerpera
2482 3310 2673 3365 regem,
2700 3302 2755 3349 et
2782 3302 2978 3350 caetera
3003 3309 3179 3364 usque
3205 3292 3258 3349 in
3284 3294 3468 3362 finem,
3499 3295 3554 3348 in
3581 3293 3790 3349 sa’cula

2184 3380 2522 3440 «sculorum.
2551 3382 2787 3441 Putabat
2816 3385 2907 3441 ille
2936 3385 3225 3442 matutinis
3270 3386 3500 3457 expletis
3532 3402 3787 3442 conven-

2185 3485 2303 3534 tum
2332 3475 2564 3534 fratrum
2596 3487 2876 3533 assuetam
2905 3478 3134 3534 missam
3169 3478 3466 3545 celebrare,
3500 3479 3605 3533 nisi
3630 3479 3789 3549 quod

2186 3567 2466 3639 stupidum
2500 3566 2761 3623 reddebat
2804 3567 3050 3623 inaudita
3096 3569 3251 3639 prius
3304 3568 3550 3625 suavitas
3594 3569 3789 3624 cauti-

2185 3656 2342 3714 lente.
2391 3657 2693 3715 Festinavit
2740 3658 3008 3715 interesse
3038 3658 3244 3727 missae,
3270 3660 3419 3715 venit
3459 3661 3528 3715 ad
3572 3662 3791 3716 ostium

2185 3759 2407 3822 cryptat,
2448 3750 2658 3806 invenit
2693 3750 3038 3807 obstructum
3077 3751 3229 3807 clave
3275 3762 3331 3807 et
3362 3761 3538 3818 vecte,
3571 3762 3793 3809 stratus

2186 3844 2419 3900 fratrum
2467 3842 2736 3915 explorat,
2782 3853 3011 3901 cunctos
3052 3860 3219 3916 sopor
3266 3846 3411 3901 altus
3440 3846 3695 3912 habebat,
3727 3855 3797 3903 et

2179 3937 2294 4009 jam
2322 3937 2604 4007 inexperta
2634 3936 2867 3992 melodia
2893 3938 3125 3993 tacebat.
3166 3936 3321 3994 Unde
3349 3939 3581 3994 necdum
3606 3948 3792 4006 mota,

2183 4036 2241 4084 ct
2286 4035 2473 4100 postea
2498 4035 2689 4082 sonata
2739 4026 2896 4097 signa
2954 4028 3352 4083 matutinurum
3402 4038 3612 4084 certum
3669 4029 3793 4084 sibi

2184 4119 2381 4176 dedere
2408 4118 2805 4185 testimonium,
2833 4118 2980 4190 quod
3020 4120 3344 4176 mortalibus
3370 4120 3795 4179 dormientibus

2185 4212 2463 4269 cmlestem
2488 4210 2721 4267 audierit
2745 4220 3095 4268 concentum.
3128 4210 3354 4268 Summa
3395 4213 3582 4285 itaque
3612 4215 3799 4269 devo—

2186 4306 2335 4361 tione
2359 4315 2444 4361 est
2474 4304 3044 4371 animadvertendum,
3072 4308 3216 4377 quod
3245 4306 3360 4380 [ad]
3397 4316 3618 4363 nostros
3653 4323 3802 4363 can-

2187 4402 2296 4463 tus,
2329 4394 2559 4450 resultet
2584 4395 2791 4451 chorus
2815 4395 3146 4462 cmlestium,
3172 4406 3227 4451 et
3248 4398 3491 4468 reginam
3523 4397 3645 4453 (εοειί
3676 4398 3799 4455 line

2186 4486 2466 4558 dignatam
2496 4488 2629 4542 dare
2679 4486 2964 4555 indicium,
3016 4503 3075 4544 se
3121 4506 3273 4545 more
3308 4490 3479 4548 nostri
3524 4492 3798 4563 obsequii

2189 4579 2416 4635 salutari
2497 4590 2553 4636 et
2621 4580 2833 4637 laudari
2907 4581 3121 4653 dignari
3209 4583 3461 4641 cantibus
3541 4600 3798 4655 supero-

2188 4686 2332 4739 rum,
2361 4681 2466 4728 etc.

2257 4801 2387 4858 ΟΜ).
2403 4800 2571 4870 XXV,
2588 4803 2677 4858 ΧΧ
2693 4803 2776 4859 Vl.
2801 4805 2987 4861 Sancti
3016 4822 3043 4861 e
3065 4806 3222 4861 veteri
3244 4806 3469 4862 ecclesia
3500 4809 3800 4867 translati.

2187 4892 2461 4949 Lamberti
2490 4896 2651 4966 rpisc.
2683 4896 2993 4952 Cantuariw
3034 4898 3252 4952 uirtutes
3297 4908 3348 4953 et
3395 4900 3683 4955 miracula.
3711 4932 3807 4944 -—

2186 4986 2324 5041 Cum
2354 4986 2519 5058 igitur
2542 5002 2707 5060 super
2732 5000 2978 5060 cryptam
3010 4989 3338 5046 retedillcata
3365 5000 3419 5046 et
3450 5001 3642 5061 parata
3676 4993 3762 5049 ba
3783 5024 3804 5037 -

2184 5079 2340 5136 silica
2374 5080 2573 5136 fratres
2606 5081 2658 5135 in
2690 5081 2861 5136 choro
2889 5097 2991 5137 suo
3033 5084 3101 5139 ad
3132 5084 3346 5141 divinas
3397 5084 3585 5140 laudes
3624 5100 3806 5142 rece-

2184 5172 2374 5244 pisset,
2440 5173 2711 5243 reliquum
2757 5188 2959 5244 corpus
3005 5185 3309 5232 veternosae
3369 5176 3615 5232 ecclesia:
3663 5177 3807 5251 jam

2183 5266 2411 5322 ruiturae
2454 5281 2620 5335 supra
2670 5275 3009 5323 memoratus
3065 5268 3236 5325 abbas
3295 5268 3658 5338 Seotlandus,
3713 5288 3810 5330 ne

2182 5376 2346 5430 quem
2373 5360 2653 5426 obrueret,
2680 5375 2881 5429 parans
2907 5361 3145 5425 diruere.
3170 5371 3487 5419 sanctorqu
3518 5378 3809 5437 corpora,

2182 5454 2386 5525 quibus
2420 5463 2535 5509 tota
2562 5461 2682 5508 erat
2710 5454 2890 5524 plena,
2923 5464 3079 5509 curat
3103 5456 3256 5525 prius
3291 5471 3506 5512 eruere.
3537 5456 3616 5512 De
3657 5459 3812 5528 plu-

2184 5548 2342 5603 rimis
2361 5547 2679 5603 eiectissimi
2712 5547 2888 5619 primo
2912 5546 3320 5605 transferuntur
3350 5550 3597 5621 quinque
3630 5550 3814 5608 Can-

2184 5639 2377 5694 tuariae
2403 5640 2841 5708 archiprmsules,
2872 5639 3017 5693 velut
3036 5640 3279 5710 quinque
3310 5640 3608 5696 Dominicaa
3638 5645 3814 5701 auia

2183 5740 2466 5801 prmtores,
2504 5732 3027 5801 pneclucntissimus
3052 5733 3261 5788 scilicet
3281 5749 3346 5789 ac
3385 5735 3813 5795 sanctissimus

2185 5823 2527 5889 Theodorus,
2558 5824 2755 5895 suique
2795 5824 2968 5880 sancti
3005 5840 3358 5883 successores
3396 5825 3811 5901 Brituvaidua,
