3972 6296
147 319 217 376 ιι
1068 326 1245 386 HlST.
1288 327 1680 388 TRANSLAT.
1721 331 1780 388 S.
1823 331 2292 390 AUGUSTINI.—
2312 332 2440 391 LIB.
2481 335 2543 390 ll.
3380 341 3450 396 ιε

141 434 486 503 Tatnvinus,
532 435 892 508 Nothelmus,
943 438 1272 498 Lambertus
1318 443 1453 516 (3f).
1503 444 1754 518 Longum
1782 450 1832 510 Α
1859 446 2115 517 plumbea
2157 447 2248 503 illa
2288 458 2639 506 sacrosancta
2667 449 2895 522 pignora
2937 453 3302 512 attentissime
3347 472 3449 528 pro

137 537 237 584 est
259 528 328 584 de
356 528 590 602 singulis
610 532 815 600 dicere,
839 548 967 589 cum
1000 533 1057 588 in
1083 533 1428 607 singulorum
1454 537 1757 596 elevatione

137 622 348 676 merita
391 623 735 694 singulorum
765 639 1005 695 superna
1027 626 1328 696 prodiderit
1358 626 1658 700 fragrantia
1691 646 1756 688 ac

133 717 420 769 virtutum
452 715 748 772 evidentia.
781 715 971 773 Primo
997 727 1183 774 autem
1207 727 1262 776 et
1287 721 1480 778 ultimo
1503 739 1604 779 sua
1635 740 1756 780 mo-

135 813 245 858 net
298 805 475 876 gratia
520 807 810 877 paululum
855 808 1225 880 suppeditare.
1286 809 1633 882 Lambertus,
1685 830 1752 870 ex

133 895 552 966 Augustinensi
598 899 797 955 abbate
844 899 901 954 in
945 898 1402 958 Cantuariensem
1447 905 1752 976 archipm-

138 989 329 1042 sulem
353 999 698 1062 assumptus,
732 992 934 1048 multas
957 993 1370 1063 persecutiones
1395 1006 1619 1066 propter
1662 997 1754 1068 ju-

143 1080 361 1136 stitiam
385 1091 470 1139 est
485 1099 706 1154 passus.
737 1083 883 1140 Inter
907 1085 1014 1140 alia
1037 1094 1279 1156 coeperat
1298 1103 1394 1142 rex
1423 1086 1751 1146 Merciorum

147 1170 270 1227 Otl'a
314 1172 786 1231 Dorobernensem
819 1175 1355 1248 archiepiscopatum
1391 1177 1448 1234 in
1475 1179 1561 1236 sui
1599 1181 1752 1252 regni

149 1266 454 1335 primatum
499 1267 568 1322 ad
607 1266 1042 1324 Lichfeldensem
1083 1268 1386 1325 Ecclesiam
1430 1271 1749 1340 transferre,

154 1359 330 1413 utubi
363 1359 431 1415 de
457 1369 656 1416 caetero
689 1360 832 1417 foret
882 1370 1050 1433 caput
1097 1361 1470 1440 Ecclesiarum
1519 1364 1748 1436 Angliie,

151 1459 345 1506 contra
397 1460 717 1523 perpetuam
767 1453 976 1510 scilicet
1030 1455 1414 1511 auctoritatem
1459 1455 1751 1527 primitivze

154 1541 520 1599 institutionis
566 1544 710 1600 beati
755 1561 914 1616 papae
953 1544 1226 1616 Gregorii.
1264 1545 1484 1602 Restitit
1511 1547 1751 1618 armiger

151 1629 358 1689 Christi
384 1633 714 1692 Lambertus
742 1635 800 1692 in
830 1637 1034 1692 virtute
1061 1635 1249 1704 Helia,
1280 1647 1334 1694 et
1361 1637 1503 1694 inter
1524 1638 1748 1694 crebras

155 1740 343 1797 regum
381 1727 565 1784 minas
589 1744 657 1784 ac
683 1729 959 1800 repulsas,
1007 1737 1172 1801 atque
1200 1730 1398 1787 itiones
1429 1729 1746 1802 frequentes

1858 538 2093 610 gemmis
2125 540 2347 610 optimis
2371 541 2630 608 collecta;
2662 541 2912 597 induitur
2953 545 3244 615 praecipuis
3277 563 3446 604 orna-

1857 630 2044 697 tibus;
2104 631 2407 702 imponitur
2454 631 2656 689 feretro
2707 649 2740 689 a
2795 635 3015 691 duobus
3055 653 3221 707 quam
3257 640 3449 699 leviter

1855 719 2142 789 fratribus,
2175 739 2368 780 verum
2395 739 2505 781 non
2530 740 2594 781 ea
2623 726 2841 782 levitate
2871 727 3114 784 effertur.
3161 728 3449 790 lntonatur

1856 815 2177 886 responsale
2235 818 2613 886 praeconium;
2677 820 2925 889 procedit
2973 822 3222 878 solemne
3273 825 3444 880 colle-

1855 907 2003 978 gium
2028 925 2043 972 ;
2073 908 2338 964 invadunt
2356 911 2514 968 electi
2549 921 2786 982 quatuor
2811 911 3012 970 fratres
3053 919 3441 986 exponendum

1855 997 1995 1054 lucis
2025 998 2336 1070 ferculum;
2381 1003 2552 1060 haeret
2587 1004 2740 1059 humi
2771 1004 2925 1076 gleba
2965 1007 3127 1077 quasi
3177 1008 3442 1064 radicata.

1854 1088 2175 1161 Duplicatur
2221 1093 2530 1162 auxilium;
2583 1097 2836 1152 nituntur
2876 1097 3006 1154 totis
3052 1099 3263 1156 viribus
3312 1117 3443 1156 cum

1852 1182 2110 1252 precibus
2139 1191 2196 1238 et
2237 1185 2456 1242 octonis
2495 1187 2745 1243 humeris
2785 1189 2872 1243 vix
2901 1191 3267 1259 ‘assumitur;
3315 1209 3444 1264 gra-

1853 1273 2079 1330 vissime
2108 1275 2379 1344 evehitur,
2403 1287 2604 1333 etcum
2645 1296 2864 1335 summo
2886 1281 3073 1337 labore
3097 1284 3187 1338 vix
3213 1284 3282 1339 ad
3316 1300 3440 1355 gra-

1851 1364 1955 1420 dus
2009 1366 2333 1438 presbyterii
2388 1369 2724 1438 pervenitur.
2782 1368 2862 1425 lbi
2911 1370 3130 1427 tandem
3190 1373 3438 1428 omnium

1851 1455 2143 1514 ferentium
2165 1460 2250 1515 vel
2275 1462 2719 1517 succurrentium
2745 1471 2982 1519 conatus
3025 1473 3081 1519 et
3107 1465 3274 1520 robur
3301 1481 3438 1521 con-

1849 1550 2018 1618 cidit;
2044 1567 2186 1608 onus
2215 1552 2640 1623 praeponderans
2661 1569 2858 1611 omnes
2888 1555 3008 1611 fixit
3033 1575 3046 1610 :
3072 1573 3293 1629 quoque
3321 1559 3440 1628 plu-

1849 1657 1939 1699 res
1962 1653 2362 1709 successerant,
2387 1644 2729 1710 eo.inaniori
2755 1646 2881 1702 nisu
2926 1649 3249 1705 anhelantes
3291 1652 3442 1705 velut

1849 1734 2132 1790 exanimes
2159 1733 2414 1789 reddidit.
2438 1732 2670 1805 Jamque
2701 1733 2970 1790 obruendi
2993 1745 3153 1791 erant
3184 1751 3285 1790 sua
3316 1752 3438 1792 sar-

155 1792 609 1890 ad'apostolicam
643 1792 834 1878 Romae
856 1792 1325 1890 reclamationem,
1359 1792 1581 1878 tandem
1624 1823 1745 1894 pal-
1777 1792 1824 1852 Β
1849 1827 1994 1894 cina,
2018 1843 2145 1884 cum
2187 1827 2407 1883 tandem
2435 1827 2505 1882 ad
2535 1792 2730 1898 preces
2753 1836 2810 1883 et
2851 1827 3125 1900 lacrymas
3162 1828 3437 1896 conversi,

158 1922 302 1963 mam
348 1910 486 1981 justi
534 1912 810 1983 primatus
836 1912 908 1968 ad
953 1913 1233 1985 propriam
1285 1913 1494 1971 revexit
1539 1915 1744 1970 sedem.

1845 1929 2037 1991 pectus
2059 1919 2305 1988 tundere,
2330 1919 2709 1992 indignitatem
2731 1936 2890 1977 suam
2915 1935 3196 1986 accusare,
3219 1920 3440 1976 veniam

151 1995 252 2054 Cui
285 2000 434 2057 inter
466 2002 567 2060 has
592 2003 841 2075 aliasque
881 2003 1158 2076 praeclara:
1183 2005 1491 2062 sanctitatis
1515 2005 1747 2062 virtutes
1845 2026 2096 2083 poscere,
2118 2013 2560 2069 emendationem
2585 2015 2710 2070 vita:
2735 2012 3002 2084 spondere
3022 2027 3239 2084 coepere
3265 2030 3279 2067 :
3315 2020 3442 2066 tan-

148 2099 298 2149 tanta
327 2094 434 2151 fuit
459 2095 727 2152 virtutum
771 2097 1118 2155 thesauraria
1159 2098 1466 2164 humilitas,
1489 2105 1553 2153 ut
1575 2113 1635 2154 se
1651 2098 1746 2169 ju—
1846 2113 1965 2160 tum
2010 2113 2240 2162 sanctus
2265 2112 2546 2177 pateretur
2577 2104 2759 2161 eﬂerri
2793 2120 2872 2162 se.
2919 2103 3016 2160 His
3057 2104 3148 2160 ille
3188 2104 3439 2175 placatus

144 2184 302 2244 heret
331 2187 390 2242 in
411 2189 672 2260 capitolio
698 2189 931 2246 fratrum
959 2191 1105 2262 apud
1140 2191 1518 2262 primicerium
1541 2192 1753 2262 Augus—
1848 2197 2015 2262 votis,
2039 2196 2303 2252 continuo
2329 2197 2394 2250 fit
2423 2196 2580 2262 levis,
2615 2205 2671 2252 et
2714 2195 2782 2252 ad
2817 2195 3120 2267 principale
3148 2196 3320 2252 altare
3359 2195 3441 2249 lo-

152 2279 345 2335 tinum
373 2291 502 2350 post
533 2281 743 2336 obitum
767 2282 1054 2349 tumulari,
1095 2282 1382 2352 indignum
1408 2297 1470 2338 se
1498 2282 1755 2353 judicans
1852 2298 2093 2353 cumque
2120 2291 2376 2352 paratum
2406 2291 2651 2354 gestatur
2693 2298 2726 2337 a
2768 2284 2980 2352 paucis,
3005 2283 3100 2353 qui
3124 2284 3288 2354 paulo
3312 2291 3442 2339 ante

158 2368 218 2422 in
249 2379 578 2426 sanctorum
622 2373 884 2438 ecclesia,
940 2381 996 2428 et
1040 2373 1184 2428 inter
1227 2381 1310 2429 tot
1349 2373 1756 2430 sacratissimos
1855 2388 1967 2429 non
1993 2381 2209 2444 poterat
2235 2388 2264 2428 a
2295 2373 2530 2429 cunctis.
2566 2371 2836 2428 Mirantur
2865 2372 3165 2444 gaudenter
3189 2372 3284 2428 Dei
3308 2383 3445 2429 tem-

171 2475 532 2529 przecessores
555 2479 688 2520 suos
740 2464 1030 2535 pontifices
1072 2464 1309 2522 admitti.
1355 2462 1434 2521 ita
1464 2481 1590 2522 eum
1632 2475 1755 2538 post
1853 2465 2004 2536 plum
2027 2472 2082 2520 et
2107 2463 2348 2534 Spiritus
2375 2463 2553 2520 sancti
2586 2463 2965 2518 habitaculum
3002 2472 3114 2528 tam
3151 2478 3316 2534 grave
3347 2478 3446 2518 va-

169 2551 326 2606 flnem
363 2555 417 2610 in
441 2556 700 2626 capitolia
725 2557 862 2630 (52),
899 2557 1046 2614 velut
1067 2558 1351 2630 abjectiori
1386 2559 1529 2627 loco,
1563 2561 1750 2630 sepul-
1849 2557 1990 2623 ruis,
2018 2563 2129 2611 tam
2163 2570 2333 2612 suave
2355 2555 2568 2611 devotis
2591 2555 2863 2612 effectum.
2894 2553 3230 2611 Reconditur
3257 2555 3445 2626 itaque

168 2651 279 2699 tum
332 2661 475 2718 saepe
517 2647 691 2704 effusa
737 2649 975 2720 desuper
1012 2651 1262 2707 :etheme
1303 2652 1443 2708 lucis
1492 2653 1745 2708 columna
1848 2647 1904 2703 in
1930 2647 2125 2704 dextro
2149 2647 2323 2703 latere
2363 2647 2555 2703 altaris
2589 2646 2645 2702 in
2693 2647 2883 2702 tumba
2907 2654 3120 2718 parata,
3150 2646 3206 2702 in
3252 2661 3362 2718 qua
3406 2661 3440 2702 a

167 2722 367 2792 cmleéti
413 2739 626 2795 honore
670 2749 988 2797 sanctorum
1022 2742 1274 2812 probavit
1299 2743 1545 2816 dignum.
1577 2744 1748 2800 Cum-
1815 2741 2066 2798 .duobus
2109 2749 2325 2798 tantum
2371 2739 2638 2798 fratribus
2674 2739 2969 2811 deponitur
3011 2754 3136 2795 cum
3184 2739 3441 2809 plumbea

168 2843 269 2898 que
312 2830 458 2887 illum
510 2832 730 2889 tandem
775 2842 1000 2904 propter
1045 2834 1164 2890 haec
1212 2843 1269 2890 et
1314 2836 1423 2891 alia
1480 2836 1744 2894 miracula
1848 2832 2030 2888 theca.
2057 2830 2274 2904 Reliqui
2305 2845 2529 2902 quoque
2563 2838 2800 2902 quatuor
2821 2845 2990 2901 supra
3015 2827 3284 2884 nominati
3315 2843 3444 2885 san-

169 2932 398 2979 reserato
442 2923 606 2980 busto
649 2924 704 2980 in
751 2925 987 2982 ecclesia
1027 2925 1437 2983 recondendum
1487 2938 1748 2985 curarent

169 3009 367 3076 efferre,
397 3021 580 3070 totum
608 3015 850 3088 undique
873 3016 1176 3073 claustrum
1205 3017 1438 3074 mirifice
1467 3019 1748 3076 redolebat

170 3106 426 3164 nardifluo
489 3110 866 3182 thymiamate.
909 3110 989 3167 lbi
1032 3112 1199 3168 etiam
1241 3113 1312 3170 ab
1363 3113 1559 3170 abbate
1599 3114 1746 3172 illius
1773 3141 1818 3204 ρ

169 3201 416 3269 temporis
462 3217 492 3257 a
530 3203 726 3260 dextro
763 3204 936 3261 latere
973 3205 1166 3262 altaris
1203 3206 1323 3277 ipso
1362 3207 1746 3263 venerabiliter

171 3292 415 3361 reposito,
441 3295 602 3351 solita
635 3297 790 3365 signa
820 3297 1228 3354 comitabantur
1251 3297 1439 3354 favore
1464 3315 1744 3370 supremo;

169 3396 284 3452 quae
323 3400 470 3443 nunc
513 3387 860 3458 praeterimus
909 3389 1154 3445 taediosis
1206 3389 1500 3460 parcendo.
1567 3388 1746 3446 Unam

170 3484 364 3534 tantum
410 3482 594 3554 ipsius
649 3482 1028 3540 subnectimus
1082 3482 1597 3550 revelatiunculam,
1635 3499 1746 3556 qua

168 3571 438 3638 probemus
497 3575 619 3646 ejus
664 3583 983 3646 perpetuam
1023 3590 1190 3646 super
1235 3591 1352 3632 suae
1399 3575 1748 3634 dormitionis

167 3661 488 3724 domicilium
519 3669 884 3740 vigilantiam,
915 3678 1017 3726 etc.

233 3752 356 3810 Cn.
371 3757 589 3814 XXVII.
615 3757 675 3814 S.
693 3758 1638 3820 Theodorus.-—Prienominatissimi
1652 3780 1752 3820 au-

177 3852 273 3901 tem
289 3847 557 3908 Theodori
573 3859 784 3908 remoto
803 3851 858 3906 in
881 3853 1243 3907 translatione
1263 3854 1463 3910 tumbae
1473 3857 1753 3926 operculo,

178 3953 267 3993 sua
295 3944 546 4002 omnibus
578 3944 785 4004 affatim
813 3943 1081 4001 satisfecit
1103 3945 1460 4013 thurificatio,
1507 3946 1581 4003 ita
1612 3957 1674 4004 ut
1699 3948 1754 4004 in

180 4028 454 4091 claustrum
487 4036 727 4092 fratrum
756 4036 922 4093 etiam
949 4037 1068 4094 haec
1093 4045 1411 4109 erumperet
1437 4038 1750 4096 oblectatio.

180 4116 399 4192 iacebat,
449 4130 524 4184 uti
587 4143 620 4184 a
673 4129 976 4200 primordio
1019 4139 1140 4186 erat
1185 4129 1491 4202 depositus,
1544 4131 1754 4203 integra

187 4208 363 4284 forma,
397 4221 804 4292 metropolitani
837 4221 1130 4278 sacerdotii
1157 4223 1344 4293 pallio,
1371 4231 1429 4278 et
1457 4223 1756 4280 monachili

188 4307 377 4364 tantum
404 4312 678 4370 obductus
701 4313 936 4370 cuculla.
966 4313 1139 4370 Tanta
1170 4324 1291 4371 erat
1317 4315 1491 4387 gratia
1517 4323 1578 4370 ut
1609 4316 1758 4372 arbi-

189 4397 405 4453 traretur
423 4403 605 4459 adhuc
634 4402 810 4459 solida
843 4403 1026 4476 vigere
1041 4419 1230 4471 carne,
1255 4412 1311 4460 et
1341 4405 1606 4476 appositis
1637 4421 1756 4461 rna-

1845 2925 1919 2981 cti
1949 2925 2036 2980 Sui
2061 2939 2414 2982 successores
2433 2932 2490 2979 et
2512 2923 2824 2994 coepiscopi
2851 2923 2983 2978 dum
3010 2920 3439 2988 transferuntur,

1847 3015 2014 3087 cujus
2040 3022 2228 3071 essent
2269 3015 2452 3070 meriti
2479 3029 2546 3069 ex
2576 3013 2764 3070 odoris
2785 3013 2985 3068 virtute
3014 3013 3353 3084 produntur;
3382 3010 3440 3067 in

1847 3112 2050 3184 quibus
2078 3110 2375 3167 Dominum
2405 3109 2695 3166 suavitatis
2736 3116 3055 3182 perpetuam
3094 3107 3439 3164 mansionem

1847 3204 2066 3271 fecisse,
2122 3203 2321 3275 suique
2377 3203 2584 3259 amoris
2630 3202 2916 3258 incensum
2957 3215 3235 3270 cremasse
3288 3207 3441 3255 mota

1847 3297 2096 3369 ipsorum
2139 3298 2612 3371 sarcophagornm
2667 3294 3113 3368 thymiamateria
3168 3294 3440 3366 praedica-

1857 3405 1994 3448 vere.

1921 3483 2049 3541 Car.
2079 3483 2319 3541 XXVIII.
2359 3483 2725 3542 Ethelbert”
2775 3500 2887 3540 rex.
2933 3495 3214 3538 petamus.
3248 3482 3436 3540 Berta.

1871 3576 2170 3634 Ethelberti
2187 3578 2323 3649 regis
2334 3576 2538 3632 laudes.
2547 3575 2818 3630 Ecclesia;
2828 3573 3042 3645 fundat.
3061 3573 3443 3628 Monasterium

1860 3666 2230 3738 $.Augustini.
2253 3665 2398 3720 Petri
2429 3665 2638 3722 abbatis
2653 3663 2933 3718 sanctitas.
2969 3660 3106 3732 Ejus
3132 3663 3441 3716 monasterii

1851 3759 1995 3813 laus.
2041 3757 2198 3827 Regis
2231 3773 2394 3811 mort.
2445 3755 2598 3811 Inter
2621 3763 2835 3810 sanctos
2869 3753 3068 3809 cultus.
3092 3752 3444 3809 —Transla-

1855 3861 1947 3908 tus
1971 3859 2056 3907 est
2092 3849 2258 3905 etiam
2290 3857 2514 3906 sanctus
2556 3865 2621 3906 ac
2648 3847 2760 3905 Deo
2799 3847 3054 3906 amabilis
3092 3863 3188 3905 rex
3228 3845 3445 3904 Ethel-

1856 3946 2051 4003 bertus
2095 3943 2210 4016 (55)
2246 3942 2536 4015 apostolici
2580 3943 2769 4014 templi
2815 3950 2877 3998 ut
2916 3942 3130 4014 primus
3169 3940 3442 4008 conditor,

1857 4037 1932 4094 ita
1977 4043 2275 4109 perpetuus
2305 4034 2483 4091 haeres
2521 4042 2580 4090 et
2633 4049 2944 4106 possessor,
2992 4033 3188 4089 tertius
3218 4032 3446 4104 quidem

1856 4149 2049 4205 regum
2125 4130 2462 4203 Anglorum,
2512 4129 2608 4186 sed
2670 4129 2884 4201 primus
2956 4143 3224 4184 ascensor
3288 4129 3446 4202 regni

1855 4226 2156 4291 caelorum;
2189 4223 2492 4280 beatissimi
2512 4238 2730 4295 quoque
2763 4221 3040 4283 pontiﬁcis
3064 4219 3282 4277 Letardi
3306 4220 3444 4294 (54),

1858 4312 2022 4383 cujus
2045 4323 2398 4369 sacrosancta
2447 4327 2576 4368 ossa
2599 4311 2810 4383 majora
2835 4311 3008 4368 abbas
3034 4309 3311 4366 Vulfricus
3326 4309 3445 4382 jam

1860 4405 1992 4460 olim
2041 4419 2210 4462 aureo
2253 4403 2464 4461 scrinio
2504 4413 2904 4475 assumpserat,
2952 4403 3221 4474 reliquum
3258 4405 3444 4458 autem

189 4482 334 4544 nibus
358 4489 542 4553 fratres
570 4511 706 4552 eum
735 4496 1042 4552 niterentur
1085 4497 1236 4554 velut
1272 4497 1546 4568 integrum
1591 4514 1755 4555 assu-
1786 4492 1834 4552 D
1859 4498 2108 4570 corporis
2133 4498 2191 4553 in
2229 4497 2568 4569 sarcophago
2601 4504 2963 4554 remanserat.
2995 4494 3100 4552 Sed
3124 4504 3180 4553 et
3221 4509 3445 4552 venerit.

191 4588 341 4634 mere.
370 4581 554 4645 Verum
593 4597 756 4644 antea
781 4589 1042 4646 immotus
1059 4589 1241 4661 pulvis
1263 4589 1592 4660 integritatis
1616 4606 1755 4662 prae-

196 4672 422 4733 tendebat
453 4679 771 4756 imaginem,
820 4689 1001 4738 tactus
1034 4692 1217 4738 autem
1252 4682 1507 4754 probavit
1545 4683 1757 4740 resolu-

197 4759 347 4820 tionis
368 4767 536 4840 fidem,
557 4773 832 4830 resolutio
853 4789 984 4830 vero
1006 4775 1239 4846 gratiam
1268 4775 1578 4832 sanctitatis
1598 4775 1754 4832 addi-

197 4850 269 4908 dit
300 4865 751 4925 venerabiliorem.
802 4865 941 4922 Nam
990 4868 1081 4924 ille
1131 4867 1569 4940 pretiosissimus
1613 4868 1754 4926 cinis

203 4944 369 5013 Blorite
401 4953 561 5015 beata;
585 4959 1014 5017 resurrectionis
1039 4961 1370 5029 destinatus,
1393 4961 1468 5018 ita
1497 4979 1566 5019 ex
1599 4971 1748 5018 tactu

206 5044 466 5104 potentiori
487 5054 746 5114 vei-nabat
785 5051 1077 5124 fragantia,
1123 5061 1184 5109 ut
1215 5069 1284 5110 ex
1330 5053 1525 5110 tritura
1573 5053 1752 5110 solent

212 5142 412 5198 Prorsus
471 5144 705 5203 redolere
761 5153 1028 5201 aromata.
1081 5144 1297 5217 Excipit
1356 5145 1542 5217 itaque
1591 5145 1750 5202 theca

277 5286 381 5368 (31)
426 5293 549 5368 Aliis
586 5299 889 5357 Jambertus
916 5343 933 5368 ,
981 5317 1048 5358 ex
1103 5301 1304 5357 abbate
1358 5301 1752 5368 Augustinensi

217 5350 376 5446 factus
403 5350 962 5446 archiepijseop'uswan,._
983 5350 1631 5446 ‘iifééadh'imam
1657 5373 1752 5446 de:

220 5434 378 5516 (furius
393 5434 590 5516 agnam
613 5434 742 5516 699:
761 5444 834 5499 De
875 5443 997 5500 aliis
1023 5445 1238 5516 egimus
1267 5444 1480 5501 Saecula
1502 5442 1753 5514 sequenti

221 5497 377 5583 adlati.
401 5503 515 5583 1'52,
542 5525 652 5583 pag.
684 5514 808 5569 528.

285 5567 383 5656 ᾖξε)
409 5567 805 5656 Ρέρέὺςόςιιίὺὲ
829 5585 1114 5640 substituit
1142 5601 1242 5656 pro
1266 5585 1368 5641 hac
1408 5600 1563 5652 voce,
1599 5585 1752 5656 capi-

225 5639 351 5761 ii'i.‘
368 5639 462 5699 δαί
478 5639 776 5719 heluium
829 5639 1049 5726 rasam
1076 5639 1251 5713 eam
1295 5639 1563 5712 sacrove

292 5778 389 5850 (55)
430 5783 476 5840 18
502 5788 873 5863 Augustinum,
922 5807 983 5852 ut
1024 5811 1218 5853 omnes
1264 5806 1470 5853 norunt
1541 5799 1596 5853 in
1643 5800 1753 5854 An-

505 5879 762 5950 Parnoa.
797 5891 970 5952 CLV.

1855 4591 1982 4648 bilis
2009 4591 2211 4664 reginae
2239 4589 2414 4646 Bertae
2441 4591 2622 4661 agitur
2646 4589 2936 4645 translatio
2981 4588 3092 4660 pia,
3137 4604 3262 4645 cum
3308 4601 3440 4658 qua,

1855 4693 1913 4740 et
1961 4699 2063 4754 pro
2113 4697 2223 4753 qua
2254 4681 2311 4738 in
2361 4679 2467 4738 fide
2508 4679 2713 4738 Christi
2771 4682 3061 4750 servanda,
3111 4695 3222 4736 non
3262 4677 3447 4733 timuit

1859 4776 1977 4846 ipse
2052 4773 2150 4830 Dei
2205 4773 2409 4830 athleta
2481 4774 2539 4830 in
2599 4775 2705 4831 hac
2746 4775 3059 4832 vastissima
3129 4769 3447 4844 gentilitatis

1856 4864 2196 4936 peregrinari
2212 4879 2279 4921 ac
2307 4879 2532 4922 manere
2556 4863 2834 4922 barbarie.
2864 4863 3129 4922 Iacebant
3152 4863 3208 4918 in
3230 4860 3446 4933 porticu

1855 4959 2159 5016 beatissimi
2217 4959 2470 5030 praesulis
2525 4957 2766 5026 Martini,
2829 4973 2926 5014 rex
2991 4957 3046 5012 in
3109 4956 3304 5014 dextro
3363 4956 3446 5011 la-

1851 5063 1966 5110 tere
1985 5052 2174 5110 altaris
2202 5053 2272 5109 ad
2296 5053 2560 5126 parietem
2591 5051 2910 5108 australem.
2951 5047 3200 5105 Pontifex
3221 5059 3447 5108 econtra

1853 5144 1911 5200 in
1946 5142 2171 5202 sinistro
2201 5143 2270 5200 ad
2299 5143 2638 5216 aquilonem,
2690 5140 2879 5213 regina
2930 5148 3053 5212 post
3101 5155 3303 5213 regem.
3362 5138 3446 5194 Illi

1857 5299 2019 5371 gliam
2043 5298 2430 5371 advenientem
2456 5297 2718 5371 suscepit,
2755 5310 2788 5351 a
2815 5309 2926 5371 quo
2947 5296 3104 5371 et__ad
3148 5294 3308 5350 fidem
3345 5292 3446 5371 ad-

1858 5363 2058 5426 ductus
2101 5379 2206 5426 est.
2235 5369 2373 5426 Vide
2418 5368 2593 5438 ipsius
2621 5363 2927 5438 'Augusiini
2980 5367 3156 5423 Vitam
3197 5383 3317 5436 cap.
3353 5363 3442 5429 l6,

1857 5438 2638 5517 εωρβειεροκιερθεοὸίίς,
2777 5507 2818 5517 _
3019 5507 3091 5517 -..
3274 5515 3284 5517 _
3395 5505 3410 5517 .

1954 5513 2047 5589 μ’)
2075 5511 2151 5589 lle
2175 5526 2242 5589 ep
2273 5507 2432 5589 plura
2481 5508 2731 5566 inferius.
2777 5507 2980 5589 F_ucrat
3015 5507 3444 5589 lS__ilva.riectensis

1856 5583 1914 5639 in
1939 5578 2158 5653 Belgica
2185 5578 2228 5633 ll
2273 5578 2586 5653 episcopus,
2613 5580 2982 5653 quemBerta,
3005 5578 3442 5653 Charibertire-
3523 5643 3526 5648 _

1856 5655 1944 5730 gis
1968 5645 2322 5707 Francorum
2341 5645 2479 5718 filia;
2516 5645 2647 5730 cum
2675 5653 2736 5730 in_
2772 5645 3020 5730 Angliam
3050 5648 3199 5730 venit
3231 5645 3447 5730 Ethel-

1859 5716 2015 5779 berto
2043 5731 2304 5792 nuptura,
2329 5716 2514 5779 secum
2539 5724 2785 5778 adduxit.
2833 5716 2964 5791 Ejus
2992 5717 3265 5778 festivitas
3299 5716 3446 5772 infra

1853 5794 2059 5850 dicitur
2083 5807 2272 5849 mense
2297 5793 2439 5850 Maio
2461 5794 2692 5850 celebris

3038 5881 3080 5939 2
