3990 6298
553 356 623 420 45
1544 337 1902 404 ΟΟΞΟΕΙᾸΝΙ
1939 330 2144 390 CANTI

2246 317 2495 384 ΠΕΝὸῐὸ
2534 319 2840 380 MONACHI
2899 319 2902 322 ‘
3759 315 3822 364 ει

545 474 819 532 habebant
865 467 1057 526 altaria
1100 482 1196 521 sua
1244 465 1311 520 ad
1363 461 1560 518 tumbae
1589 472 1700 512 suae
1732 451 2014 507 verticem.
2055 445 2132 500 De
2161 449 2208 506 Α
2236 443 2442 499 sanctis
2460 437 2830 532 derogant,_in
2856 433 3185 532 exemplum.
3225 431 3354 532 [pecli
3384 430 3631 532 manus
3649 425 3821 528 ipsius

544 562 705 624 beato
758 563 992 618 Lctardo
1043 561 1293 616 dicentur
1340 557 1693 624 imposterum
1748 561 1859 600 non
1904 543 2130 614 posthav

545 659 723 714 benda
751 654 1036 711 miracula.
1090 651 1164 704 De
1209 647 1547 702 Ethelberto
1578 653 1723 694 nunc
1772 644 1979 691 textum
2019 634 2134 689 exi-

548 758 682 820 gunt
729 744 1136 802 evidentissima
1199 755 1295 810 per
1357 735 1604 806 Angliam
1647 729 1875 820 merita;
1927 727 2136 783 scilicet

547 819 696 911 quod
713 839 905 910 Anglia
937 835 1108 892 credit
1128 832 1349 887 Christo
1375 841 1535 883 suum
1563 833 1666 879 est.
1705 819 1978 891 Quidquid
2004 833 2136 889 pro-

549 933 797 988 todoctor
837 927 1178 1000 Augustinus
1228 921 1424 989 suique
1453 914 1951 984 commanipulares
1971 927 2136 967 evan-

550 1024 706 1095 gelici
758 1022 814 1076 in
854 1021 1011 1076 vinea
1054 1026 1106 1072 et
1154 1028 1330 1069 messe
1365 1010 1579 1066 Domini
1635 1007 1934 1079 profecere,
1989 1005 2138 1060 salva

552 1113 903 1185 praeventriee
929 1107 1129 1166 Christi
1165 1105 1359 1176 gratia,
1388 1102 1516 1156 huic
1542 1101 1769 1156 debetur
1800 1099 2000 1170 primo,
2029 1106 2136 1152 etc.

550 1205 870 1261 Construxit
891 1213 985 1272 per
1003 1196 1370 1268 Augustinum
1392 1193 1608 1249 Domini
1638 1191 1938 1247 Salvatoris
1966 1189 2140 1244 eccle-

553 1295 690 1351 siam
724 1303 781 1350 et
824 1289 1350 1358 archiepiscopatum
1401 1284 1457 1338 in
1501 1282 1648 1354 regia
1689 1279 1978 1350 metropoli
2017 1294 2137 1345 sua,

552 1384 646 1438 ubi
686 1384 800 1452 ipse
839 1377 1179 1449 Augustinus
1199 1384 1254 1431 et
1281 1389 1473 1429 omnes
1503 1386 1850 1429 successores
1877 1369 1963 1425 sui
1991 1371 2142 1440 prin-

551 1473 793 1542 eipaliter
847 1467 1234 1540 praasiderent;
1283 1466 1593 1522 construxit
1642 1472 1698 1520 et
1743 1463 2140 1518 monasterium

550 1558 847 1630 principale
877 1566 1028 1613 extra
1077 1557 1232 1611 urbis
1263 1570 1473 1621 muros,
1513 1569 1545 1608 a
1579 1552 1756 1608 fronte
1782 1552 2054 1618 orientali,
2086 1552 2141 1606 in

551 1654 758 1706 honore
787 1650 1095 1721 principum
1121 1648 1496 1719 apostolorum
1525 1645 1672 1701 Petri
1693 1653 1746 1700 et
1766 1643 1942 1710 Pauli,
1972 1645 2066 1698 ubi
2089 1653 2143 1698 et

551 1757 645 1798 rex
691 1750 746 1797 et
794 1739 1037 1812 pontifex
1085 1756 1212 1796 eum
1251 1739 1508 1795 omnibus
1557 1737 1968 1793 successoribus
2024 1736 2142 1792 suis

2236 543 2483 590 sanctum
2513 546 2713 601 corpus
2740 529 2806 582 de
2843 526 3075 581 ecclesia
3123 524 3281 594 ejecit
3329 523 3385 576 in
3421 517 3820 582 emmeterium,

2235 624 2550 694 indignatus
2571 622 2625 675 in
2647 619 2876 675 ecclesia
2908 615 3167 671 honorari
3196 630 3358 683 quem
3391 613 3506 682 ipse
3535 610 3821 672 nescisset,

2236 731 2363 770 eum
2392 713 2558 768 etiam
2588 711 2822 767 nesciret
2855 717 3096 778 quantus
3119 715 3264 761 esset
3291 721 3454 775 quem
3496 704 3824 758 inhonoras-

2236 816 2357 862 set:
2389 807 2483 876 qui
2537 820 2663 865 eum
2708 810 2957 857 censeret
2998 799 3210 870 priores
3243 811 3396 864 suos,
3435 797 3530 867 qui
3573 806 3823 850 sanctum

2237 898 2319 951 sic
2353 898 2778 960 honoraveraut,
2807 907 3040 957 errasse,
3065 905 3166 946 suo
3186 890 3372 960 potius
3408 896 3599 958 captus
3629 896 3715 942 est
3741 903 3826 941 er-

2237 1005 2381 1044 rore.
2424 987 2688 1058 Sequenti
2731 986 2878 1041 enim
2908 992 3064 1040 nocte
3093 999 3218 1038 cum
3249 982 3390 1036 lecto
3419 980 3690 1035 recubans
3733 995 3826 1033 ar-

2238 1089 2455 1152 rogaret
2487 1095 2544 1134 se
2579 1077 2863 1150 magnifice
2903 1076 3121 1142 fecisse,
3157 1075 3250 1145 qui
3281 1073 3566 1128 ecclesmm
3605 1087 3829 1141 purgas-

2240 1181 2324 1227 set
2358 1188 2389 1226 a
2431 1181 2540 1226 tam
2577 1171 2798 1242 ignobili
2829 1170 3040 1235 funere,
3071 1169 3384 1237 supervenit
3409 1165 3462 1218 ei
3491 1174 3710 1234 repente
3738 1163 3830 1218 ab-

2239 1267 2339 1322 bas
2378 1265 2435 1319 in
2476 1264 2686 1320 cuculla
2720 1272 2774 1318 et
2802 1263 3077 1318 cambutta
3107 1262 3260 1315 visus
3303 1257 3613 1314 manifeste.
3653 1255 3827 1322 Quem

2241 1359 2529 1428 increpans
2572 1364 2795 1426 aspectu
2834 1353 3071 1410 terriﬁco
3097 1367 3162 1407 ac
3187 1351 3384 1407 minaci
3421 1349 3702 1414 :Adeone,
3739 1347 3830 1402 in-

2241 1452 2379 1522 quit,
2408 1451 2583 1522 placet
2605 1450 2700 1504 tibi
2726 1449 2873 1520 quod
2902 1463 2991 1503 me
3014 1448 3082 1503 de
3119 1445 3348 1502 ecclesia
3372 1444 3690 1515 projecisti?
3742 1442 3832 1496 ln-

2241 1550 2552 1612 terrogantc
2590 1541 2791 1596 aedituo
2820 1539 3080 1594 exterrito
3115 1539 3240 1608 quis
3283 1545 3428 1592 esset
3453 1554 3469 1590 :
3491 1535 3694 1600 Abbas,
3731 1535 3835 1601 ait,

2243 1649 2386 1702 sum,
2420 1633 2643 1688 nomine
2671 1631 2887 1700 Petrus,
2935 1631 3028 1702 qui
3079 1639 3200 1685 asto
3249 1628 3361 1684 Deo
3415 1637 3641 1684 sanctus
3692 1629 3836 1681 inter

2243 1733 2462 1780 sanctos
2489 1724 2546 1778 in
2579 1723 2934 1778 coelestibus:
2973 1722 3116 1776 unde
3163 1735 3311 1776 nunc
3343 1719 3483 1775 scies
3523 1735 3686 1790 quem
3721 1719 3837 1773 ela-

551 1811 937 1905 ρθινρρωέιίιθιι
963 1833 1388 1902 requiescerent,
1429 1829 1784 1886 orientalium
1817 1839 1999 1883 autem
2039 1826 2142 1882 sa-
2175 1819 2219 1874 B
2246 1817 2525 1872 boraveris
2564 1824 2702 1892 ante
2745 1816 3042 1871 destituere
3090 1829 3254 1886 quam
3285 1828 3637 1905 cognoscere.
3678 1811 3836 1905 Inse-

555 1937 759 1978 xonum
781 1923 1131 1979 beatissimus
1150 1919 1385 1978 Mellitus
1407 1923 1619 1994 primus
1639 1923 1827 1978 docter
1851 1931 1906 1977 et
1932 1922 2141 1992 primus

553 2016 844 2086 episc0pus
873 2015 1114 2082 emicuit,
1144 2031 1308 2086 quem
1343 2015 1474 2071 huic
1501 2014 1647 2086 genti
1680 2022 1872 2069 auctor
1891 2012 2146 2085 Augusti-

555 2123 660 2162 nus
690 2107 837 2163 dedit
862 2121 925 2162 ac
949 2107 1310 2174 consecravit,
1333 2107 1428 2177 qui
1451 2107 1553 2163 sibi
1577 2114 1700 2176 post
1727 2107 1782 2160 in
1812 2121 1972 2161 suum
2009 2120 2144 2175 apo-

557 2197 816 2252 stolatum
847 2197 1041 2254 tertius
1076 2198 1362 2253 successit.
1401 2195 1501 2252 Hic
1522 2211 1742 2268 quoque
1772 2194 2146 2250 Ethelbertus

556 2287 652 2343 Dei
679 2289 889 2345 amicus
917 2289 970 2343 in
995 2289 1168 2360 ipsius
1194 2288 1488 2359 provinciae
1527 2287 1815 2358 metropoli
1859 2286 2145 2341 Lundonia

556 2381 841 2436 ecclesiam
872 2381 1106 2450 apostoli
1141 2379 1316 2447 Pauli,
1363 2395 1486 2451 quae
1515 2380 1717 2435 usitate
1755 2377 2146 2449 Paulcs-Berig

558 2470 878 2540 appellatur,
907 2470 1166 2537 condidit,
1197 2479 1251 2524 et
1294 2471 1361 2525 ad
1401 2471 1542 2524 hanc
1575 2469 1915 2539 episcopium
1949 2467 2146 2538 regali-

559 2568 642 2613 ter
670 2559 798 2615 feeit
825 2574 889 2614 ac
913 2559 1178 2630 provexit.
1220 2557 1481 2614 Similiter
1506 2557 1775 2614 Roﬂ‘ensis
1797 2557 2143 2628 priesulatus,

560 2667 685 2706 cum
729 2652 1011 2722 praesulari
1040 2652 1268 2707 basilica
1309 2651 1453 2706 beati
1505 2650 1736 2705 Andreae
1777 2650 2028 2720 apostoli,
2077 2651 2147 2704 ab

558 2742 678 2812 ipso
701 2742 944 2813 principe
969 2743 1224 2813 primitus
1249 2742 1510 2798 fundatus
1545 2752 1600 2797 et
1634 2741 1962 2797 sufficienter
2001 2742 2146 2797 dita-

557 2845 669 2890 tus.
707 2834 1086 2891 Justissimum
1127 2852 1337 2907 suoque
1369 2835 1590 2891 nomine
1610 2835 1994 2908 dignissimum
2025 2850 2148 2890 sus-

558 2928 701 2997 cepit
728 2925 966 2994 Justum,
997 2944 1160 2998 quem
1198 2928 1324 2984 inde
1368 2927 1801 2983 Dorobernensis
1832 2927 2148 2997 mctmpolis

559 3020 630 3074 ab
648 3020 953 3091 Augustino
987 3021 1286 3092 assumpsit
1321 3030 1600 3092 quartum.
1636 3020 1905 3093 Eligensis
1929 3036 2149 3092 quoquc

564 3112 880 3167 monasterii
915 3113 1031 3182 ipse
1061 3111 1315 3169 fundator
1338 3115 1393 3168 in
1417 3113 1659 3184 antiquis
1687 3114 1893 3170 chartis
1918 3115 2144 3185 legitur;

560 3217 875 3272 quanquam
903 3172 1066 3258 etiam
1094 3205 1252 3260 beata
1285 3201 1443 3277 virgo‘
1459 3172 1833 3272 Ait-heldreda,
1873 3172 1999 3275 post
2030 3172 2150 3259 Ion;
2177 3172 2222 3234 C

561 3308 686 3363 gam
711 3292 1102 3350 desolationem
1145 3311 1326 3363 suam,
1356 3296 1485 3352 hinc
1518 3296 1814 3366 primatum
1851 3304 2146 3349 mereatur.

563 3380 688 3437 Haec
720 3391 775 3436 et
808 3382 915 3437 alia
969 3384 1171 3455 inclyta
1212 3385 1299 3440 vel
1338 3385 1614 3456 pontificis
1671 3385 1755 3440 vel
1797 3385 2147 3451 monasteria,

2241 1907 2426 1979 quitur
2480 1908 2659 1962 minas
2708 1906 2872 1961 effera
2919 1905 3131 1972 multa,
3193 1904 3427 1974 percutit
3480 1918 3545 1958 ac
3602 1902 3840 1972 percutit

2243 1999 2360 2069 ipsa
2388 2014 2556 2070 quam
2605 2013 2770 2052 manu
2801 1998 3049 2068 gestabat
3095 1995 3358 2066 pastorali
3385 1994 3558 2066 virga,
3590 1994 3717 2049 ferit
3750 2011 3841 2050 ea-

2241 2100 2359 2161 put,
2405 2090 2586 2146 tundit
2617 2089 2809 2154 latera,
2837 2097 3170 2158 eonquassat
3195 2089 3379 2143 omnia
3409 2088 3684 2153 membra;
3722 2097 3843 2141 tau~

2243 2181 2388 2246 dem,
2429 2180 2524 2234 illo
2562 2178 2918 2234 semimortua
2953 2187 3008 2234 et
3047 2179 3314 2233 immobili
3361 2179 3576 2246 relicto,
3615 2177 3844 2232 divinus

2244 2272 2392 2326 ultor
2419 2272 2702 2327 abscessit.
2738 2270 2987 2342 Cumque
3015 2272 3298 2327 matutinae
3339 2287 3515 2341 usque
3555 2271 3608 2325 in
3649 2280 3841 2326 ortum

2245 2365 2377 2420 solis
2406 2372 2753 2419 morarentur
2797 2365 3039 2420 sonitore
3084 2365 3362 2431 damnato,
3414 2379 3517 2419 nec
3555 2372 3700 2419 esset
3743 2362 3845 2432 qui

2245 2456 2589 2525 pulsantibus
2609 2465 2662 2510 et
2685 2457 3049 2512 clamantibus
3069 2457 3322 2527 aperiret,
3348 2457 3566 2512 tandem
3590 2455 3847 2511 infractis

2246 2549 2424 2614 ostiis,
2471 2549 2539 2602 ad
2579 2549 2875 2603 contritum
2931 2564 3250 2618 prorupere,
3304 2549 3600 2618 auditaque
3656 2550 3730 2603 ab
3776 2563 3846 2604 eo

2247 2641 2533 2712 qucrelosa
2557 2656 2744 2706 causa,
2783 2650 3098 2711 susceptum
3130 2642 3300 2696 linteo
3325 2650 3706 2711 exportavere,
3750 2656 3848 2711 po-

2247 2742 2392 2789 stera
2424 2733 2510 2788 die
2539 2741 2816 2787 mortuum
2845 2733 2901 2787 in
2935 2733 3248 2789 cmmeterio
3283 2734 3543 2804 sepeliere
3577 2734 3645 2789 de
3669 2733 3847 2788 fratre

2247 2834 2554 2895 gementes;
2593 2835 2842 2880 sanctum
2887 2842 3018 2882 vero
3060 2827 3128 2882 de
3168 2827 3288 2898 ipso
3315 2828 3629 2884 emmeterio
3657 2829 3846 2884 hono-

2246 2917 2399 2971 rilice
2427 2925 2704 2986 receptum
2740 2918 2794 2972 in
2824 2918 3054 2973 ecclesia
3091 2919 3466 2987 recoudidere,
3513 2927 3668 2974 tanto
3714 2935 3850 2989 pro-

2249 3008 2400 3079 digio
2424 3010 2698 3078 proditum
2729 3010 3049 3081 gaudentes.
3091 3010 3266 3082 Hujus
3296 3011 3422 3066 ﬁdei
3457 3012 3613 3067 testis
3637 3021 3724 3067 est
3754 3013 3851 3066 lie-

2252 3111 2472 3157 sternus
2491 3104 2660 3158 abbas
2698 3101 3040 3170 Scollandus,
3066 3104 3160 3174 qui
3190 3113 3320 3160 tunc
3341 3106 3530 3160 aderat
3552 3120 3679 3159 cum
3726 3105 3856 3162 haec

2254 3201 2500 3249 recenter
2525 3194 2668 3249 facta
2691 3195 3117 3250 celebrarentur.
3169 3179 3179 3190 ’

2322 3286 2446 3342 llaec
2476 3288 2532 3342 in
2561 3289 2704 3343 beati
2728 3289 2873 3359 regis
2897 3288 3220 3344 Ethelberti
3242 3291 3658 3346 memoraverim
3684 3306 3855 3347 reve-

2252 3380 2504 3446 rentiam,
2531 3395 2597 3434 ne
2615 3381 2742 3450 quis
2761 3382 2882 3450 ejus
2911 3382 3229 3452 praejudieet
3269 3384 3482 3450 merita,
3520 3399 3854 3454 quanquam

562 3483 830 3544 quantum
853 3476 1270 3534 liberalissimus
1298 3493 1394 3532 rex
1437 3485 1493 3532 et
1533 3477 1757 3547 superni
1792 3476 1944 3548 regni
1974 3477 2151 3531 cultor

564 3567 1016 3637 amantissimus,
1071 3585 1197 3624 cum
1253 3570 1466 3624 caeteris
1529 3569 1836 3624 minoribus
1895 3569 2151 3625 oratoriis

564 3662 960 3730 sublimaverit,
984 3678 1095 3718 non
1117 3662 1323 3734 indiget
1345 3662 1563 3733 exponi,
1591 3664 1738 3732 quod
1765 3662 1944 3732 reipsa
1975 3663 2150 3733 magis

565 3753 889 3808 hodietenus
935 3753 1210 3810 elueescit.
1247 3752 1384 3808 Illud
1415 3768 1545 3808 vero
1572 3750 1932 3823 apostolicum
1974 3753 2152 3808 domi-

566 3845 770 3913 cilium,
803 3860 913 3917 quo
939 3861 1064 3901 eum
1107 3861 1209 3901 suo
1240 3846 1486 3917 apostolo
1505 3845 1814 3916 Augustino
1846 3854 2152 3916 cunctaque

566 3938 935 4007 successione,
981 3946 1041 3993 ut
1077 3947 1437 4008 praenotatum
1486 3946 1586 4004 est,
1631 3938 1964 3996 ex.decreto
2008 3938 2150 3992 beati

567 4043 719 4098 papae
762 4028 1008 4099 Gregorii
1051 4029 1294 4098 requiem
1353 4027 1715 4095 haireditaret,
1759 4036 1910 4082 tanto
1946 4029 2152 4085 scilicet

566 4120 913 4188 praestantius
942 4120 1225 4176 nobilitare
1245 4121 1475 4186 curavit,
1495 4128 1702 4190 quanto
1731 4121 2020 4189 specialius
2049 4121 2153 4177 hoc

568 4213 671 4266 sibi
691 4227 815 4266 cum
843 4220 922 4267 tot
943 4213 1148 4268 sanctis
1173 4221 1228 4267 et
1251 4212 1480 4267 excelsis
1505 4212 1764 4267 divinitus
1787 4221 2151 4283 praerogatum

2252 3474 2570 3546 ignorentur
2591 3474 2885 3542 miracula;
2912 3475 3006 3530 sed
3028 3476 3094 3530 de
3123 3475 3242 3545 ipso
3263 3492 3328 3531 ac
3349 3492 3464 3532 suae
3485 3477 3859 3532 habitationis

2251 3566 2502 3621 coenobio
2531 3576 2722 3622 caetera
2755 3567 3076 3621 solemnizet
3106 3582 3308 3622 sermo.
3349 3566 3408 3622 In
3437 3568 3682 3638 proxima
3725 3584 3857 3624 me»

2251 3659 2449 3727 tropoli
2491 3658 2756 3729 regnavit,
2789 3659 2878 3714 hic
2907 3659 3234 3730 requiescit;
3282 3661 3362 3716 sie
3398 3669 3452 3714 et
3490 3663 3861 3733 evangelieus

2250 3751 2372 3821 ejus
2416 3750 2630 3821 genitor
2668 3750 3009 3822 Augustinus
3055 3751 3129 3806 ibi
3170 3753 3374 3818 sedem,
3427 3753 3514 3807 hic
3558 3753 3729 3808 habet
3775 3770 3864 3809 rc-

2251 3844 2466 3914 quiem;
2492 3843 2565 3897 ibi
2586 3851 2671 3898 est
2706 3858 2840 3898 suus
2881 3843 3136 3909 thronus,
3171 3844 3260 3900 hic
3289 3845 3591 3912 thalamus;
3623 3847 3865 3917 utrique

2252 3951 2380 4005 ergo
2413 3935 2660 3990 ecclesiae
2695 3935 2798 3990 sub
2823 3935 3043 3990 Christo
3081 3936 3448 4006 principatur;
3489 3937 3636 3992 illam
3677 3941 3862 4009 regit,

2253 4028 2395 4082 hanc
2428 4028 2636 4095 incolit,
2663 4036 2769 4083 etc.
2811 4027 2929 4084 Huc
2953 4029 3124 4084 etiam
3167 4045 3300 4085 suus
3345 4038 3468 4100 post
3498 4031 3747 4100 plurima
3780 4032 3869 4086 lu-

2253 4127 2366 4175 stra
2397 4121 2639 4176 cohaares
2661 4121 3069 4178 sacra'tissimus
3105 4120 3440 4186 Dunstanus,
3465 4131 3522 4176 ut
3554 4136 3768 4179 cervus
3790 4124 3867 4178 ad

2253 4211 2432 4268 fontes
2467 4228 2732 4283 aquarum
2757 4213 2964 4270 crebris
3000 4214 3255 4270 noctibus
3282 4214 3552 4280 veniebat,
3581 4225 3635 4270 et
3655 4231 3873 4273 assue-

567 4302 683 4356 fore
712 4302 1026 4373 perpendit;
1051 4301 1186 4357 foris
1215 4301 1320 4356 hoc
1350 4301 1514 4372 regiis
1547 4301 1897 4371 ampliﬁcavit
1932 4319 2152 4373 posses-
2253 4313 2338 4360 tas
2371 4304 2473 4359 sibi
2500 4305 2758 4372 visiones,
2781 4313 2834 4360 ct
2857 4306 3090 4376 hymnos
3120 4320 3480 4375 supernorum
3511 4306 3724 4361 civium
3756 4307 3873 4364 fre-

568 4396 836 4463 sionibus,
869 4396 1016 4451 intus
1050 4393 1328 4450 decoravit
1372 4393 1538 4465 regiis
1576 4395 1881 4461 ornatibus,
1909 4396 2057 4467 regia
2080 4397 2150 4451 li-
2252 4397 2568 4474 quentabat.
2619 4396 2723 4463 Qui
2769 4397 2874 4453 hoc
2913 4398 3078 4453 etiam
3120 4396 3295 4453 fertur
3333 4400 3728 4470 expertissime
3787 4402 3876 4456 di-

567 4487 774 4542 bcrtate
813 4503 941 4543 cum
967 4487 1264 4558 apostolica
1295 4486 1618 4541 auctoritate
1643 4488 1916 4559 perpetuis
1942 4490 2150 4544 stabili-
2179 4517 2226 4576 υ
2252 4489 2418 4555 xisse,
2443 4489 2588 4559 quod
2615 4491 2930 4560 ubicunque
2957 4491 3044 4545 vel
3073 4491 3128 4544 in
3151 4491 3402 4557 ecclesia,
3425 4493 3509 4546 vel
3555 4493 3609 4546 in
3644 4509 3879 4549 coeme-

566 4581 645 4633 vit
677 4580 1073 4636 sanctionibus.
2254 4582 2392 4636 terio
2411 4583 2604 4653 pedem
2623 4582 2903 4649 vertisses,
2923 4598 3087 4652 super
3114 4583 3350 4652 aliquem
3377 4594 3705 4639 sanctorum
3746 4586 3878 4641 eal-

640 4671 778 4727 Sunt
819 4673 1044 4738 charta),
1076 4679 1203 4728 sunt
1233 4671 1510 4745 privilegia
1546 4671 1716 4743 ipsius
1745 4687 1810 4728 ac
1839 4680 1917 4728 tot
1945 4673 2152 4744 primo-
2253 4693 2428 4743 cares,
2455 4677 2591 4732 adeo
2611 4677 2765 4732 locus
2810 4677 3003 4748 plenus
3027 4686 3173 4732 esset
3201 4688 3536 4733 sanctorum.
3575 4676 3696 4735 Nec
3725 4696 3880 4735 vero

570 4781 688 4819 rum
736 4765 1052 4820 testimonio
1091 4765 1322 4834 signata.
1359 4764 1602 4818 Primum
1629 4765 1879 4819 abbatem
1911 4766 2037 4819 huic
2064 4782 2153 4820 sa-
2253 4785 2452 4840 magno
2498 4777 2647 4824 caret
2684 4778 3048 4836 sacramento,
3072 4771 3219 4839 quod
3240 4770 3459 4826 divinus
3503 4771 3880 4842 Augustinus

570 4873 661 4914 ero
694 4857 1049 4912 contubernio
1097 4873 1128 4911 a
1175 4858 1377 4913 sanctis
1424 4858 1828 4913 institutoribus
1878 4859 1994 4912 suis
2044 4858 2154 4913 elc-
2253 4875 2379 4916 cum
2405 4861 2522 4916 suis
2548 4870 2702 4916 extra
2725 4871 2937 4931 portam
2967 4863 3149 4918 locum
3188 4863 3370 4934 elegit,
3403 4865 3472 4918 ab
3499 4865 3648 4918 exitu
3687 4881 3883 4920 mun-

569 4959 713 5007 ctum
737 4948 975 5019 praefecit
997 4948 1215 5004 Petrum
1248 4950 1380 5020 (55),
1408 4966 1569 5021 quem
1606 4950 1659 5004 in
1685 4966 1842 5005 sacra
1863 4951 2151 5022 legationis
2253 4952 2396 5007 dano
2430 4953 2578 5007 velut
2606 4952 2661 5005 in
2683 4954 2831 5007 exitu
2877 4950 3045 5008 Israel
3074 4953 3142 5008 de
3184 4953 3440 5026 Egypto,
3482 4963 3544 5009 ut
3591 4955 3883 5013 videlicet

570 5041 872 5096 obedientia
899 5042 1282 5113 martyrialiter
1308 5042 1447 5096 mari
1471 5043 2149 5112 submersum,etejectum
2249 5045 2424 5100 exiret
2465 5059 2591 5099 cum
2638 5042 2870 5098 Domino
2915 5053 3066 5100 extra
3122 5054 3339 5115 portam
3381 5061 3565 5115 passo.
3639 5045 3882 5104 Verum

568 5132 973 5188 aatherezelucis
1003 5132 1190 5188 radius
1223 5134 1451 5205 singulis
1476 5135 1727 5189 noctibus
1752 5135 1985 5204 desuper
2007 5131 2148 5188 aﬂ‘u-
2252 5135 2624 5192 IEthelberms
2664 5137 2916 5208 migravit
2958 5139 3026 5193 ad
3077 5138 3392 5204 Dominum,
3429 5147 3639 5193 mutato
3680 5156 3886 5212 regno

567 5240 665 5281 sus
703 5226 941 5281 ostendit
981 5228 1155 5284 civem
1187 5244 1503 5299 supernum,
1555 5229 1728 5283 donec
1761 5229 1997 5300 digniori
2027 5229 2149 5284 loco
2250 5228 2307 5282 in
2333 5228 2664 5293 emlestibus,
2689 5228 2776 5283 die
2804 5229 3065 5284 vicesimo
3083 5238 3278 5302 quarto
3301 5231 3506 5285 mensis
3532 5229 3884 5301 Februarii,

571 5318 766 5373 habeat
784 5319 1109 5389 sepulcrum.
1137 5319 2148 5394 RequiesciteelebriterBononiaa(56)
2251 5303 2396 5377 anno
2439 5323 2652 5393 imperii
2704 5325 2789 5381 sui
2840 5323 3296 5394 quinquagesimo
3338 5332 3513 5388 sexto,
3572 5321 3888 5382 adventus

2250 5412 2395 5468 beati
2431 5415 2720 5487 Augustini
2759 5415 2828 5469 ad
2871 5431 2951 5481 se,
2996 5429 3061 5468 ac
3103 5422 3370 5485 suscepta:
3411 5414 3890 5474 Christianitatis

2247 5506 2512 5562 vicesimo
2574 5507 2752 5577 primo
2780 5549 2796 5576 ,
2853 5505 3151 5562 Dominieae
3205 5516 3387 5563 autem
3439 5506 3892 5569 lucarnationis

570 5409 624 5464 in
654 5412 884 5466 ecclesia
912 5413 1320 5480 eanonieorum,
1357 5415 1451 5469 ubi
1500 5430 1673 5484 nuper
1717 5414 1921 5469 factum
1963 5414 2150 5484 prodi-

569 5501 717 5571 gium
767 5503 980 5558 videtur
1018 5506 1431 5560 memorandum
1482 5505 1568 5560 his
1613 5505 1772 5571 adeo,
1809 5505 1904 5575 qui
1946 5504 2148 5576 ignotis

637 5636 752 5708 (‘55)
791 5637 866 5708 De
890 5639 995 5693 hoc
1019 5637 1315 5694 Bollandus
1343 5637 1430 5693 die
1453 5638 1486 5692 6
1509 5637 1776 5694 Januarii.

550 5714 562 5723 ’
639 5707 752 5777 (56)
789 5707 864 5762 Ea
890 5709 944 5762 in
972 5709 1104 5763 urbe
1133 5711 1360 5763 alteram
1391 5709 1520 5763 olim
1553 5710 1736 5764 sedem
1773 5709 2005 5765 habebat
2037 5708 2146 5778 epi-

570 5791 767 5845 scarus
805 5778 1161 5835 Morinorum.
1204 5778 1375 5834 Hodie
1415 5779 1787 5836 Tervannensi
1831 5781 2145 5850 episcopatu

2248 5640 2303 5719 in
2327 5648 2451 5719 _tre_s
2477 5640 2744 5719 dioecescs
2772 5641 2966 5706 diviso,
2991 5642 3306 5719 episcopum
3345 5648 3624 5719 proprium
3688 5650 3895 5710 habet

2249 5711 2473 5790 B_olonia
2505 5713 2600 5781 qui
2630 5713 3006 5784 suifraganeus
3026 5711 3124 5770 est
3156 5711 3553 5789 arcbizpisc'opi
3599 5718 3892 5778 Remen-

2248 5795 2345 5836 SIS.
