3972 6296
147 401 226 458 43
1064 393 1240 456 HiST.
1283 394 1674 455 TllANSIAT.
1717 398 1773 455 S.
1817 395 2428 457 AUGUSTINI.-—LIB.
2462 394 2528 457 ll.
3376 405 3448 469 ιε

148 514 563 573 sexcentesimo
589 511 804 570 decimo
839 522 1014 569 sexto.
1064 532 1081 564 ε
1113 507 1240 580 Qui,
1289 523 1349 568 ut
1389 513 1547 569 Beda
1587 512 1750 568 verba
1781 516 1828 575 Α
1856 504 2144 567 Dominum
2166 513 2504 580 decantatur,
2531 523 2585 569 et
2612 531 2747 586 puer
2778 531 2807 570 a
2845 519 3188 578 naturalibus
3219 522 3453 581 vinculis

146 621 451 677 ponamus,
485 605 626 660 inter
652 612 849 660 cater-a
875 603 1040 670 bona,
1066 619 1189 674 qua
1208 603 1354 674 genti
1391 619 1506 659 sua
1553 618 1758 659 consu—
1859 603 2138 658 resolutus
2186 604 2244 658 in
2287 604 2528 659 clamore
2598 615 2869 660 versatur.
2941 607 3151 666 Solutis
3217 613 3452 671 inversis

147 699 322 754 lendo
342 696 678 765 conferebat,
701 696 868 752 etiam
894 696 1110 752 decreta
1131 695 1206 750 illi
1228 696 1584 766 judiciorum,
1600 695 1759 766 juxta
1859 691 2151 758 calcaneis,
2211 695 2580 750 extenduntur
2633 696 2876 752 incurva
2928 699 3108 767 tibia,
3159 699 3341 760 lituus
3382 708 3451 763 de

145 793 408 866 exempla
437 793 835 858 Romanorum,
871 808 998 849 cum
1027 792 1258 848 consilio
1283 793 1593 863 sapientum
1617 807 1754 848 con-

147 885 374 940 stituit:
425 900 549 956 qua
589 883 902 952 conscripta
941 882 1234 954 Anglorum
1285 897 1542 938 sermone
1577 883 1760 938 hacte-

148 995 264 1037 nus
296 980 590 1046 habentur,
621 985 676 1032 et
705 976 1066 1031 observantur
1106 975 1175 1030 ab
1201 991 1287 1030 ea.
1329 974 1388 1029 In
1421 976 1623 1046 quibus
1651 977 1760 1046 pri-

149 1073 330 1127 mitus
355 1072 558 1142 posuit,
586 1069 822 1140 qualiter
850 1068 903 1122 id
925 1067 1218 1124 emendare
1243 1068 1483 1136 deberet,
1524 1069 1620 1139 qui
1660 1056 1760 1123 alié

149 1165 291 1233 quid
319 1179 503 1219 rerum
527 1163 608 1216 vel
629 1161 874 1216 ecclesia
895 1159 981 1215 vel
1007 1159 1270 1230 episcopi,
1309 1161 1392 1214 vel
1417 1160 1756 1231 reliquorum

149 1255 418 1310 ordinum
453 1251 640 1310 furtim
684 1251 940 1318 auferret,
984 1251 1174 1307 volens
1201 1250 1426 1306 scilicet
1468 1251 1756 1307 tuitionem

150 1346 262 1413 eis,
306 1361 446 1417 quos
485 1355 540 1402 et
585 1360 820 1416 quorum
869 1345 1176 1399 doctrinam
1230 1351 1569 1414 susceperat,
1617 1359 1757 1414 pra-

151 1445 326 1494 stare.
363 1457 380 1490 ι
437 1437 794 1508 Prosequitur
833 1437 978 1492 idem
1019 1436 1346 1492 venerabilis
1398 1436 1759 1508 historiogra-

149 1531 300 1600 phus
348 1531 516 1586 altam
565 1529 937 1602 genealogiam
976 1527 1142 1600 regis,
1186 1529 1254 1584 ad
1289 1543 1452 1599 quem
1493 1529 1753 1584 lectorem

146 1622 445 1679 mittimus.
487 1621 619 1694 Ejus
638 1631 824 1678 autem
855 1619 1165 1677 sanctitatis
1205 1621 1364 1676 testis
1398 1629 1483 1676 est
1521 1621 1757 1691 antiqui-

141 1723 260 1783 tas,
294 1724 651 1786 veterumque
673 1722 992 1771 sanctorum
1020 1711 1210 1768 favens
1232 1713 1551 1790 auctoritas.
1593 1711 1752 1780 Quod

144 1807 364 1864 scilicet
388 1806 692 1878 antiquitus
727 1823 760 1861 a
795 1805 1098 1876 primordio
1137 1805 1280 1861 inter
1315 1813 1536 1862 sanctos
1577 1805 1751 1876 ipsius

139 1900 424 1956 celebrata
447 1899 520 1954 sit
542 1897 882 1956 solemnitas.
919 1894 1076 1964 Quod
1120 1912 1220 1952 nec
1263 1912 1470 1963 amore,
1519 1913 1622 1954 nec
1669 1913 1753 1953 er-

145 2007 298 2059 rore,
333 2008 436 2048 nec
456 1991 762 2047 temeritate
783 1991 854 2046 ab
882 1991 1070 2060 aliquo
1103 1989 1245 2046 inter
1272 1999 1354 2046 tot
1388 1990 1662 2060 sapientes
1695 2000 1752 2046 et

144 2083 466 2154 religiosos,
516 2090 578 2136 ut
632 2081 928 2147 credimus,
987 2090 1431 2151 prasumeretur,
1495 2081 1603 2136 nisi
1661 2081 1752 2137 ille

144 2174 278 2229 vita
308 2175 549 2244 puritate
592 2184 645 2228 et
677 2173 992 2228 calestibus
1019 2173 1238 2229 indiciis
1265 2173 1461 2245 dignus
1483 2173 1752 2243 probare-

147 2274 278 2333 tur;
303 2283 430 2322 cum
456 2267 554 2321 lilii
584 2266 669 2321 sui
705 2267 908 2336 aliique
953 2281 1330 2331 successores,
1371 2266 1502 2320 boni
1539 2282 1606 2320 ac
1633 2279 1758 2318 ma»-

155 2373 389 2426 gnarum
419 2359 687 2411 virtutum
719 2373 893 2428 reges,
917 2364 1135 2411 tantum
1179 2357 1320 2412 inter
1353 2356 1540 2411 ﬁdeles
1560 2353 1762 2410 defun-

157 2456 283 2503 ctos
326 2456 741 2503 memorentur:
777 2463 876 2502 nec
921 2447 1080 2502 illum
1121 2446 1296 2501 fidelis
1343 2445 1486 2501 Beda
1519 2446 1762 2517 primum

152 2539 465 2611 Anglorum
528 2557 717 2612 regum
775 2540 1161 2597 conscendisse
1209 2534 1436 2612 regnum
1493 2540 1756 2597 caelorum

151 2629 494 2700 scripsisset,
535 2631 646 2686 nisi
677 2631 930 2686 meritum
961 2629 1262 2685 didicisset.
1298 2627 1434 2684 Nam
1468 2638 1523 2685 et
1550 2630 1755 2687 multos

149 2730 278 2790 post
315 2735 442 2776 eum
468 2721 840 2777 celeberrima
865 2720 1177 2777 sanctitatis
1206 2736 1359 2793 reges
1397 2721 1593 2794 Anglia
1632 2738 1756 2794 pro-

153 2813 278 2869 tulit
303 2823 356 2869 et
380 2822 695 2884 veneratur,
719 2824 826 2872 etc.

222 2906 354 2960 CAP.
380 2905 574 2961 XXIX.
601 2906 817 2962 [λειανάὶ
838 2893 1509 2964 sanctitas.—Nuncbeati
1530 2903 1751 2964 Letardi

151 2995 518 3052 exhibeantur
545 2997 796 3055 inducia.
838 2993 1047 3072 Dignus
1076 2995 1190 3056 Deo
1213 3000 1441 3057 antistes
1461 3000 1749 3068 Letardus,

154 3102 465 3158 pracursor
519 3097 574 3145 et
617 3089 822 3160 janitor
869 3093 1086 3147 venturi
1143 3092 1435 3164 Augustini
1475 3093 1748 3164 apparuit.

153 3177 418 3247 praevenit
444 3177 590 3234 hunc
634 3190 694 3234 ut
735 3179 954 3236 Lucifer
1007 3167 1208 3248 solem;
1244 3182 1456 3252 paravit
1483 3183 1532 3238 ei
1579 3183 1746 3251 viam,

153 3270 468 3344 ingressum
495 3281 550 3328 et
577 3274 758 3330 locum
791 3283 854 3330 ut
895 3276 983 3331 ille
1022 3284 1239 3346 pararet
1271 3275 1523 3332 Domino.
1561 3273 1750 3332 Prodi-

153 3380 259 3436 gus
295 3367 532 3437 ingentis
569 3368 766 3424 anima
803 3383 917 3424 non
960 3369 1143 3424 timuit
1183 3368 1416 3426 ferinam
1463 3370 1748 3442 gentilium

151 3455 488 3525 barbariem,
527 3459 710 3514 saculi
753 3459 1096 3531 principibus
1143 3460 1461 3516 terribilem.
1503 3460 1623 3533 Ipse
1652 3461 1748 3517 Dei

151 3545 376 3604 famulae
410 3550 612 3622 regina
651 3550 845 3618 Berta,
867 3552 1000 3608 dum
1028 3551 1368 3610 Ethelberto
1409 3554 1589 3610 adhuc
1613 3569 1748 3626 gen-

153 3637 236 3691 tili
267 3636 579 3698 Christiana
613 3656 644 3695 a
675 3649 905 3711 paterno
932 3658 1101 3714 regno
1131 3642 1468 3702 Francorum
1513 3646 1751 3702 mittere-

152 3739 266 3799 tur,
298 3733 434 3800 dux,
465 3747 672 3800 comes,
704 3733 918 3802 doctor,
956 3744 1202 3791 servator
1228 3751 1294 3791 ac
1325 3736 1493 3793 totius
1530 3737 1750 3808 pietatis

153 3823 468 3894 instigator,
521 3832 628 3879 etc.
670 3823 808 3892 Quis
849 3826 1013 3898 digne
1051 3827 1284 3883 aestimet
1326 3837 1532 3898 quanta
1589 3829 1753 3884 mira-

151 3913 276 3969 cula
298 3922 426 3984 post
462 3922 541 3970 tot
573 3916 766 3972 merita
807 3915 1118 3974 exhibuerit
1156 3919 1212 3974 in
1254 3919 1388 3986 vita,
1417 3919 1574 3989 cujus
1601 3928 1752 3975 tanta

153 4007 510 4064 crebrescunt
538 4009 744 4064 nostris
775 4011 1111 4080 temporibus
1155 4021 1280 4082 post
1321 4020 1400 4068 tot
1446 4013 1532 4068 sui
1569 4013 1752 4070 obitus

152 4098 377 4168 saecula,
417 4099 486 4155 de
518 4100 720 4172 quibus
766 4101 968 4172 injuria
1011 4110 1096 4158 est
1141 4118 1250 4159 non
1296 4118 1602 4160 memorare
1645 4105 1750 4158 ali-

155 4205 289 4261 qua.

227 4295 357 4352 Car.
371 4294 540 4350 XXX.
561 4296 770 4352 cham
790 4296 1061 4364 illuminat
1069 4297 1276 4355 .--Sub
1289 4300 1484 4357 abbate
1495 4302 1748 4372 superius

152 4397 460 4445 memorato
491 4387 736 4446 Vulfrico
775 4391 1011 4461 puellam
1053 4407 1083 4446 a
1124 4393 1409 4448 nativitate
1437 4409 1660 4458 caecam,
1690 4405 1750 4448 ut

151 4479 270 4552 ipse
312 4480 466 4536 testis
504 4489 622 4536 erat
669 4480 921 4550 idoneus,
953 4482 1021 4538 ad
1047 4482 1221 4553 ipsius
1267 4484 1442 4538 sancti
1475 4484 1747 4556 tumulum

1857 793 2116 840 concreta
2141 800 2309 841 carne
2336 785 2574 841 ubertim
2601 795 2853 843 cruentat
2880 790 3275 860 pavimentum,
3313 811 3453 864 puer

1856 874 2100 930 extensis
2121 876 2345 932 lacertis
2367 877 2544 933 sancti
2583 879 2825 935 tumbam
2874 882 3286 951 apprehendere
3307 902 3444 941 con-

1855 967 2058 1036 tendit;
2097 983 2228 1023 mox
2259 969 2312 1023 in
2342 970 2508 1039 pedes
2538 981 2753 1029 erectus
2795 974 3058 1030 constitit.
3111 975 3351 1048 Populus
3385 982 3452 1036 ad

1855 1059 2156 1116 clamorem
2217 1062 2376 1132 pueri
2432 1063 2739 1134 irrumpere
2805 1069 3064 1134 certavit;
3128 1071 3224 1126 sed
3265 1089 3452 1129 nunna

1857 1151 2063 1205 ostium
2108 1149 2343 1218 abdidit,
2387 1150 2566 1208 donec
2611 1151 2811 1209 fratres
2847 1155 3183 1224 advenirent,
3215 1169 3264 1214 et
3293 1160 3453 1231 bynu--

1856 1260 1989 1299 num
2019 1244 2200 1299 laudis
2232 1258 2333 1314 pro
2356 1245 2628 1301 miraculo
2651 1245 3191 1319 decantarentzpuer
3220 1251 3448 1306 domum

1855 1335 1998 1392 redit
2021 1335 2253 1406 pedibus
2277 1335 2518 1406 propriis
2553 1336 2648 1406 qui
2684 1337 2986 1394 advenerat
3020 1339 3232 1396 alienis.

1926 1473 2060 1531 Gar.
2074 1471 2290 1528 XXXII.
2311 1471 2446 1544 Ejus
2467 1489 2562 1545 ope
2579 1472 2812 1548 annulus
2829 1475 3059 1530 amissus
3079 1475 3358 1530 invenitur.
3380 1505 3453 1518 -κ

1856 1564 2150 1639 Egregium
2216 1565 2485 1622 artificem
2542 1565 2798 1623 novimus
2854 1566 3110 1623 abbatem
3161 1567 3454 1624 Abbendo—

1855 1658 1962 1712 nia
1993 1652 2107 1728 (38)
2134 1657 2382 1728 pictura,
2431 1657 2728 1728 sculptura
2759 1667 2814 1713 et
2848 1658 3084 1713 aurificii
3125 1659 3452 1730 probatissi-

1854 1765 2028 1815 mum,
2052 1747 2322 1820 Speraver
2342 1749 2584 1806 nomine.
2603 1748 2654 1805 Is
2675 1749 2938 1804 annulum
2962 1749 3165 1820 regina:
3181 1748 3450 1820 Edgitba,

1781 1878 1826 1939 Β
1853 1838 2319 1910 pretiosissimum
2348 1839 2682 1910 perdiderat,
2705 1853 2817 1910 quo
2839 1838 3045 1910 ubique
3068 1837 3276 1894 frustra
3301 1853 3452 1908 qua-

1852 1931 1986 1998 sito,
2037 1931 2205 1987 etiam
2264 1946 2419 2003 spem
2478 1945 2700 1986 omnem
2731 1929 3065 1994 ,inveniendi
3116 1929 3445 2000 perdiderat.

1852 2024 2095 2079 Tandem
2127 2025 2194 2079 ad
2223 2033 2476 2080 sanctum
2505 2023 2824 2090 Letardum,
2851 2034 2980 2080 nam
3010 2024 3102 2080 hic
3142 2032 3274 2080 tunc
3303 2022 3449 2094 apud

1852 2124 2106 2171 sanctum
2161 2113 2530 2185 Augustinum
2575 2115 2843 2170 invitatus
2875 2114 2946 2170 ab
2983 2114 3183 2170 abbate
3223 2101 3450 2170 Elstano

1855 2206 2184 2274 operabatur
2211 2246 2226 2270 ,
2278 2204 2546 2275 confugit,
2597 2205 2855 2274 precibus
2909 2214 2965 2261 et
2997 2206 3258 2277 lacrymis
3310 2219 3452 2277 quas

1860 2295 2117 2365 angustia
2157 2295 2394 2363 potentis
2420 2294 2655 2363 depositi
2699 2303 3026 2363 extorserat,
3063 2295 3185 2366 ejus
3215 2298 3453 2352 clemeno

1863 2385 1996 2440 tiam
2025 2384 2289 2455 exposcit.
2331 2385 2439 2442 Res
2491 2385 2665 2441 mira!
2713 2385 2860 2442 illico
2907 2387 3013 2443 sibi
3044 2374 3322 2456 annulus,
3360 2386 3454 2444 ubi

1859 2477 2074 2545 orabat,
2111 2477 2330 2545 reluxit,
2383 2477 2476 2534 ubi
2526 2478 2616 2533 ille
2640 2493 2924 2549 nunquam
2954 2494 3012 2535 se
3045 2479 3322 2550 posuisse,
3370 2482 3456 2536 vel

1857 2570 2114 2626 amisisse
2168 2571 2358 2642 jurare
2406 2571 2631 2627 innoxie
2683 2579 2916 2642 paterat.
2979 2570 3256 2628 Continuo
3309 2573 3456 2643 rapit

1854 2677 1982 2718 eum
2004 2669 2156 2717 tanta
2187 2661 2550 2718 admiratione
2574 2671 2630 2719 et
2655 2662 2865 2729 latitia,
2895 2673 3102 2734 quanta
3131 2664 3448 2734 perdiderat

1853 2753 2238 2826 desperatione
2280 2763 2336 2811 et
2366 2755 2657 2823 molestia;
2710 2772 2813 2812 nec
2838 2758 2990 2814 solus
3025 2759 3318 2830 gaudebat,
3351 2759 3452 2815 sed

1852 2857 1908 2904 et
1931 2863 2125 2905 omnes
2153 2847 2352 2906 fratres
2379 2849 2518 2904 tanti
2540 2849 2805 2906 relatione
2836 2850 3089 2907 miraculi
3125 2849 3320 2907 festive
3356 2852 3451 2907 la-

1852 2940 2114 2997 tificabat.
2156 2938 2268 2996 Nec
2315 2941 2492 2998 solum
2524 2941 2660 2996 tanti
2695 2941 2946 2998 beneficii
2973 2956 3187 2998 memor
3219 2943 3447 3010 exstitit,

1852 3033 1950 3089 sed
1977 3043 2039 3088 ut
2057 3032 2268 3092 diutius
2297 3033 2413 3090 hac
2435 3034 2704 3090 memoria
2724 3045 3104 3105 perseveraret
3123 3034 3445 3092 elaboravit.

1855 3127 1989 3200 Ejus
2023 3127 2224 3200 quippe
2251 3136 2305 3183 et
2333 3127 2659 3184 venerabilis
2689 3129 2893 3200 regina
2921 3128 3115 3197 Berta,
3165 3145 3290 3201 qua
3334 3143 3450 3184 sua

1777 3233 1820 3292 ο
1851 3221 2310 3294 peregrinationis
2333 3230 2418 3277 est
2445 3219 2674 3290 corona,
2701 3221 2968 3293 imagines
2992 3221 3204 3277 enormi
3231 3221 3448 3293 magni-

1850 3317 2040 3372 tudine
2070 3331 2136 3372 ac
2158 3315 2358 3372 decore
2377 3314 2651 3388 effigiavit,
2673 3331 2738 3371 ac
2765 3331 2929 3386 super
2952 3315 3126 3385 ipsius
3167 3315 3445 3370 tumulum

1850 3409 2166 3466 solemniter
2216 3409 2410 3466 erexit.
2475 3407 2778 3480 Sequuntur
2828 3406 2946 3462 alia
3017 3406 3282 3462 miracula
3328 3421 3450 3478 qua

1850 3504 2126 3558 omisimus
2181 3503 2254 3556 ad
2302 3518 2419 3574 cap.
2467 3501 2558 3572 40.

1920 3640 2052 3698 Cu».
2077 3638 2217 3697 XLI.
2243 3637 2562 3697 Scollandus
2577 3641 2738 3696 abbas
2765 3637 2972 3696 obit.-—
2985 3639 3156 3712 Igitur
3184 3640 3448 3697 omnibus

1849 3734 1920 3790 de
1942 3733 2114 3790 veteri
2135 3732 2368 3788 ecclesia
2392 3731 2621 3788 sublatis
2637 3774 2652 3798 ,
2682 3741 2738 3787 et
2770 3731 2824 3794 in
2846 3731 3177 3802 paratiorem
3207 3731 3448 3804 transla-

1853 3825 2059 3880 tionem
2081 3822 2402 3890 reconditis,
2433 3838 2576 3894 sape
2611 3831 2950 3880 memoratus
2973 3823 3145 3880 abbas
3197 3821 3447 3881 Scollan-

1853 3913 1957 3969 dus
1981 3913 2154 3986 ipsam
2195 3913 2485 3971 ecclesiam
2530 3914 2646 3985 jam
2675 3913 2949 3970 excidium
2979 3914 3308 3983 minantem,
3328 3916 3447 3987 jam

1851 4022 2012 4064 ruere
2045 4015 2329 4080 parentem
2358 4007 2550 4075 diruit,
2601 4016 2656 4063 et
2703 4021 2848 4064 nova
2895 4007 2972 4063 ibi
3011 4008 3242 4064 aditicia
3271 4024 3448 4080 usque

1852 4098 1920 4154 ad
1955 4101 2131 4170 ipsam
2167 4100 2442 4170 porticum
2493 4115 2559 4155 ac
2599 4099 3016 4156 translationem
3063 4101 3446 4172 praelucntis-

1851 4192 1976 4247 simi
2021 4190 2315 4262 Augustini
2360 4192 2592 4264 ejusque
2631 4200 2951 4249 consertum
2999 4193 3224 4262 attollit;
3252 4209 3445 4250 verum

1827 4285 2000 4340 bunc
2037 4285 2268 4341 ulterius
2312 4285 2568 4356 progredi
2617 4301 2858 4356 superno
2903 4294 3043 4341 nutu
3081 4301 3234 4344 mors
3280 4287 3444 4343 obvia

1850 4377 2040 4432 vetuit.
2069 4376 2338 4433 Pravenit
2358 4386 2544 4434 autem
2579 4376 2777 4434 faciem
2820 4377 3040 4434 Domini
3068 4380 3158 4450 pia
3203 4380 3446 4436 eleemo-

1851 4481 2113 4540 synarum
2151 4478 2588 4540 rmterorumque
2635 4470 2906 4526 bonorum
2941 4479 3166 4528 actuum
3216 4488 3443 4530 exsecu-

150 4587 184 4627 a
216 4572 537 4644 parentibus
596 4572 928 4641 deductam,
980 4573 1077 4629 Dei
1117 4574 1314 4631 lucifer
1363 4575 1548 4648 ignota
1595 4577 1749 4647 prius

1857 4563 2025 4630 tione,
2056 4571 2111 4618 et
2139 4559 2512 4620 famosissima
2551 4563 2941 4634 archiprasulc
2973 4562 3283 4622 Lanfranco
3320 4583 3447 4624 om-

151 4662 274 4720 luce
317 4663 582 4731 donavit,
619 4673 675 4719 et
719 4665 996 4721 natalibus
1017 4666 1258 4723 tenebris
1279 4667 1551 4723 obvoluta
1577 4683 1741 4723 mun-

148 4755 284 4814 dum
320 4769 446 4810 cum
479 4756 593 4811 sole
624 4757 892 4812 attribuit.

219 4845 352 4904 Car.
369 4845 562 4902 XXXI.
591 4847 938 4904 Contractum
957 4850 1135 4921 erigit.
1160 4881 1229 4890 --
1249 4845 1308 4906 In
1328 4851 1565 4922 quadam
1591 4851 1742 4921 Qua-

145 4939 462 5013 dragesima
503 4940 704 4997 mulier
720 4951 912 4998 natum
935 4959 1098 4999 suum
1126 4943 1333 5000 inolitis
1373 4945 1428 4999 in
1462 4954 1610 5017 terga
1633 4947 1745 5002 cal-

147 5034 340 5092 caneis
379 5043 722 5092 contractum
770 5035 839 5092 ad
882 5035 1002 5107 ejus
1055 5037 1326 5092 tumulum
1374 5037 1659 5109 deposuit,
1689 5047 1744 5095 et

148 5126 373 5183 hortatu
419 5143 624 5184 nunna
671 5128 783 5200 (57)
837 5127 1142 5201 religiosa,
1184 5144 1308 5202 qua
1359 5130 1514 5186 illum
1561 5131 1742 5188 locum

149 5221 436 5288 servabat,
472 5222 665 5278 relicto
705 5223 931 5291 misero,
953 5211 1241 5280 abscessit.
1278 5223 1492 5282 Interea
1541 5226 1608 5283 ad
1651 5223 1745 5283 vc-

149 5330 344 5388 speras
366 5315 604 5388 hymnus
632 5313 730 5372 Dei
755 5315 1049 5374 Genitricis
1081 5316 1396 5390 Magniﬁcat
1423 5320 1606 5374 anima
1630 5335 1744 5376 mea

223 5483 338 5557 (57)
365 5481 445 5557 Eo
469 5482 710 5557 nomine,
739 5482 1233 5557 etiamgAnglorum
1262 5483 1408 5557 leges
1443 5485 1740 5542 sanctimo~

150 5555 352 5614 nialem
381 5554 644 5615 feminam
677 5554 1055 5626 designabant.

1853 4671 1977 4713 nem
2039 4657 2286 4712 ordinem
2332 4657 2581 4728 obsequii
2634 4657 3007 4728 persolvente,
3058 4658 3248 4714 multis
3295 4659 3445 4716 hunc

1852 4747 2163 4820 lugentibus
2186 4747 2402 4819 placido
2436 4749 2544 4803 fine
2583 4748 2807 4818 quievit.
2865 4747 3154 4805 Pracessit
3197 4763 3310 4804 uno
3355 4751 3444 4806 die

1849 4843 2057 4900 obitum
2087 4843 2230 4916 regis
2261 4839 2541 4911 Willelmi,
2583 4841 2678 4914 qui
2719 4841 3054 4916 condignum
3104 4840 3278 4896 lilium
3313 4841 3442 4897 reli-

1849 4936 1968 5006 quit
2022 4935 2292 4991 baredem
2359 4933 2600 4992 nominis
2647 4942 2703 4990 et
2753 4934 2907 5006 regni
2964 4933 3053 4990 sui
3103 4948 3116 4986 :
3171 4932 3332 5003 cujus
3383 4934 3441 5004 in

1849 5028 2079 5085 ecclesia
2131 5036 2186 5084 et
2233 5029 2440 5084 sanctis
2484 5027 2851 5098 provehendis
2889 5024 3187 5081 sollicitum
3225 5024 3441 5083 deside-

1845 5122 2011 5188 rium,
2063 5119 2211 5193 quod
2263 5120 2515 5193 gratuita
2563 5119 2660 5175 Dei
2698 5116 2938 5188 largitati
2982 5132 3048 5174 ac
3078 5116 3127 5175 si
3165 5116 3281 5190 jam
3311 5135 3442 5192 per-

1845 5222 2030 5270 actum
2055 5214 2125 5269 ad
2161 5212 2643 5286 remunerandum
2693 5208 2922 5276 sufﬁcit,
2973 5226 3264 5269 successor
3317 5212 3440 5285 ejus

1847 5307 2085 5380 explevit
2104 5306 2185 5363 uti
2214 5307 2426 5378 primus
2458 5302 2676 5360 libellus
2709 5302 2989 5362 disseruit.

1921 5482 2034 5555 (58)
2065 5453 2940 5555 vetustissimummonasterium
2968 5478 3264 5536 comitatus
3300 5473 3440 5536 Bch.

1847 5547 2025 5610 keria'
2043 5554 2111 5609 ad
2139 5551 2386 5610 Tamesis
2419 5559 2474 5606 et
2500 5547 2656 5607 Occa
2687 5550 3041 5608 confluentes.
