3990 6298
475 346 575 450 ’Μ
597 332 619 355 ρ
1506 386 1864 446 GOSCELIN!
1901 386 2461 449 CANTUARIENSIS
2500 387 2813 446 MONACIII
3721 391 3803 448 52

482 482 727 590 assolet:
761 506 904 590 Sunt
952 507 1048 577 qui
1086 505 1318 590 hujusce
1352 504 1621 590 legendae
1648 476 1922 590 auctorem
1969 521 2097 560 cen-
2122 508 2177 570 Α
2202 510 2536 590 venio,_quaa
2572 509 2635 590 in_
2659 508 2765 563 line
2785 508 2954 590 hujus
2993 510 3302 590 eompendii
3335 510 3607 567 relaturus
3634 526 3794 568 sunt.

506 588 627 644 sent
645 580 817 635 fuisse
839 576 1107 634 Joannem
1142 576 1614 642 Tinmutbensem,
1645 576 1975 631 monachum
2001 591 2092 630 er-

502 654 657 713 dinis
677 650 734 706 S.
774 648 1054 705 Benedicti
1078 648 1147 703 ad
1174 647 1233 702 S.
1257 648 1559 711 Albertum,
1582 646 1676 716 qui
1706 645 1949 702 Joannes
1974 647 2090 702 cla-

502 727 621 783 ruit
648 736 797 777 mino
822 719 983 786 1566,
1014 728 1369 789 veterumque
1391 716 1855 789 monasteriorum
1884 726 2094 774 scruta-

503 808 597 854 tus
616 792 1002 856 bibliothecas,
1021 789 1222 859 adjecit
1242 787 1488 844 animum
1535 787 1604 842 ad
1636 788 2091 859 conscribendam

504 864 796 924 historiam
833 857 1264 918 ecclesiasticam
1316 867 1370 915 et
1417 866 1735 915 sanctorum
1783 857 1956 915 Vitas.
2008 858 2092 915 Ex

473 978 479 984 μ
504 939 628 1008 ejus
652 932 1007 1008 Sanctilogip,
1038 947 1133 988 seu
1183 928 1420 1008 Historia
1455 938 1773 1008 sanctorum
1802 931 2093 1008 utriusque

506 999 695 1073 sexus,
719 999 1180 1059 fertur'Joannes
1221 999 1560 1073 Capgravius
1586 1072 1593 1073 ί
1615 1001 1702 1056 vel
1758 1001 1973 1065 omnia,
2001 999 2091 1058 vel

506 1071 765 1148 pleraque
787 1075 844 1129 in
858 1074 1187 1148 praedictam
1216 1086 1394 1148 διωωὴ
1408 1071 1694 1148 legendam
1719 1073 2088 1148 transtulisse,

506 1140 828 1204 atoue-usus
851 1140 1020 1200 fuisse
1054 1159 1155 1204 pro
1184 1142 1322 1197 suis.
1355 1140 1595 1198 Consule
1631 1151 1831 1198 notam
1859 1140 2092 1201 Joannis

505 1212 753 1275 Bollandi
777 1225 910 1271 tom.
947 1213 993 1267 ll
1026 1212 1310 1268 Februarii
1344 1229 1468 1285 pag.
1494 1212 1619 1285 508,
1643 1213 1824 1268 littera
1859 1230 1912 1268 a.

578 1290 671 1344 11.
707 1286 885 1342 Vitam
907 1285 1172 1349 eamdem,
1195 1298 1365 1351 quam
1417 1284 1473 1340 et
1514 1284 1606 1339 hic
1642 1300 1837 1341 sumus
1885 1285 2089 1351 daturi,
2136 1318 2141 1325 μ

504 1361 698 1429 paucis
728 1356 953 1429 mutatis
970 1362 1028 1429 e_t_
1039 1355 1188 1429 style
1213 1355 1343 1410 hinc
1369 1355 1497 1429 inde
1522 1366 1790 1429 c_orree_t_o,
1810 1355 2091 1429 impressit

506 1424 822 1498 Suriusidie
853 1442 890 1480 ιι
923 1424 1055 1480 Julii
1102 1424 1480 1498 sub‘nomine
1526 1425 1817 1498 Gesselini,
1867 1424 1936 1482 de
1979 1444 2090 1498 quo

502 1515 650 1579 mox.
679 1497 802 1579 Vita
828 1511 994 1579 porro
1023 1496 1167 1566 apud
1204 1494 1567 1579 {Iapgravium
1606 1497 1751 1553 edita
1789 1494 2090 1579 etnano'bis

501 1570 778 1627 insinuata
789 1567 956 1623 nimis
982 1567 1280 1638 concordat
1302 1567 1428 1638 cum
1449 1583 1515 1623 ea
1534 1583 1725 1638 quam,
1749 1577 1809 1623 ut
1823 1568 2085 1637 diximus,

500 1656 656 1695 more
678 1654 782 1695 suo
815 1637 1077 1708 expolivit
1101 1638 1285 1694 dictus
1309 1637 1525 1704 Surius,
1546 1637 1713 1709 quam
1761 1648 1820 1693 ut
1856 1638 2090 1709 diversis

498 1727 533 1766 e
582 1709 833 1766 fontibus
876 1710 1088 1764 haustae
1120 1723 1256 1780 esse
1292 1709 1525 1780 possint,
1557 1708 1636 1764 uti
1685 1708 1974 1780 coniicitur
2022 1726 2090 1766 ex

500 1782 795 1852 utriusque
830 1780 976 1852 inter
1008 1792 1067 1836 se
1110 1777 1254 1852 facta
1294 1777 1331 1835 a
1377 1796 1466 1836 me
1519 1780 1829 1852 collatione.
1880 1779 2093 1852 Juverit

2269 580 2358 635 15.
2398 578 2528 646 Nos,
2557 580 2707 636 salva
2743 578 3084 635 viri’ernditi
3120 578 3276 650 pace,
3321 596 3613 637 censemus
3649 597 3799 636 con-

2190 661 2298 716 tra,
2335 651 2581 723 apprime
2615 666 2741 707 esse
2782 660 3214 723 consentaneum
3256 651 3603 723 antiquitatis
3637 667 3801 708 seru-

2193 722 2377 788 tatori,
2414 737 2591 792 neque
2617 723 2749 777 dum
2785 721 2857 777 ab
2897 721 3019 791 ejus
3045 722 3294 778 instituto
3318 721 3580 789 alicnnm,
3614 738 3797 778 vene-

2191 793 2377 848 randae
2415 792 2702 849 vetustatis
2741 805 3097 848 monumenta
3123 810 3157 849 e
3188 794 3430 851 tenebris
3464 808 3661 850 eruere
3725 809 3798 849 ac

2190 862 2437 935 proferre
2462 864 2519 919 in
2546 863 2822 933 publicam
2848 863 3049 935 lucem,
3074 880 3174 921 nec
3196 880 3306 919 non
3329 865 3485 920 lucro
3511 879 3801 935 apponere

2191 934 2458 1006 quidquid
2486 934 2825 1004 hujusmodi,
2871 933 3037 1006 modo
3071 936 3143 991 sit
3176 937 3455 992 sincerum
3491 933 3559 991 ac
3586 933 3797 1006 genui—

2162 1004 2359 1069 num,
2376 1005 2446 1077 ad
2475 1013 2726 1076 posteros
2752 1004 3051 1077 transmitti
3078 1008 3270 1075 possit,
3302 1007 3462 1077 cujus
3486 1007 3571 1061 vel
3598 1004 3796 1061 solum

2190 1084 2247 1131 et
2292 1076 2517 1131 unicum
2542 1090 2706 1147 saepe
2744 1075 2979 1147 pretiu_m
3019 1086 3105 1132 est
3147 1075 3400 1144 candida,
3450 1077 3680 1147 antiqua
3728 1092 3801 1130 ac

2190 1147 2452 1217 primaeva
2507 1144 2853 1216 simplicitas.
2906 1144 3165 1203 Fortasse
3219 1149 3322 1204 hoc
3371 1163 3478 1203 ms.
3530 1144 3799 1203 nostrum

2191 1217 2454 1274 coincidit
2474 1232 2598 1273 cum
2629 1217 2737 1272 alio
2761 1217 2878 1282 illo,
2904 1218 3074 1286 quod,
3102 1219 3264 1275 sicuti
3292 1218 3483 1274 scribit
3511 1218 3802 1274 recentior

2190 1288 2415 1359 quidam
2451 1298 2668 1359 auctor,
2727 1308 2747 1339 ‹
2772 1296 2952 1343 exstat
2987 1288 3041 1342 in
3084 1290 3300 1345 eximia
3346 1290 3698 1359 antiquitatis
3741 1297 3803 1342 et

2232 1358 2617 1415 ulchritudinis
2663 1358 2852 1415 codice
2901 1359 3245 1416 bibliothecae
3293 1358 3638 1415 Cottoniana:
3690 1359 3801 1414 sub

2251 1447 2405 1485 erane
2435 1429 2496 1484 E.
2529 1428 2570 1483 Ι.
2598 1450 2616 1480 ι
2650 1430 2731 1483 Ad
2763 1429 3077 1500 praedictam
3120 1431 3497 1487 translationis
3526 1446 3592 1487 ac
3621 1430 3804 1485 mira—

2191 1502 2445 1575 culorum
2482 1500 2771 1575 historiam
2810 1508 2977 1575 prout
3004 1500 3059 1555 in
3089 1503 3407 1575 apographo
3451 1511 3648 1575 nostro
3686 1510 3802 1567 est,

2192 1571 2486 1627 Lantfredo
2515 1571 2919 1626 attribuendam
2961 1571 3223 1642 tanquam
3253 1572 3487 1639 auctori,
3533 1587 3645 1627 non
3678 1587 3808 1626 me-

2190 1644 2452 1715 diocriter
2478 1643 2809 1715 conducunt
2826 1642 2942 1715 haec
2976 1642 3221 1715 ejusdem
3259 1643 3559 1715 apograpbi
3598 1643 3802 1697 verba.

2197 1734 2216 1767 ι
2246 1713 2420 1784 Hujus
2444 1722 2627 1768 tamen
2655 1712 2924 1784 mirabilis
2944 1714 3196 1783 praesulis
3234 1712 3344 1770 vita
3369 1712 3424 1770 et
3447 1712 3627 1784 prisca
3656 1728 3807 1768 con-

2192 1783 2433 1841 versatio
2466 1784 2627 1855 nobis
2650 1783 2931 1855 incognita
2961 1794 3112 1848 sunt,
3154 1785 3283 1855 quia
3314 1783 3519 1855 scripta
3563 1785 3809 1855 minime

499 1853 690 1927 audire
702 1849 835 1927 qua:
860 1851 929 1927 de
953 1858 1177 1927 auctore
1198 1849 1337 1927 Vita)1
1355 1851 1894 1927 commentat_us_l‘_uit
1914 1850 2087 1927 Joau-
2122 1854 2163 1913 Β
2194 1857 2483 1911 habentur.
2516 1874 2536 1905 ι
2568 1854 2672 1927 _Ex
2719 1849 2925 1927 quibus
2963 1849 3189 1924 apparet
3232 1849 3806 1927 convenirepauctori

500 1939 603 1994 nes
633 1919 857 1994 Habilio
876 1922 933 1994 in
958 1919 1112 1994 Actis
1138 1921 1506 1994 Benedictinis
1533 1922 1753 1994 sate-uio
1776 1920 1846 1976 IV
1861 1964 1876 1989 ,
1900 1924 2086 1994 pagin.

502 1993 572 2074 69
599 2013 613 2074 ς
650 2012 668 2045 ι
696 1992 870 2074 Hane,
894 1991 1093 2074 inqpit,
1119 2007 1152 2047 e
1196 1992 1435 2074 tenebris
1472 1992 1686 2074 primus
1715 1991 1946 2074 demum
1974 1991 2094 2050 ver-

504 2072 653 2120 tente
697 2063 899 2121 saeculo
943 2061 1017 2119 ιιι
1064 2078 1258 2119 eruere
1284 2061 1513 2119 tentavit
1539 2061 1864 2120 Goscelinus
1893 2079 2091 2120 mona-

476 2136 757 2207 .chus,_ex
793 2133 1075 2207 Sithiensi
1107 2134 1359 2207 ccenobio
1404 2135 1705 2207 translatus
1735 2135 1792 2190 in
1838 2134 2093 2207 Angliam

500 2222 628 2262 eum
651 2205 968 2277 Hermanno
996 2206 1257 2277 episcopo
1287 2204 1712 2277 Saresberiensi,
1738 2206 1835 2277 qui
1886 2204 2092 2263 Gosce-

500 2277 670 2343 linus,
694 2276 963 2333 referente
991 2275 1268 2332 Willelmo
1290 2277 1567 2332 monacho
1592 2275 2089 2345 Malmesburi'ensi,

502 2349 562 2403 in
583 2348 678 2403 lib.
704 2364 758 2403 tv
783 2346 861 2403 De
882 2347 1457 2419 regibus_Anglorum,
1481 2347 1658 2417 capite
1680 2348 1897 2415 ultimo,
1923 2348 2092 2404 inuu-

500 2434 683 2491 meras
713 2417 1033 2491 sanctorum
1080 2417 1251 2491 Vitas
1284 2419 1425 2491 stle
1449 2419 1679 2491 extulit
1713 2428 1983 2485 veterum,
2007 2420 2093 2475 vel

501 2490 807 2545 hostilitate
835 2489 1095 2560 amissas,
1123 2489 1209 2543 vel
1238 2488 1549 2560 informiter
1597 2489 1773 2545 editas
1819 2491 2094 2560 comptius

500 2561 806 2616 renovavit.
828 2560 914 2613 Ab
936 2559 1044 2614 hoc
1063 2566 1289 2615 auctore
1308 2559 1452 2614 idem
1480 2559 1790 2615 Willelmus
1810 2559 2095 2617 mutuatus

502 2640 589 2685 est
610 2646 736 2700 qua:
755 2629 823 2686 de
849 2628 1142 2700 Swithuuo
1166 2629 1372 2695 retulit,
1403 2630 1615 2700 agendo
1657 2632 1725 2686 de
1752 2630 2095 2687 Wintonien-

503 2698 661 2773 sibus
685 2699 977 2771 episcopis.
1006 2698 1210 2773 insgitit
1236 2698 1522 2773 utriusque
1540 2702 1788 2773 vestigiis
1811 2701 2087 2773 llarpsfel-

501 2772 651 2837 dius,
673 2778 729 2828 et
755 2781 880 2842 post
909 2786 1038 2828 eum
1087 2771 1331 2827 Thomas
1382 2771 1722 2836 Mailienius,
1751 2771 1954 2842 aliique
2009 2788 2095 2829 re-

502 2844 798 2915 centiores.
863 2862 911 2915 id
950 2842 1051 2915 De,
1085 2842 1373 2915 Gotzeliiio
1431 2842 1513 2898 sic
1534 2844 1810 2915 Aloquitur
1866 2842 2095 2900 Vossius

500 2914 647 2971 libro
669 2930 707 2968 ιι
738 2912 814 2968 De
860 2913 1142 2969 historicis
1170 2912 1382 2969 Latinis
1419 2932 1432 2967 :
1474 2933 1492 2965 ι
1520 2912 1733 2970 Claruit
1757 2930 1906 2970 anno
1932 2916 2090 2970 me.

505 2982 755 3057 Siguavit
774 2982 956 3057 Vitam
986 2983 1045 3057 5.
1073 2983 1371 3057 Swithuni,
1393 2984 1792 3057 Wintoniensis
1819 2986 2058 3057 episcopi
2075 3028 2092 3053 ,

505 3070 631 3138 quae
655 3056 799 3138 ipsa,
826 3055 1141 3138 ve'lnsaltem
1167 3055 1404 3138 epitqme
1439 3055 1561 3138 ejus
1584 3065 1765 3138 exstat
1799 3055 1942 3127 apud
1967 3056 2095 3138 “Su-

504 3124 842 3194 riumﬂom.
881 3124 973 3192 IV,
997 3124 1129 3181 Julii
1158 3124 1219 3180 ιι.
1255 3145 1275 3177 ι
1300 3126 1441 3181 Cum
1471 3124 1639 3194 igitur
1668 3127 1810 3184 inter
1833 3124 2094 3184 eruditos

503 3197 642 3254 satis
691 3197 981 3252 conveniat
1037 3212 1182 3254 saeue
1228 3197 1438 3253 dictum

500 3268 852 3324 mandavisse
887 3265 1067 3350 Vitam
1098 3265 1157 3323 S.
1193 3268 1488 3350 Swithuni,
1526 3284 1703 3350 neque
1756 3279 1950 3350 auctor
1989 3271 2097 3350 huc

468 3374 471 3377 -
503 3355 704 3423 usque,
738 3346 1006 3423 quantum
1043 3354 1145 3421 ego
1190 3339 1412 3423 quidem
1463 3337 1898 3423 existimohjllo
1945 3340 2097 3423 prior

500 3409 776 3494 assignari
813 3417 1004 3494 queat,
1043 3409 1138 3494 qui
1189 3410 1333 3494 idem
1391 3410 1497 3492 hoc
1540 3410 1794 3494 litterarii
1834 3409 2095 3494 curiiculi

502 3480 746 3565 stadium
795 3480 1112 3565 decurrerit
1148 3488 1299 3565 ante.
1319 3480 1496 3565 ipsius
1538 3489 1825 3565 tempora,_
1846 3491 2097 3565 superest

472 3580 473 3589 ι
501 3562 566 3625 ιιι
593 3553 662 3609 ad
690 3553 840 3608 hunc
865 3568 1047 3625 unum
1071 3551 1448 3625 Goscelinum,
1476 3551 1739 3625 tanquam
1760 3554 1829 3609 ad
1856 3551 2095 3625 primunt

501 3568 566 3607 ιιι
593 3568 662 3609 au
692 3568 840 3608 nunc
871 3568 1042 3607 unum
1071 3568 1448 3618 uosccnnum,
1476 3568 1739 3677 tanquam
1760 3568 1829 3609 au
1856 3570 2095 3625 primum

500 3622 761 3693 fontem,
785 3622 1054 3693 quidquid
1103 3622 1219 3679 sive
1272 3620 1513 3679 Joannes
1616 3622 1943 3682 imutheusis
1983 3625 2097 3680 sive

501 3692 1788 3766 Capgraviu’s.subsecutis‘temporibusedidere,
1808 3695 2095 3766 referenda

501 3763 955 3820 esse'videantur.
999 3763 1117 3820 Nisi
1173 3763 1411 3835 fortasse
1442 3763 1554 3835 ipsi
1593 3765 1757 3823 etiam
1804 3765 2096 3823 Goscelino

504 3835 711 3905 aliquid
750 3835 891 3891 lucis
914 3836 1257 3905 praetulerint
1282 3834 1638 3905 Lautiredus,
1664 3846 1718 3902 et
1740 3837 1882 3894 forte
1927 3838 2094 3894 etiam

503 3905 847 3971 Wolstanus,
874 3906 945 3961 de
978 3908 1182 3971 quibus
1207 3923 1357 3963 nunc
1380 3908 1762 3964 tractabimus.

575 3977 664 4033 12.
701 3975 970 4047 Expensis
998 3975 1154 4034 hisce
1179 3978 1382 4045 verbis,
1413 3993 1538 4048 qua:
1562 3986 1755 4035 auctor
1781 3980 2098 4037 translatio-

472 4048 592 4104 ~nis
622 4048 873 4118 corporis
898 4049 1072 4104 sancti
1114 4048 1377 4104 antistitis
1425 4049 1623 4115 nostri,
1654 4049 1899 4106 historia:
1946 4066 1978 4105 a
2038 4066 2098 4107 se

503 4117 1118 4191 conscriptaa_inseruit
1151 4136 1166 4171 :
1204 4140 1223 4170 ι
1257 4118 1373 4191 Nos
1430 4118 1506 4173 ita
1563 4129 1777 4191 gestum
1831 4120 2092 4187 vidimus,

503 4189 967 4261 quemadmodum
1018 4205 1265 4261 praesens
1315 4189 1659 4261 demonstrat
1704 4191 2018 4261 codicillus;
2069 4211 2088 4244 ι

502 4260 559 4317 et
588 4260 711 4316 istis
752 4260 998 4331 insuper,
1022 4260 1162 4332 qua:
1198 4260 1398 4317 ibidem
1445 4260 1579 4318 dicit
1612 4280 1626 4316 :
1689 4280 1709 4314 ι
1742 4261 1849 4330 Qui
1906 4273 2095 4320 nostra

502 4331 1115 4406 tempestatedignatus
1132 4340 1217 4388 est
1244 4341 1496 4406 sanetum
1521 4347 1683 4388 suum
1715 4334 1888 4406 signis
1911 4345 1966 4389 et
1989 4335 2097 4390 vir-

392 4384 408 4415 “·
501 4384 1036 4461 assuescas
1049 4384 1113 4469 Ξ]
1138 4384 1695 4473 spississima,
1715 4384 2092 4472 Hessianis,

502 4475 706 4555 liquet,
736 4474 1058 4599 praedictum
1112 4482 1396 4530 auctorem
1454 4475 1801 4531 translationi
1846 4477 2096 4546 corporis

505 4544 564 4600 S.
598 4545 736 4600 Swnt
777 4561 872 4599 um
920 4559 1163 4600 coaevum
1195 4544 1389 4600 fuisse.
1420 4546 1555 4600 quin
1602 4546 1768 4600 etiam
1817 4547 2095 4600 oculatum

550 4586 564 4600 .
598 4552 736 4600 Swit

503 4625 722 4681 testem,
740 4615 856 4686 jam
880 4631 1010 4671 vero
1037 4616 1300 4686 quoniam
1326 4615 1460 4671 satis
1481 4617 1737 4673 convenit
1781 4618 1924 4674 inter
1963 4635 2093 4674 ern—

502 4688 650 4743 ditos
672 4685 1027 4742 Lantt‘redum
1056 4685 1348 4757 praelibatae
1378 4688 1757 4743 translationis
1804 4690 2093 4746 historiam

503 4758 618 4814 sive
643 4758 909 4814 miracula
965 4766 1090 4828 post
1131 4767 1366 4814 mortem
1410 4761 1586 4816 sancti
1627 4769 1861 4829 patrata,
1909 4761 2098 4818 consi-

504 4845 704 4899 gnasse
731 4830 982 4885 oratione
1033 4830 1243 4895 soluta;
1300 4838 1356 4884 et
1400 4831 1663 4901 quoniam
1710 4832 1931 4887 aliunde
1982 4848 2094 4886 non

504 4901 689 4956 minus
704 4912 857 4957 certo
875 4909 1093 4956 constat
1106 4901 1559 4972 ipsumﬂoruisse
1575 4902 1723 4957 circa
1740 4919 1948 4958 annum
1965 4902 2092 4969 980,

502 4986 614 5043 non
632 4972 896 5043 equidem
916 4972 1077 5027 video
1112 4972 1339 5029 cuinam
1380 4972 1720 5043 probabilius
1744 4982 1800 5028 et
1827 4989 1953 5028 cum
1984 4989 2096 5028 ma-

500 5041 623 5109 jore
658 5042 1134 5114 verisimilitudine
1177 5043 1345 5098 tribui
1376 5041 1626 5099 videatur
1649 5060 1810 5114 posse
1849 5045 1955 5101 hoc
1994 5060 2093 5099 no—

503 5119 682 5187 stt-um
716 5113 1027 5187 ms.,quod
1057 5115 1199 5187 typis
1238 5115 1456 5181 damus,
1484 5113 1663 5186 quam.
1701 5115 1878 5171 eidem
1927 5115 2097 5171 Lant-

472 5179 819 5257 '£redo,hoc
845 5179 1039 5257 saltem
1080 5179 1286 5254 'sensu,
1314 5179 1465 5257 quod
1502 5179 1757 5241 nostrum
1798 5202 1866 5241 ex
1920 5186 2097 5257 ipsius

507 5253 755 5327 scriptis“
772 5255 845 5310 sit
873 5256 1246 5327 desumptum,
1286 5253 1350 5312 et
1370 5264 1698 5323 extractum,
1720 5253 1955 5313 omissis
1972 5258 2096 5313 aliis

507 5324 813 5398 miraculis,
845 5343 971 5398 qua:
1010 5324 1297 5398 scripsisse
1327 5343 1454 5387 cum
1488 5327 1700 5397 majore
1753 5328 1809 5385 in
1862 5343 2097 5385 numero

476 5410 481 5417 '
505 5396 733 5519 Elauum
759 5396 948 5453 ﬁet'ex
979 5398 1048 5453 iis
1076 5396 1198 5468 quae
1235 5399 1365 5455 dein
1389 5396 1644 5454 dicentur
1667 5414 1734 5453 ex
1778 5398 2091 5456 Mabilione.

555 5474 577 5519 t
599 5467 791 5519 auidni
823 5469 929 5519 hoc
952 5468 1132 5519 insnm
1158 5469 1233 5519 sit
1251 5470 1418 5519 idem-
1456 5470 1542 5519 vel
1578 5483 1643 5519 ex
1676 5468 1870 5519 iisdem
1900 5471 2091 5519 saltem

555 5467 791 5540 tquidni
823 5469 929 5524 hoc
952 5467 1132 5540 ipsum
1158 5469 1233 5524 sit
1251 5470 1418 5537 idem,
1456 5470 1542 5524 vel
1578 5483 1643 5524 ex
1676 5468 1870 5526 iisdem
1900 5471 2093 5526 saltem

507 5536 754 5594 fontibus
768 5536 1059 5611 haustu—tn,
1090 5555 1214 5595 cum
1248 5556 1316 5596 eo
1360 5536 1517 5611 quod
1548 5540 1605 5595 in
1632 5541 1830 5598 .lucem
1880 5542 2097 5600 mittere

504 5609 860 5677 praetermisit
886 5608 1127 5676 Mabilio,
1154 5608 1476 5676 contentus,
1524 5611 1790 5669 miracula
1838 5611 1896 5668 S.
1955 5612 2097 5667 Swi-

507 5679 676 5754 thuni
701 5682 1018 5754 summatim
1048 5690 1261 5737 tantum
1312 5682 1596 5747 retulisse,
1632 5703 1650 5734 ι
1689 5694 1865 5749 ratus,
1893 5684 2092 5754 inquit,

509 5747 789 5805 Lantfreli
814 5761 869 5807 et
898 5752 1169 5809 Wolstani
1194 5768 1381 5824 opera,
1417 5768 1542 5825 quae
1566 5769 1736 5823 penes
1781 5747 1886 5811 nos
1928 5747 2097 5811 habe;

509 5835 677 5894 unus,
701 5838 809 5876 non
868 5839 993 5881 esse
1018 5826 1155 5879 tanti
1190 5834 1253 5880 ut
1289 5825 1468 5881 lucem
1513 5825 1787 5894 publicam
1841 5842 2095 5880 merean-

509 5903 618 5949 tur.
648 5892 722 5965 in
749 5894 859 5952 illis
888 5896 1140 5969 quaedam
1169 5898 1439 5955 duntaxat
1472 5892 1763 5953 observatu
1797 5897 1961 5968 digna
2010 5898 2097 5953 in-

1538 3198 1841 3254 oscelinum
1898 3198 2094 3255 litteris
2123 3201 2167 3263 ρ

2192 1927 2360 1998 hujus
2408 1924 2582 1981 nostri
2632 1924 2931 1996 awgraphi
2974 1927 3030 1998 id
3079 1927 3227 1998 quod
3272 1928 3341 1998 de
3394 1925 3698 1982 Lantl'redo
3748 1936 3813 1998 et

2194 1996 2483 2053 Wolstauo
2521 2005 2794 2052 assertum
2822 1997 3055 2068 reperio
3097 1996 3243 2068 apud
3277 1997 3654 2063 Mabilionem,
3700 1996 3809 2066 qui

2200 2088 2223 2139 ι
2248 2076 2671 2139 conqueruntur
2687 2066 2833 2139 quod
2858 2082 2975 2139 prae
3003 2066 3336 2138 scriptorum
3363 2068 3620 2124 socordia
3656 2067 3814 2123 nihil

2192 2138 2263 2196 de
2283 2136 2406 2209 ejus
2438 2137 2546 2210 [S_._
2567 2136 2878 2210 Swithuni]
2908 2138 3019 2193 vita
3057 2136 3447 2195 transmissum
3473 2140 3545 2195 sit
3582 2139 3655 2195 ad
3694 2154 3835 2209 pos.

2195 2207 2395 2267 steros.
2429 2207 2457 2261 ἱ
2502 2207 2624 2263 Non
2675 2207 2930 2282 equidem
2978 2210 3232 2280 concipio
3273 2211 3554 2282 quomodo
3604 2207 3817 2282 istharc

2194 2282 2469 2338 cohaerere
2492 2289 2587 2352 aut
2600 2279 2889 2352 conciliari
2912 2281 3135 2352 possint
3145 2279 3574 2352 ’cumiopinione
3600 2281 3813 2352 Pitsei,

2194 2352 2311 2424 qui,
2344 2349 2824 2424 testeMabilione,
2855 2369 2887 2424 ει
2908 2349 2964 2405 in
2989 2352 3139 2424 libro
3151 2351 3220 2407 de
3244 2349 3608 2424 scriptoribus
3628 2351 3818 2424 eccle-

2195 2420 2434 2480 siasticis
2474 2421 2775 2493 Anglorum
2790 2461 2816 2493 ,ί
2855 2420 3152 2493 Lantt‘redo
3200 2420 3392 2479 tribuit
3435 2423 3577 2479 duos
3621 2423 3697 2478 de
3746 2422 3814 2477 S.

2198 2494 2472 2550 Swithuni
2505 2493 2617 2548 vita
2655 2500 2719 2563 et
2747 2492 3029 2550 miraculis
3072 2492 3275 2559 libros,
3319 2495 3574 2559 tametsi,
3619 2493 3819 2563 inquit

2195 2565 2446 2627 Mabilio,
2480 2580 2652 2619 unum
2691 2562 2962 2618 duntaxat
2992 2564 3215 2619 invenio
3243 2567 3312 2621 de
3346 2562 3715 2621 translatione
3755 2573 3819 2619 et

2196 2636 2499 2707 miraculis,
2530 2650 2633 2689 nec
2664 2634 2843 2707 ullum
2864 2635 2932 2707 de
2962 2636 3085 2703 ejus
3110 2636 3221 2690 vita
3251 2636 3543 2707 scripsisse
3578 2636 3818 2707 videtur

2198 2706 2555 2772 Lantlredus,
2585 2704 2679 2776 qui
2714 2705 2772 2760 S.
2810 2703 3083 2762 Swithuni
3114 2716 3266 2777 gesta
3296 2703 3521 2778 propter
3549 2706 3815 2777 inopiam

2198 2780 2531 2849 scriptorum
2566 2778 2819 2849 ignorata
2848 2791 2971 2849 esse
2998 2778 3377 2848 conqueritur.
3412 2797 3432 2830 ι

2270 2846 2357 2905 Μ.
2395 2846 2741 2904 Postremum
2768 2846 2901 2902 illud
2937 2856 3109 2904 restat
3125 2846 3206 2903 ἰιι
3229 2849 3505 2904 miracula
3526 2848 3644 2915 illa,
3676 2864 3817 2918 qua:

2196 2920 2417 2976 Mabilio
2449 2935 2482 2975 e
2507 2918 2780 2990 Wolstani
2819 2927 2873 2990 et
2911 2917 3191 2976 Lantfredi
3238 2921 3459 2990 scriptis
3498 2917 3813 2988 excerpsit,

2198 2993 2288 3048 hic
2314 2992 2704 3062 producamus.
2754 2987 3000 3062 Primum
3036 3000 3122 3046 est
3148 2991 3216 3046 de
3244 2987 3469 3062 homine
3494 2987 3812 3060 parricida,

2197 3064 2267 3119 ab
2309 3060 2471 3118 annis
2509 3076 2727 3126 novem,
2770 3060 2903 3115 illud
2945 3062 3017 3115 ob
3060 3062 3270 3117 crimen
3316 3061 3514 3118 ferreis
3560 3062 3817 3118 vinculis

2197 3134 2518 3199 constricto,
2544 3142 2599 3187 et
2623 3132 2833 3203 catenis
2862 3132 3065 3199 soluto,
3108 3152 3128 3184 ι
3157 3133 3306 3203 quod
3337 3132 3696 3199 miraculum,
3752 3142 3820 3188 ut

2197 3206 2365 3260 tradit
2393 3203 2688 3275 praedictus
2714 3201 2956 3275 Mabilio,
3005 3204 3061 3275 in
3106 3201 3286 3274 capite
3308 3204 3381 3258 24
3406 3212 3596 3258 narrat
3618 3203 3813 3275 Lane-

2198 3274 2409 3340 fredus,
2444 3296 2465 3328 ι
2518 3276 2605 3344 (et
2648 3274 2791 3343 apud
2823 3289 2924 3330 nos
2965 3274 3202 3329 refertur
3232 3275 3377 3334 inter
3398 3274 3673 3329 miracula
3703 3274 3818 3330 de-

2198 3356 2413 3418 sumpta
2473 3343 2540 3418 er
2596 3344 2841 3418 antiquis
2897 3345 3235 3418 membranis
3284 3344 3526 3418 :Regina;
3589 3343 3819 3418 Sueeiae

2168 3415 2413 3474 «num—er.
2448 3416 2573 3487 52).
2621 3435 2640 3468 ι
2672 3415 2785 3471 Hoc
2814 3431 2988 3487 genus
3015 3416 3367 3487 poenitentiae,
3399 3416 3562 3487 quale
3590 3416 3816 3487 sepius

2196 3490 2332 3545 alias
2371 3486 2928 3553 observavimus,’ita
2966 3488 3326 3557 sequentibus
3363 3486 3662 3543 versiculis
3684 3486 3815 3543 ’de-

2198 3560 2388 3617 scribit
2412 3559 2735 3614 Wolstanus
2758 3558 2855 3613 lib.
2885 3574 2945 3625 ιι,
2973 3573 3095 3630 cap.
3130 3558 3194 3612 7:
3644 3564 3657 3571 ’

2166 3658 2169 3659 ⁷
2197 3651 2439 3732 ροηιίεῆ
2463 3650 2669 3732 interea
2708 3650 3002 3732 quemdam
3020 3659 3284 3732 patrasse
3309 3660 3547 3718 reatum,

2196 3720 2333 3778 Nam
2364 3720 2562 3778 occidit
2587 3720 2872 3791 proprium
2901 3720 3109 3777 crudeli
3138 3731 3312 3778 morte
3346 3733 3657 3792 parentem.

2198 3792 2355 3865 Unde
2385 3808 2482 3849 reo
2517 3792 2699 3849 statim
2734 3792 2987 3862 praecepit
3008 3793 3304 3865 episcopus
3334 3793 3509 3861 urbis,

2196 3864 2430 3935 Ferreus
2450 3873 2511 3919 ut
2536 3870 2781 3935 ventrem
2812 3863 3213 3935 constringeret
3240 3865 3441 3935 acriter
3468 3879 3695 3918 omnem

2165 3934 2470 4000 'Circulus,
2508 3943 2563 3991 et
2598 3933 2831 3990 similem
2861 3933 3178 4004 paterentur
3206 3934 3430 3990 brachia
3458 3948 3688 4005 poenam
3719 3953 3737 3989 :

2196 4006 2614 4076 Continuosque
2640 4020 2835 4077 novem
2867 4012 3041 4061 semet
3068 4006 3365 4077 cruciando
3392 4021 3490 4077 per
3515 4020 3737 4074 annos,

2195 4078 2350 4147 Atria
2377 4091 2661 4147 sacrorum
2701 4076 2965 4147 lustraret
2997 4076 3139 4147 saepe
3171 4076 3440 4142 locorum,

2198 4146 2412 4204 Viseret
2435 4155 2492 4203 et
2520 4146 2664 4203 sacri
2690 4146 3060 4217 pulcherrima
3076 4146 3283 4203 limina
3305 4147 3474 4203 Petri.

2197 4217 2318 4287 Quo
2339 4218 2556 4275 veniam
2571 4226 2737 4273 tanta:
2765 4226 3067 4273 mereretur
3094 4233 3312 4274 sumere
3340 4219 3534 4290 culpae.
3560 4236 3580 4270 ι

2196 4311 2382 4384 Pergit
2399 4312 2580 4384 dictus
2601 4310 2843 4367 Mabilio.
2875 4329 2894 4362 ι
2921 4309 3067 4384 Item
3082 4311 3230 4384 aliud
3254 4311 3514 4384 in_capite
3540 4315 3815 4384 sequenti

2197 4382 2402 4439 factum
2428 4383 2666 4439 refertur
2694 4384 2949 4454 deserve
2984 4382 3269 4454 cujusdam
3300 4382 3635 4448 Flodoaldi,’
3660 4384 3819 4454 prae-

2197 4454 2383 4510 divitis
2414 4454 2736 4510 mercatoris
2770 4452 3201 4525 Wintoniensis,
3249 4454 3342 4525 qui
3382 4470 3577 4510 servus
3607 4452 3818 4517 coram

777 4523 1396 4612 ὶιῐῖῖδεεςυῖηῆίιῖέέξ
1420 4523 2095 4616 ηἱίίῖῖτεῖίίῖιζοῶῑςῖάίῆ
2127 4551 2173 4611 υ
2201 4524 2436 4616 castigo
2469 4525 2704 4597 praeside
2733 4524 2926 4581 incerti
2956 4523 3206 4581 criminis
3238 4523 3608 4594 insimulatus,
3633 4526 3818 4599 jube-

2201 4606 2310 4662 tur,
2350 4606 2411 4651 ut
3314 4648 3321 4655 .

2197 4667 2445 4723 Portaret
2470 4668 2725 4738 nudaque
2755 4682 2928 4738 manu
2950 4667 3190 4722 carbona
3222 4667 3510 4738 rubentem

2196 4738 2428 4809 Ignitum
2459 4737 2687 4793 calibem
2716 4737 2897 4809 zil‘orct
2918 4737 3265 4809 inculpabilis
3293 4737 3418 4795 etsi

2195 4808 2450 4880 Pergcret
2484 4808 2816 4880 incolumis:
2843 4808 2889 4864 si
2927 4824 3055 4864 vero
3089 4825 3291 4865 noxnus
3320 4817 3488 4873 esset,

2195 4879 2460 4936 Plecteret
2484 4880 2633 4935 hunc
2656 4879 2839 4951 gladio
2877 4887 3052 4935 tortor
3086 4881 3301 4937 cervice
3331 4888 3559 4935 retecto.

2269 4973 2356 5029 15.
2401 4991 2419 5023 ι
2451 4970 2705 5041 Tertium
2723 4979 2808 5026 est
2833 4969 2890 5024 in
2916 4970 3095 5041 capite
3123 4971 3183 5025 ll
3211 4971 3278 5026 de
3306 4968 3566 5041 Birferthi
3598 4983 3815 5025 mona-

2170 5043 2287 5099 chi
2321 5040 2743 5097 Abandunensis
2769 5042 2945 5097 oculis
2970 5039 3262 5106 restitutis,
3302 5039 3509 5112 ,Otgaro
3537 5041 3817 5112 tum___ab-

2194 5114 2322 5170 bate
2343 5112 2760 5177 Abandunensi,
2787 5112 2878 5183 cui
2902 5113 3177 5183 successit
3195 5109 3498 5183 Wlfgarus,
3521 5110 3620 5183 qui
3649 5109 3816 5167 Wol-

2196 5194 2357 5241 stano
2387 5184 2506 5240 hate
2533 5182 2805 5239 scribente
2832 5182 3081 5239 ﬂorebat.
3119 5182 3391 5251 Quartum
3435 5190 3521 5238 est
3565 5182 3622 5236 in
3671 5197 3811 5252 cap.

2172 5256 2267 5311 ~12
2299 5254 2367 5310 de
2406 5269 2561 5325 caeco
2592 5253 2922 5325 illuminato,
2968 5255 3063 5325 qui
3103 5255 3193 5310 die
3230 5252 3426 5324 jejnnii
3456 5251 3816 5325 Wintoniain

2196 5326 2388 5383 adiens
2410 5324 2665 5396 religioni
2700 5323 2857 5396 duxit
2886 5321 3096 5381 solvere
3134 5321 3408 5396 jejunium
3440 5332 3567 5380 ante
3588 5321 3818 5396 solem—

2196 5413 2321 5454 nem
2346 5393 2538 5452 horani
2560 5393 2793 5451 Nonam.
2817 5394 3081 5462 Quintum
3103 5393 3190 5452 est
3211 5396 3279 5450 de
3300 5395 3531 5451 muliere
3553 5393 3815 5463 quadam

2196 5468 2506 5535 Gallicana,
2549 5482 2674 5540 quat
2712 5466 2845 5540 dum
2886 5475 3048 5522 nocte
3092 5467 3330 5540 quadam
3361 5465 3669 5540 oscitareti.
3694 5479 3817 5540 nec

2197 5540 2412 5611 signum
2445 5534 2629 5595 crucis
2657 5536 3016 5611 imprimeret,
3062 5534 3247 5593 subito
3278 5536 3516 5611 marillie
3555 5534 3816 5611 inﬁrmi-3

2174 5603 2307 5667 .tate
2365 5624 2631 5680 percussa
2684 5603 2788 5663 est.
2853 5605 3080 5680 sextum
3131 5617 3220 5664 est
3274 5608 3342 5680 de
3387 5608 3505 5680 lege
3557 5603 3815 5680 Eadgari

2195 5676 2447 5753 regis,_in
2478 5681 2721 5753 latrones
2745 5678 3064 5753 constituta,
3096 5687 3157 5734 ut
3196 5676 3643 5753 quisquis‘hujus
3673 5691 3814 5733 sce—

2196 5747 2327 5807 leris
2352 5747 2484 5809 reus
2508 5748 3027 5821 deprehenderetur,
3050 5747 3270 5821 caecatis
3291 5747 3614 5821 luminibus,
3638 5755 3817 5802 trun-

2196 5823 2336 5879 catis
2384 5817 2665 5884 manibus,
2702 5818 2908 5876 avulsis
2942 5820 3188 5884 auribus,
3238 5818 3429 5874 incisis
3466 5817 3700 5873 naribus
3748 5829 3816 5875 et

2199 5895 2492 5952 subtractis
2517 5892 2745 5965 pedibus
2770 5892 3110 5948 cruciaretur
3138 5890 3365 5958 diutius,
3388 5897 3441 5944 et
3467 5888 3549 5944 sic
3571 5888 3811 5945 demum
