3990 6298
395 295 465 356 :9
792 252 799 259 ⁸
1392 263 1990 351 οοεοΕιιΝιέΑΝτι

2092 287 2344 346 ΠΕΝΒιΞ
2378 290 2681 348 MONACHI
3600 295 3668 352 60

396 408 538 465 votis
562 406 887 464 Swithunus
909 408 1119 465 eiectus
1141 417 1245 466 est.
1272 407 1405 479 Ejus
1426 407 1678 478 precibus
1701 412 1758 459 et
1782 404 1982 458 exhor—
2011 407 2058 467 Α
2084 405 2276 462 eadem
2318 405 2451 461 hora
2494 406 2708 472 morbo,
2749 421 2860 477 quo
2899 406 2991 461 diu
3029 408 3352 476 laborasset,
3395 408 3542 464 illico
3579 425 3668 465 es-

395 497 696 553 tationibus
747 512 845 552 rex
888 497 1178 570 Adulphus
1233 504 1531 568 permotus,
1575 492 1822 550 ecclesiis
1882 491 1979 549 Dei

393 589 706 645 universam
729 589 1004 646 decimam
1028 599 1186 647 terra:
1207 589 1357 661 regni
1374 587 1460 643 sui
1482 586 1713 656 benigne
1735 585 1976 653 donavit,

394 676 671 752 libereque
699 681 807 736 sibi
831 681 1116 738 vindicare
1140 679 1427 738 concessit.
1451 676 1597 732 Idem
1620 682 1845 734 sanctus
1865 677 1981 749 epi-

390 788 594 843 scopus
626 781 849 843 pontem
874 772 1331 836 Wintoniensem,
1360 768 1453 839 qui
1478 777 1562 824 est
1596 768 1665 824 ad
1689 768 1977 837 orientem,

394 867 722 923 construxit.
750 866 1002 937 Cumque
1021 867 1071 923 ei
1101 864 1416 921 zediﬁcando
1439 863 1730 918 sollicitam
1759 871 1983 919 navaret

395 976 639 1028 operam,
665 962 902 1028 quodam
935 961 1044 1027 die,
1075 960 1169 1014 illo
1203 956 1271 1011 ad
1309 970 1451 1025 opus
1481 956 1777 1022 residente,
1824 971 1982 1025 quae-

394 1054 519 1107 dam
542 1053 876 1123 paupercula
906 1052 1103 1105 mulier
1123 1065 1189 1104 eo
1211 1047 1379 1112 venit,
1410 1062 1511 1113 ova
1533 1048 1748 1102 venalia
1771 1046 1825 1101 in
1852 1062 1982 1103 vase

394 1143 662 1199 deferens.
704 1141 879 1209 Quam
925 1140 1318 1211 apprehensam
1366 1139 1602 1209 cperarii
1636 1137 1982 1195 lascivieutcs

393 1243 447 1289 et
472 1234 756 1290 ludibundi
773 1248 971 1303 magno
993 1230 1342 1287 incommodo
1357 1230 1676 1297 aﬁ'ecerunt,
1705 1231 1826 1287 ovis
1855 1230 1981 1285 uni-

395 1326 570 1381 versis
594 1342 702 1381 non
737 1323 958 1392 ereptis,
1009 1323 1104 1377 sed
1153 1322 1470 1379 confractis.
1531 1321 1625 1377 illa
1671 1323 1839 1395 igitur
1882 1339 1983 1393 pro

402 1416 554 1472 illata
583 1415 780 1485 injuria
811 1413 1016 1469 damno
1038 1415 1185 1482 dato,
1209 1431 1333 1470 cum
1369 1415 1626 1486 lacrymis
1670 1425 1724 1470 et
1777 1415 1983 1486 ejuiatn

396 1522 580 1562 coram
606 1506 861 1577 episcopo
884 1508 1372 1578 conquerente,vir
1393 1515 1617 1563 sanctus
1643 1507 1845 1577 pietate
1856 1523 1983 1578 per-

394 1608 596 1664 motus,
612 1614 730 1664 vas,
746 1598 801 1652 in
825 1613 937 1668 quo
955 1606 1115 1652 erant
1142 1598 1379 1667 reposita
1402 1597 1985 1666 ova,corripit,dextra

394 1694 614 1761 signum
644 1690 826 1745 erucis
854 1690 1128 1761 exprimit,
1152 1705 1361 1761 ovaque
1386 1690 1700 1761 incorrupta
1743 1698 1799 1745 et
1845 1689 1985 1744 inte-

398 1800 491 1854 gra
518 1783 776 1838 restituit.

464 1877 516 1930 ’5.
554 1875 774 1930 Solebat
816 1891 948 1931 vero
991 1875 1236 1931 studiose
1278 1873 1549 1929 fabricare
1606 1873 1869 1928 ecclesias
1918 1872 1987 1928 iis

395 1968 527 2023 locis
569 1968 772 2038 quibus
824 1984 932 2023 non
965 1976 1142 2034 erant,
1172 1981 1336 2036 porro
1362 1966 1574 2021 dirutas
1599 1974 1653 2019 et
1679 1963 1986 2020 confractus

395 2059 722 2114 instaurare.
745 2058 1104 2114 Dedicaturus
1127 2074 1314 2114 sacras
1341 2058 1505 2124 aedes,
1522 2072 1631 2112 non
1653 2072 1795 2128 equo
1824 2057 1989 2110 vehe-

394 2154 558 2208 batur
595 2153 871 2222 sublimis,
908 2169 1009 2209 nec
1067 2153 1349 2213 szecularis
1403 2168 1617 2224 pompae
1664 2159 1979 2221 apparatum

395 2245 504 2300 sibi
528 2245 852 2312 adhibebat;
891 2244 986 2300 sed
1016 2245 1231 2300 clericis
1253 2252 1309 2299 et
1335 2243 1700 2299 familiaribus
1730 2243 1861 2299 suis.
1890 2258 1987 2297 co—

395 2335 742 2401 mitantibus,
770 2335 933 2389 nudis
961 2334 1191 2405 pedibus
1223 2333 1505 2390 humiliter
1560 2334 1863 2390 incedebat.
1908 2333 1989 2388 Ad

394 2429 644 2483 convivia
676 2444 777 2484 sua
807 2429 1127 2484 accersebat
1147 2443 1256 2484 non
1281 2428 1613 2500 locupletes,
1645 2428 1740 2484 sed
1787 2443 1989 2499 egenos

395 2528 451 2573 et
470 2535 760 2590 pauperes.
787 2518 862 2575 Os
888 2520 938 2576 ei
965 2535 1180 2592 semper
1204 2528 1455 2590 apertum
1508 2529 1626 2576 erat
1673 2519 1740 2574 ad
1797 2520 1992 2573 cohor-

398 2612 594 2667 tandos
617 2620 933 2682 peccatores
954 2613 1021 2667 ad
1039 2613 1302 2684 agendam
1326 2612 1723 2684 pmnitentiam.
1738 2610 1991 2666 Monebat

397 2707 606 2761 stantes
637 2706 833 2760 darent
858 2721 1081 2775 operam
1126 2721 1196 2760 ne
1227 2696 1515 2772 caderent,
1540 2705 1748 2776 lapsos,
1794 2711 1856 2757 ut
1902 2718 1990 2757 re-

398 2807 704 2868 surgerem.
731 2797 927 2852 Cibum
959 2814 1070 2853 non
1099 2806 1160 2854 ut
1190 2806 1437 2854 ventrem
1468 2798 1727 2863 sarciret,
1751 2795 1846 2851 sed
1888 2809 1989 2865 pro

399 2890 483 2944 sui
508 2890 910 2946 sustentatione
932 2904 1098 2962 parce
1118 2899 1174 2945 et
1201 2890 1482 2946 moderate
1532 2889 1801 2946 sumebat.
1858 2887 1991 2942 Post

399 2982 606 3037 multas
663 2982 880 3054 vigilias
933 2983 1248 3053 multosque
1302 2982 1540 3049 labores,
1592 2997 1661 3037 ne
1712 2980 1987 3047 deﬁceret,

2079 505 2161 551 set
2204 505 2644 567 recuperaturus.
2689 496 2910 553 Addidit
2949 499 3113 554 etiam
3154 508 3216 554 ut
3253 498 3320 554 ad
3363 500 3547 555 locum
3576 514 3670 555 se~

2078 591 2311 660 pulturaa
2336 589 2539 656 veniat,
2570 605 2741 644 unum
2772 605 2840 646 ex
2867 590 3060 647 ferreis
3089 590 3327 659 annulis,
3359 593 3453 663 qui
3481 592 3670 648 etiam-

2080 698 2211 738 num
2237 682 2401 753 lapidi
2441 682 2594 737 infixi
2628 682 2903 750 visuntur,
2942 683 3061 739 sine
3085 683 3195 738 ulla
3221 683 3418 754 lapidis
3446 683 3671 739 laesione

2079 784 2447 842 extracturus,
2498 790 2830 845 rursumque
2871 775 2989 845 pari
3035 774 3316 842 facilitate,
3360 775 3498 830 nihil
3537 776 3671 831 Iaso

2080 868 2291 937 lapide,
2344 867 2399 920 in
2456 883 2618 923 suum
2653 867 2858 923 .loeum
2908 867 3275 937 repositurus.
3332 865 3521 939 Surgit
3580 867 3672 922 ille

2080 956 2320 1027 perfecte
2348 972 2537 1024 sanus,
2575 957 2655 1012 uti
2693 957 2948 1028 praedicta
2998 966 3174 1025 erant,
3217 957 3400 1013 omnia
3446 958 3669 1027 reperit,

2083 1058 2390 1120 cunctaque
2430 1065 2499 1105 ex
2545 1049 2803 1120 episcopo
2855 1058 3094 1107 enarrat.
3145 1048 3436 1105 Incurvum
3480 1064 3674 1120 quem-

2082 1141 2239 1208 dam,
2281 1151 2338 1196 et
2378 1141 2648 1211 pecudum
2689 1156 2861 1208 more,
2906 1156 3082 1213 prono
3127 1142 3282 1196 vultu
3334 1150 3535 1196 terram
3585 1156 3673 1197 re-

2083 1238 2440 1301 spectantem,
2473 1248 2667 1288 sanum
2700 1240 2755 1288 et
2786 1233 3115 1289 incolumem
3143 1231 3398 1288 reddidit.
3424 1231 3521 1287 Vir
3547 1232 3673 1303 qui-

2083 1324 2210 1379 dam
2248 1324 2446 1380 nobilis
2489 1335 2545 1380 et
2589 1324 2761 1391 dives,
2804 1340 2929 1380 cum
2972 1323 3276 1380 meridiano
3322 1332 3566 1399 tempore
3605 1324 3673 1379 ad

2084 1416 2326 1487 ﬂuminis
2350 1417 2522 1488 ripam
2539 1410 2946 1484 ‘deambularet,
2975 1417 3110 1473 vidit
3141 1417 3323 1473 subito
3350 1423 3676 1487 apparentes

2085 1509 2189 1564 sibi
2237 1517 2347 1565 tres
2382 1511 2526 1565 ultra
2574 1508 2796 1564 modum
2833 1508 3154 1574 horrendas,
3203 1508 3363 1579 quasi
3417 1508 3675 1563 mulieres

2086 1606 2292 1653 statura
2323 1598 2610 1654 immensa.
2647 1597 2740 1653 Eae
2782 1597 3095 1670 fugientem
3122 1598 3275 1652 illum
3317 1597 3677 1667 comprehen-

2085 1691 2297 1758 dentes,
2349 1699 2404 1745 et
2449 1691 2635 1746 multis
2691 1690 2867 1745 modis
2926 1689 3247 1760 aﬁligentes,
3306 1688 3677 1759 pestifcroque

2085 1782 2213 1836 ﬁatu
2254 1797 2357 1836 suo
2384 1797 2523 1852 pene
2554 1781 2902 1846 suffocantes,
2932 1779 3234 1835 incredibili
3274 1780 3503 1834 horrore
3537 1777 3675 1833 aﬁ‘e-

2085 1886 2233 1930 ctum
2255 1918 2268 1942 ,
2312 1874 2507 1929 insano
2545 1874 2778 1929 similem
2810 1872 3181 1927 reddiderunt.
3213 1870 3460 1926 Adducto
3489 1879 3677 1926 autem

2087 1968 2153 2023 ad
2183 1965 2494 2032 ecclesiam,
2527 1975 2684 2021 nocte
2713 1965 2968 2035 apparuit
2982 1972 3206 2020 sanctus
3221 1962 3566 2032 Swithunus,
3593 1973 3669 2030 et,

2087 2059 2236 2114 omni
2261 2058 2420 2129 pulso
2444 2058 2650 2122 dolore,
2688 2056 2907 2112 sanitati
2932 2071 3058 2111 eum
3091 2055 3345 2112 restituit.

2157 2151 2211 2206 5.
2251 2150 2388 2204 Cum
2430 2149 2798 2205 Ethelwoldus
2833 2148 3124 2218 episcopus
3160 2162 3363 2218 corpus
3400 2146 3542 2202 beati
3570 2145 3678 2201 viri

2086 2261 2117 2300 e
2149 2251 2294 2298 terra
2326 2243 2550 2308 levaret,
2590 2221 2758 2296 mira.
2767 2239 2956 2296 odoris
2992 2239 3290 2311 fragrantia
3331 2255 3522 2298 omnes
3550 2257 3679 2312 per-

2085 2337 2247 2403 vasit,
2280 2336 2479 2391 mulier
2505 2351 2649 2392 caeca
2681 2334 2861 2392 visum
2901 2334 3124 2404 recepit,
3164 2343 3219 2389 et
3254 2335 3412 2389 multi
3445 2335 3683 2405 diversis

2088 2427 2263 2499 pressi
2305 2426 2743 2498 aegritudinibus,
2784 2426 2904 2495 ejus
2937 2424 3149 2481 meritis
3190 2426 3365 2481 curati
3409 2435 3555 2483 sunt.
3598 2425 3683 2482 Ea

2087 2521 2372 2576 translatio
2398 2519 2586 2575 incidit
2615 2519 2669 2573 in
2702 2534 2905 2573 annum
2930 2517 3291 2575 centesimum
3314 2517 3586 2574 decimum
3608 2519 3684 2575 ab

2088 2616 2241 2672 obitu
2272 2615 2439 2681 illius,
2468 2612 2870 2668 lncarnationis
2902 2626 3034 2667 vero
3058 2610 3356 2667 Dominicae
3380 2620 3686 2683 nongente-

2088 2708 2292 2764 simum
2320 2705 2786 2777 septuagesimum
2820 2704 3080 2775 primum,
3125 2711 3181 2759 et
3217 2701 3344 2759 Idus
3377 2701 3525 2759 Julii.
3571 2704 3686 2760 Eo—

2088 2800 2212 2855 dem
2255 2799 2343 2855 die
2386 2813 2637 2869 puerum,
2689 2812 2720 2850 a
2767 2797 3051 2851 nativitate
3087 2796 3412 2852 mirabiliter
3457 2807 3686 2854 contra-

2089 2901 2260 2958 ctum,
2292 2890 2533 2956 sanavit;
2574 2889 2747 2945 tribus
2780 2888 3124 2958 mulieribus,
3156 2889 3443 2945 oculorum
3475 2890 3690 2947 lumine

2092 2984 2318 3051 orbatis,
2358 2983 2539 3039 visum
2581 2982 2849 3049 restituit;
2894 2982 3126 3038 nexibus
3169 2982 3360 3038 ferreis
3390 2972 3687 3040 mulierem

402 3073 584 3128 somni
614 3066 897 3144 paululum
921 3074 1263 3142 admittebat,
1287 3074 1515 3145 psalmis
1535 3081 1590 3130 et
1611 3072 1842 3129 canticis
1872 3072 1980 3142 spi-
2016 3101 2059 3159 ο
2091 3077 2147 3132 in
2198 3091 2417 3132 carcere
2455 3076 2846 3149 compeditam,
2888 3075 3064 3146 ruptis
3098 3075 3352 3142 vinculis,
3396 3076 3686 3144 liberavit;

401 3163 697 3219 ritualibus
729 3178 945 3234 semper
978 3164 1243 3220 intentus.
1282 3163 1555 3220 Proximis
1583 3180 1818 3235 semper,
1865 3180 1990 3234 per-

405 3252 533 3308 inde
567 3268 633 3309 ac
663 3253 768 3308 sibi
796 3252 922 3324 ipsi,
948 3254 1096 3325 quod
1122 3255 1274 3322 utile,
1299 3255 1445 3325 quod
1474 3256 1790 3321 honestum,
1837 3254 1988 3325 pium

404 3352 459 3398 et
484 3351 736 3399 sanetum
764 3351 931 3410 esset,
958 3343 1209 3399 modesto
1240 3351 1297 3399 et
1339 3344 1535 3399 humili
1564 3358 1821 3399 sermone
1870 3357 1993 3413 pro-

404 3438 664 3508 ponebat.
692 3435 843 3492 Vixit
869 3438 956 3493 vir
983 3438 1178 3495 beatus
1204 3453 1380 3508 usque
1418 3438 1485 3493 ad
1514 3438 1639 3492 vita:
1675 3438 1883 3492 exitum
1934 3436 1989 3490 in

404 3546 535 3586 vera
567 3530 948 3587 observatione
976 3530 1361 3586 mandatorum
1406 3529 1524 3598 Dei,
1557 3531 1707 3587 omni
1741 3528 1991 3586 custodia

406 3632 633 3678 servans
655 3637 751 3679 cor
777 3638 939 3678 suum
962 3623 1017 3677 in
1044 3624 1194 3678 omni
1228 3623 1495 3679 munditia
1516 3631 1573 3679 et
1593 3624 1860 3694 spirituali
1892 3639 1998 3694 pu-

406 3714 591 3781 ritate,
615 3715 898 3771 catholicae
918 3724 974 3771 et
992 3717 1309 3786 apostolica:
1347 3716 1612 3773 doctrina:
1638 3726 1826 3773 custos
1855 3717 1996 3772 inte-

408 3823 524 3880 ger,
551 3807 790 3862 ﬁliorum
816 3808 1175 3880 spiritualiter
1195 3817 1643 3881 regeneratorum
1683 3811 1737 3864 in
1793 3819 1996 3866 sanctae

403 3896 848 3953 conversationis
878 3898 1062 3953 studio
1087 3899 1335 3953 eruditor
1364 3899 1591 3970 pervig’l
1618 3907 1674 3955 et
1714 3901 1992 3971 magister.

407 3985 783 4045 Humilitatem
804 3998 859 4046 et
880 3990 1359 4047 mansuetudinem
1397 3992 1709 4047 accuratius
1751 3993 1999 4048 sectaba-

2089 3166 2449 3239 paralyticum
2493 3166 2733 3233 curavit;
2779 3174 3088 3221 matronam
3131 3167 3391 3232 nobilem,
3438 3166 3535 3222 sed
3577 3182 3693 3222 ca:-

2090 3275 2242 3325 cam,
2296 3258 2652 3324 illuminavit;
2700 3258 2887 3329 viginti
2935 3259 3180 3330 quinque
3228 3259 3480 3315 homines
3511 3259 3691 3316 variis

2089 3359 2316 3406 vexatos
2363 3350 2591 3417 morbis,
2637 3351 2731 3421 qui
2762 3367 2792 3406 e
2822 3351 2957 3406 locis
3003 3352 3232 3408 diversis
3264 3359 3543 3418 venerant,
3573 3368 3696 3408 uno

2091 3441 2177 3496 die
2204 3438 2438 3511 perfecte
2467 3440 2732 3506 restituit;
2762 3455 2934 3496 caecos
2960 3440 3186 3511 aliquot,
3209 3440 3348 3497 duas
3373 3448 3697 3496 contractas

2092 3531 2325 3588 feminas
2354 3531 2497 3587 intra
2527 3548 2697 3587 unum
2725 3532 2899 3599 diem;
2931 3532 3153 3605 triginta
3188 3540 3245 3587 et
3269 3547 3363 3588 sex
3390 3548 3421 3588 e
3454 3531 3698 3590 diversis

2093 3624 2230 3680 locis
2255 3623 2553 3691 venientes,
2589 3639 2690 3680 nec
2726 3625 2892 3680 unius
2930 3624 3146 3696 generis
3174 3624 3487 3681 laborantes
3522 3625 3698 3696 aegri-

2093 3715 2396 3783 tudinibus,
2452 3716 2619 3771 trium
2667 3714 2881 3771 dierum
2931 3717 3127 3787 spatio,
3181 3732 3359 3788 neque
3403 3717 3495 3773 diu
3539 3724 3696 3787 post,

2095 3814 2313 3861 centum
2361 3806 2552 3878 viginti
2593 3815 2859 3878 quatuor,
2913 3807 3054 3862 intra
3098 3807 3217 3864 dies
3269 3808 3698 3878 quatuordecim

2096 3898 2327 3954 curavit.

2168 3991 2222 4046 6.
2261 3990 2374 4046 Rex
2400 3988 2716 4063 Edegardus
2746 3992 2817 4046 ob
2846 3991 3144 4047 coercenda
3183 3990 3329 4047 furta
3358 3991 3477 4063 lege
3504 3991 3699 4047 sanxit

410 4090 521 4138 tur.
551 4080 798 4152 Denique
824 4098 1014 4153 pacem
1043 4091 1096 4138 et
1121 4084 1543 4140 sanctimoniam
1575 4098 1831 4155 sequens,
1874 4084 2000 4140 fon—
2101 4091 2160 4137 ut
2188 4083 2242 4136 in
2274 4081 2419 4138 furto
2447 4084 2821 4153 deprehensus
2853 4083 3028 4139 oculis
3070 4084 3400 4154 privaretur,
3438 4084 3695 4150 auribus,

411 4181 521 4229 tem
544 4174 672 4230 vita:
699 4182 757 4230 et
789 4175 1136 4247 sempiternae
1174 4175 1531 4232 beatitudinis
1554 4176 1790 4232 sitiebat.
1823 4176 2000 4247 Atque
2099 4175 2355 4231 manibus
2397 4174 2734 4246 pedibusque
2775 4176 3041 4246 praecisis,
3077 4184 3201 4231 cute
3233 4175 3701 4246 capitisnudare-

408 4263 488 4323 ita
520 4264 749 4322 feliciter
768 4266 1025 4337 migravit
1052 4266 1122 4321 ab
1150 4267 1254 4322 hoc
1275 4266 1476 4322 saeculo
1497 4267 1564 4321 ad
1588 4266 1827 4322 sidereas
1844 4282 2001 4323 man-
2102 4273 2218 4331 tur,
2261 4265 2451 4336 sicque
2494 4265 2628 4322 feris
2670 4275 2725 4321 et
2763 4265 2956 4321 avibus
2995 4265 3287 4321 laniandus
3331 4265 3695 4337 objiceretur.

408 4357 597 4416 siones
625 4368 782 4415 sexto
806 4358 992 4416 Nonas
1020 4358 1171 4426 Julii,
1217 4376 1363 4415 anno
1420 4360 1614 4417 salutis
1661 4360 1999 4433 octingente-
2101 4358 2315 4414 Accidit
2339 4374 2470 4414 vero
2500 4359 2846 4414 innocentem
2876 4359 3169 4429 quemdam
3200 4374 3262 4415 ea
3291 4374 3454 4430 poena
3488 4358 3700 4414 multa-

407 4451 556 4506 sime
577 4452 920 4525 sexagesimo
943 4453 1183 4509 secundo
1208 4452 1342 4522 (47).
1374 4451 1547 4508 Iussit
1567 4468 1697 4508 vero
1724 4468 1833 4506 non
1855 4453 1996 4507 intra
2025 4445 2074 4503 D
2100 4458 2237 4517 tum,
2281 4466 2419 4521 pene
2466 4451 2716 4506 amittere
2761 4451 3028 4518 auditum,
3077 4451 3373 4507 obstructis
3423 4452 3700 4522 sanguine

408 4543 724 4611 ecclesiam,
751 4544 849 4599 sed
883 4552 1037 4600 extra
1059 4543 1180 4616 ejus
1200 4553 1375 4615 septa,
1395 4543 1620 4616 indigno
1645 4552 1701 4600 et
1731 4543 1828 4598 vili
1874 4544 2005 4600 loco‘
2100 4544 2317 4600 aurium
2347 4544 2635 4599 meatibus.
2664 4542 2886 4598 Delatus
2905 4559 2937 4598 a
2963 4543 3281 4614 parentibus
3300 4543 3355 4598 in
3386 4543 3695 4599 oratorium

408 4648 472 4690 se
493 4634 763 4690 tumulari
781 4634 917 4707 (48).

480 4726 535 4781 4.
575 4725 707 4783 Post
726 4727 935 4783 obitum
965 4744 1125 4784 suum
1147 4728 1334 4784 multis
1357 4728 1669 4785 coruscavit
1692 4729 1995 4786 miraculis.

408 4814 556 4873 Inter
598 4835 723 4889 quae
764 4821 1016 4890 apparuit
1063 4820 1282 4876 cuidam
1332 4822 1454 4877 viro
1501 4821 1642 4894 (49),
1692 4821 1998 4878 incredibili

409 4909 786 4967 membrorum
826 4910 1072 4968 omnium
1110 4911 1429 4968 inﬁrmitate
1469 4914 1761 4981 laboranti,
1807 4915 1999 4971 admo-

409 5016 587 5067 nens,
640 5010 701 5057 ut
752 5000 1148 5061 Ethelwoldum
1198 5004 1633 5063 Wintonieusem
1679 5008 1998 5079 episcopum

405 5090 607 5159 adiret,
645 5092 958 5164 diceretque
999 5094 1050 5150 ei
1092 5094 1288 5151 divina:
1319 5096 1674 5166 providentiae
1718 5097 1791 5152 ita
1816 5086 1999 5152 visum

407 5192 476 5238 ut
516 5198 718 5253 corpus
768 5182 943 5254 ipsius
991 5200 1025 5240 a
1074 5186 1216 5252 loco,
1268 5186 1323 5240 in
1378 5201 1490 5256 quo
1536 5187 1820 5242 conditum
1859 5197 1999 5255 erat,

405 5275 688 5331 sublatum
714 5317 729 5341 ,
779 5275 1257 5333 intra'eeclesiam
1305 5278 1538 5350 digniori
1570 5279 1692 5334 loco
1739 5279 2002 5333 honoriﬁ-

404 5370 628 5426 centius
671 5370 989 5427 tumuletur.
1037 5371 1094 5427 Si
1133 5371 1339 5427 diiﬁdat
1377 5381 1433 5428 et
1474 5371 1709 5439 haesitet,
1757 5371 2007 5428 testimo-

408 5461 493 5517 nii
544 5463 668 5519 loco
720 5463 1034 5520 habiturum
1092 5467 1413 5533 sanitatem,
1469 5481 1665 5536 quam,
1721 5465 2008 5538 proﬂigato

489 5571 603 5642 (47)
642 5574 858 5631 Annum
907 5578 1054 5634 hunc
1104 5595 1207 5635 nos
1255 5579 1582 5642 signandum
1624 5577 1868 5634 diximus
1950 5578 2006 5634 in

411 5646 814 5768 femiuentario
834 5650 1038 5721 praevio
1076 5665 1230 5706 num.
1258 5646 1351 5718 28,
1375 5649 1556 5722 potius
1582 5665 1748 5723 quam
1776 5665 2009 5722 sequen-

440 5729 549 5768 ρει).
936 5738 939 5743 ν

440 5729 549 5770 0'1].
936 5738 939 5743 ‘

2103 4636 2161 4692 S.
2197 4635 2489 4703 Swithuni,
2524 4646 2586 4692 ut
2611 4637 2763 4693 solus
2801 4635 3021 4691 auditus
3045 4635 3095 4690 ei
3121 4635 3456 4702 redderetur,
3488 4648 3597 4689 non
3635 4634 3698 4703 id

2102 4726 2268 4781 modo
2302 4725 2640 4796 impetravit,
2683 4725 2776 4781 sed
2806 4725 2968 4781 etiam
3000 4725 3126 4792 alia,
3164 4740 3288 4795 quae
3317 4739 3426 4779 non
3462 4738 3700 4795 rogave—
3794 4755 3807 4775 ι

2103 4826 2208 4873 rat.
2253 4817 2534 4874 Mulierem
2582 4816 2876 4888 quamdam
2918 4816 3277 4885 dormientem
3320 4816 3463 4871 ostio
3503 4822 3699 4884 aperto

2100 4913 2159 4967 in
2186 4912 2313 4967 villa
2344 4911 2581 4966 civitatis
2603 4909 3022 4976 Wintoniensis,
3046 4909 3209 4979 lupus
3237 4923 3267 4963 e
3292 4908 3436 4964 lecto
3463 4906 3701 4976 abspor—

2099 5005 2236 5062 tavit
2259 5004 2313 5059 in
2344 5004 2561 5070 silvam,
2591 5010 2646 5058 et
2672 5000 2945 5057 horrendo
2966 4999 3177 5055 ululatu
3200 4999 3337 5055 alios
3366 4997 3434 5053 ad
3454 5012 3512 5053 se
3532 4996 3698 5066 lupos

2100 5100 2314 5157 ascivit.
2346 5097 2539 5154 Mulier
2572 5105 2626 5152 et
2651 5095 2826 5151 inedia
2850 5102 2905 5149 et
2928 5102 3087 5149 astate
3127 5092 3342 5157 debilis,
3383 5090 3513 5161 quid
3540 5088 3696 5146 face-

2100 5199 2185 5247 ret
2236 5189 2542 5261 ignorabat.
2573 5186 2924 5241 Convertitor
2952 5183 3020 5238 ad
3047 5197 3259 5253 preces,
3291 5180 3531 5236 divinam
3586 5177 3698 5231 im-

2100 5283 2278 5353 plorat
2306 5294 2487 5350 opem,
2530 5277 2587 5333 S.
2629 5276 2973 5331 Swithunum
3015 5274 3267 5344 appellat.
3313 5271 3529 5342 Lupus,
3570 5269 3696 5339 ejus

2100 5372 2290 5429 audito
2318 5370 2558 5436 nomine,
2578 5366 2928 5433 obdormivit,
2959 5365 3157 5420 mulier
3188 5379 3246 5419 se
3276 5361 3568 5428 subducit;
3605 5360 3696 5414 lu-

2104 5481 2210 5536 pus
2237 5464 2521 5535 evigilans,
2549 5477 2674 5517 cum
2716 5457 2881 5516 sociis
2913 5472 3036 5514 eam
3076 5456 3404 5527 insequitur,
3439 5453 3537 5510 sed
3569 5450 3693 5508 laedi

2180 5577 2292 5713 με)
2333 5576 2497 5632 Plura
2533 5576 2585 5631 in
2621 5591 2821 5632 comm.
2855 5573 3074 5654 praevio.

2204 5649 2294 5713 49)
2335 5647 2410 5702 De
2460 5648 2564 5703 hoc
2608 5655 2662 5703 et
2711 5645 3063 5713 sequentibus

2204 5638 2294 5717 49)
2335 5647 2410 5702 De
2460 5648 2564 5703 hoc
2608 5655 2662 5703 et
2711 5638 3063 5717 sequentibus
3111 5639 3391 5701 miraculis
3434 5638 3522 5695 adi
3568 5654 3694 5713 qua:

2105 5718 2249 5776 inira
2276 5718 2566 5777 dabuntur.
