3972 6296
224 332 289 388 6i
1521 329 1684 384 VlTA
1722 327 1780 384 S.
1823 331 1829 382 1

1939 327 2147 384 ITHUN
2155 328 2192 384 1.
3437 333 3508 387 62

224 460 337 502 non
362 443 538 516 potuit
559 459 724 514 quam
758 443 851 498 Dei
877 455 932 500 et
967 444 1110 500 beati
1139 443 1415 514 pontiﬁcis
1446 443 1819 499 misericordia
1849 453 1894 507 Α
1925 443 2052 509 illis,
2091 443 2188 513 qui
2213 458 2279 498 co
2305 443 2359 497 in
2390 442 2511 497 loco
2541 457 2729 513 preces
2775 441 3085 507 funderent,
3127 440 3325 512 stipem
3361 457 3509 497 accr-

223 536 561 592 liberandam
592 544 927 608 susceperat.

299 627 354 684 7.
414 625 662 683 Statuam
721 629 1020 701 quamdam
1073 627 1132 684 S.
1193 627 1465 684 Swithuni
1525 642 1816 698 episcopus

225 718 714 777 Schireburnensis
755 735 785 773 a
831 718 1094 775 fratribus
1134 719 1480 790 acquisitam,
1517 718 1818 773 honorilice

223 811 280 865 in
321 811 552 867 ecclesia
594 827 695 868 sua
735 811 1053 879 collocavit,
1105 812 1197 867 ubi
1243 813 1502 882 praeclara
1551 811 1818 865 miracula

223 901 422 957 crebro
461 901 547 957 edi
587 903 858 958 solebant.
902 901 983 959 Ad
1024 904 1167 958 hane
1205 911 1445 958 statuam
1486 901 1708 973 quidam
1738 900 1818 955 le-

226 1001 428 1067 prosus
463 1011 576 1051 non
618 997 922 1052 curationis
962 995 1268 1051 obtinendae
1306 1009 1496 1060 causa,
1537 993 1632 1049 sed
1663 1001 1724 1048 ut
1754 992 1822 1046 ab

241 1160 668 1178 *ι*

1920 547 2092 607 peret,
2124 537 2372 592 accessit.
2397 534 2644 606 Cumque
2679 535 2961 605 paululum
3005 535 3115 589 illic
3146 535 3512 590 obdormivis-

1922 636 2024 694 set,
2055 628 2236 681 visum
2284 634 2370 681 est
2397 626 2446 681 ei
2478 625 2535 681 S.
2571 624 2918 681 Swithunum
2944 625 3157 690 adesse,
3186 625 3391 695 lepram
3429 626 3511 695 ip.

1921 720 2038 776 sius
2087 735 2252 773 manu
2299 719 2647 790 abstergere,
2694 726 2748 774 et
2797 718 3050 773 morbum
3085 717 3239 771 illum
3288 732 3508 772 omnem

1923 823 2144 885 repente
2183 813 2254 867 ab
2293 813 2414 882 ipso
2449 813 2736 882 depellere.
2785 810 3082 882 Evigilaus,
3129 810 3284 864 laetus
3321 823 3510 863 coram

1926 905 2184 960 omnibus
2213 904 2493 976 cingulum
2522 903 2704 971 solvit,
2736 911 2791 958 et
2829 917 2888 959 se
2915 909 3204 972 purgatum
3247 898 3510 954 ostendit.

674 1145 3487 1174 _——_————————I——-—-———‘—————-——_—"

913 1335 1597 1484 HISTORIA
1687 1313 2836 1450 TRANSLATlONlS

1307 1600 1462 1690 ET
1530 1593 1982 1687 MIRACU
2006 1591 2417 1685 LORUM

669 1827 938 1893 Auctore
970 1828 1036 1887 ut
1065 1821 1325 1886 videtur
1354 1817 1683 1882 Lantfiedo
1716 1815 1836 1895 (50)
1878 1813 2198 1878 monacho
2234 1813 2676 1876 Wintoniensi
2717 1813 2785 1876 in
2818 1814 3068 1894 Anglia.

1320 1983 1426 2045 Ea:
1453 1979 1898 2062 antiquissimo
1935 1997 2052 2040 ma.
2093 1975 2456 2058 Bigotiano.

751 2290 978 2348 CAPUT
1016 2287 1313 2344 PRIMUM.

239 2385 302 2444 S.
355 2383 614 2442 Swithuni
662 2400 846 2453 corpus
901 2383 1156 2505 divin‘itus
1221 2389 1507 2445 ostensum,
1549 2393 1614 2430 ac
1663 2375 1834 2429 mira-

968 2469 1030 2505 cu
1057 2469 1111 2505 a.

968 2469 1111 2506 ctua.

284 2546 360 2599 ’1.
403 2544 770 2614 Temporibus
794 2541 1095 2598 felicissimi
1127 2539 1357 2611 Fabgari
1392 2535 1689 2612 [Eadgari]
1718 2536 1830 2605 (51)

229 2638 380 2711 regis
405 2637 709 2708 Anglorum
740 2651 805 2690 ac
833 2633 1219 2705 gloriosissimi
1248 2632 1418 2686 totius
1441 2630 1691 2686 Albionis
1713 2628 1828 2700 (52)

229 2732 429 2788 insula:
463 2728 831 2800 imperatoris,
867 2742 1014 2782 anno
1047 2724 1445 2781 lnearnationis
1481 2723 1699 2778 Domini
1729 2736 1829 2777 no-

230 2825 332 2880 stri
380 2839 448 2879 ac
493 2821 794 2877 Salvatoris
834 2818 1026 2874 mundi
1069 2816 1196 2872 Jesu
1242 2815 1450 2871 Christi
1492 2815 1630 2880 971,
1683 2813 1828 2868 indi-

229 2917 414 2973 ctione
433 2931 546 2981 xxv,
565 2913 944 2984 cunctipotens
971 2910 1158 2970 Deitas
1181 2909 1404 2980 dignata
1428 2916 1513 2963 est
1537 2906 1827 2962 ostendere

231 3010 422 3082 Anglis
467 3008 582 3079 (53)
631 3005 946 3062 Saxonibus
987 3011 1238 3060 sanctum
1269 3017 1469 3072 corpus
1502 3000 1646 3055 beati
1683 2997 1826 3054 Swi-

232 3101 392 3157 thuni
432 3099 716 3166 antistitis,
767 3113 866 3169 per
908 3097 1067 3168 cujus
1114 3095 1308 3150 merita
1359 3102 1439 3149 tot
1485 3093 1825 3164 languentes,

232 3193 346 3249 Deo
384 3193 620 3259 favente,
663 3192 909 3262 pristinae
948 3188 1171 3245 sanitati
1214 3195 1344 3242 sunt
1385 3185 1655 3250 restituti,
1696 3192 1831 3254 quot

233 3301 398 3343 nemo
435 3287 625 3341 vivens
667 3301 914 3355 unquam
959 3299 1059 3338 nec
1102 3283 1360 3353 vulgante
1407 3279 1554 3335 fama
1599 3280 1826 3346 audivit,

235 3394 338 3434 nec
371 3394 636 3450 corporeo
681 3380 806 3434 visu
845 3377 1159 3448 conspexit,
1201 3392 1302 3432 nec
1345 3375 1574 3447 legendo
1617 3374 1828 3442 didicit,

235 3470 305 3526 ad
343 3471 519 3527 sancti
557 3471 792 3542 alicujus
829 3471 1104 3525 tumulum
1143 3477 1367 3525 curatos
1415 3467 1607 3524 fuisse.
1653 3466 1831 3537 Hujus

232 3575 419 3619 tamen
452 3564 719 3619 mirabilis
745 3564 998 3634 praesulis
1030 3563 1163 3629 vita,
1193 3571 1249 3617 et
1275 3563 1456 3633 prisca
1485 3561 1831 3617 conversatio

235 3656 396 3712 nobis
419 3657 692 3730 incognita
714 3665 865 3724 sunt,
889 3655 1020 3726 quia
1049 3657 1253 3725 scripta
1278 3655 1505 3710 minime
1531 3654 1830 3721 habentur;
1862 3636 1902 3691 (ἶ

235 3748 331 3803 sed
373 3749 664 3803 clementia
702 3746 1096 3818 omnipotentis
1143 3745 1236 3800 Dei
1276 3746 1469 3801 merita
1509 3745 1630 3814 ejus
1663 3745 1834 3799 mira-

234 3843 378 3898 erilis
428 3842 874 3909 coruscantibus,
918 3839 1328 3896 evidentissime
1369 3837 1721 3894 manifestare
1753 3839 1838 3893 di-

235 3943 403 4008 gnata
435 3943 540 3993 est.

307 4028 363 4082 2.
407 4025 668 4083 Triennio
695 4026 864 4100 igitur
874 4034 1180 4102 _antequam
1207 4032 1408 4081 sancta:
1429 4022 1672 4094 praedicti
1698 4036 1838 4092 prte-

240 4120 378 4177 sulis
399 4121 611 4176 exuvia:
631 4119 700 4176 de
726 4119 1032 4187 mausoleo,
1054 4133 1166 4190 quo
1185 4118 1315 4174 olim
1332 4117 1551 4173 fuerant
1573 4117 1831 4181 humatae,

241 4229 271 4268 a
297 4213 753 4269 rcverendissimo
775 4212 1024 4283 ejusdem
1065 4213 1170 4268 loci
1205 4211 1446 4267 antistite
1491 4207 1834 4266 Athelwoldo

239 4305 616 4377 fratribusque
637 4307 758 4376 ejus
777 4315 964 4363 essent
986 4306 1233 4372 sublatae,
1261 4305 1514 4376 apparuit
1541 4304 1659 4375 ipse
1699 4316 1832 4358 san-

239 4411 362 4457 ctus
387 4401 440 4455 in
467 4416 662 4456 somno
689 4401 907 4457 cuidam
940 4400 1180 4456 veridico
1207 4399 1384 4466 fabro,
1412 4398 1655 4470 angelica
1689 4412 1832 4467 prae-

239 4492 425 4548 clarus
460 4492 654 4564 elligie,
683 4493 872 4549 dicens
914 4493 981 4549 ad
1034 4508 1160 4548 eum
1203 4511 1216 4546 :
1252 4490 1508 4562 Nunquid
1559 4490 1625 4545 ad
1678 4490 1831 4544 illum

239 4585 493 4656 agnoscis
512 4586 861 4652 canonicum,
889 4585 984 4656 qui
1013 4601 1139 4640 eum
1169 4585 1383 4640 caeteris
1413 4597 1577 4654 prave
1603 4582 1833 4638 viventi-

241 4678 346 4734 bus
371 4693 545 4749 nupcr
573 4694 602 4733 a
627 4687 846 4734 vetusto
879 4679 993 4749 (54)
1025 4680 1288 4749 expulsus
1323 4687 1408 4734 est
1459 4676 1834 4732 monasterio?

243 4768 313 4826 Ut
336 4787 460 4825 eum
490 4786 852 4842 recognoscas
880 4771 1147 4838 dilucide,
1181 4770 1453 4827 Eadsinus
1484 4777 1833 4839 nuncupatur

239 4864 548 4920 vocamine.
572 4863 750 4919 Faber
771 4865 1096 4934 respondit:
1131 4864 1418 4932 Quondam
1471 4864 1624 4919 illum
1671 4863 1827 4930 novi,

239 4955 422 5024 Pater,
459 4957 624 5013 modo
647 4965 830 5012 tamen
859 4958 1044 5013 nescio
1068 4957 1158 5012 ubi
1181 4966 1284 5012 est.
1317 4956 1418 5012 Cui
1443 4957 1644 5028 praesul
1691 4956 1767 5012 ait
1812 4975 1826 5010 :

242 5048 400 5106 Nunc
424 5050 839 5108 Wincelcumbe
863 5050 976 5122 (55)
1011 5050 1175 5122 degit.
1228 5049 1293 5106 Et
1342 5050 1542 5122 adjecit
1580 5069 1594 5106 :
1639 5049 1755 5122 Ego
1777 5060 1832 5107 te

241 5242 256 5261 ._
314 5185 428 5258 (50)
465 5185 522 5240 ln
574 5187 971 5244 commentario
1013 5189 1216 5260 praevio
1254 5187 1536 5261 attigimus
1591 5203 1656 5244 ea
1710 5204 1834 5261 quae

240 5256 352 5312 huc
387 5266 654 5325 spectant.
1013 5256 1030 5260 ⁷
1359 5256 1382 5261 ⁷
1720 5309 1724 5314 ,

315 5327 428 5401 (51)
467 5327 607 5401 ῥηιιί
637 5327 882 5401 Edgarus
905 5330 1180 5386 scribitur.
1209 5330 1464 5387 Alfordus
1489 5339 1676 5387 noster
1696 5339 1829 5386 tom.

240 5397 439 5473 Annal.
470 5397 1066 5473 Ecclesiae'Anglicanaa
1089 5402 1324 5457 natalem
1355 5403 1475 5472 ejus
1511 5403 1666 5472 ponit
1686 5418 1832 5458 anno

240 5470 368 5553 31,43,
395 5487 458 5553 es
486 5470 926 5553 antiquioribus;
965 5483 1196 5553 mortem
1228 5470 1527 5541 anno—975,
1563 5475 1658 5545 qui
1683 5482 1736 5530 et
1764 5474 1831 5529 de

241 5539 336 5598 illo
365 5543 484 5613 agit
502 5539 650 5598 tonio
678 5543 846 5598 citato
875 5539 1009 5599 lucis
1037 5545 1225 5600 variis.

317 5612 429 5682 (δὲ)
468 5612 524 5668 ll
548 5623 650 5678 est,
685 5613 1004 5670 Britanniae
1037 5615 1345 5672 Aristotelis
1379 5617 1648 5686 interpres
1685 5615 1830 5686 apud

243 5682 537 5739 Celiarium
590 5685 684 5740 lib.
741 5703 798 5740 ιιι
862 5686 1218 5740 ﬁcosi-anilia:
1276 5688 1530 5740 Antiquae
1579 5704 1700 5740 can.
1759 5688 1824 5740 4.

243 5688 537 5739 Celiarium
590 5688 684 5740 lib.
741 5703 798 5740 ιιι
862 5688 1218 5759 Geographie:
1276 5688 1530 5759 Antiqua:
1579 5704 1700 5757 cap.
1759 5688 1824 5753 4,

557 5757 694 5844 dixit
732 5757 940 5844 Albi‘on‘
959 5769 1013 5813 et
1039 5757 1226 5824 Jerna,
1259 5759 1310 5844 id
1339 5758 1831 5844 estnB‘ritqnniq'et

245 5824 545 5896 Hibernia,
607 5838 670 5885 ut
726 5830 1016 5886 coniicitur
1060 5847 1126 5885 ex
1176 5829 1364 5886 eodem
1411 5829 1647 5884 Cellttrio
1698 5829 1828 5886 ibid.

1861 2287 1906 2340 B
1931 2295 2090 2352 rogo,
2109 2282 2318 2349 timque
2340 2278 2397 2333 in
2414 2279 2637 2334 nomine
2657 2280 2861 2335 Christi
2889 2281 3145 2351 praecipio
3168 2290 3228 2336 ut
3264 2283 3331 2337 ad
3362 2283 3518 2338 illum

1937 2386 2170 2444 propere
2203 2386 2418 2442 pergas,
2445 2385 2678 2440 meaque
2701 2371 2856 2441 jussa
2896 2371 2975 2426 illi
3017 2371 3171 2428 dicas
3197 2391 3210 2426 :
3243 2371 3356 2428 Hoc
3390 2376 3515 2441 tibi,

1933 2463 2194 2530 Eadsine,
2233 2463 2433 2534 praesul
2475 2463 2698 2518 mandat
2739 2461 3081 2531 Swithunus,
3127 2473 3398 2535 quatenus
3453 2467 3524 2522 ad

1933 2556 2370 2612 Wintoniensem
2402 2553 2725 2610 festinanter
2735 2571 2928 2627 pergas
2948 2557 3244 2624 civitatem,
3260 2559 3526 2629 dicasque

1930 2648 2184 2716 antistiti,
2212 2649 2307 2720 qui
2334 2649 2496 2704 modo
2523 2649 2742 2704 tandem
2768 2649 2908 2720 regit
2926 2649 3230 2718 dioecesim,
3257 2652 3347 2706 cui
3387 2653 3522 2706 olim

1928 2741 2146 2814 praefui,
2177 2749 2240 2796 ut
2269 2757 2469 2812 corpus
2495 2757 2680 2797 meum
2731 2741 2799 2796 de
2840 2741 3094 2812 sepulcro
3137 2743 3329 2810 elevet,
3370 2752 3426 2798 et
3467 2743 3526 2798 in

1928 2834 2163 2890 ecclesia
2187 2833 2439 2900 collocet,
2467 2833 2731 2905 quoniam
2773 2834 2995 2905 quidem
3045 2834 3262 2890 coalitus
3313 2835 3390 2888 illi
3439 2844 3527 2891 est

1929 2942 2258 2983 concessum
2284 2926 2434 2998 quod
2462 2938 2707 2996 tempore
2745 2941 2848 2982 suo
2878 2924 3318 2981 manifestandus
3375 2939 3520 2979 sum.

2001 3021 2055 3076 5.
2099 3020 2274 3076 Faber
2309 3035 2438 3075 vero
2470 3021 2547 3074 ait
2589 3020 2658 3075 ad
2706 3027 3023 3076 sanctum:
3072 3016 3323 3083 Domine,
3373 3016 3526 3071 nullo

1928 3113 2094 3168 modo
2123 3112 2360 3168 voluerit
2382 3112 2489 3167 mei
2513 3111 2736 3169 credere
2751 3111 2933 3167 dictis.
2953 3107 3049 3164 Vir
3060 3117 3285 3165 sanctus
3311 3108 3521 3179 inquit:

1931 3203 2002 3261 Ut
2026 3204 2134 3260 tuis
2157 3204 2346 3260 credat
2369 3204 2736 3270 sermonibus,
2760 3203 2849 3258 die
2866 3201 2938 3270 ei,
2958 3201 3027 3256 ad
3049 3217 3248 3258 meum.
3261 3216 3374 3271 quo
3401 3215 3527 3271 per-

1931 3306 2022 3370 gat
2051 3298 2346 3364 tumulum,
2375 3305 2431 3353 et
2455 3298 2637 3354 trahat
2656 3312 2829 3353 unum
2859 3295 3156 3361 annulum,
3179 3310 3247 3350 ex
3285 3294 3372 3349 his
3414 3302 3527 3348 ter-

1932 3389 2020 3444 nis
2078 3390 2173 3460 qui
2207 3398 2338 3445 sunt
2377 3389 2471 3444 ﬁxi
2523 3389 2630 3444 mei
2675 3386 3005 3458 coaperculo
3050 3385 3397 3456 sarcophagi.
3465 3383 3526 3439 Si

1932 3479 2220 3536 c0nfestim
2247 3480 2578 3536 subsecutus
2611 3477 2777 3535 fuerit
2821 3477 2996 3542 illum,
3027 3477 3134 3532 hoc
3181 3477 3252 3532 sit
3301 3476 3351 3531 ei
3399 3488 3528 3531 vere

1935 3572 2314 3640 manifestum,
2344 3573 2607 3643 quoniam
2638 3581 2690 3626 te
2714 3571 2842 3626 misi
2880 3571 2948 3626 ad
2988 3569 3164 3624 illum.
3217 3567 3312 3622 Sin
3342 3577 3532 3624 autem

1935 3666 2089 3720 illum
2113 3665 2341 3718 minime
2356 3664 2484 3718 hinc
2504 3663 2708 3734 poterit
2729 3663 2980 3729 evellere,
2995 3670 3125 3716 tunc
3147 3660 3297 3714 nulla
3314 3660 3528 3716 ratione

1935 3757 2036 3813 tibi
2064 3757 2224 3811 debet
2251 3755 2493 3811 credere.
2531 3755 2694 3810 Potes
2722 3754 2919 3810 deinde
2943 3753 3021 3809 illi
3051 3751 3529 3808 indubitanter're-

1936 3846 2080 3902 ferre
2121 3847 2271 3918 quod
2303 3847 2350 3903 si
2381 3846 2668 3919 utriusque
2683 3846 2810 3902 vita:
2829 3845 3106 3902 desiderat
3125 3843 3330 3916 perfrui
3356 3843 3533 3916 sospi-

1935 3947 2068 4006 tate,
2091 3939 2251 3994 debet
2280 3954 2464 3995 mores
2482 3947 2537 3996 et
2559 3947 2716 3996 actus
2747 3947 3087 3994 commutare
3117 3937 3174 3992 in
3224 3938 3443 4003 melius,
3473 3943 3542 3991 et.

1935 4033 2004 4088 ad
2056 4031 2295 4089 cmlestis
2337 4033 2530 4104 patria:
2573 4032 2967 4088 beatitudinem
3011 4031 3348 4088 incessanter
3370 4027 3529 4084 festi-

1934 4140 2088 4181 nare.
2122 4124 2266 4192 Quin
2286 4125 2452 4180 etiam
2487 4124 2746 4180 omnibus
2771 4122 3124 4178 vaticinando
3151 4117 3532 4193 prodasquod

1934 4231 2063 4272 mox
2111 4223 2176 4270 ut
2231 4230 2410 4271 meam
2471 4215 2785 4284 aperuerint
2842 4212 3178 4284 sepulturam
3200 4253 3215 4277 ,
3255 4208 3532 4281 reperient

1936 4312 2228 4366 thesauros
2266 4319 2380 4364 tam
2425 4307 2858 4373 inaestimabiles,
2885 4315 3108 4376 tamque
3148 4305 3422 4375 pretiosos
3468 4307 3532 4354 ut

1934 4403 2200 4475 quidquid
2233 4418 2468 4473 usquam
2502 4411 2588 4458 est
2641 4400 2763 4456 auri
2811 4408 2866 4455 et
2907 4413 3269 4470 gemmarum,
3301 4396 3532 4450 vilescet

1934 4499 1991 4554 in
2015 4496 2426 4567 comparatione
2443 4495 2660 4549 horum.
2684 4493 2981 4562 Postquam
3013 4489 3141 4545 talia
3169 4488 3325 4545 fabro
3351 4487 3532 4542 edicta

1936 4600 2160 4646 sanctus
2183 4598 2336 4645 vates
2359 4589 2602 4654 tradidit,
2631 4587 2802 4642 caelos
2825 4583 3168 4641 subvolando
3210 4583 3386 4653 petiit.
3421 4577 3532 4634 Ve-

1934 4699 2060 4738 rum
2083 4681 2237 4736 faber
2259 4682 2370 4746 ille,
2394 4681 2573 4750 primo
2596 4687 2845 4734 metuens
2873 4677 3046 4732 videri
3069 4672 3534 4738 falsidicus,hanc

1933 4775 2204 4830 visionem
2237 4788 2465 4843 prorsus
2500 4771 2707 4828 nemini
2737 4786 2908 4826 ausus
2927 4777 3014 4825 est
3032 4767 3210 4838 prima
3236 4767 3352 4821 vice
3381 4761 3534 4818 indi~

1939 4884 2062 4924 sare
2094 4867 2315 4923 viventi.

2007 4963 2060 5017 4.
2099 4959 2491 5028 Qui‘sccundo
2537 4956 2910 5013 commonitus
2953 4966 3019 5008 ac
3044 4953 3208 5006 tertio
3237 4949 3306 5003 ab
3330 4947 3531 5004 eodem

1937 5065 2130 5112 sancto
2173 5053 2406 5124 pt‘msule
2456 5051 2657 5107 acriter
2714 5049 3029 5117 increpatur
3057 5059 3158 5098 cur
3185 5042 3355 5099 nollet
3411 5041 3531 5100 suis

1936 5204 2059 5260 pas-
2076 5186 2231 5260 e253-

2269 5255 2586 5328 designatur
2612 5249 2704 5304 hic
2732 5246 2940 5328 Anglia:
2971 5261 3117 5328 pars.
3147 5245 3227 5328 in“
3245 5260 3353 5328 qua
3386 5245 3538 5327 jacet

1939 5317 2242 5385 Wintonia.
2284 5326 2358 5380 De.
2389 5317 2688 5392 Anglorum
2717 5327 2771 5373 et
2793 5317 3078 5392 Saxonum
3104 5318 3160 5372 in
3187 5317 3536 5392 Britanniam

1936 5403 2170 5457 adventu
2198 5397 2308 5470 agit
2335 5387 2838 5470 Mahﬁesburiensis
2860 5390 2953 5444 lib.
2987 5406 3004 5444 ι
3033 5388 3109 5444 De
3138 5387 3307 5460 gestis
3336 5403 3530 5461 regum

1933 5464 2258 5536 Anglorum,
2293 5482 2413 5536 cap.
2448 5464 2498 5536 l.

2008 5491 2017 5527 ι
2060 5489 2258 5532 lorum,
2293 5489 2413 5536 cap.
2448 5489 2498 5517 1.

2008 5489 2633 5615 (ἑιχῡὶιιιεῑάειιίριιθιη
2686 5531 2852 5602 hujus
2915 5531 3020 5613 loci
3089 5543 3288 5615 quaere.
3333 5545 3400 5615 es
3461 5529 3533 5585 iis

1933 5600 2056 5685 quae
2105 5600 2258 5685 dicta
2309 5616 2440 5663 sunt
2487 5606 2548 5661 in
2603 5600 2804 5662 eorum.
2845 5604 3046 5675 praevio
3113 5600 3219 5656 sub
3274 5600 3529 5670 initium,

1935 5681 2363 5824 uu£3)lslioeus
2418 5745 2552 5824 mihi
2609 5739 3204 5824 inco_mpertus._
3257 5741 3334 5824 si.
3366 5739 3532 5797 fuerit

1935 5811 2115 5894 pagus!
2149 5822 2369 5892 aliquis,
2409 5821 2491 5876 vel
2524 5811 2840 5891 oppidulum
2874 5811 3213 5888 ignobilioris
3245 5820 3389 5869 notae
