3990 6298
460 299 532 355 G3
1461 294 1820 357 GOSCELINI
1855 293 2417 373 CANTUARIENSIS
2454 297 2764 357 MONACIH
3669 309 3738 365 5.:

460 413 688 470 obedire
748 414 1037 486 praeceptis
1090 413 1332 471 Tandem
1387 413 1621 471 accessit
1650 411 1737 467 ~ad
1799 409 2043 465 tumbam
2074 412 2123 467 At
2145 420 2427 483 queretur,
2456 414 2623 470 vieini
2653 415 2800 470 illius
2821 424 2875 471 et
2897 418 3115 489 cognati
3137 418 3206 475 ad
3230 420 3407 476 sancti
3431 419 3529 475 Dei
3553 430 3741 477 tumu—

461 506 595 562 almi
618 505 917 576 pontiﬁcis,
937 523 1107 563 unum
1133 523 1201 563 ex
1225 504 1554 578 supradictis
1584 502 1853 573 arripiens
1877 516 2055 579 annu-

463 599 601 665 lum,
623 597 720 653 tali
746 612 901 665 voce,
926 598 1123 669 inquit,
1161 598 1230 654 ad
1270 597 1563 652 Dominum
1611 602 1916 668 creatorem
1964 607 2053 646 re-

463 706 590 747 rum
629 709 644 747 :
683 689 918 750 Domine
944 690 1109 759 Deus,
1144 691 1414 759 universae
1469 685 1720 742 conditor
1767 692 2053 750 creaturae,

462 785 708 841 concede
750 785 884 841 mihi
923 786 1222 857 peccatori,
1247 792 1306 839 ut
1339 782 1387 838 si
1418 787 1643 838 sanctus
1674 779 1798 846 iste,
1831 780 1926 856 qui
1967 780 2056 836 hic

465 878 705 949 quiescit
737 892 989 949 corpore,
1015 885 1097 934 ter
1134 872 1440 945 comparuit
1492 872 1632 928 meis
1678 871 1959 929 obtutibus
1998 872 2054 926 iu

465 971 645 1031 noctis
672 985 892 1041 sopore,
913 970 1042 1026 hinc
1063 970 1226 1025 istam
1274 964 1479 1036 possim
1532 962 1764 1020 ferream
1825 964 2055 1019 evellere

465 1062 819 1132 sphaerulam,
844 1061 987 1117 sicut
1024 1076 1197 1130 nuper
1219 1058 1273 1111 in
1296 1054 1497 1111 somnii
1539 1054 1750 1111 visione
1790 1054 1935 1111 idem
1970 1054 2056 1109 vir

465 1153 562 1210 Dei
603 1154 744 1211 rreis
765 1155 993 1210 auribus
1018 1136 1227 1208 studuit
1261 1149 1562 1221 resignare.
1607 1146 1713 1217 Qui
1767 1149 1952 1205 statim
1995 1156 2057 1204 ut

465 1250 636 1305 traxit
653 1251 842 1305 orbem
872 1247 1140 1323 chalybis,
1169 1245 1245 1300 ita
1292 1245 1623 1301 subsecutus
1663 1253 1747 1299 cst
1792 1244 1945 1299 illum
1987 1259 2054 1299 ex

465 1342 677 1413 lapidea
709 1341 851 1397 mole
892 1337 1052 1410 quasi
1106 1339 1250 1393 foret
1302 1336 1444 1391 ﬁxus
1476 1337 1531 1390 in
1584 1334 1800 1389 marino
1838 1332 2050 1390 sabulo.

465 1435 640 1503 Quem
678 1436 731 1489 in
753 1433 968 1504 propria
992 1445 1266 1502 reponens
1290 1430 1509 1496 rimula,
1529 1430 1602 1484 ita
1629 1424 1772 1483 ﬁxus
1795 1443 2054 1498 perman-

465 1529 539 1583 sit
562 1524 843 1596 paululum
868 1538 1093 1595 pressus
1114 1522 1266 1579 calce
1301 1530 1360 1577 ut
1396 1529 1519 1592 post
1549 1519 1654 1574 hoc
1687 1518 1813 1573 inde
1853 1533 2057 1589 nequa-

464 1635 629 1691 quam
653 1618 832 1690 possit
853 1617 1011 1673 avelli
1038 1631 1070 1671 a
1098 1602 1337 1671 nemine.

534 1713 589 1768 5.
628 1711 835 1767 Eodem
859 1725 989 1766 vero
1016 1707 1269 1776 die,dum
1292 1713 1606 1778 peragraret
1625 1703 1828 1771 forum,
1854 1703 2055 1774 reperit

463 1804 755 1876 quemdam
787 1803 1108 1859 clientulum
1130 1799 1375 1871 praedicti
1400 1797 1584 1854 clerici
1610 1795 1924 1852 Vintoniam
1959 1784 2053 1852 ve-

464 1898 705 1953 nientem
742 1911 911 1952 causa
932 1892 1262 1951 necessariae
1281 1889 1660 1962 coemptionis.
1705 1888 1807 1945 Cui
1833 1889 2053 1945 intima-

464 1990 624 2045 vitea
645 2004 767 2060 qua:
789 2004 885 2061 per
912 1987 1127 2043 somnia
1165 1980 1403 2052 viderat,
1420 1992 1476 2039 et
1498 1983 1780 2038 humiliter
1809 1999 1937 2039 eum
1963 1982 2056 2039 ﬁa-

466 2081 673 2153 gitabat
697 2092 755 2137 ut
779 2081 907 2137 talia
930 2096 1032 2137 suo
1055 2078 1281 2135 domino
1312 2085 1580 2132 narraret.
1612 2075 1735 2144 Quo
1759 2084 2052 2147 postquam

466 2175 534 2230 ad
560 2174 841 2245 proprium
862 2172 1110 2243 pervenit
1136 2172 1331 2226 herum
1382 2184 1479 2240 per
1532 2168 1821 2241 longinqui
1880 2168 2053 2224 inter-

465 2266 668 2320 vallum
696 2264 981 2335 temporis,
1006 2263 1154 2318 illius
1174 2262 1253 2317 rei
1277 2261 1568 2316 immemor
1588 2258 1760 2326 siluit,
1788 2258 1882 2314 sed
1902 2266 2055 2329 post-

467 2357 694 2413 modum
722 2356 1043 2429 pteuitentia
1083 2363 1268 2411 motus
1297 2353 1523 2409 domino
1556 2367 1659 2409 suo
1686 2358 1887 2433 cuncta
1929 2365 2054 2422 quae

466 2466 498 2505 a
520 2449 679 2505 fabro
706 2449 918 2505 audivit
962 2447 1249 2518 diligenter
1284 2446 1548 2502 narravit.
1589 2444 1694 2512 Qui
1723 2444 1958 2525 clericus
1989 2459 2054 2500 eo

465 2549 489 2595 t
507 2556 714 2610 'mpore
744 2555 857 2599 non
894 2539 1073 2596 solum
1107 2538 1405 2594 antistitem
1429 2536 1827 2594 Wintoniensis
1850 2536 2053 2592 diatre-

468 2633 568 2701 sis,
592 2648 785 2688 verum
805 2632 972 2689 etiam
994 2641 1223 2687 cunctos
1243 2629 1440 2687 fratres
1470 2629 1671 2687 ibidem
1706 2645 2056 2687 commoran-

468 2734 553 2781 tes
575 2733 840 2795 pertusas
863 2715 1071 2780 habens
1102 2732 1325 2796 propter
1347 2722 1725 2794 expulsionem
1757 2722 2056 2778 canonico-

466 2832 620 2883 rum,
656 2814 909 2871 nefandis
940 2814 1186 2870 moribus
1226 2831 1290 2870 ac
1339 2814 1713 2886 spurcissimis
1760 2814 2054 2883 utentium,

466 2923 569 2980 pro
590 2908 793 2980 quibus
817 2908 1149 2963 venerabilis
1177 2906 1553 2965 Athelwoldus
1590 2921 1687 2963 eos
1724 2923 1756 2963 a
1796 2906 2055 2978 praedicto

465 3002 753 3072 expulerat
781 2999 1054 3068 ctenobio,
1077 3001 1253 3071 magis
1275 3016 1439 3071 quam
1466 3000 1642 3056 sancti
1684 2998 1863 3056 Patris
1898 3000 2054 3071 jussa

2155 501 2268 557 lum
2296 518 2422 557 eum
2447 503 2837 573 perduxerunt,
2865 515 2921 561 et
2958 507 3105 563 illam
3152 517 3369 565 noctem
3422 509 3738 582 pervigilem

2154 609 2280 648 cum
2309 594 2488 651 amico
2523 596 2816 668 languente
2844 598 3084 656 assiduis
3134 601 3478 658 orationibus
3517 618 3741 673 perege-

2153 694 2303 741 runt.
2336 685 2654 760 Languidus
2674 705 2806 746 vero
2833 705 2993 747 mane
3021 706 3316 763 oppressus
3340 710 3567 761 somno,
3600 710 3741 765 pau-

2153 779 2325 834 lulum
2359 781 2709 850 obdormivit,
2738 792 2792 839 et
2820 784 2997 841 visum
3024 795 3107 842 est
3130 786 3204 841 illi
3235 787 3395 858 quasi
3417 789 3641 859 quidam
3673 788 3742 844 ad

2153 886 2279 927 eum
2305 873 2629 930 accederent
2651 884 2706 931 et
2731 874 2963 931 alterum
2993 877 3043 932 ei
3065 879 3498 934 calceameutum
3520 880 3588 936 de
3609 882 3744 951 pede

2155 965 2561 1021 subtraherent.
2594 965 2700 1033 Qui
2727 969 2913 1024 statim
2946 984 3073 1025 cum
3109 971 3303 1029 amicis
3325 971 3551 1028 domum
3574 954 3744 1031 sanus

2154 1071 2410 1112 reversus
2430 1066 2531 1114 est.
2548 1057 2853 1117 Subtalaris
2876 1070 3058 1119 tamen
3082 1063 3203 1133 ejus
3225 1064 3457 1120 nimium
3478 1066 3745 1137 quaesitus

2152 1156 2264 1216 est;
2306 1150 2400 1205 sed
2432 1167 2704 1222 nusquam
2746 1153 3247 1223 repertus.-Curati
3298 1166 3430 1212 sunt
3476 1158 3572 1212 alii
3619 1167 3746 1213 octo

2153 1240 2359 1297 debiles
2389 1243 2456 1298 ad
2488 1245 2664 1300 sancti
2694 1245 2801 1300 viri
2853 1247 3219 1318 mausoleum,
3268 1258 3563 1321 antequam
3618 1265 3748 1305 ossa

2152 1329 2274 1401 ejus
2304 1331 2432 1387 inde
2459 1333 2828 1391 elevarentur.

2777 1420 3008 1490 CflPUT
3055 1435 3121 1493 ll.

2406 1518 2657 1591 Corporis
2697 1524 3019 1595 translatio,
3060 1527 3172 1583 alia
3209 1529 3495 1589 miracula.

2230 1606 2277 1664 7.
2319 1609 2530 1678 Quibus
2562 1616 2855 1673 transactis
2875 1616 3004 1674 ldus
3030 1618 3192 1675 Iuliis
3212 1620 3541 1678 venerabilis
3566 1622 3751 1678 Athe]—

2152 1701 2365 1758 v‘voldus
2407 1705 2699 1777 episcopus
2757 1724 2880 1765 cum
2917 1710 3041 1767 aliis
3069 1711 3438 1783 coepiscopis,
3483 1723 3538 1769 et
3577 1715 3750 1769 abba-

2154 1794 2320 1864 tibus,
2348 1811 2475 1852 cum
2502 1798 2861 1873 pluribusque
2888 1802 3175 1859 monachis
3212 1815 3431 1861 sanctas
3461 1806 3745 1876 reliquias,

2153 1878 2457 1958 imperante
2483 1892 2724 1962 glorioso
2751 1910 2876 1966 rege
2900 1894 3149 1967 Fabgaro
3188 1880 3508 1971 [Eadgaro]
3538 1900 3604 1955 de
3634 1914 3748 1954 mo—

2151 1992 2416 2037 numento
2444 1985 2811 2054 sublevantes,
2844 1987 2901 2042 in
2930 1987 3154 2044 basilica
3185 1991 3561 2060 apostolorum
3598 1991 3744 2047 Petri

2153 2081 2209 2127 et
2241 2072 2396 2130 Pauli
2421 2090 2545 2132 cum
2577 2094 2775 2150 magna
2801 2081 3153 2138 veneratione
3177 2083 3601 2141 collocaverunt.
3642 2084 3745 2140 Ubi

2152 2162 2415 2224 beneﬁcia
2449 2179 2781 2240 praestantur
2819 2174 3076 2231 omnibus
3109 2191 3238 2231 vera
3274 2175 3381 2233 ﬁde
3413 2178 3743 2248 petentibus.

2153 2257 2350 2315 Postea
2393 2277 2525 2316 vero
2557 2271 2796 2333 quatuor
2834 2266 2967 2337 aegri
3007 2266 3276 2323 medelam
3317 2278 3649 2340 acceperunt
3676 2270 3750 2325 ad

2154 2355 2276 2428 ejus
2300 2358 2568 2439 tumulum
2589 2375 2686 2430 per
2713 2360 3057 2421 intervallum
3087 2364 3253 2420 trium
3279 2364 3516 2441 dierum.
3542 2365 3754 2422 Deinde

2153 2464 2252 2519 per
2293 2450 2538 2522 quinque
2584 2452 2855 2534 mensium
2895 2455 3071 2525 spatia
3099 2472 3226 2512 raro
3257 2457 3361 2512 fuit
3412 2458 3594 2529 aliqua
3628 2458 3753 2515 dies

2154 2556 2263 2612 qua
2293 2557 2402 2596 non
2433 2554 2759 2611 sanarentur
2791 2545 3033 2618 languidi
3060 2547 3130 2604 ad
3163 2548 3341 2620 ipsius
3367 2549 3545 2607 sancti
3573 2551 3754 2611 hono-

2155 2634 2356 2691 rabiles
2386 2636 2671 2706 reliquias.
2714 2630 3027 2710 Aliquando
3052 2642 3237 2697 autem
3275 2650 3410 2711 tres,
3447 2643 3753 2714 aliquando

2088 2804 2089 2807 η
2155 2728 2423 2799 quinque,
2454 2729 2619 2785 modo
2648 2739 2877 2801 septem,
2912 2733 3077 2789 modo
3105 2733 3316 2802 decem,
3349 2751 3497 2793 nunc
3541 2736 3755 2793 duode-

2154 2820 2283 2888 cim,
2313 2836 2462 2878 nunc
2501 2837 2634 2877 vero
2674 2822 3010 2894 quindecim.
3054 2823 3304 2884 Vidimus
3340 2842 3577 2899 namque
3603 2830 3760 2900 plus-

2154 2929 2321 2984 quam
2365 2913 2633 2971 ducentos
2662 2914 2719 2970 in
2748 2916 2939 2971 decem
2965 2916 3160 2974 diebus
3195 2928 3430 2992 aegrotos
3459 2936 3558 2992 per
3584 2922 3757 2976 meri.
3790 2972 3797 2980 .

2155 3013 2273 3062 tum
2304 3007 2479 3062 sancti
2510 3016 2752 3074 curatos,
2793 3016 2851 3064 et
2892 3009 2948 3067 in
2989 3011 3120 3067 anni
3162 3011 3391 3080 circulo,
3428 3014 3524 3085 qui
3560 3023 3759 3070 carent

466 3093 697 3164 implere
725 3080 989 3158 studeret,
1013 3092 1205 3148 audire
1241 3093 1439 3148 renuit.
1472 3091 1670 3149 Postea
1692 3107 1822 3148 vero
1841 3092 2055 3162 expleto
2080 3114 2124 3174 ο
2158 3114 2405 3155 numero.
2448 3099 2793 3172 Quapropter
2828 3102 3099 3159 increduli
3142 3105 3217 3161 ad
3246 3080 3499 3162 sanctum
3531 3106 3626 3162 Dei
3652 3123 3755 3163 ve-

467 3186 706 3243 duorum
754 3186 1034 3242 curriculo
1082 3201 1375 3253 annorum,
1422 3186 1635 3244 favente
1676 3188 1903 3258 superni
1944 3186 2055 3243 cle-

468 3278 676 3334 mentia
719 3277 1063 3348 Conditoris,
1109 3280 1205 3350 qui
1266 3287 1516 3345 cunctos,
1563 3296 1704 3350 quos
1750 3278 1953 3350 pressit
1998 3280 2054 3333 in

466 3372 687 3428 vineam
721 3363 1070 3429 laboraturos
1097 3372 1461 3440 Dominicam,
1484 3373 1652 3444 gratis
1675 3373 1740 3428 ad
1774 3387 1931 3428 suam
1955 3372 2049 3427 de-

468 3464 621 3521 ducit
648 3464 914 3536 gratiam;
945 3464 1089 3523 idem
1111 3464 1346 3521 clericus
1365 3464 1460 3536 qui
1494 3480 1670 3534 nuper
1702 3472 1842 3530 erat,
1876 3463 2055 3520 factus

468 3565 668 3615 est.....
722 3558 1051 3614 venerabilis
1097 3559 1425 3615 monaCbus.
1468 3556 1607 3613 Nam
1664 3574 1766 3615 nos
1818 3557 1921 3629 ipsi
1978 3557 2056 3613 ita

469 3659 684 3723 gestum
706 3648 1437 3722 vidimus,quemadmodum
1461 3665 1703 3721 praesens
1716 3650 2058 3706 demonstrat

469 3736 781 3800 codicillus.
802 3731 1129 3800 Benedictus
1154 3744 1500 3814 omnipotens
1527 3741 1692 3811 Deus,
1723 3743 1817 3814 qui
1862 3739 2057 3815 pecca-

470 3843 622 3891 tores
651 3835 937 3906 justiﬁcat,
962 3836 1057 3907 qui
1092 3836 1148 3891 in
1176 3851 1237 3892 se
1270 3845 1554 3907 sperantes
1583 3836 1780 3904 salvat,
1805 3836 1902 3908 qui
1956 3851 2056 3892 su-

469 3929 672 4001 perbos
693 3929 969 3997 humiliat,
994 3930 1091 4001 qui
1119 3929 1357 3986 humiles
1383 3929 1623 3986 exaltat!

540 4019 595 4075 6.
620 4017 790 4092 Igitur
818 4016 1040 4077 biennio
1059 4028 1188 4076 ante
1219 4020 1366 4077 sacri
1391 4020 1760 4078 inventionem
1784 4019 2057 4091 corporis,

466 4112 555 4169 vir
575 4113 797 4185 quidam
813 4114 1157 4185 gibber-osus,
1173 4123 1231 4170 et
1251 4121 1474 4186 propter
1492 4113 1764 4184 ingentem
1789 4122 2063 4178 strumam.

382 4234 385 4238 θ
468 4206 626 4262 valde
653 4206 1047 4279 incurvus,per
1076 4207 1351 4263 somnium
1375 4205 1585 4262 audivit
1603 4213 1666 4262 ut
1682 4204 2057 4266 Wintbeniam

468 4299 702 4368 veniret,
729 4293 786 4356 et
814 4300 890 4356 ibi
918 4315 1018 4371 per
1036 4300 1213 4356 sancti
1240 4301 1497 4357 meritum
1523 4298 1820 4368 Swithuni,
1846 4300 2058 4356 sanita-

468 4401 580 4449 tem
611 4392 896 4464 reciperet.
934 4391 1040 4460 Qui
1080 4390 1257 4447 mane‘
1287 4402 1648 4463 consurgens,
1671 4392 1817 4449 sicut
1863 4392 2055 4462 valuit,

2155 3192 2330 3259 niant,
2364 3201 2423 3247 ut
2450 3192 2713 3250 beneﬁcia
2746 3192 3061 3253 Conditoris
3095 3209 3397 3270 agnoscant
3431 3208 3487 3256 et
3523 3199 3760 3256 Creato-

2154 3298 2271 3338 rem
2299 3284 2541 3341 laudent.

2227 3373 2281 3431 8.
2321 3375 2671 3449 Cognoscant
2702 3379 2942 3452 denique
2971 3380 3160 3439 ﬁdeles
3189 3384 3319 3455 quia
3349 3383 3612 3441 Dominus
3650 3401 3759 3441 no-

2155 3474 2269 3522 ster
2300 3465 2462 3525 Iesus
2495 3468 2771 3540 Christus,
2809 3470 2907 3528 Dei
2936 3474 3269 3547 unigenitus,
3302 3477 3398 3548 qui
3432 3478 3485 3532 in
3521 3478 3760 3534 exordio

2126 3638 2129 3643 ἡ
2156 3556 2322 3630 hujus
2348 3561 2525 3618 aetatis
2555 3562 2767 3619 velatus
2801 3565 3007 3622 amictu
3052 3567 3238 3623 carnis
3264 3584 3363 3639 per
3394 3570 3757 3640 semetipsum

2155 3666 2332 3707 caecos
2360 3652 2708 3722 illuminavit,
2739 3656 2950 3714 claudis
2991 3657 3229 3716 oﬁicium
3266 3659 3584 3717 ambulandi
3613 3678 3761 3732 prae-

2154 3742 2295 3810 buit,
2336 3743 2520 3801 surdis
2556 3744 2808 3803 auditum
2844 3747 3109 3816 reddidit,
3147 3750 3478 3822 paralyticos
3513 3752 3755 3819 curavit,

2156 3845 2406 3919 mortuos
2433 3838 2740 3906 suscitavit,
2787 3856 2954 3911 supra
2994 3857 3147 3898 mare
3172 3842 3339 3899 siccis
3367 3843 3610 3914 vestigiis
3634 3859 3760 3898 am-

2156 3925 2391 3992 bulavit;
2428 3927 2571 3983 idem
2615 3929 2823 3985 nostris
2858 3932 3198 4001 temporibus
3243 3932 3310 3988 ad
3339 3932 3759 3989 clariﬁcandum

2143 4011 2274 4077 suae
2297 4020 2601 4092 maiestatis
2621 4022 3097 4093 omnipotentiam,
3123 4025 3266 4081 et-ad
3287 4024 3758 4083 manifestandum

2157 4112 2360 4185 egregii
2405 4113 2708 4173 sacerdotis
2738 4112 3011 4170 Swithuni
3049 4115 3326 4184 meritum,
3357 4114 3569 4173 confert
3594 4118 3757 4173 sani-
3804 4147 3815 4153 ~

2158 4203 2288 4260 tatis
2316 4202 2643 4265 beneﬁcium
2672 4215 2946 4276 aegrorum
2974 4207 3319 4278 corporibus,
3355 4222 3467 4279 prae
3505 4208 3759 4265 multitu-

2157 4296 2286 4353 dine
2312 4297 2804 4355 innumerabilibus
2836 4308 2895 4355 ut
2914 4299 3084 4356 maris
3102 4316 3300 4369 areme,
3331 4301 3532 4372 quibus
3548 4317 3657 4356 non
3668 4311 3762 4358 est

2159 4406 2444 4448 numerus.
2487 4391 2811 4449 Benedictus
2850 4394 3196 4465 omnipotens
3230 4392 3394 4462 Deus,
3440 4394 3534 4465 qui
3564 4404 3759 4452 nostra

469 4485 694 4557 gibbum
721 4478 956 4557 geminis
986 4484 1316 4541 sustentavit
1363 4485 1671 4541 camburtis
1709 4485 1845 4556 (56),
1886 4495 1941 4542 et
1986 4486 2055 4542 ad
2087 4477 2131 4533 D
2157 4490 2478 4553 tempestate
2503 4484 2762 4555 dignatus
2786 4494 2871 4540 est
2892 4495 3142 4541 sanctum
3170 4502 3331 4542 suum
3361 4486 3533 4557 signis
3557 4495 3612 4541 et
3636 4489 3757 4542 vir-

469 4575 848 4636 Winthonia'm
870 4579 1138 4650 pervenit,
1154 4578 1339 4649 ibique
1358 4578 1453 4634 diu
1473 4579 2055 4652 mansitans,angelica

466 4670 786 4727 visitatione
840 4671 1041 4726 iterum
1088 4670 1404 4727 admonitus
1445 4672 1515 4728 ad
1560 4670 1809 4728 tumbam
1879 4675 2055 4730 sancti

468 4762 723 4832 praesulis
747 4760 1020 4819 Swithuni
1045 4763 1306 4834 perrexit,
1320 4772 1376 4819 et
1393 4763 1550 4821 ﬁexis
1570 4766 1820 4836 genibus,
1843 4766 2055 4837 rogavit

468 4850 788 4920 Dominum,
814 4862 1087 4925 quatenus
1115 4853 1190 4910 ibi
1216 4864 1504 4910 sanaretur
1528 4855 1702 4925 ipsius
1729 4857 1901 4912 sancti
1934 4873 2055 4917 me.-

467 4943 1099 5017 ritis,,que'madmodum
1128 4947 1185 5001 in
1215 4946 1425 5002 somnis
1447 4946 1717 5003 audierat.
1744 4947 1850 5014 Qui
1900 4964 2051 5017 mox,

470 5036 850 5093 utsurrexit‘a
876 5036 1154 5108 precibus,
1183 5036 1260 5092 ita
1288 5044 1515 5094 curatus
1556 5046 1643 5094 est
1684 5039 1948 5097 divinitus
1995 5051 2059 5098 ut

470 5150 745 5206 nusquam
767 5138 1031 5194 deformis
1052 5137 1201 5212 gibbi
1221 5138 1376 5195 locus
1414 5148 1718 5215 appareret.
1750 5140 2054 5211 Appropin-

470 5226 675 5298 quante
696 5242 826 5283 vero
855 5232 1246 5290 sacratissima
1268 5232 1631 5289 solemnitatis
1673 5224 1780 5300 die,
1811 5232 1924 5304 quo
1965 5248 2059 5287 ve-

470 5319 732 5377 nerabilis
754 5319 851 5376 Dei
880 5321 1108 5380 antistes
1138 5325 1460 5382 Swithunus
1503 5326 1782 5397 corporeis
1823 5325 2057 5381 nexibus

472 5411 710 5480 solutus,
745 5410 812 5483 de
834 5412 941 5469 hoc
967 5416 1172 5473 mundo
1195 5418 1453 5488 migravit
1504 5417 1573 5473 ad
1626 5416 1945 5483 Dominum,
1970 5416 2058 5472 vir

469 5503 697 5574 quidam
727 5504 1083 5566 daemoniacis
1102 5507 1534 5579 deceptionibus,
1579 5508 1838 5564 omnibus
1882 5523 2057 5565 mem-

472 5593 589 5651 bris
613 5586 999 5653 miserabiliter
1019 5598 1336 5656 debilitatus
1364 5608 1469 5656 cst.
1498 5598 1605 5666 Qui
1634 5615 1762 5655 cum
1799 5600 1892 5656 diu
1946 5610 2059 5655 tor-

2160 4577 2368 4634 tutibus
2400 4577 2728 4646 mitiﬁcare;
2759 4578 2855 4650 qui
2881 4595 3007 4634 cum
3036 4578 3197 4635 Patre
3222 4589 3278 4635 et
3308 4578 3514 4649 Spiritu
3561 4590 3767 4637 sancto.

2158 4671 2293 4726 vivit
2317 4680 2373 4727 et
2396 4671 2712 4729 dominatur
2742 4687 2838 4742 per
2862 4680 3059 4728 cuncta
3082 4673 3300 4729 saecula.
3342 4672 3535 4728 Amen.

2230 4763 2286 4820 9.
2326 4763 2386 4818 ln
2414 4764 2508 4820 illo
2529 4774 2772 4834 tempore
2794 4780 2907 4835 quo
2934 4763 3196 4821 Dominus
3224 4780 3408 4819 rerum
3441 4764 3761 4821 manifesta-

2160 4857 2254 4913 bat
2280 4857 2598 4914 hominibus
2644 4865 2895 4914 sanctum
2940 4872 3103 4914 suum
3149 4856 3520 4925 Swithunum,
3556 4858 3761 4927 accidit

2161 4958 2222 5007 ut
2267 4950 2546 5007 venissent
2592 4949 2970 5007 Winthoniam
3019 4950 3075 5004 in
3127 4966 3237 5006 una
3281 4949 3370 5006 die
3412 4949 3606 5021 viginti
3658 4965 3759 5007 sex

2159 5044 2313 5117 agri,
2346 5061 2515 5103 causa
2543 5043 2927 5115 recuperandae
2954 5042 3227 5098 sanitatis.
3271 5041 3352 5096 Ex
3394 5042 3596 5114 quibus
3629 5042 3761 5114 qui-

2158 5141 2285 5197 dam
2313 5146 2472 5195 erant
2508 5138 2657 5204 caeci,
2687 5137 2912 5208 quidam
2939 5136 3114 5203 surdi,
3151 5135 3376 5206 quidam
3420 5135 3580 5203 muti,
3624 5134 3757 5207 qui-

2156 5233 2286 5289 dam
2311 5232 2477 5287 etiam
2508 5229 2809 5302 paralytici.
2837 5227 2946 5297 Qui
2972 5242 3103 5283 cum
3133 5226 3495 5283 accessissent
3523 5225 3590 5281 ad
3626 5241 3759 5282 san-

2159 5326 2234 5383 cti
2284 5325 2536 5396 prarsulis
2584 5330 3002 5379 monumentum
3052 5329 3110 5377 et
3159 5334 3350 5391 preces
3400 5334 3588 5375 coram
3641 5316 3758 5372 Deo

2160 5420 2498 5487 effudissem,
2526 5426 2633 5491 per
2658 5418 2832 5490 ipsius
2848 5415 3318 5472 interventionem
3348 5427 3543 5469 omnes
3560 5411 3760 5468 curati

2163 5524 2293 5571 sunt
2336 5514 2393 5570 in
2443 5513 2620 5585 spatio
2654 5511 2818 5568 trium
2866 5509 3103 5577 dierum,
3145 5508 3335 5579 sicque
3373 5506 3482 5562 heti
3526 5504 3756 5560 domum

2164 5623 2289 5665 cum
2316 5607 2522 5680 ingenti
2548 5604 2751 5678 gaudio
2778 5603 3081 5673 redierunt,
3112 5601 3525 5675 magniﬁcantes
3546 5607 3601 5656 et
3634 5598 3759 5654 lau-

545 5774 656 5845 (56)
696 5749 995 5836 Camburta
1038 5779 1307 5851 signiﬁcat
1357 5748 1777 5837 sustentaculum
1827 5781 1907 5837 vel
1963 5780 2229 5836 baculum.
