3972 6296
428 365 499 427 B7
1320 320 1329 327 ’
1417 351 1781 417 eoscnum
1820 349 2384 411 caurusmsusrs
2406 349 2731 421 nomen!
3648 349 3720 411 ss

500 489 554 543 '5.
585 484 645 540 ln
664 482 786 540 illis
815 478 1013 537 diebus
1062 485 1176 534 tres
1218 474 1480 533 mulieres
1521 474 1576 529 in
1607 471 1833 529 Veetam
1861 486 2021 528 cacas
2055 471 2095 531 Α
2123 470 2378 527 manicis.
2412 469 2552 526 Tum
2574 487 2606 526 a
2631 470 2961 542 quibusdam
2995 467 3310 526 intimatum
3330 476 3418 526 est
3454 457 3582 542 ejus
3620 472 3720 529 do-

429 579 699 651 degebant
715 573 986 641 insulam;
1017 586 1130 627 una
1156 568 1339 625 lucem
1368 564 1707 637 corporalem
1736 578 2023 635 nunquam

429 674 795 742 conspexerat
841 665 1049 731 oculis;
1105 661 1228 719 dua:
1270 674 1403 715 vero
1434 672 1532 729 per
1582 656 1823 728 spatium
1867 662 2027 711 erant

429 773 645 823 caecatae
665 775 861 818 novem
884 771 1177 814 annorum.
1197 751 1330 821 Qum
1350 751 1483 807 dum
1509 748 1765 805 audirent
1786 747 1855 804 ad
1885 755 2027 803 tum-

428 860 558 914 bam
591 855 768 913 sancti
796 849 1050 924 praesulis
1078 859 1253 903 caecos
1279 840 1578 898 illuminari
1603 849 1660 896 et
1696 855 1796 911 per
1845 838 2024 894 virtu-

430 958 541 1006 tem
572 945 791 1004 Domini
818 942 951 1001 Jesu
1004 938 1210 996 Christi
1258 935 1507 991 inﬁrmos
1538 949 1760 1006 quoque
1816 932 2021 1001 curari,

428 1047 763 1113 rogaverunt
792 1042 1055 1110 cognatos
1076 1046 1267 1089 earum
1291 1037 1347 1085 et
1370 1027 1558 1084 afﬁnes
1607 1035 1881 1098 quatenus
1927 1038 2025 1081 eos

429 1132 839 1206 quamprimum
866 1125 1285 1184 transdueerent
1311 1120 1425 1193 (59)
1458 1120 1719 1184 insulam,
1752 1132 1876 1190 qua;
1915 1133 2022 1172 un-

428 1227 595 1297 dique
631 1224 793 1280 undis
823 1218 1023 1277 Oceani
1065 1225 1152 1273 est
1178 1214 1566 1284 circumsepta,
1614 1212 1760 1267 unde
1808 1208 2024 1266 facilius

429 1318 737 1389 quivissent
768 1311 1049 1385 pervenire
1080 1308 1147 1363 ad
1192 1306 1397 1372 locum,
1432 1305 1486 1359 in
1545 1318 1658 1376 quo
1706 1303 2026 1374 quiescebat

429 1415 659 1473 somate,
691 1402 800 1476 (60)
829 1400 1036 1457 Christi
1063 1398 1287 1470 praesul.
1315 1394 1571 1467 Cumque
1596 1402 1751 1451 extra
1782 1393 2021 1449 insulam

428 1507 612 1555 essent
644 1495 928 1567 expositae,
952 1501 1009 1549 et
1054 1491 1385 1547 ﬂuctuarent
1441 1489 1648 1560 absque
1698 1486 1946 1555 ductore,
1970 1493 2025 1543 et

428 1591 651 1663 penitus
678 1589 1000 1661 ignorarent
1021 1583 1153 1656 quid
1180 1596 1340 1655 agere
1355 1587 1601 1654 possent,
1626 1579 1866 1636 clemens
1883 1577 2026 1635 Cen-

427 1684 571 1739 ditor
592 1690 998 1746 creaturarum,
1023 1677 1284 1733 misertus
1310 1674 1509 1747 inopiae
1544 1688 1758 1740 earum,
1791 1670 2026 1728 contulit

427 1775 510 1831 eis
547 1772 863 1848 [quemdam
909 1770 1168 1842 juvenem
1217 1784 1251 1824 a
1290 1766 1576 1824 nativitate
1615 1764 1854 1839 mutum]
1907 1763 2021 1837 (6|)

429 1874 592 1923 aetate
617 1864 837 1922 circiter
867 1859 940 1917 20
980 1875 1275 1917 annorum.
1317 1859 1425 1927 Qui
1454 1858 1587 1915 dum
1645 1857 1715 1914 ad
1763 1856 2018 1914 eumdem

426 1956 779 2014 devenissent
798 1955 1006 2023 locum,
1032 1958 1318 2026 cmperunt
1337 1967 1464 2008 eum
1478 1949 1754 2023 viragiues
1774 1949 2021 2022 ﬂagitare

426 2048 677 2106 unanimi
699 2063 833 2105 voce
855 2058 914 2105 ut
946 2063 1042 2104 eas
1086 2046 1155 2102 ad
1198 2043 1635 2101 Wintoniensem
1669 2043 1893 2099 duceret
1920 2057 2009 2099 ur-

426 2140 573 2210 bem,
600 2139 695 2196 ubi
717 2148 942 2196 sanctus
969 2137 1210 2210 pollebat
1232 2135 1528 2209 episeOpus
1549 2130 1722 2207 signis
1754 2132 2021 2189 mirabili-

426 2232 552 2288 bus.
583 2229 690 2300 Qui
712 2229 948 2285 mirabili
977 2226 1339 2299 dispositione
1362 2225 1481 2293 Dei,
1526 2224 1782 2297 precibus
1825 2239 2020 2281 earum

426 2324 791 2390 allubescens,
817 2322 874 2378 in
910 2320 1114 2379 reﬂexo
1168 2320 1305 2377 calle
1345 2334 1518 2376 caicus
1560 2315 1848 2390 praefatum
1896 2332 2021 2389 per-

424 2417 582 2475 duxit
610 2417 679 2474 ad
706 2417 911 2473 locum.
944 2413 1066 2487 Ipsa
1106 2421 1290 2470 autem
1314 2420 1495 2480 nocte,
1530 2428 1641 2484 qua
1678 2411 2023 2468 intraverunt

424 2507 711 2565 basilicam
766 2508 822 2563 in
848 2523 957 2578 qua
984 2522 1113 2563 ossa
1136 2505 1233 2561 Dei
1255 2504 1449 2561 famuli
1478 2504 1855 2577 quiescebant,
1881 2520 2023 2577 pra:—

424 2600 585 2656 dicta
607 2609 720 2656 tres
736 2613 913 2666 czecte,
927 2613 1024 2669 per
1046 2597 1221 2655 sancti
1248 2597 1504 2654 meritum
1531 2596 1807 2667 praesulis,
1831 2612 1863 2652 a
1889 2584 2022 2653 vero

425 2690 633 2749 lumine
664 2690 776 2748 Deo
817 2697 1140 2747 meruerunt
1159 2689 1401 2761 recipere
1423 2689 1610 2745 lumen
1638 2688 1947 2745 oculorum.

498 2782 551 2837 4.
583 2779 809 2837 Juvenis
841 2795 974 2836 vero
994 2780 1307 2852 viraginum
1331 2776 1549 2847 ductor,
1566 2779 1904 2836 clarescente
1924 2794 2023 2836 au-

425 2891 555 2932 rora
577 2874 740 2942 lucis,
770 2882 918 2931 recte
939 2873 1115 2945 quivit
1145 2871 1249 2928 fari
1280 2872 1546 2944 quidquid
1571 2871 1766 2941 voluit,
1790 2879 1845 2928 et
1890 2886 2021 2927 mox

427 2967 646 3040 signum
669 2964 800 3023 fecit
822 2966 1038 3023 custodi
1061 2974 1122 3022 ut
1140 2972 1294 3021 extra
1327 2965 1618 3022 ecclesiam
1661 2965 1855 3033 exiret,
1880 2982 2017 3038 qua-

426 3068 591 3116 tenus
613 3059 692 3114 illi
722 3059 874 3131 loqui
904 3058 1195 3131 potuisset.
1219 3057 1323 3126 Qui
1352 3059 1633 3116 admirans
1663 3058 1797 3130 quid
1839 3058 2022 3116 dicere

2124 564 2279 620 mino
2305 564 2454 635 quod
2502 562 2571 620 ad
2595 572 2847 621 sanctum
2874 559 2975 620 Dei
3000 561 3289 620 Famulum
3317 563 3547 637 prad‘ata
3584 580 3720 623 con-

2125 654 2356 730 fugisset
2389 656 2627 724 servula,
2650 665 2706 713 et
2727 673 2826 730 per
2845 657 2966 729 ejus
2990 656 3255 713 beneﬁcia
3289 667 3437 714 esset
3461 658 3531 715 de
3558 672 3720 715 eom-

2124 750 2357 822 pedibus
2418 751 2691 806 absoluta.
2741 749 2899 819 Quod
2946 766 3073 807 cum
3117 749 3379 821 audisset,
3433 760 3722 822 permotus

2126 840 2431 911 iracundia,
2465 857 2681 898 summa
2704 858 2830 899 cum
2860 842 3209 900 festinatione
3229 839 3323 898 illo
3367 843 3633 915 perrexit,
3670 851 3725 899 et

2125 948 2236 991 non
2268 950 2368 992 sua
2389 945 2603 1006 sponte,
2636 932 2730 992 sed
2759 931 2871 991 Deo
2905 945 3134 1008 cogente
3170 935 3419 991 manicas
3467 950 3724 991 reserva-

2123 1026 2231 1095 vit,’
2256 1041 2312 1084 et
2336 1027 2652 1098 praedictam
2676 1025 2831 1084 abire
2855 1026 3083 1099 illaesam
3114 1027 3261 1096 sivit,
3282 1036 3340 1084 et
3361 1027 3430 1084 de
3458 1024 3556 1083 illo
3584 1024 3723 1083 faci-

2126 1135 2263 1177 nore
2284 1118 2422 1175 nihil
2449 1119 2577 1176 mali
2604 1121 2788 1176 intulit
2808 1118 2879 1176 ei.

2196 1212 2252 1268 6.
2320 1209 2416 1268 Vir
2463 1219 2646 1270 autem
2695 1209 2921 1302 quidam
2983 1209 3188 1270 multos
3232 1210 3571 1287 paralyticus
3623 1226 3725 1285 per

2127 1319 2304 1361 annos
2333 1304 2388 1360 in
2415 1304 2696 1376 provincia
2718 1304 3021 1376 Anglomm
3073 1304 3541 1370 commorabatur,
3596 1317 3724 1374 quae

2125 1410 2319 1452 eorum
2364 1396 2550 1469 lingua
2592 1394 2821 1451 Hamme
2842 1395 3063 1463 dicitur,
3087 1395 3225 1451 adeo
3253 1396 3510 1452 omnibus
3544 1411 3724 1451 mem-

2124 1487 2241 1545 bris
2267 1486 2585 1546 debilitatus
2607 1498 2669 1544 ut
2705 1489 2774 1545 de
2813 1487 3011 1555 fulcro,
3042 1486 3181 1560 quo.
3211 1487 3535 1555 recubabat,
3567 1489 3722 1545 nulla

2125 1580 2339 1638 ratione
2359 1597 2584 1654 surgere
2609 1579 2947 1654 praevaleret.
2972 1577 3024 1637 Is
3045 1578 3277 1639 audiens
3292 1581 3559 1636 miracula
3595 1596 3725 1653 qua

2126 1671 2394 1734 Dominus
2419 1672 2713 1732 Wintoniae
2734 1672 2963 1733 faciebat
3002 1690 3103 1747 per
3124 1674 3304 1733 sancti
3320 1670 3475 1731 Vatis
3494 1675 3721 1745 merits,

2125 1767 2292 1840 coepit
2314 1767 2497 1840 sagaci
2520 1777 2702 1826 mente
2722 1764 3092 1841 prmmedilari
3119 1766 3265 1840 quod
3298 1767 3528 1825 suavius
3574 1776 3727 1825 esset

2121 1859 2223 1928 illi,
2248 1859 2295 1917 si
2314 1868 2440 1917 ante
2470 1859 2783 1918 salutiferas
2810 1860 2916 1918 viri
2939 1858 3037 1917 Dei
3056 1860 3307 1928 exuvias,
3326 1860 3525 1919 saltem
3548 1876 3724 1918 unam

2119 1952 2348 2025 pervigil
2378 1951 2605 2012 duceret
2639 1961 2876 2011 noctem.
2927 1952 3035 2022 Qui
3085 1968 3399 2011 convocans
3452 1962 3726 2027 cognatos

2120 2053 2177 2104 et
2221 2045 2537 2105 amicabilcs
2579 2047 2816 2118 vicinos,
2865 2046 3069 2119 quibus
3114 2047 3373 2119 praecepit
3418 2046 3723 2121 ﬂagitando

2076 2160 2087 2165 ·
2121 2139 2354 2195 nimium
2399 2148 2672 2212 quatenus
2722 2138 3019 2197 falerarent
3065 2139 3357 2209 sonipedes
3389 2155 3606 2208 eorum,
3654 2157 3725 2198 ac

2120 2239 2296 2293 semet
2336 2231 2602 2289 baceaulo
2645 2231 2758 2304 (62)
2805 2232 3189 2304 imponerent,
3224 2240 3391 2305 atque
3436 2230 3504 2288 ad
3539 2232 3719 2288 sancti

2119 2323 2371 2396 prmsulis
2407 2322 2793 2396 corpusculum
2845 2319 3142 2380 deferrent.
3190 2322 3298 2391 Qui
3345 2323 3510 2381 dictis
3553 2323 3723 2381 amici

2120 2417 2564 2488 obtemperantes
2588 2413 2741 2490 aagri,
2768 2415 2927 2472 ocius
2948 2424 3277 2489 peregerunt
3298 2415 3447 2486 quod
3476 2415 3562 2471 eis
3589 2429 3727 2486 pm-

2120 2511 2281 2581 cepit.
2312 2507 2513 2566 Verum
2544 2517 2838 2581 antequam
2864 2524 3006 2581 mger
3036 2524 3347 2566 sermonem
3381 2508 3586 2575 ﬁniret,
3625 2524 3729 2580 per

2121 2600 2377 2672 pietatem
2407 2600 2630 2673 gloriosi
2667 2608 2895 2656 curatus
2918 2599 3215 2672 pontiﬁcis,
3244 2600 3312 2656 de
3346 2599 3549 2656 lectulo
3585 2614 3727 2657 con-

2122 2709 2376 2766 surgens,
2414 2693 2519 2750 iter
2552 2691 2784 2765 arripuit
2807 2692 3060 2765 pedibus,
3093 2702 3150 2750 et
3182 2694 3468 2751 universos
3491 2692 3725 2750 comites

2122 2802 2287 2845 cursu
2326 2786 2605 2860 praecessit
2644 2788 2880 2859 equites,
2912 2786 3007 2858 qui
3052 2801 3181 2843 cum
3223 2786 3344 2858 ipso
3390 2785 3725 2843 itinerabant

2121 2885 2453 2956 complures,
2502 2892 2561 2940 et
2599 2884 2808 2941 volucri
2846 2899 3040 2957 gressu
3075 2883 3142 2940 ad
3174 2882 3547 2941 venerandum
3590 2881 3726 2939 alrn't

2117 2975 2383 3047 reliqu‘as
2414 2976 2655 3048 episcopi
2682 2976 2931 3048 pervenit
2972 2975 3287 3042 incolumis,
3334 2968 3516 3033 adhuc
3552 2974 3724 3031 soda-

2119 3071 2267 3128 libus
2290 3072 2453 3146 longe
2478 3072 2914 3141 remanentibus,
2950 3072 3252 3129 canterinis
3278 3072 3405 3133 licet
3434 3080 3493 3129 et
3539 3071 3723 3129 admi—

425 3152 608 3219 vellet,
632 3152 701 3208 ad
724 3167 853 3207 eum
873 3152 1023 3208 venit
1052 3151 1400 3224 interrogans
1448 3167 1549 3209 cur
1604 3167 1732 3209 eum
1777 3161 2017 3241 vocaret.
2047 3180 2094 3244 ο
2123 3165 2323 3223 uiculis
2357 3164 2802 3239 ευστδεδηιίδυε,

429 3244 657 3302 Iuvenis
676 3245 756 3300 illi
783 3245 860 3301 ait
887 3263 902 3300 :
932 3243 1089 3302 Scias
1129 3244 1415 3302 verissime
1456 3244 1607 3317 quod
1651 3245 1827 3302 modo
1868 3230 2021 3318 loqui

426 3356 656 3413 possum
683 3348 850 3397 recte.
885 3338 1085 3397 Custos
1112 3339 1330 3411 inquit:
1373 3337 1633 3413 Nunquid
1661 3348 1822 3397 antea
1868 3340 2021 3413 loqui

432 3440 696 3511 poteras?
717 3437 822 3507 Qui
846 3438 1131 3509 respondit
1164 3458 1178 3493 :
1208 3437 1500 3511 Nunquam
1530 3440 1769 3496 antehae
1803 3439 2021 3497 locutus

428 3546 578 3600 sum,
603 3539 661 3587 et
692 3547 841 3588 nunc
865 3530 1045 3603 prima
1069 3530 1273 3589 audisti
1319 3531 1489 3590 verba
1528 3548 1653 3604 quae
1676 3532 1745 3589 de
1770 3548 1868 3590 ore
1895 3548 2020 3590 meo

354 3634 362 3647 '
428 3631 559 3679 sunt
598 3637 911 3696 progressa.
937 3623 1034 3680 Ast
1061 3639 1164 3695 ego
1202 3623 1458 3681 hesterna
1497 3624 1618 3682 luce
1654 3634 1862 3694 mutus,
1905 3633 2021 3683 tres

426 3714 689 3771 mulieres
712 3715 821 3772 huc
842 3715 1042 3772 deduxi
1068 3731 1261 3784 cacas,
1275 3715 1445 3790 [quae]
1468 3716 1579 3773 Deo
1592 3718 2020 3789 juvante,modo

349 3842 357 3847 -
428 3816 560 3863 sunt
605 3807 874 3865 videntes.
935 3806 1282 3879 Quapropter
1327 3824 1512 3883 perge,
1541 3825 1677 3867 voca
1710 3810 1929 3881 fratres,
1959 3820 2021 3869 ut

428 3901 593 3956 solito
615 3914 770 3956 more
810 3898 1042 3956 reddant
1068 3908 1274 3973 grates.

498 4002 553 4059 5.
584 4001 789 4059 Eodem
820 4002 1058 4074 denique
1081 4010 1326 4075 tempore
1346 4004 1597 4075 quaedam
1631 4004 1890 4063 ancillula
1918 4022 2020 4079 pro

423 4106 596 4165 parvo
616 4100 735 4150 erat
762 4094 1058 4150 commisso
1086 4095 1314 4167 religata
1368 4111 1400 4152 a
1450 4098 1678 4169 proprio
1725 4097 2020 4156 Wintoniaa

427 4183 655 4239 domino
686 4182 1046 4255 compedibus
1076 4182 1292 4252 ferreis,
1322 4192 1379 4241 et
1420 4186 1853 4244 exsecrabilibus
1896 4204 2018 4244 ma-

322 4308 325 4311 ›
424 4276 606 4344 uicis;
632 4275 750 4332 haec
796 4274 1214 4348 pertrahebatur
1266 4278 1323 4334 in
1368 4280 1670 4336 crastinum
1722 4281 2019 4339 erucianda

426 4369 564 4425 diris
588 4369 927 4439 verberibus,
965 4386 1031 4427 ae
1074 4371 1357 4429 nonnullis
1395 4372 1686 4431 vibicibus.
1733 4372 1862 4431 Haec
1901 4384 2019 4435 tota

426 4474 539 4518 non
563 4462 804 4519 cessavit
830 4471 992 4520 nocte
1012 4462 1254 4536 perfusis
1286 4463 1459 4522 Deum
1482 4466 1739 4540 lacrymis
1765 4484 2014 4539 exarare,

2194 3262 2247 3317 7.
2286 3261 2549 3330 Quaedam
2597 3260 2760 3317 etiam
2806 3266 3119 3333 prapotens
3162 3266 3417 3316 matrona
3465 3272 3721 3314 comma~

2120 3353 2285 3411 nebat
2308 3353 2365 3408 in
2392 3352 2499 3409 alia
2521 3350 2823 3423 Anglorum
2855 3349 3137 3422 provincia
3162 3364 3285 3421 quae
3308 3364 3503 3405 eorum
3534 3348 3723 3420 lingua

2118 3450 2472 3515 nuncupatur
2493 3440 2873 3499 Bedeforshire
2897 3439 3034 3512 (65),
3058 3440 3177 3496 haec
3198 3446 3317 3495 erat
3343 3438 3525 3511 spatio
3552 3439 3722 3494 trium

2118 3537 2257 3594 adeo
2299 3547 2505 3593 caecata
2548 3549 2821 3591 annorum
2864 3542 2927 3589 ut
2969 3547 3070 3589 nec
3110 3531 3459 3604 splendorem
3503 3528 3723 3587 lueiferl

2117 3636 2306 3702 posset
2333 3626 2467 3683 solis
2496 3623 2877 3696 contemplari.
2917 3623 3052 3693 Quae
3074 3623 3209 3680 dum
3248 3623 3563 3697 ingentibus
3593 3638 3725 3687 cru.

2118 3723 2359 3779 eiaretur
2412 3719 2698 3776 doloribus
2720 3760 2737 3786 ,
2795 3717 3052 3790 promisit
3109 3726 3300 3774 sancto
3353 3731 3414 3774 se
3464 3716 3723 3772 daturam

2118 3813 2293 3869 multa
2365 3823 2557 3869 sancto
2613 3810 2837 3884 praesuli
2880 3808 3170 3866 Swithuno
3207 3808 3470 3875 donaria,
3500 3809 3567 3871 ,si
3624 3824 3724 3880 per

2117 3905 2240 3976 ejus
2277 3905 2535 3961 meritum
2573 3904 2761 3959 lumen
2804 3902 3071 3975 reciperet
3111 3901 3422 3958 oculorum.
3467 3900 3725 3975 Cumque

2117 3997 2237 4054 haec
2280 4013 2312 4054 a
2358 3997 2632 4054 clientulis
2676 3994 2820 4057 foret
2859 3995 3091 4052 deducta
3139 3995 3208 4051 ad
3255 3995 3359 4051 viri
3412 3995 3722 4052 beatissimi

2118 4105 2268 4159 ossa,
2300 4089 2451 4147 dedit
2477 4088 2592 4146 Deo
2623 4099 2925 4161 sanctoque
2951 4087 3242 4145 Svrithuno
3279 4096 3490 4145 vestem
3520 4103 3723 4160 quam-

2118 4183 2266 4253 dam,
2299 4199 2466 4256 quam
2493 4183 2625 4240 dum
2654 4184 2812 4239 altari
2841 4191 3193 4255 supponeret,
3230 4181 3378 4238 illico
3410 4180 3601 4237 lumen
3640 4197 3727 4237 re-

2118 4277 2303 4350 cipere
2331 4276 2560 4346 meruit,
2604 4277 2752 4350 quod
2786 4276 2993 4333 dudum
3023 4275 3305 4332 amiserat.
3345 4270 3499 4342 Quae,
3533 4283 3723 4330 mente

2117 4369 2312 4427 devota
2355 4369 2548 4429 laudes
2586 4369 2701 4427 Deo
2739 4368 2987 4426 referens
3031 4377 3197 4440 atque
3235 4375 3361 4438 post
3404 4375 3720 4438 perceptam

2096 4463 2353 4520 ‘salutem
2399 4464 2584 4519 cibum
2632 4462 2873 4535 capiens,
2923 4461 3145 4517 domum
3196 4456 3384 4519 rediit
3414 4458 3721 4526 laetissima,

424 4562 489 4612 ut
512 4570 635 4612 eam
664 4556 925 4612 liberaret
949 4570 980 4612 a
1013 4533 1265 4629 pessimo
1290 4565 1499 4614 tortore
1522 4533 1620 4631 per
1652 4561 1829 4617 sancti
1875 4533 2016 4634 prae;
2045 4533 2095 4593 υ
2126 4574 2250 4630 qua:
2276 4558 2344 4615 ad
2370 4557 2548 4614 sancti
2574 4533 2991 4612 monumentum
3021 4553 3296 4626 pontiﬁcis
3324 4553 3558 4610 accessit
3585 4568 3724 4610 mea

425 4647 564 4704 aulis
585 4647 1064 4705 interventionem.
1093 4648 1373 4706 Rutilante
1395 4658 1579 4707 autem
1605 4651 1713 4709 diei
1737 4654 2018 4727 hora,quo

426 4736 729 4794 debebatur
755 4738 919 4813 aﬂligi
941 4741 1094 4813 gravi
1115 4748 1349 4809 tortura,
1377 4741 1523 4798 inter
1546 4758 1737 4814 preces
1758 4753 1813 4800 et
1840 4746 2018 4818 gemi-

424 4836 548 4899 tus,
585 4831 904 4889 ceciderunt
963 4834 1255 4906 compedes
1304 4835 1377 4892 de
1426 4835 1550 4908 ejus
1584 4836 1847 4909 pedibus;
1892 4853 2021 4912 qua

424 4919 575 4979 illico
625 4923 933 4995 perieulum
985 4924 1245 4994 evadens,
1298 4926 1701 4986 dormientibus
1741 4928 2014 5000 dominis,

426 5014 677 5089 confugit
716 5016 786 5072 ad
820 5018 1071 5075 tumbam
1107 5018 1254 5076 sacri
1295 5019 1574 5093 pontiﬁcis
1619 5022 1803 5080 adhuc
1850 5022 2018 5099 ligata

424 5224 440 5241 ⁶
495 5157 609 5231 (59)
630 5157 918 5245 .Iz‘uqerent.
945 5171 1093 5245 trans
1122 5164 1374 5245 insulam.
1420 5164 1588 5245 Vecta
1607 5167 1809 5245 quippe
1836 5169 2017 5245 insula

423 5229 645 5314 ᾔει-αξξεςί
671 5229 1010 5314 Britannico,
1040 5233 1324 5314 llantonia:
1346 5229 1661 5314 provincia},
1693 5229 1759 5314 i'n'
1773 5256 1898 5314 qua
1911 5241 2017 5297 sita

421 5307 522 5384 est
540 5299 838 5384 Wintonia,
868 5299 1241 5378 fereadjacet,
1267 5317 1323 5366 et
1346 5299 1460 5366 non
1489 5310 1597 5366 nisi
1624 5299 1825 5384 exigue
1850 5312 1921 5367 ab
1948 5327 2015 5367 ea

421 5367 565 5427 freto
592 5367 888 5431 dirimitur.

495 5441 624 5525 (60)~
648 5440 815 5525 ld_est
841 5461 1073 5525 corpore.
1106 5446 1187 5525 E;
1211 5449 1411 5525 Graeco
1430 5460 1603 5525 σῶμα,
1639 5468 1861 5523 corpus.
1891 5450 2019 5525 Yita

421 5511 529 5596 ms.
550 5583 563 5596 ι
589 5511 649 5569 S.
705 5511 1035 5596 ξίφεμοῦοῶ
1078 5511 1518 5596 epise._‘Andeg.'
1552 5511 1679 5596 cap.
1715 5511 1803 5579 5'l.
1832 5544 1878 5596 γι
1906 5523 2014 5596 Ubi

420 5583 660 5668 plurima
700 5583 941 5645 ﬁdelium
978 5583 1209 5662 cometa,
1248 5592 1413 5667 digna
1445 5583 1793 5651 veneratione
1828 5595 2015 5651 habita

421 5666 793 5725 requiescunt.
828 5676 847 5712 ι

521 5671 793 5714 urescunt.
828 5676 847 5712 ι

492 5725 607 5811 (61)
668 5726 834 5788 Uncis
890 5728 1103 5811 inclusa
1158 5734 1427 5811 supplevit
1476 5734 1539 5792 P.
1601 5734 2014 5811 Papebroehius

420 5803 641 5868 propria
676 5814 864 5872 manu,
893 5803 1099 5863 addens
1131 5807 1197 5862 ad
1228 5803 1528 5877 inargiuem
1558 5826 1570 5862 :
1604 5829 1620 5860 ι
1655 5803 1728 5866 lia
1771 5826 1893 5866 esse
1930 5814 2008 5866 vi-

2124 4652 2391 4719 stissima,
2419 4666 2516 4721 per
2541 4649 2798 4704 virtutem
2837 4648 3228 4705 omniercantis
3257 4647 3357 4705 Dei
3382 4657 3436 4705 et
3463 4646 3719 4704 Salvato-

2122 4744 2202 4802 ris
2231 4744 2404 4801 nostri
2433 4741 2563 4800 Iesu
2586 4734 2815 4798 Christi.

2191 4834 2246 4891 8.
2286 4835 2406 4892 Alia
2452 4849 2673 4907 quoque
2714 4831 3134 4892 materfamilias
3179 4833 3359 4892 valida
3390 4831 3721 4908 egritudine

2120 4928 2288 4998 erepit
2312 4926 2579 4983 inﬁrmari
2605 4926 2798 4983 eadem
2822 4935 3162 5000 tempestate.
3193 4924 3397 4985 Omnes
3421 4928 3608 4999 itaque
3635 4928 3721 4983 vi-

2119 5019 2307 5078 cissim
2333 5018 2542 5089 afﬁnes,
2586 5029 2642 5076 et
2677 5018 2871 5076 famuli
2902 5021 2972 5078 ad
2998 5035 3123 5077 eam
3147 5021 3489 5089 accedentes,
3529 5019 3720 5076 horta-

2118 5175 2886 5251 debaturjegendumJitteris
2905 5194 3038 5236 casu
3053 5193 3193 5251 pene
3211 5180 3440 5236 omnino
3452 5179 3666 5238 deletis.
3690 5200 3710 5234 ι

2331 5246 2442 5336 βεί
2465 5248 2738 5336 feretrani,
2778 5250 2835 5304 in
2863 5266 2967 5336 quo
2996 5246 3531 5336 mortuieﬂ'nuntur,
3575 5252 3719 5310 alia!

2118 5318 2811 5395 bacupulus,_lgaccupulus,
2841 5318 2919 5376 uti
2956 5330 3041 5379 est
3070 5323 3213 5395 apud
3239 5318 3531 5395 Gangium.

2187 5390 2302 5469 (6:5)
2340 5389 2741 5469 Bed[or¢t_iensis
2788 5389 3075 5469 comitatus
3090 5389 3122 5461 ,”
3160 5389 3441 5464 provincia
3483 5393 3714 5469 Anglite,

2117 5459 2173 5514 in
2212 5459 2334 5543 ejus
2358 5459 2681 5543 meditullio,
2712 5465 2848 5543 satis
2872 5478 3060 5543 parva,
3091 5459 3218 5543 et.'a_
3244 5459 3617 5543 septentrione
3644 5459 3715 5521 ad

2116 5532 2401 5588 meridiem
2429 5540 2673 5589 extensa.
2714 5532 3065 5590 'l‘erminatur
3092 5535 3161 5592 ad
3189 5532 3388 5591 Arctos
3413 5533 3715 5592 Northam-

2113 5602 2324 5728 Etenim
2353 5610 2411 5658 et
2436 5602 2831 5688 Huntingtonia
2860 5606 3235 5674 comitatibus,
3270 5608 3341 5662 ab
3365 5612 3487 5690 ortu
3508 5604 3717 5691 .Canta-

2152 5689 2290 5728 l’llla
2320 5682 2377 5728 et
2406 5672 2718 5728 Harfordta.
2744 5678 2815 5728 ab
2847 5692 3047 5728 occasu
3083 5693 3216 5728 vero
3246 5685 3305 5728 et
3327 5677 3557 5728 mendae
3600 5678 3715 5728 Βη-

2113 5672 2290 5744 brigia
2320 5682 2377 5729 et
2406 5672 2718 5745 llarfordia,
2744 5678 2815 5733 ab
2847 5692 3048 5735 occasu
3083 5672 3225 5734 vero
3246 5685 3305 5734 et
3327 5677 3557 5734 meridie
3600 5678 3715 5734 Bu-

2111 5743 2413 5885 lfi‘iii‘jlgiawmia.
2465 5745 2793 5805 Primarium
2847 5750 2968 5819 ejus
3015 5750 3275 5823 oppidum
3323 5748 3531 5805 dicitur
3571 5749 3715 5807 Bed-

2134 5832 2313 5871 ωιιια.
