3972 6296
192 358 261 418 09
1473 349 1637 409 VlTA
1678 351 1738 406 S.
1782 366 1783 371 ‘

1886 351 2154 412 'lTHUNL
3401 368 3471 429 70

189 477 397 534 bantur
430 483 551 528 eam
593 476 872 543 gementes
910 478 972 526 ut
1011 468 1262 542 proprias
1299 467 1614 539 disponeret
1650 484 1776 540 pos-
1808 481 1857 539 Α
1886 471 2232 530 intervallum
2274 475 2587 546 quindecim
2608 472 2871 549 "dierum,
2922 482 3221 542 condolees
3253 496 3483 547 sanctus

189 565 489 629 sessiones,
520 570 817 632 antequam
839 561 989 617 necis
1009 560 1263 617 interitus
1287 559 1623 628 adventaret,
1652 575 1786 631 quo-

187 658 336 716 niam
371 653 781 712 arbitrabantur
807 667 930 709 eam
962 652 1073 709 cito
1098 651 1396 708 obituram.
1433 650 1572 707 Cum
1600 660 1785 707 autem

186 749 422 822 languor
449 745 809 802 intolerabilis
835 753 1126 817 augeretur
1153 744 1349 801 diebus
1394 743 1645 816 singulis,
1684 757 1787 814 po-

185 839 291 895 sita
330 837 392 892 in
431 834 816 905 desperatione
854 833 1014 890 istius
1061 833 1187 890 vitae
1209 874 1226 902 ,
1275 833 1540 904 proximae
1588 833 1785 890 mortis

184 925 501 993 viduitate,
540 924 804 995 .promisit
846 922 987 991 Deo,
1036 932 1339 995 sanctoque
1384 925 1605 996 praesuli
1645 922 1785 979 Swi-

183 1023 377 1088 tbuno,
421 1019 576 1092 quod
615 1019 663 1075 si
701 1017 910 1089 aliquid
960 1032 1060 1088 per
1103 1016 1223 1088 ejus
1247 1016 1614 1073 interventum
1660 1032 1785 1087 per-

183 1114 361 1184 cipere
384 1120 693 1169 mereretur
718 1109 1059 1183 aegritudinis
1083 1109 1414 1176 remedium,
1442 1125 1567 1164 cum
1594 1107 1784 1165 multis

182 1204 429 1260 donariis
455 1246 472 1272 ,
522 1203 854 1275 quantocius
899 1201 1126 1267 valeret,
1176 1199 1247 1255 ad
1281 1200 1402 1270 ejus
1438 1199 1782 1255 mausoleum

183 1298 410 1365 veniret,
437 1305 497 1352 et
520 1312 686 1352 unam
716 1295 917 1367 vigiliis
946 1305 1162 1350 noctem
1190 1294 1416 1351 duceret
1444 1302 1570 1349 ante
1593 1308 1781 1350 sacra-

183 1390 460 1447 tissimum
496 1387 594 1444 Dei
622 1387 814 1444 famuli
840 1386 1250 1458 corpusculum.
1293 1384 1452 1453 Quod
1481 1384 1612 1440 dum
1649 1400 1780 1456 pro-

186 1484 443 1550 mitteret,
494 1481 671 1553 potita
722 1488 807 1537 est
856 1480 1090 1536 sanitate
1138 1479 1426 1549 corporis:
1453 1477 1550 1533 sed
1598 1477 1783 1533 amisit

184 1576 419 1647 vigorem
457 1574 686 1640 mentis,
716 1574 977 1644 quoniam
1011 1572 1233 1643 quidem
1263 1570 1359 1626 Dei
1388 1570 1777 1631 beneﬁciorum

187 1666 505 1730 immemor,
566 1661 966 1734 promissiones
1017 1661 1220 1732 quibus
1274 1674 1395 1717 sese
1447 1659 1782 1730 obligaverat

186 1772 290 1814 non
314 1756 653 1823 observavit,
696 1763 753 1812 et
791 1755 996 1827 gratias
1028 1752 1141 1810 Deo
1174 1753 1410 1821 debitas,
1460 1753 1605 1809 sicut
1645 1768 1780 1809 con-

187 1849 408 1921 dignum
441 1857 593 1915 erat,
638 1863 751 1903 non
789 1846 1059 1919 rependit.
1556 1844 1560 1849 ’

252 1941 305 1996 9.
344 1939 476 1997 Hac
505 1939 641 1995 dum
678 1946 805 2011 post
840 1938 1060 2010 aliquod
1100 1946 1347 2010 tempus,
1393 1952 1520 1995 cum
1555 1934 1778 2009 proprio

192 2033 413 2105 conjuge
448 2031 811 2088 meditaretur
847 2032 915 2088 ad
945 2031 1215 2103 quosdam
1250 2031 1471 2102 nuptias
1508 2029 1777 2099 equitare,

194 2127 451 2182 ministris
496 2124 738 2196 optimos
775 2125 1032 2197 praecepit
1075 2124 1401 2195 cornipedes
1450 2135 1775 2193 praeparare.

198 2218 296 2287 Qui
317 2228 609 2291 postquam
654 2212 1040 2275 decentissime
1076 2226 1206 2274 sunt
1234 2216 1414 2272 ornati
1445 2214 1653 2283 faleris,
1694 2214 1781 2269 vir

205 2309 333 2379 ejus,
370 2323 494 2364 cum
534 2308 892 2380 paucioribus
933 2307 1225 2364 antecessit
1261 2307 1571 2374 clientibus,
1614 2319 1780 2377 quem

216 2400 325 2471 ipsa
349 2418 465 2458 cum
489 2402 738 2475 pluribus
769 2402 1063 2459 subsecuta
1106 2409 1191 2458 est
1230 2400 1414 2458 citius.
1445 2399 1600 2469 Quae,
1645 2401 1777 2457 dum

213 2494 534 2565 phaleratum
566 2495 852 2552 scanderet
881 2511 1083 2567 equum
1110 2504 1166 2551 et
1196 2494 1329 2551 dum
1359 2494 1629 2566 equitaret
1658 2501 1783 2566 post

204 2588 471 2655 maritum,
514 2587 755 2646 dolorem
798 2604 911 2644 non
956 2589 1130 2645 sensit
1166 2589 1363 2663 ullum,
1414 2603 1516 2644 nec
1560 2587 1781 2660 penitus

199 2678 426 2749 aliquam
470 2679 816 2753 aegritudinis
864 2680 1197 2736 molestiam.
1248 2679 1495 2750 Denique
1538 2695 1665 2735 cum
1712 2677 1782 2735 ad

193 2771 436 2842 praefatas
468 2773 809 2843 pervenisset
844 2772 1083 2843 nuptias,
1126 2771 1181 2826 in
1211 2772 1411 2843 quibus
1453 2773 1638 2842 plures
1681 2771 1781 2827 ad—

192 2874 336 2919 erant
363 2864 625 2921 consules
648 2874 705 2921 et
731 2865 889 2920 multi
919 2865 1295 2936 przepollentes
1324 2864 1468 2937 regis
1497 2858 1780 2934 satellites,

190 2955 361 3013 subito
386 2957 629 3028 arripuit
654 2972 779 3013 eam
810 2957 927 3028 ipse
954 2957 1206 3029 languor,
1250 2972 1280 3012 a
1317 2972 1431 3028 quo
1462 2972 1638 3029 nuper
1666 2973 1783 3014 me-

186 3047 353 3104 dicata
396 3047 587 3105 fuerat
621 3065 720 3121 per
755 3056 1008 3105 sanctum
1035 3047 1131 3104 Dei
1167 3047 1455 3105 famulum.
1507 3048 1647 3105 Tum
1689 3050 1780 3106 illa

1887 564 1983 621 Dei
2009 564 2269 636 famulus,
2294 569 2441 640 quod
2470 569 2670 629 fratres
2697 573 2909 644 praefati
2936 576 3142 633 bonum
3185 579 3481 651 par-ripen-

1886 655 2078 714 derent
2115 674 2288 731 opus,
2326 668 2383 717 et
2424 664 2675 732 praesulis
2721 666 2942 723 illorum
2982 668 3328 739 jussionibus
3369 688 3481 732 non

1886 749 2343 820 obtemperarent,
2372 767 2476 810 nec
2500 754 2713 813 debitas
2735 757 2848 814 Deo
2871 759 3063 817 laudes
3084 762 3478 832 persolverent,

1884 840 1981 896 sed
2011 841 2066 896 in
2099 842 2435 913 perniciosas
2484 843 2702 903 Satanae
2739 849 3023 920 decipulas
3056 851 3381 921 inciderent,
3421 856 3478 911 in

1885 933 2095 990 somnis
2119 933 2233 1006 (ﬁt)
2271 936 2524 1006 apparuit
2549 939 2785 1009 quadam
2818 951 2978 997 nocte
3003 943 3220 1001 cuidam
3250 960 3482 1002 venera-

1885 1024 1981 1083 bili
2006 1035 2293 1095 matronae,
2320 1027 2480 1085 nivea
2506 1030 2732 1089 indutus
2766 1034 2964 1090 melote
3002 1051 3069 1093 ac
3108 1038 3267 1094 talari
3304 1049 3476 1108 veste,

1883 1130 2080 1188 gerens
2107 1132 2369 1174 coronam
2398 1120 2454 1175 in
2481 1122 2660 1193 capite
2686 1138 2935 1193 auream,
2965 1130 3198 1198 gemmis
3226 1130 3484 1188 decenter

1883 1206 2149 1277 preciosis
2200 1218 2452 1267 ornatam
2507 1221 2562 1269 et
2612 1211 2817 1271 Indicis
2869 1217 3095 1290 pulchre
3165 1223 3479 1294 margaritis

1883 1304 2183 1367 comptam,
2212 1314 2313 1354 nec
2358 1315 2469 1355 non
2504 1302 2821 1362 sandalibus
2848 1307 3236 1377 pulcherrimis
3266 1312 3481 1367 calcea-

1883 1395 1995 1456 tus,
2021 1388 2267 1461 dixitque
2309 1390 2387 1446 illi
2427 1392 2799 1452 blandissimis
2836 1398 3184 1454 sermonibus
3211 1418 3223 1453 :
3248 1399 3377 1455 Mox
3416 1410 3481 1457 ut

1881 1481 2083 1538 videris
2118 1480 2573 1552 Wintouiensem,
2616 1485 2815 1543 dilecta
2858 1486 2976 1556 Dei,
3025 1489 3347 1557 antistitem,
3388 1491 3481 1547 dic

1880 1570 1932 1626 ei
1961 1579 2022 1625 ut
2049 1570 2277 1642 imperet
2321 1574 2608 1631 monachis
2634 1575 2959 1648 degentibus
2997 1580 3197 1637 ibidem
3240 1598 3310 1639 ne
3346 1597 3476 1638 ces-

1881 1671 2005 1720 sent
2032 1662 2344 1735 gloriﬁcare
2386 1663 2560 1721 Deum
2590 1668 3016 1739 omnipotentem
3047 1671 3481 1744 quotiescunque

1881 1751 2155 1823 quispiam
2203 1764 2444 1828 aegrotus
2490 1757 2559 1812 ad
2606 1755 2878 1815 Swithuni
2924 1762 3169 1819 tumbam
3224 1765 3482 1836 prmulis

1881 1844 2148 1915 receperit
2172 1846 2533 1903 curationem.
2565 1846 2735 1905 Valde
2764 1850 2966 1907 etenim
3012 1853 3260 1924 displicet
3300 1855 3481 1911 omni-

1879 1936 2088 2007 potenti
2140 1934 2275 2005 Deo,
2327 1940 2541 1995 auctori
2592 1941 3004 2012 miraculorum,
3039 1946 3189 2016 quod
3234 1948 3481 2019 quotidie

1879 2027 2147 2083 miracula
2192 2027 2324 2084 facit
2363 2030 2782 2089 innumerabilia
2827 2050 3012 2092 coram
3056 2038 3234 2095 oculis
3263 2047 3483 2096 sancto-

1878 2132 2024 2186 rum,
2062 2125 2118 2174 et
2153 2118 2257 2190 ipsi
2299 2129 2411 2176 tam
2450 2121 2652 2194 injuste
2700 2134 2889 2197 agunt,
2928 2128 3075 2198 quod
3123 2128 3237 2187 Deo
3279 2131 3480 2189 laudes

1881 2224 1993 2265 non
2021 2210 2286 2278 referunt,
2317 2213 2411 2268 sed
2440 2215 2648 2270 caduca
2673 2217 2879 2273 malum
2909 2221 3110 2288 studia,
3141 2224 3289 2293 quod
3318 2223 3479 2283 nefas

1879 2312 1967 2360 est
1993 2304 2162 2373 dictu,
2197 2305 2397 2363 divinis
2428 2308 2687 2379 operibus
2732 2322 3075 2382 prteponunt.
3125 2314 3205 2372 Ne
3244 2318 3316 2373 sit
3344 2319 3477 2387 illis,

1880 2398 2136 2468 obsecro,
2164 2415 2327 2472 grave
2355 2416 2454 2472 per
2483 2401 2729 2475 singulas
2755 2405 3145 2464 omnicreantis
3180 2407 3343 2480 Regis
3372 2411 3480 2467 vir-

1880 2498 2027 2547 tutes
2074 2491 2382 2564 gloriﬁcare
2428 2494 2676 2550 omnium
2724 2493 3019 2555 Auctorem
3061 2499 3358 2569 virtutum,
3411 2518 3480 2559 ne

1883 2582 2123 2638 sentiant
2148 2583 2347 2642 iratum
2375 2582 2624 2641 Iudicem
2643 2586 2892 2643 vivorum
2917 2595 3082 2660 atque
3109 2600 3344 2647 mortuo:
3362 2609 3475 2649 um.

1881 2672 2026 2745 Quid
2054 2676 2249 2747 plura?

1957 2768 2046 2823 l2.
2088 2766 2355 2839 Deinceps
2395 2768 2445 2825 si
2475 2769 2749 2842 quispiam
2779 2773 3074 2830 cessaverit
3103 2789 3135 2830 a
3169 2773 3350 2843 laude,
3389 2792 3479 2833 re-

1881 2861 2061 2932 pletus
2106 2876 2259 2916 naevo
2314 2861 2571 2930 invidia,
2632 2864 2868 2935 torporis
2911 2881 2975 2922 ac
3020 2867 3324 2938 superbiae,
3372 2867 3479 2923 nisi

1882 2953 2240 3008 commissum
2277 2952 2381 3010 hoc
2416 2954 2678 3012 deleverit
2706 2957 3077 3029 paenitudine,
3123 2961 3334 3019 carebit
3376 2963 3481 3017 mi-

1882 3044 2029 3101 nime
2059 3044 2315 3102 vitiorum
2344 3044 2558 3105 fraude.
2588 3047 2858 3107 Nimirum
2899 3052 3103 3110 idcirco
3140 3053 3285 3112 Deus
3314 3063 3396 3112 tot
3426 3063 3482 3112 et

183 3138 395 3203 demum
447 3142 761 3214 intelligens
802 3134 948 3213 qudd
991 3141 1194 3229 injuste
1234 3142 1462 3214 egisset,
1519 3143 1779 3215 quoniam
1810 3178 1852 3236 ο
1884 3144 1997 3236 tam
2029 3136 2295 3206 inaudita,
2323 3141 2661 3198 novissimus
2691 3145 3051 3216 temporibus,
3099 3147 3304 3204 mundo
3334 3164 3478 3220 prae-

180 3241 362 3289 curata
392 3249 429 3289 a
468 3232 586 3289 Deo
626 3249 726 3305 per
770 3233 1026 3288 meritum
1067 3224 1265 3301 sancti,
1310 3234 1458 3290 haud
1505 3234 1783 3292 retulisset

179 3326 404 3399 gloriam
457 3325 769 3394 Conditori,
816 3341 967 3394 mox,
996 3326 1051 3382 in
1086 3336 1355 3399 quantum
1384 3328 1574 3396 valuit,
1605 3329 1782 3400 paeni-

176 3418 423 3476 tudinem
466 3434 667 3491 agens,
706 3419 995 3476 clientulos
1031 3420 1100 3476 ad
1143 3436 1202 3476 se
1244 3437 1584 3490 convocans,
1608 3438 1779 3497 quos,

175 3513 488 3568 secundum
518 3511 667 3583 quod
698 3509 804 3567 fari
835 3512 1030 3584 quivit,
1070 3512 1390 3585 suppliciter
1424 3516 1674 3571 exoravit
1721 3525 1782 3574 ut

172 3616 312 3670 eam,
349 3603 695 3677 quantocius
719 3614 967 3676 possent,
995 3605 1064 3661 ad
1088 3606 1295 3674 locum,
1322 3606 1378 3662 in
1407 3622 1518 3679 quo
1545 3608 1629 3663 vir
1662 3624 1783 3665 san-

173 3707 292 3753 ctus
322 3696 680 3769 quiescebat,
725 3695 1019 3764 deferrent,
1070 3712 1182 3768 quo
1222 3713 1318 3769 per
1344 3696 1441 3754 Dei
1472 3698 1783 3755 misericor-

172 3791 315 3846 diam
378 3804 590 3845 rursus
641 3789 905 3861 recipcret
959 3790 1270 3846 sanitatem.
1325 3788 1459 3858 Quae
1507 3791 1637 3847 dum
1688 3792 1782 3848 illo

171 3880 348 3938 delata
384 3880 540 3937 foret
576 3881 838 3938 clientum
870 3882 1172 3953 juvamine,
1225 3881 1282 3937 in
1333 3885 1580 3955 sequenti
1623 3892 1783 3940 nocte

170 3972 353 4031 denuo
384 3973 606 4044 recepit
646 3974 1008 4030 curationem.
1041 3972 1264 4030 Postera
1296 3990 1427 4030 vero
1456 3975 1544 4031 die
1572 3976 1783 4032 incolu-

173 4068 277 4123 mis
303 4066 377 4125 ad
407 4066 765 4136 supradictas
809 4065 1093 4138 repedavit
1142 4065 1385 4139 nuptias,
1421 4068 1781 4140 omnipotenti

170 4156 279 4215 Deo
303 4158 531 4231 gratias
559 4157 803 4215 referens
827 4158 1190 4231 justissimas.

239 4251 330 4307 {0.
392 4251 548 4305 Dum
600 4250 791 4306 mundi
844 4248 1111 4309 Dominus
1155 4267 1221 4308 ac
1267 4249 1518 4309 Salvator
1561 4252 1783 4310 inclitus

169 4342 506 4399 miriﬁcarct
547 4350 801 4398 sanctum
847 4358 1009 4398 suum
1051 4343 1315 4416 prodigiis
1348 4360 1413 4401 ac
1461 4345 1780 4411 virtutibus,

169 4434 373 4504 praesul
425 4432 765 4489 venerabilis
818 4433 1169 4489 Adelwoldus
1194 4475 1210 4503 ,
1263 4435 1360 4507 qui
1421 4434 1787 4493 Wintoniensi

1884 3228 1975 3284 bet
2002 3230 2269 3286 miracula
2298 3240 2358 3287 ut
2386 3234 2711 3291 molleseaut
2740 3235 3023 3293 hominum
3054 3254 3216 3295 saxea
3248 3255 3313 3295 ac
3342 3240 3479 3297 resi-

1881 3322 2096 3393 piscant
2142 3338 2439 3394 pravorum
2492 3327 2681 3395 corda,
2732 3336 2786 3384 et
2832 3327 3092 3387 festinent
3135 3331 3203 3387 ad
3233 3331 3476 3389 ctelestia

1882 3414 2042 3472 bouis
2086 3416 2345 3487 operibus
2386 3418 2607 3489 gaudia,
2654 3421 2915 3491 quoniam
2963 3422 3121 3495 signa
3169 3422 3480 3482 inﬁdelibus

1881 3508 2095 3580 populis
2126 3518 2256 3565 sunt
2287 3509 2600 3578 tribuenda,
2630 3512 2882 3569 fidelibus
2911 3521 3093 3569 autem
3131 3506 3479 3588 nequaquam

1881 3600 2212 3656 necessaria.
2254 3599 2512 3673 Nunquid
2555 3601 2667 3658 Deo
2697 3619 2882 3660 rerum
2922 3605 3188 3660 conditori
3220 3606 3483 3663 obcdiunt

1881 3691 1977 3763 qui
2027 3691 2148 3762 ejus
2194 3691 2458 3748 beneﬁcia
2488 3693 2926 3766 lloecipendunt?
2965 3694 3159 3752 Nonne
3186 3695 3478 3754 DJmllltllll

1882 3780 1951 3836 ad
1975 3780 2317 3837 iracundiam
2362 3791 2665 3853 provocant
2706 3784 2801 3855 qui
2831 3783 3051 3840 silentio
3078 3785 3198 3856 ejus
3228 3787 3482 3858 magniﬁ-

1882 3875 2118 3932 centiam
2145 3875 2382 3948 negant?
2397 3874 2550 3932 Adde
2570 3876 2736 3932 etiam
2766 3877 2882 3934 haec
2902 3879 3071 3950 quod,
3096 3880 3141 3934 si
3167 3896 3199 3935 a
3226 3879 3480 3937 laudibus

1881 3968 2217 4025 cessaverint
2236 3968 2456 4038 fratres,
2479 3970 2733 4041 protinus
2753 3972 3050 4027 cessabunt
3063 3973 3336 4045 magnalia
3361 3972 3477 4030 Dei.

1953 4060 2041 4116 l5.
2082 4060 2151 4116 Si
2176 4076 2307 4118 vero
2345 4078 2455 4116 non
2490 4050 2791 4119 desiverint
2819 4065 3099 4121 caelestem
3130 4064 3481 4139 magniﬁcare

1880 4164 2087 4222 regem,
2103 4159 2183 4207 tot
2202 4159 2256 4207 et
2277 4160 2430 4208 tanta
2454 4151 2721 4210 Dominus
2748 4155 2994 4211 omnium
3016 4154 3256 4229 patrabit
3279 4156 3481 4212 ibidem

1882 4242 2146 4299 miracula
2159 4252 2356 4315 quotet
2371 4254 2577 4315 quanta
2598 4260 2629 4300 a
2644 4246 2861 4303 nemine
2888 4246 3247 4305 recordantur
3264 4247 3482 4303 vivente

1884 4328 2051 4406 super
2080 4344 2282 4392 terram
2318 4346 2541 4408 peracta
2589 4336 2859 4396 hactenus
2904 4339 3142 4411 uspiam,
3185 4348 3480 4413 postquam

1884 4426 2164 4496 divinitas,
2190 4443 2315 4498 qua:
2337 4428 2394 4483 in
2416 4444 2586 4485 unam
2618 4428 2825 4488 Christi
2850 4446 3142 4503 personam
3169 4432 3354 4504 junxit
3383 4448 3481 4505 ge-

168 4538 407 4597 przecrat
446 4525 701 4593 dioecesi,
729 4526 786 4580 in
817 4524 926 4583 illis
953 4524 1146 4582 diebus
1174 4524 1460 4598 imperavit
1500 4526 1783 4599 fratribus,
1813 4522 1864 4585 D
1889 4518 2093 4574 minam
2119 4527 2396 4590 Ροῑεηιθηι
2427 4529 2703 4590 multa"),
2728 4520 2897 4578 Deum
2942 4532 2996 4579 ει
3038 4523 3343 4593 hominem,
3360 4539 3480 4581 881³·

169 4620 375 4675 ibidem
421 4618 920 4686 commorantibus,
969 4617 1118 4689 quod
1155 4618 1593 4692 quandocunque
1629 4623 1783 4694 quis-

167 4713 315 4783 piam
343 4725 503 4782 aeger
526 4724 625 4779 per
653 4710 909 4766 virtutem
953 4710 1173 4767 Domini
1213 4720 1267 4768 et
1299 4713 1557 4769 meritum
1607 4717 1785 4771 sancti

166 4801 742 4858 antistitis-medelam
770 4803 1020 4875 corporis
1044 4812 1287 4874 optatam
1311 4806 1633 4877 perciperet,
1664 4823 1786 4879 pro-

166 4895 319 4951 tinus
363 4909 571 4950 omnes
615 4892 763 4951 illius
793 4895 901 4951 loci
935 4894 1133 4953 fratres
1161 4899 1472 4954 necessaria
1510 4899 1786 4973 relinque-

168 4997 311 5053 rent,
343 5001 593 5058 quzeque
613 4986 668 5041 in
688 4988 945 5045 manibus
965 4997 1232 5057 tenerent,
1256 4990 1544 5047 ecclesiam
1570 4993 1785 5050 adirent

168 5087 221 5132 et
270 5079 564 5149 condigne
608 5076 782 5134 Deum
826 5079 1215 5151 glorificarent.
1259 5074 1473 5138 Accidit
1509 5090 1691 5138 autem
1729 5093 1791 5140 ut

168 5169 432 5238 quidam,
458 5167 628 5225 illecti
647 5168 960 5225 daemonum
987 5157 1294 5238 fraudibus,
1327 5172 1564 5244 graviter
1586 5173 1793 5231 ferrent

170 5261 323 5331 quod
363 5270 485 5317 tam
515 5275 660 5332 saepe
684 5262 1057 5327 excitarentur
1076 5263 1144 5319 de
1176 5265 1464 5320 nocturnis
1491 5266 1788 5337 quietibus,

172 5353 396 5408 scilicet
439 5352 739 5424 aliquando
774 5353 978 5421 tribus,
1014 5354 1310 5426 aliquando
1337 5364 1576 5427 quatuor
1597 5358 1652 5413 in
1683 5375 1791 5415 una

178 5455 343 5502 nocte
363 5444 608 5513 vicibus,
632 5462 698 5503 ac
718 5444 1018 5504 suaderent
1036 5459 1265 5507 caeteros
1286 5466 1454 5523 prave
1478 5453 1787 5524 relinquere

177 5536 330 5606 quod
360 5535 472 5592 illis
492 5536 582 5607 pie
616 5537 945 5608 imperatum
981 5536 1161 5594 fuerat
1189 5540 1258 5596 ab
1285 5556 1477 5597 eorum
1508 5542 1783 5612 pontiﬁce.

252 5624 349 5681 ﬂ.
390 5622 545 5693 Quod
590 5625 726 5682 dum
777 5627 994 5684 incaute
1042 5627 1187 5687 foret
1227 5632 1656 5702 praetermissum
1690 5650 1789 5705 per

254 5737 390 5863 (αθ
419 5739 700 5812 Apparitio
724 5741 848 5798 haec
875 5741 1109 5799 habetur
1145 5758 1313 5814 supra
1358 5734 1417 5800 in
1444 5742 1705 5823 ‘Historia
1753 5764 1785 5804 e

254 5825 293 5863 ι.
374 5814 614 5863 notiano
645 5821 865 5863 summa
893 5816 1248 5863 contractius-
1282 5818 1509 5863 mutatis
1539 5818 1785 5863 nlimmn.

182 5823 293 5867 m.
326 5818 614 5883 σιτοωο
645 5821 865 5884 sumpta
893 5818 1249 5885 contractius,
1282 5818 1785 5890 mutatis'aliquan—

1891 4626 2021 4666 vum
2043 4619 2098 4665 et
2126 4611 2422 4681 seniorem,
2447 4621 2759 4670 creaturam
2795 4624 2849 4671 et
2870 4613 3209 4696 _Creatorem,
3238 4616 3382 4672 vexit
3412 4616 3482 4671 ad

1889 4705 2058 4761 cmlos
2084 4713 2327 4760 nostram
2351 4704 2771 4764 humanitatem.
2799 4707 3037 4765 Sanctus
3072 4708 3166 4765 Dei
3216 4706 3479 4774 famulus,

1889 4813 2016 4853 mox
2053 4806 2115 4854 ut
2144 4798 2270 4853 talia
2295 4798 2369 4853 illi
2402 4800 2640 4873 gloriose
2667 4809 2936 4873 praecepta
2989 4802 3173 4858 retulit
3215 4809 3483 4857 matronae

1890 4888 1945 4944 iu
1973 4893 2187 4961 soporis
2210 4890 2440 4959 visione,
2461 4892 2766 4963 angelicum
2788 4893 2914 4949 inde
2934 4907 3219 4948 removens
3245 4892 3480 4962 vultum,

1887 4996 2015 5037 cum
2037 4981 2283 5039 vibrante
2304 4984 2426 5040 luce
2456 4983 2775 5041 conscendit
2795 4983 3093 5056 olympum.
3126 4981 3300 5039 Mater
3320 4982 3484 5040 fami-

1888 5072 1993 5129 lias
2027 5082 2233 5143 autem,
2263 5085 2386 5146 post
2408 5077 2584 5132 sancti
2609 5076 2979 5133 recessionem
2999 5075 3264 5148 evigilans
3286 5092 3317 5132 a
3349 5077 3480 5133 dor-

1890 5160 2137 5222 mitionis
2162 5168 2474 5240 gravedine,
2503 5170 2670 5240 coepit
2691 5168 2923 5224 multum
2945 5168 3131 5225 dolere
3153 5170 3297 5242 quod
3327 5186 3483 5226 care-

1888 5256 1985 5316 bat
2020 5260 2387 5330 claritudine,
2441 5277 2607 5333 quam
2654 5277 2752 5333 per
2797 5262 3070 5317 somnium
3119 5272 3482 5335 conspexerat

1891 5352 2222 5410 ineffabilem
2260 5372 2274 5422 ;
2303 5370 2425 5425 qua:
2446 5362 2557 5409 tam
2585 5354 2739 5411 ocius
2761 5370 2926 5426 quam
2979 5355 3148 5412 valuit
3168 5355 3235 5411 de
3282 5352 3480 5423 fulcro,
3559 5353 3565 5359 ’

1891 5460 2003 5516 quo
2023 5444 2261 5516 iacebat,
2289 5445 2549 5511 surrexit,
2597 5454 2651 5502 et
2697 5446 2965 5503 accersito
3018 5446 3318 5503 venerabili
3365 5445 3479 5518 epi-

1894 5551 2082 5607 scopo,
2108 5536 2362 5591 intimare
2409 5537 2621 5594 studuit
2659 5538 2927 5610 quidquid
2962 5538 3015 5595 in
3043 5538 3252 5596 somnis
3278 5536 3348 5593 ab
3380 5550 3480 5595 an-

1890 5628 2011 5700 gelo
2029 5627 2237 5684 Christi
2259 5627 2485 5699 accepit.

1888 5743 2064 5799 tulum
2108 5741 2401 5816 adjunetis.
