3990 6298
488 303 550 364 7t
666 261 675 265 ’
705 360 719 367 -
1464 285 1834 361 coscrLtNt'
1858 295 2418 356 CANTUAMENSIS
2456 296 2765 355 uomunt
3708 302 3777 359 τε

559 424 649 479 ﬂ.
686 420 796 490 Qui
833 430 1145 479 commotus
1167 415 1473 493 paululum,
1501 429 1564 475 ut
1596 419 1752 474 decet
1777 410 2077 488 sapientem
2108 418 2152 479 Α
2182 416 2254 472 sit
2275 416 2342 472 ad
2365 417 2541 472 sancti
2571 415 2675 472 viri
2702 405 3112 487 corpusculum,
3136 414 3192 472 in
3233 418 3355 489 ipso
3403 416 3492 474 die
3548 427 3774 475 curatrs

476 516 689 582 virum,
708 515 1028 573 cur‘fratres
1049 531 1159 571 non
1185 515 1426 584 egissent
1446 511 1745 567 secundum
1777 510 1924 567 illius
1946 527 2081 583 prse-

476 617 729 677 'ceptt'tm,
758 625 957 667 rursus
977 606 1312 681 praescriptis
1358 602 1636 659 mandavit
1680 603 1967 659 monachis
2009 601 2079 659 de

478 702 694 773 palatio
730 702 898 774 regis,
926 702 982 757 in
1014 714 1128 771 quo
1152 714 1254 768 pro
1297 692 1577 750 communi
1618 693 1856 749 utilitate
1899 694 2075 766 regni,

488 792 603 849 Deo
627 792 1029 850 cunctitonanti
1057 790 1326 847 militabat
1350 786 1415 840 in.
1431 785 1627 867 diebus
1655 786 1785 853 illis,
1817 787 1987 857 quod,
2029 787 2078 844 si

476 887 764 957 quispiam
796 888 1032 951 adesset,
1060 882 1153 955 qui
1181 881 1293 936 Deo
1320 876 1510 934 laudes
1552 894 1665 933 non
1713 879 1994 946 redderet,
2023 884 2079 936 et

486 981 557 1035 ad
586 979 879 1035 ecclesiam
907 978 1141 1035 festinus
1166 989 1277 1028 non
1297 981 1550 1043 pergeret
1573 972 1743 1040 illico,
1766 981 1828 1029 ut
1845 973 2079 1045 quilibet

485 1088 632 1145 aeger
654 1088 750 1143 per
773 1073 1029 1128 virtutem
1052 1074 1255 1125 sanctae
1276 1064 1562 1122 Trinitatis
1603 1066 1894 1123 sanitatem
1935 1067 2079 1124 reei-

486 1176 659 1237 peret,
678 1165 1054 1237 paenitentiam
1082 1168 1292 1231 septem
1314 1160 1528 1216 dierum
1560 1148 1765 1232 ageret,
1796 1160 1873 1219 nil
1914 1175 2077 1216 man-

486 1257 698 1315 ducans
723 1272 897 1328 neque
915 1254 1108 1311 bibens
1127 1262 1324 1324 praeter
1344 1268 1544 1324 aquam
1564 1262 1618 1309 et
1637 1267 1855 1324 panem.
1873 1251 1949 1308 Ex
1966 1265 2077 1324 quo

484 1358 732 1419 tempore
761 1362 1109 1418 nequaquam
1132 1353 1218 1402 est
1245 1336 2075 1417 praetermissum,quotiescun-

473 1458 591 1513 ‘que
613 1442 679 1497 ad
702 1441 846 1496 beati
869 1438 975 1496 viri
1002 1438 1559 1513 corpusculumhsive
1611 1438 1668 1493 in
1713 1437 1821 1504 die,
1866 1453 1964 1494 seu
2018 1438 2076 1494 in

483 1532 664 1590 media
705 1542 869 1589 nocte
890 1575 905 1600 ,
937 1541 1121 1589 actum
1150 1542 1235 1589 est
1262 1531 1540 1603 quoddam
1571 1530 1921 1597 miraculum,
1945 1528 2076 1587 edili

479 1628 766 1698 paululum
797 1627 1050 1699 pulsante
1084 1625 1537 1691 tintinnabulum,
1571 1632 1843 1695 quatenus
1874 1622 2073 1680 fratres

478 1736 593 1775 non
620 1720 834 1775 adirent
861 1719 1175 1775 ccenohium
1227 1717 1294 1772 ad
1337 1709 1755 1789 glorificandum
1813 1716 2072 1787 omnipo—

483 1821 686 1868 tentem
720 1811 1040 1877 Dominum;
1099 1811 1187 1867 cui
1227 1811 1406 1866 honor
1447 1809 1652 1875 virtus,
1683 1818 1849 1880 atque
1899 1810 2073 1882 impeo

480 1903 648 1970 rium,
680 1902 820 1959 doxa
847 1886 983 1974 (65),
1010 1902 1292 1973 majestas,
1334 1916 1570 1972 paxque,
1617 1900 1920 1972 tripudium
1976 1916 2076 1972 per

469 1994 818 2052 immortalia
854 1997 1052 2051 saecula
1080 1992 1430 2052 saeculorum.

553 2093 642 2149 15.
677 2091 912 2160 Quidam
950 2090 1189 2162 denique
1241 2091 1324 2145 vir
1367 2088 1770 2146 Lundoniensis
1834 2087 1910 2145 ita
1954 2096 2074 2145 erat

474 2184 669 2241 eodem
698 2191 945 2256 tempore
966 2184 1284 2241 debilitatus
1313 2184 1572 2241 omnibus
1608 2184 1895 2254 membris,
1924 2184 2074 2256 quod

476 2293 710 2349 prorsus
738 2277 949 2332 nullam
972 2275 1087 2348 jam
1115 2284 1303 2347 posset
1327 2291 1559 2347 sperare
1578 2274 1869 2332 medelam.
1922 2274 2071 2332 Idem

472 2372 663 2427 autem
700 2371 932 2449 audiens
974 2370 1372 2449 miraculorum
1425 2369 1763 2441 opinionem,
1812 2386 1935 2441 qua:
1974 2386 2073 2441 per

479 2462 656 2519 cosmi
684 2462 796 2533 (66)
829 2446 1132 2516 salvatoris
1161 2446 1420 2532 pietatem
1444 2461 1805 2532 patrabantur
1834 2461 1901 2518 ad
1926 2461 2072 2518 vatis

476 2555 850 2621 mausoleum,
876 2554 947 2609 ab
976 2553 1189 2626 agnatis
1214 2553 1429 2609 delatus
1471 2561 1558 2609 est
1597 2552 1937 2611 Wintoniam
1983 2568 2074 2610 se-

479 2646 723 2703 cundum
754 2647 878 2718 ejus
904 2646 1265 2714 desiderium,
1301 2646 1532 2717 cupiens
1561 2645 1822 2702 accedere
1848 2646 1915 2701 ad
1944 2662 2072 2702 san-

478 2735 631 2796 ctum
660 2739 869 2795 Christi
893 2737 1084 2794 famuli
1106 2738 1519 2810 corpusculum,
1550 2747 1605 2794 et
1654 2737 1788 2793 inibi
1838 2737 2072 2809 vigilans

479 2850 588 2888 una
612 2841 771 2889 nocte
797 2832 1015 2905 degere,
1041 2832 1136 2889 sed
1160 2831 1387 2886 minimc
1411 2830 1604 2902 quibat
1631 2845 1745 2903 prae
1771 2828 1942 2884 nimio
1965 2830 2068 2885 do-

476 2925 614 2981 lore.
640 2924 762 2993 Quo
786 2932 911 2983 cum
938 2933 1061 2997 post
1081 2924 1292 2996 aliquot
1313 2924 1694 2995 deportaretur
1719 2923 1857 2990 dies,
1877 2922 2066 2979 eadem

479 3026 641 3074 nocte
678 3018 897 3074 caelitus
933 3027 1160 3073 curatus
1211 3025 1315 3073 est.
1363 3014 1461 3071 Vir
1518 3031 1756 3086 namque
1801 3015 1916 3086 ipse
1955 3023 2068 3070 tam

476 3112 630 3182 gravi
661 3127 959 3182 percussus
981 3120 1100 3168 erat
1129 3110 1452 3183 mgritudine
1480 3117 1541 3165 ut
1571 3124 1772 3167 manus
1797 3117 1851 3165 et
1902 3097 2070 3181 pedes

478 3204 626 3261 illius
656 3213 779 3276 post
806 3214 1017 3276 tergum
1050 3204 1196 3261 versi
1237 3211 1612 3260 cernerentur.
1663 3199 1868 3257 Verum
1920 3200 2067 3257 Deus

478 3298 848 3368 omnipotens,
873 3296 1190 3354 misericors
1213 3313 1279 3353 ac
1299 3297 1563 3365 clemens,
1586 3296 1681 3369 qui
1704 3312 1812 3351 non
1839 3297 2069 3353 derelin-

476 3389 599 3459 quit
633 3403 825 3445 omnes
867 3388 924 3444 in
975 3404 1034 3445 se
1079 3396 1381 3460 sperantes,
1429 3404 1528 3460 per
1575 3387 1751 3445 sancti
1809 3389 2067 3461 meritum

478 3480 773 3551 Swithuni,
798 3498 913 3539 suae
952 3481 1218 3538 misertus
1244 3490 1328 3539 est
1358 3481 1643 3549 creationi,
1697 3482 1944 3539 tribuens
1983 3482 2070 3538 in-

477 3575 637 3631 firmo
660 3576 955 3647 pristinum
975 3576 1217 3649 vigorem
1242 3573 1490 3646 corporis
1508 3573 1576 3630 ad
1603 3574 1689 3630 sui
1710 3574 2068 3647 glorificatio—

477 3684 603 3724 nem
630 3669 892 3738 nominis,
915 3676 1189 3740 quatenus
1217 3667 1513 3726 incolumis
1552 3666 1778 3724 effectus
1818 3668 2070 3740 magnifi-

476 3770 628 3815 carct
669 3759 983 3835 Dominum,
1015 3760 1110 3832 qui
1157 3758 1289 3816 facit
1331 3758 1605 3815 mirabilia
1653 3774 1853 3831 magna
1893 3757 2067 3829 solus,

477 3854 738 3909 onmibus
773 3854 897 3909 vita:
921 3869 1036 3909 sua:
1062 3854 1276 3910 diebus.

553 3946 639 4001 16.
681 3945 1033 4018 Deniqueex
1081 3948 1305 4018 praefata
1351 3946 1489 4003 urbe
1539 3946 1819 4018 quondam
1863 3946 2070 4017 pariter

478 4047 752 4094 venerunt
778 4038 1118 4095 Wintoniam
1142 4040 1396 4095 homines
1412 4039 1542 4096 caaci
1572 4054 1805 4096 numero
1831 4039 2067 4096 sedecim

480 4131 767 4201 utriusque
796 4147 981 4188 sexus.
1016 4130 1057 4185 Ε
1083 4132 1285 4203 quibus
1309 4131 1621 4203 quindecim
1650 4146 1680 4188 e
1709 4131 1887 4202 prima
1918 4130 2072 4187 θα)ὶί-

476 4232 569 4279 tus
601 4223 892 4278 illuminati
919 4214 1050 4280 sunt
1071 4223 1185 4292 die;
1210 4231 1397 4279 sextus
1419 4232 1602 4277 autem
1632 4221 1881 4278 decimus
1900 4221 2070 4299 altero

479 4317 790 4373 lucescentc
808 4316 971 4372 mane
1000 4332 1127 4373 cum
1170 4316 1359 4372 multis
1385 4315 1773 4388 languentibus
1796 4315 1949 4383 aliis,
1973 4331 2072 4386 per

477 4409 737 4464 meritum
775 4409 951 4465 sancti
981 4409 1232 4480 praesulis
1272 4408 1613 4465 curationem
1670 4408 1912 4478 recipere
1956 4424 2073 4469 me-

2178 518 2266 568 est
2300 511 2474 567 altero
2499 511 2655 582 pede,
2682 518 2740 567 et
2766 511 3058 567 confestim
3113 513 3272 568 laetus
3324 511 3487 571 rediit
3543 511 3772 568 domum

2176 606 2430 679 pedibus,
2462 607 2821 679 magnificans
2842 605 3133 661 Dominum
3173 605 3542 683 sermonibus.

2251 700 2340 756 l7.
2384 699 2663 757 Venerunt
2683 700 2980 772 aliquando
3000 698 3068 754 ad
3098 705 3350 755 sanctum
3377 697 3476 753 Dei
3503 696 3772 754 famulum

2178 803 2248 846 ex
2299 789 2532 847 diversis
2590 792 2893 865 Anglorum
2940 788 3240 862 provinciis
3293 788 3482 861 viginti
3527 789 3775 861 quinque

2171 881 2406 951 inﬁrmi,
2433 882 2604 939 variis
2635 882 2994 955 languoribus
3039 882 3346 948 constricti,
3377 881 3588 938 scilicet
3618 882 3770 950 caeci,

2178 974 2379 1043 claudi,
2404 975 2558 1032 surdi
2581 984 2637 1031 et
2659 976 2829 1043 muti;
2862 975 2956 1047 qui
3001 975 3057 1030 in
3097 974 3263 1034 unius
3299 974 3407 1031 diei
3435 976 3776 1032 revolutione

2177 1082 2370 1124 omnes
2397 1082 2497 1139 per
2522 1068 2820 1139 gloriosam
2850 1068 3053 1140 egregii
3085 1066 3386 1124 sacerdotis
3413 1067 3774 1125 interventio-

2176 1172 2301 1215 nem
2321 1174 2351 1214 a
2373 1146 2607 1215 Domino
2627 1168 2946 1217 meruerunt
2977 1160 3220 1231 recipere
3256 1158 3619 1217 curationem.
3639 1160 3777 1229 Qui-

2177 1250 2304 1306 dam
2329 1252 2496 1307 etiam
2521 1267 2707 1309 comes
2741 1252 2974 1308 multum
3005 1252 3159 1309 dives
3189 1252 3425 1308 habebat
3447 1252 3619 1309 ﬁlium
3638 1296 3653 1321 ,
3676 1254 3775 1326 qui

2177 1360 2210 1400 a
2234 1345 2516 1401 nativitate
2542 1344 2922 1416 quinquennio
2948 1359 3086 1401 usus
3114 1355 3199 1401 est
3218 1344 3341 1401 visu
3361 1359 3775 1416 corporeo,quo

2176 1436 2392 1507 expleto
2426 1428 2581 1492 illum
2617 1436 2820 1505 amisit,
2849 1443 2906 1492 et
2943 1435 3052 1491 alio
3090 1436 3266 1493 lustro
3314 1451 3494 1493 czecus
3542 1435 3773 1505 exstitit,

2177 1531 2274 1602 qui
2299 1531 2430 1587 dum
2471 1546 2578 1586 una
2631 1538 2794 1587 nocte
2856 1530 3178 1603 vigilaretur
3232 1547 3264 1587 a
3321 1530 3603 1603 genitricc,
3643 1547 3774 1588 cum

2176 1623 2414 1695 plurima
2443 1623 2704 1681 clientum
2727 1623 3077 1681 multitudine
3101 1624 3155 1679 in
3186 1611 3408 1694 templo,
3446 1638 3557 1696 quo
3595 1625 3778 1696 quies-

2177 1715 2374 1773 cebant
2411 1703 2738 1771 venerabilis
2762 1715 2868 1771 viri
2897 1715 3176 1787 reliquiae,
3210 1706 3424 1771 aurora
3472 1716 3617 1772 diem
3669 1717 3778 1772 du-

2176 1818 2352 1877 cente,
2382 1808 2666 1879 glaucoma
2700 1823 2767 1864 ex
2795 1807 2973 1864 oculis
3006 1808 3126 1880 ejus
3160 1809 3408 1877 recessit,
3432 1817 3488 1864 ct
3526 1808 3638 1865 Deo
3668 1824 3777 1865 τοι·

2174 1896 2320 1956 lente
2347 1899 2557 1955 clarum
2584 1888 2771 1957 videre
2788 1900 2986 1972 potuit.

2800 2012 3032 2070 CAPUT
3067 2013 3131 2070 II.

2565 2105 2954 2162 Hiraculorum
2972 2123 3098 2179 pars
3121 2106 3372 2163 secunda.

2247 2197 2335 2255 18.
2371 2195 2492 2256 Non
2517 2209 2602 2256 est
2645 2200 2830 2256 autem
2863 2199 3082 2258 silentio
3131 2200 3569 2274 prtetereundum
3619 2201 3778 2273 quod

2173 2299 2302 2347 ante
2350 2291 2724 2348 inventionem
2767 2292 3129 2351 sacratissimi
3186 2293 3436 2365 corporis
3492 2293 3777 2351 Swithuni

2173 2380 2458 2449 antistitis,
2483 2381 2569 2438 vir
2591 2382 2817 2454 quidam
2851 2383 3023 2438 nobili
3062 2393 3219 2440 ortus
3266 2383 3542 2456 prosapia,
3586 2385 3777 2441 abun-

2171 2476 2310 2532 dans
2334 2474 2534 2547 opibus
2558 2475 2833 2547 plurimis,
2859 2476 2914 2532 in
2942 2475 3134 2534 eadem
3182 2476 3415 2549 degebat
3462 2475 3774 2549 Anglorum

2173 2569 2417 2641 regione,
2458 2568 2554 2641 qui
2590 2563 2841 2626 emeatus
2884 2573 3128 2627 cst'casu
3161 2569 3465 2627 eveniente.
3497 2570 3546 2627 Is
3582 2570 3778 2643 itaque

2172 2661 2407 2718 Romam
2433 2661 2675 2733 perrexit
2701 2678 2827 2719 cum
2855 2663 3007 2719 omni
3046 2663 3250 2720 mentis
3289 2662 3601 2731 devotione,
3624 2680 3777 2735 qua—

2173 2762 2334 2811 tenus
2362 2753 2437 2810 ibi
2474 2763 2765 2810 sanaretur
2815 2770 2913 2827 per
2954 2755 3237 2815 benedicta
3281 2767 3602 2814 sanctorum
3638 2772 3777 2814 cor-

2171 2859 2328 2915 pora,
2361 2858 2485 2915 quae
2514 2843 2589 2899 ibi
2613 2843 2968 2916 requiescunt
2997 2846 3441 2922 innumerabilia.
3461 2846 3567 2916 Qui
3592 2846 3777 2907 ferme

2171 2953 2270 3010 per
2298 2937 2643 3003 intervallum
2682 2939 2929 3012 quinque
2982 2956 3256 3001 annorum
3304 2942 3362 2998 in
3421 2943 3776 3002 orationibus

2170 3028 2498 3100 permansit,
2529 3036 2585 3085 et
2609 3030 2939 3086 medicinam
2968 3031 3206 3103 propriae
3244 3032 3509 3090 caecitatis
3536 3033 3777 3092 minime

2095 3137 2144 3203 ο
2174 3120 2505 3192 impetravit.
2543 3120 2648 3189 Qui
2677 3120 2935 3195 denique,
2964 3124 3096 3180 dum
3119 3124 3192 3181 ibi
3218 3125 3457 3198 degeret,
3486 3125 3697 3183 audivit
3740 3143 3778 3183 a

2170 3213 2497 3286 peregrinis,
2524 3213 2591 3270 de
2618 3214 2920 3287 Anglorum
2941 3215 3145 3273 finibus
3170 3217 3238 3274 ad
3269 3217 3459 3273 limina
3482 3220 3775 3290 apostolo-

2169 3322 2293 3362 rum
2332 3304 2565 3361 Romam
2594 3306 2965 3376 venientibus,
2995 3309 3142 3380 quod
3182 3307 3451 3367 Dominus
3487 3326 3774 3383 aegrorum

2168 3398 2528 3470 languoribus
2584 3398 2829 3455 mederct
2878 3400 3369 3459 innumerabilibus
3428 3418 3526 3474 per
3585 3404 3777 3464 sancti

2171 3489 2447 3547 Swithuni
2479 3493 2760 3560 meritum,
2791 3492 2947 3549 ocius
2960 3492 3243 3565 praefatam
3258 3495 3451 3552 urbem
3477 3497 3771 3567 deserens,

2170 3591 2225 3639 et
2259 3582 2329 3637 ad
2362 3582 2639 3655 regionem
2683 3583 2829 3640 unde
2865 3592 3021 3642 ortus
3064 3578 3257 3642 fuerat
3284 3587 3599 3660 regrediens
3640 3598 3779 3647 ante

2166 3675 2487 3753 sepulcrum
2535 3676 2713 3732 sancti
2756 3676 3008 3749 prtesulis
3051 3678 3343 3750 requisivit
3391 3696 3561 3751 quam
3611 3680 3776 3755 [imo

2168 3783 2295 3824 eum
2323 3766 2344 3841 ]
2378 3776 2589 3839 partem
2622 3768 2797 3842 regni,
2825 3768 2892 3825 de
2921 3785 3032 3840 qua
3084 3780 3250 3828 natus
3293 3771 3417 3828 fuit.
3461 3772 3584 3841 Quo
3638 3790 3775 3832 cum

2169 3860 2501 3931 perveniret,
2526 3861 2720 3917 eadem
2754 3870 2917 3919 nocte
2940 3863 3127 3918 lumen
3149 3865 3352 3921 meruit
3374 3865 3622 3936 recipere
3653 3868 3780 3938 pri-

2171 3951 2400 4019 stinum,
2430 3961 2486 4008 et
2519 3968 2553 4008 a
2586 3951 2821 4009 Domino
2854 3954 3046 4010 mundi
3094 3965 3344 4013 creatore
3398 3956 3778 4036 illuminatus,

2170 4041 2466 4099 incolumis
2495 4059 2750 4102 reversus
2791 4054 2875 4102 est
2915 4046 3163 4115 domum,
3186 4046 3507 4120 glorificans
3561 4046 3780 4122 Regem

2168 4135 2438 4208 caelorum
2465 4145 2520 4192 et
2545 4137 2777 4194 laudans
2810 4139 3241 4204 omnicrcantem
3272 4138 3466 4196 Deum.

2243 4227 2331 4284 l9.
2371 4226 2433 4283 In
2478 4228 2587 4286 illis
2614 4229 2829 4297 diebus,
2871 4230 3096 4302 quidam
3138 4232 3394 4302 manebat
3432 4231 3485 4287 in
3522 4232 3778 4305 civitate,

2171 4334 2296 4389 qua:
2315 4318 2690 4378 Brofeceaster
2711 4330 3058 4393 nuncupatur
3079 4322 3303 4395 proprio
3324 4323 3565 4393 nomine,
3589 4340 3781 4385 aecus

2172 4421 2227 4467 et
2269 4402 2603 4486 paralyticus
2648 4412 2704 4468 in
2754 4415 3006 4485 utrisque
3047 4414 3332 4471 lateribus.
3380 4413 3433 4471 ls
3475 4424 3661 4472 autem
3703 4420 3785 4475 ab

477 4503 611 4569 ruit,
630 4512 684 4557 et
706 4502 787 4557 sic
811 4501 1159 4573 postmodum
1193 4499 1304 4557 Deo
1327 4499 1669 4572 justissimas
1695 4500 2068 4571 persolventes
2097 4494 2147 4555 D
2171 4505 2388 4577 agnatis
2414 4504 2681 4562 deductus
2707 4516 2792 4562 est
2819 4504 3180 4575 Wintoniam,
3211 4506 3302 4562 ubi
3353 4508 3646 4565 sanitatem
3685 4527 3787 4566 rc-

478 4598 587 4654 lzeti
622 4598 853 4669 gratias,
883 4595 1088 4652 reversi
1135 4604 1265 4651 sunt
1291 4595 1540 4651 videntes
1577 4592 1943 4662 Londoniam,
1970 4593 2066 4665 qui

475 4690 607 4747 caeci
630 4705 807 4761 nuper
838 4698 1120 4745 venerant.
1178 4680 1181 4683 λ

549 4782 783 4850 Quidam
837 4780 1067 4838 claudus
1106 4779 1270 4835 etiam
1308 4787 1543 4861 utroque
1577 4778 1714 4851 pede
1751 4794 2066 4843 commem-

475 4874 639 4930 batnr
681 4873 737 4927 in
780 4872 970 4929 eadem
1013 4869 1229 4926 civitate
1274 4868 1591 4936 Loudonite,
1638 4868 1734 4940 qui
1764 4869 2068 4949 {sanitatem

477 4982 575 5038 per
604 4966 852 5022 diversas
877 4962 1201 5034 inquirendo
1235 4962 1547 5033 provincias
1590 4977 1728 5033 pene
1756 4978 1913 5019 suam
1942 4979 2068 5020 om-

478 5075 605 5116 nem
650 5063 1066 5127 consumpserat
1107 5054 1439 5112 facultatcm.
1489 5052 1541 5111 ls
1575 5055 1795 5111 tandem
1828 5055 1897 5110 ad
1937 5071 2073 5111 san-

475 5163 630 5210 ctum
667 5165 809 5221 equo
849 5157 1035 5205 vectus
1076 5148 1442 5220 Augustinum
1476 5142 1589 5220 (67)
1625 5147 2073 5219 archiprzesulem

474 5244 943 5312 Cantuariorum,
1007 5259 1107 5316 per
1165 5241 1287 5313 ejus
1347 5241 1843 5309 intercessionem,
1907 5241 2075 5297 unius

478 5338 647 5410 pedes
690 5339 892 5395 meruit
938 5338 1179 5409 recipere
1217 5335 1617 5402 valetudinem,
1659 5336 1752 5407 qui
1794 5344 1920 5407 post
1969 5335 2073 5390 ali—

468 5433 806 5507 quantulum
858 5432 1120 5504 temporis
1168 5430 1534 5496 intervallum,
1587 5428 1816 5485 audiens
1857 5428 2073 5499 opinio-

477 5540 605 5581 nem
633 5527 1023 5584 miraculorum
1063 5524 1401 5581 Wintoniam
1438 5524 1552 5595 (68)
1580 5522 1839 5592 veniens,
1883 5537 2072 5579 acces-

550 5640 667 5779 (65;
705 5639 761 5697 ld
790 5650 875 5697 est
904 5640 1097 5712 gloria,
1126 5639 1312 5696 Grzecc
1337 5638 1482 5705 δόξα.

550 5712 644 5779 (66
704 5711 761 5768 Id
793 5722 878 5770 est
910 5712 1157 5778 mundus,
1188 5709 1374 5766 Graece
1408 5711 1482 5767 κός

549 5709 666 5781 (66)
704 5711 761 5768 Id
793 5722 878 5770 est
906 5709 1157 5778 'mundus,
1188 5709 1374 5766 Graece
1408 5711 1615 5781 κόσμος,

549 5777 667 5853 (67)
710 5783 851 5840 Fusc
877 5785 953 5840 de.
978 5784 1071 5839 illo
1098 5792 1281 5837 actum
1317 5782 1402 5839 die
1434 5777 1559 5835 mu
1591 5777 1737 5833 Maii.

2166 4600 2319 4671 .cepit
2339 4612 2437 4671 per
2459 4608 2664 4656 sanctae
2686 4597 2971 4657 Trinitatis
2993 4599 3466 4671 omnipotentiam.
3492 4597 3784 4659 Nimirum

2172 4700 2465 4764 postquam
2488 4691 2722 4749 accessit
2748 4691 2817 4748 ad
2838 4691 3148 4758 ecclesiam,
3173 4693 3226 4747 in
3250 4708 3357 4764 qua
3387 4694 3564 4750 sancti
3595 4711 3787 4750 mem-

2174 4780 2271 4836 bra
2302 4780 2407 4837 viri
2445 4780 2822 4851 quiescebant,
2861 4781 3040 4837 tribus
3067 4781 3263 4839 diebus
3304 4791 3471 4854 atque
3510 4785 3788 4843 noctibus

2174 4872 2543 4945 perseveravit
2575 4873 2630 4929 in
2664 4873 2864 4947 vigiliis
2901 4880 2957 4929 et
2999 4874 3364 4931 orationibus.
3408 4874 3624 4942 Quibus
3670 4893 3789 4933 ex-

2173 4969 2335 5042 pletis
2361 4968 2537 5041 aperti
2564 4976 2695 5026 sunt
2725 4968 2872 5025 oculi
2901 4968 3048 5040 ejus,
3088 4977 3143 5025 et
3166 4969 3325 5041 vigor
3356 4968 3575 5039 priscus
3606 4971 3779 5025 redii:

2160 5063 2230 5119 .in
2272 5063 2495 5119 lacertis
2541 5077 2607 5118 ac
2652 5062 2929 5131 manibus,
2975 5076 3213 5133 moxque
3257 5060 3589 5117 benedicens
3632 5059 3782 5131 beo,

2175 5155 2301 5211 inde
2336 5156 2567 5212 recessit
2595 5170 2785 5212 sanus.

2244 5248 2337 5304 20.
2378 5247 2473 5303 Vir
2499 5248 2664 5307 etiam
2720 5247 2948 5321 degebat
2999 5246 3056 5303 in
3104 5243 3386 5318 provincia
3435 5244 3785 5327 Anglorum,

2175 5356 2299 5414 qua:
2322 5347 2549 5397 vocatur
2577 5340 2905 5396 hunum.....
2935 5354 3114 5395 circus
3145 5339 3323 5410 spatio
3346 5347 3552 5410 septem
3585 5354 3782 5394 anno-

2170 5449 2317 5489 rum.
2374 5432 2446 5500 ls,
2479 5432 2610 5489 dum
2666 5431 2891 5487 haberet
2937 5430 3200 5503 praevium
3257 5419 3562 5496 ductorem,
3618 5429 3790 5486 sicut

2172 5526 2349 5581 oculis
2373 5525 2570 5597 privati
2598 5524 2800 5579 habere
2824 5524 3022 5591 solent,
3046 5523 3141 5595 qui
3166 5538 3295 5580 eum
3337 5523 3422 5579 vel
3464 5522 3534 5579 ad
3579 5523 3787 5581 eccle-

2244 5640 2360 5712 (68)
2397 5638 2454 5694 in
2488 5655 2591 5695 ms.
2624 5645 2811 5712 nostro
2843 5637 3046 5712 passim
3077 5639 3341 5712 scriptum
3372 5639 3545 5712 reperi
3578 5637 3796 5695 Piuto-

2172 5707 2349 5777 niam,
2373 5726 2471 5766 oro
2500 5724 2611 5780 quo
2640 5707 2896 5763 substititi
2924 5707 3275 5765 Wintonidm.
3317 5764 3327 5773 ,
