3972 6296
197 355 260 413 7:
1069 427 1072 430 Ι
1501 351 1671 408 “vim
1710 349 1769 409 s.

1906 348 2180 407 aruum.
3395 367 3464 424 τι

195 471 323 528 siam
355 465 602 534 duceret,
633 483 718 524 ve.
749 467 1063 539 ttelcunque
1107 466 1184 523 illi
1240 481 1465 524 necesse
1508 465 1669 532 foret,
1725 473 1782 522 et
1810 473 1854 530 Α
1876 461 2176 533 frondibus,
2211 475 2266 522 et
2295 466 2557 538 perﬁcere
2589 470 2774 526 omnia
2799 486 2923 542 qua:
2945 484 3099 530 erant
3123 483 3466 545 necessaria.

193 561 378 619 deinde
404 561 629 617 domum
655 561 942 617 reduceret
970 561 1409 633 quandocumque
1439 561 1616 625 vellet,
1641 569 1778 615 tem-

188 667 313 724 pore
333 650 574 720 quodam
605 651 781 706 iratus
805 651 1022 716 ductor,
1047 650 1281 705 nimium
1304 651 1464 722 longe
1493 650 1563 705 ab
1592 649 1780 720 hospi-

185 744 262 799 tio
289 742 514 813 reliquit
542 758 775 809 caecum,
798 743 893 814 qui
912 757 1048 798 eum
1069 757 1306 812 prorsus
1330 742 1606 814 ignoraret
1644 758 1780 814 qua—

188 835 300 891 liter
349 835 576 890 domum
625 841 929 901 remearet,
973 835 1150 889 oravit
1188 834 1255 889 ad
1299 833 1469 888 Deum
1513 843 1778 890 rectorem

190 943 359 983 rerum
426 926 684 982 subnixis
742 926 1078 982 clamoribus
1143 934 1204 980 ut
1267 925 1422 980 illum
1486 927 1782 996 respiceret

187 1019 524 1083 clementius,
567 1019 770 1074 talibus
810 1017 1096 1074 ell‘undens
1119 1017 1379 1090 precibus
1407 1015 1489 1072 το
1527 1016 1776 1085 Domine,

183 1111 503 1182 angelorum
547 1109 860 1164 dominator
903 1117 958 1163 et
1004 1108 1314 1174 hominum,
1351 1109 1468 1164 scio
1513 1109 1642 1179 quia
1689 1115 1778 1163 m-

186 1202 257 1256 ltil
295 1211 485 1272 potest
517 1210 668 1256 tuam
711 1199 883 1254 latere
915 1198 1342 1270 providentiam,
1373 1199 1524 1255 vides
1567 1213 1655 1254 me
1683 1215 1778 1255 ca-

186 1309 325 1370 ptum
363 1296 611 1363 lumine,
643 1295 812 1368 longe
837 1305 1108 1350 remotum
1146 1310 1178 1349 a
1206 1295 1425 1369 propria
1471 1295 1778 1360 mansione,

191 1400 238 1448 et
257 1407 283 1445 a
297 1389 618 1446 contumaci
634 1389 909 1445 desertum
932 1387 1180 1444 ductore.
1207 1386 1577 1443 Humilitatem
1603 1401 1781 1443 meam

187 1483 416 1554 respice;
468 1491 636 1538 actus
676 1481 928 1552 proprios
972 1481 1029 1535 in
1081 1490 1173 1536 tua
1213 1481 1490 1536 voluntate
1529 1481 1780 1550 dispone,

188 1591 398 1647 gressus
443 1589 599 1630 meos
642 1573 710 1628 ad
756 1582 808 1628 te
834 1572 1027 1644 dirige,
1070 1580 1127 1628 et
1168 1571 1303 1627 mihi
1345 1571 1684 1643 nequissimo
1725 1571 1782 1627 in

191 1667 384 1723 cmlesti
432 1667 566 1722 sede
624 1665 801 1720 lucem
847 1663 1233 1736 sempiternam
1285 1678 1412 1720 cum
1465 1665 1672 1720 sanctis
1729 1671 1786 1720 et

191 1759 362 1815 electis
403 1757 667 1814 concede.
715 1756 974 1812 Miserere
1021 1757 1146 1823 mei,
1193 1755 1443 1822 Dauniae,
1479 1755 1781 1812 secundum

1878 557 2067 627 sieﬂue
2106 558 2394 617 redeuntes
2443 561 2668 618 domum
2710 564 3106 624 benedixerunt
3153 570 3468 647 Dominum,

1876 657 2161 703 auctorem
2193 651 2512 708 sanitatum.
3556 725 3560 730 _

1947 738 2040 794 εδ.
2081 739 2285 796 Eadem
2322 758 2516 814 nempe
2551 753 2870 816 tempestate
2898 749 3004 805 viri
3031 752 3321 822 cujusdam
3349 774 3470 815 scr-
3525 775 3534 778 '

1876 831 2004 886 vula
2037 830 2215 886 furata
2259 831 2439 889 fuerat
2482 835 2534 889 in
2583 839 3000 908 aquilonaribus
3036 833 3336 916 Anglorum
3371 853 3472 907 cli-

1879 921 2141 988 matibus,
2161 933 2325 993 atque
2348 924 2578 980 deducta
2606 928 2674 981 ab
2691 929 2863 984 avidis
2890 936 3255 1004 mangonihus
3283 939 3352 994 ad
3378 957 3473 994 ur-

1879 1011 2003 1070 bem
2030 1055 2048 1081 ,
2092 1014 2147 1069 in
2193 1031 2301 1086 qua
2353 1017 2670 1088 quiescebat
2716 1031 2942 1080 sanctus
2985 1041 3218 1096 corpore
3265 1029 3475 1088 Christi

1879 1105 2103 1176 praesul,
2140 1115 2195 1161 et
2228 1107 2491 1164 distracta
2533 1112 2767 1181 cuipiam
2811 1114 2929 1170 viro
2954 1119 3195 1186 prmfauc
3237 1121 3478 1179 civitatis

1881 1195 2125 1253 Urbano.
2164 1197 2293 1255 llaec
2320 1201 2450 1257 dum
2478 1217 2575 1272 per
2601 1203 2746 1274 longi
2778 1207 3017 1275 spatium
3043 1212 3306 1280 temporis
3341 1213 3478 1268 inibi

1880 1291 1986 1346 sub
2013 1291 2123 1346 alio
2153 1291 2477 1348 mansitaret
2501 1293 2744 1360 domino,
2789 1299 3018 1370 contigit
3047 1309 3108 1355 ut
3136 1302 3220 1356 vir
3248 1302 3416 1371 idem,
3446 1319 3480 1358 tt

1881 1395 1995 1452 quo
2022 1382 2176 1453 prius
2215 1381 2366 1438 furto
2407 1385 2686 1442 subtracta
2716 1386 2916 1456 fuerat,
2959 1389 3299 1449 Wintoniam
3323 1395 3480 1450 veni-

1882 1482 1987 1540 ret,
2037 1483 2312 1545 quatenus
2355 1476 2459 1531 sibi
2511 1479 2822 1534 necessaria
2868 1491 3092 1537 emeret.
3144 1482 3302 1551 Quod
3351 1501 3482 1542 cum

1883 1568 2142 1624 ancillula
2185 1569 2402 1625 audiret
2441 1570 2555 1641 jam
2601 1573 2946 1644 przesignata,
2979 1576 3243 1632 audacter
3267 1577 3335 1633 ad
3366 1578 3481 1648 pri-

1884 1675 2038 1716 scum
2063 1659 2219 1731 loqui
2243 1662 2392 1716 venit
2420 1663 2701 1718 dominum
2741 1665 2860 1720 sine
2899 1665 3046 1722 illius
3071 1667 3294 1724 licentia
3322 1670 3482 1740 cujus

1879 1751 2118 1823 imperio
2161 1761 2275 1810 tum
2319 1763 2437 1808 erat
2475 1754 2712 1810 subdita.
2764 1755 2901 1811 Cum
2941 1757 3046 1814 hoc
3085 1774 3216 1830 ergo
3255 1760 3483 1816 rescirot

188 1853 516 1906 voluntatem
551 1859 726 1916 tuam,
773 1859 827 1904 et
856 1847 942 1904 l'ac
971 1864 1185 1904 mecum
1217 1847 1374 1918 juxta
1418 1858 1526 1904 tua:
1565 1847 1782 1919 pietatis
1815 1850 1860 1910 Β
1888 1843 2110 1900 domina
2160 1844 2246 1900 cui
2274 1846 2546 1902 serviebat
2574 1848 2692 1904 haec
2715 1846 2941 1916 famula,
2972 1851 3115 1920 quod
3143 1851 3484 1907 l‘abularetur

193 1943 551 2000 clementiam.
611 1940 690 1997 Ne
737 1941 1222 2012 derclinquas,me
1266 1939 1517 2008 Domine,
1545 1941 1784 2012 amplius

193 2035 246 2090 in
283 2034 649 2107 malignorum
695 2033 975 2100 inanibus,
1019 2032 1115 2088 sed
1158 2033 1242 2088 vel
1284 2032 1526 2089 animam
1571 2033 1640 2089 de
1682 2035 1788 2088 hoc

193 2128 514 2196 corpusculo
567 2141 746 2180 meam
787 2125 1012 2196 suscipe
1035 2166 1050 2192 ,
1097 2124 1182 2180 vel
1237 2139 1332 2195 per
1372 2125 1548 2181 sancti
1591 2125 1788 2181 merita

202 2215 479 2284 Swithnni,
508 2215 740 2273 uocitati
781 2231 915 2272 mete
947 2215 1128 2272 lumen
1172 2216 1382 2272 clarum
1427 2214 1672 2272 restitue.
1712 2215 1790 2271 Te

209 2308 354 2362 etiam
383 2323 537 2380 rogo,
566 2293 993 2363 cleuicmissime
1019 2305 1240 2378 praesul,
1270 2322 1365 2378 per
1393 2321 1556 2377 quem
1584 2307 1790 2362 Auctor

219 2388 384 2452 rerum
423 2398 744 2471 magniﬁcus
787 2398 989 2470 pra-hct
1031 2399 1296 2477 tttedelant
1341 2399 1576 2456 diversis
1621 2415 1790 2472 agro-

215 2503 329 2543 rum
381 2491 762 2563 langnerihus.
821 2500 1092 2562 quatenus
1129 2473 1279 2546 inihi
1333 2507 1630 2548 succurras
1679 2493 1791 2548 tuis

207 2583 364 2640 Sacris
406 2585 678 2655 precibus.
721 2583 900 2640 Credo
940 2600 1134 2656 nempe
1172 2585 1432 2656 quoniam
1475 2587 1793 2658 impetrabis

200 2674 362 2730 illico-
397 2676 668 2748 quidquid
731 2677 954 2748 petieris
1016 2693 1048 2732 a
1113 2676 1369 2733 Domino.
1447 2677 1796 2750 Quapropter

195 2783 349 2838 θυεερ
389 2769 622 2825 luminis
672 2767 986 2840 Principcnt
1037 2784 1151 2841 quo
1196 2767 1332 2824 mihi
1371 2770 1660 2826 oculorum
1704 2787 1793 2826 re-

197 2861 368 2918 stituat
399 2863 614 2918 lumen.

258 2954 340 3011 2t.
379 2955 644 3026 Cumque
679 2953 815 3012 tales
851 2968 1030 3010 caecus
1065 2952 1155 3009 ille
1179 2968 1374 3025 preces
1416 2969 1544 3011 cum
1589 2953 1796 3027 ingenti

187 3049 381 3117 gemitu
421 3046 794 3118 profudisset,
833 3047 1086 3118 protinus
1131 3046 1186 3101 in
1230 3047 1422 3102 eodem
1460 3047 1582 3104 loco
1623 3048 1799 3118 aperti

187 3151 312 3196 sunt
335 3140 490 3197 oculi
515 3139 657 3210 ejus,
689 3150 743 3195 et
763 3138 1081 3211 conspicere
1104 3139 1277 3195 valuit
1297 3139 1605 3196 claritatem
1632 3141 1798 3208 acris,

1886 1938 1954 1993 de
1993 1937 2100 1993 alia
2146 1953 2272 1993 cum
2321 1939 2543 1995 homine
2584 1941 2890 2012 prouincia,
2919 1943 3086 2013 jussit
3121 1959 3242 2000 eam
3287 1945 3484 2001 vinciri

1887 2029 2240 2100 copedibus
2271 2029 2469 2086 infesta
2503 2032 2753 2100 nimium,
2791 2051 2860 2090 ne
2887 2045 3076 2106 posset
3099 2036 3166 2092 ad
3195 2037 3485 2108 antiquum

1883 2121 2002 2177 tullo
2038 2122 2204 2177 modo
2244 2137 2487 2178 remeare
2525 2135 2837 2194 patronum.

1963 2219 2054 2272 2-4.
2084 2217 2298 2272 Accidit
2329 2228 2510 2274 autem
2544 2219 2596 2273 in
2625 2222 2875 2292 sequenti
2904 2221 2992 2277 die
3035 2233 3095 2277 ut
3138 2225 3335 2280 mulier
3384 2241 3484 2282 ea-

1891 2309 2014 2366 dem
2041 2311 2350 2367 luccscente
2377 2311 2725 2384 egrederetur
2757 2329 2938 2378 mane,
2971 2315 3042 2369 ad
3070 2316 3346 2385 quoddam
3393 2332 3490 2372 nev

1894 2403 2104 2474 gotium
2160 2402 2381 2458 sibimet
2423 2401 2798 2472 proluturum,
2846 2417 2901 2458 et
2937 2404 3084 2459 domi
3121 2407 3488 2476 compeditam

1895 2494 2228 2564 relinqueret
2272 2492 2561 2549 famulam.
2612 2494 2746 2562 Quae
2795 2510 2922 2552 mox
2947 2496 3088 2552 sicut
3115 2499 3314 2568 potuit,
3340 2498 3490 2555 loras

1895 2585 2164 2651 cxivit,ct
2195 2585 2355 2654 juxta
2409 2586 2583 2657 ipsius
2637 2587 2802 2642 limen
2853 2587 3051 2644 domus
3107 2589 3492 2648 miserabiliter

1897 2676 2169 2732 consedit.
2202 2675 2342 2732 Tum
2372 2685 2492 2734 tota
2520 2679 2722 2734 mentis
2769 2679 3072 2736 intentione
3110 2681 3493 2740 ctmcticrean-

1893 2775 2007 2823 tem
2036 2767 2210 2824 Deum
2235 2768 2402 2840 coepit
2427 2785 2656 2825 exorare
2687 2778 2748 2824 ut
2789 2785 2909 2827 eam
2964 2771 3220 2830 liberaret
3260 2789 3298 2828 a
3355 2773 3492 2831 diris

1899 2859 2529 2932 pessimzeligaminibus
2550 2862 2806 2918 dominte.
2859 2861 3138 2919 Conversa
3185 2875 3369 2921 autem
3422 2867 3494 2926 ad

1902 2950 2166 3022 templum
2199 2951 2353 3020 illud,
2378 2951 2433 3007 in
2464 2968 2575 3024 quo
2607 2968 2809 3023 corpus
2849 2952 3024 3009 sancti
3051 2955 3304 3024 praesulis
3328 2972 3494 3013 vene-

1900 3042 2129 3099 rabatur
2148 3043 2328 3116 dignis
2360 3045 3132 3118 honoribus,diligenter,per
3172 3048 3292 3119 ejus
3325 3049 3496 3105 inter-

1901 3145 2150 3205 ventum,
2175 3136 2269 3192 Dei
2293 3138 2541 3193 exoravit
2570 3138 2916 3207 beneﬁcium,
2941 3137 3304 3197 eteon‘l‘estim
3347 3142 3496 3199 desi-

190 3245 344 3298 qnam
398 3231 659 3302 nequivit
711 3240 920 3301 septem
975 3231 1138 3286 annis
1189 3247 1416 3288 cernere
1463 3233 1755 3288 retroactis
1781 3275 1798 3301 ,
1829 3217 1872 3276 (ἶ
1904 3226 2155 3282 demtum
2192 3226 2387 3298 adepta
2410 3237 2493 3284 est
2515 3228 2856 3300 suffragium.

183 3333 344 3394 atque
382 3325 517 3380 sine
561 3323 818 3395 prmtlucc
864 3322 1026 3379 rediit
1073 3323 1300 3380 domum
1343 3323 1674 3394 incolumis,
1717 3326 1793 3381 vi-

185 3415 321 3472 cinis
357 3426 418 3472 et
459 3415 809 3486 parentibus,
854 3415 994 3472 ultra
1040 3431 1204 3486 quam
1245 3415 1396 3472 credi
1439 3417 1651 3488 possit,
1699 3417 1800 3472 ad-

183 3509 556 3577 mirantibus,
605 3508 886 3580 quomodo
923 3517 1191 3581 cognatus
1233 3509 1489 3578 illorum,
1537 3509 1634 3581 qui
1677 3510 1804 3566 inde

181 3603 346 3674 paulo
389 3611 534 3658 ante
575 3601 906 3658 discesserat
945 3600 1150 3656 lumine
1198 3600 1478 3672 privatus,
1525 3602 1805 3658 evidenter

181 3709 214 3750 a
255 3693 511 3751 Domino
563 3693 636 3750 sit
678 3693 1040 3748 illuminatus.
1081 3691 1189 3759 Qui
1237 3693 1368 3748 dum
1419 3694 1806 3765 cognovissent

175 3787 420 3857 qualiter
482 3800 587 3857 per
639 3783 1009 3840 venerabilem
1065 3781 1162 3838 Dei
1221 3784 1535 3854 pontiﬁcem
1592 3785 1805 3841 amicus

179 3894 378 3935 eorum
423 3885 818 3948 recuperasset
861 3874 1188 3942 sanitatem,
1228 3875 1477 3930 unanimi
1515 3891 1650 3932 voce
1693 3874 1804 3930 Do-

183 3973 399 4028 minum
447 3970 926 4044 gloriﬁcaverunt,
965 3968 1058 4038 qui
1106 3967 1236 4024 facit
1279 3984 1475 4040 magna
1515 3969 1668 4024 solus
1703 3968 1808 4023 mi-

183 4066 408 4132 rabilia,
442 4063 542 4120 cui
580 4079 780 4118 nomen
809 4071 864 4117 et
892 4061 1182 4134 imperiam
1229 4062 1350 4118 sine
1385 4061 1491 4117 line
1523 4069 1810 4133 permanet

183 4153 239 4210 in
275 4157 498 4214 sarcula
534 4154 885 4210 smeulorunt.

254 4247 348 4302 22.
391 4245 458 4302 In
513 4244 620 4300 illis
643 4244 810 4300 etiam
849 4243 1043 4299 diebus
1065 4250 1304 4314 quatuor
1324 4241 1578 4298 homines
1593 4241 1808 4298 utrius-

1968 3318 2062 3376 25.
2092 3317 2304 3375 Interea
2333 3320 2558 3391 quidam
2589 3321 2848 3376 sacerdos
2899 3320 3100 3378 canitie
3141 3323 3495 3392 venerabilis,

1895 3410 2146 3468 vestibus
2177 3420 2409 3468 ornatus
2447 3412 2878 3480 candidissimis,
2906 3423 3266 3484 properanter
3300 3415 3369 3470 ad
3398 3431 3496 3471 ca-

1903 3511 2142 3558 tenatam
2171 3502 2405 3560 accessit
2428 3503 2831 3572 mulierculam,
2854 3505 3107 3561 dulcibus
3139 3504 3499 3562 ‘a-tl‘aminibus

1903 3595 2270 3666 interrogans,
2303 3595 2437 3666 quid
2474 3595 2699 3650 haberet
2725 3595 2935 3666 elegant
2978 3595 3114 3667 (70),
3159 3597 3322 3667 cujus
3368 3597 3500 3653 bra--

1903 3688 2089 3744 chium
2118 3688 2340 3743 dextera
2362 3687 2640 3758 arripiens
2669 3703 2860 3757 manu,
2884 3704 3005 3742 eam
3039 3687 3188 3744 vexit
3221 3687 3288 3744 ad
3322 3691 3497 3746 sancti

1903 3781 2177 3842 tumulum
2204 3780 2258 3834 in
2281 3779 2574 3852 pungentis
2600 3779 2733 3846 ictu,
2765 3789 2928 3850 atque
2953 3779 3093 3835 inter
3121 3779 3500 3838 inmemorabi-

1903 3873 2010 3929 lem
2043 3873 2230 3944 populi
2260 3872 2688 3940 multitudinem,
2722 3887 2846 3943 quae
2882 3873 3208 3929 munitionis
3231 3874 3498 3930 similitu‘

1906 3963 2035 4020 dine
2065 3963 2304 4019 vallahat
2325 3964 2645 4019 monasterii
2677 3964 2870 4032 limen,
2894 3963 3036 4020 infra
3060 3965 3276 4021 aditum
3320 3966 3504 4022 adhuc

1907 4057 2168 4128 illigatam
2221 4055 2504 4126 compede,
2537 4057 2792 4127 exposuit
2832 4057 2990 4127 juxta
3046 4074 3264 4114 sacrum
3305 4058 3500 4124 altare,

1908 4163 2074 4219 super
2101 4147 2247 4218 quod
2269 4147 2354 4200 vir
2384 4154 2608 4202 sanctus
2638 4147 3017 4217 requiescebat
3039 4158 3270 4206 somate.
3301 4148 3500 4204 Mirum

1901 4241 2054 4297 enim
2093 4248 2146 4295 et
2171 4239 2422 4294 mirabile
2472 4237 2576 4293 fuit
2629 4239 2778 4308 quod
2817 4253 2980 4295 nemo
3026 4239 3505 4297 circumstantium

181 4355 294 4410 quc
338 4353 528 4396 sexus
586 4336 856 4409 degebant
887 4334 940 4390 in
983 4343 1137 4406 parte
1193 4334 1433 4406 regionis
1484 4334 1811 4391 Britannicae
1909 4349 2030 4388 eam
2068 4332 2224 4399 vidit,
2257 4347 2358 4387 nec
2397 4331 2762 4394 sacerdotem.
2795 4332 2892 4401 qui
2955 4347 3077 4387 eam
3139 4331 3231 4389 illo
3288 4333 3502 4399 detulit,

180 4448 311 4504 qua:
342 4439 717 4502 nuncupatur
749 4427 1050 4486 Eastscxau
1083 4428 1219 4500 (69),
1253 4429 1348 4499 qui
1391 4444 1486 4500 per
1513 4431 1806 4485 multorum
1909 4425 2086 4482 donec
2106 4423 2358 4494 exposita
2388 4423 2440 4478 in
2482 4422 2682 4480 sacello
2731 4423 2960 4491 exstitit,
2991 4423 3141 4495 quod
3188 4425 3503 4481 obseratum

185 4521 583 4578 revolutiones
633 4527 884 4575 testatum
933 4517 1324 4574 cruciabanlur
1376 4518 1658 4575 doloribus
1683 4561 1698 4585 ,
1746 4535 1812 4574 ac
1845 4573 1883 4588 λ
1913 4518 2064 4574 clave
2103 4532 2136 4570 a
2178 4516 2522 4583 custodibus,
2540 4531 2790 4586 praesens
2819 4525 2932 4571 tum
2965 4517 3224 4572 cernebat
3247 4518 3501 4588 populus.

189 4613 433 4670 diversis
504 4610 896 4682 languoribus;
948 4609 1058 4666 duo
1107 4608 1316 4666 scilicet
1365 4609 1468 4665 viri
1515 4611 1810 4667 manebant

183 4705 346 4774 ccci,
388 4714 454 4761 et
501 4703 642 4759 bina:
685 4702 944 4758 mulieres
983 4702 1232 4773 utrisque
1283 4702 1538 4758 manibus
1578 4703 1806 4772 debiles,

186 4799 528 4871 acpedibus
546 4793 1080 4862 claudicantes.Qui,
1103 4794 1387 4850 audientes
1409 4793 1504 4849 Dei
1528 4795 1808 4863 beneﬁcia,

187 4904 318 4962 qua:
349 4905 460 4961 per
493 4902 656 4943 suum
687 4883 1036 4956 onmipotens
1077 4881 1223 4939 Deus
1253 4882 1519 4940 famulum
1553 4885 1812 4958 dignatus

190 4993 280 5040 est
325 4980 532 5055 largiri
578 4979 865 5036 dissolutis
904 4977 1137 5034 artubus
1182 4977 1591 5049 languentium,
1645 4997 1812 5036 vene-

189 5085 330 5133 runt
365 5075 445 5133 ad
485 5072 633 5130 sacri
671 5071 945 5143 pontiﬁcis
982 5069 1345 5138 mausoleum,
1383 5072 1616 5142 supplici
1659 5089 1821 5144 prece

188 5172 513 5220 morantes
557 5160 766 5216 trinum
817 5167 874 5215 et
920 5175 1089 5213 unum
1140 5157 1260 5214 εωιί
1311 5166 1576 5230 terraeque
1623 5161 1816 5241 Deum.

191 5254 323 5324 Quo
359 5269 505 5312 cum
548 5251 928 5324 pervetlissent
969 5250 1027 5306 in
1068 5267 1276 5318 unum,
1317 5251 1462 5309 illico
1493 5255 1664 5324 aperti
1693 5265 1818 5312 sunt

197 5347 347 5403 oculi
383 5358 702 5410 caecorum,
747 5342 1064 5413 sanitasque
1105 5343 1321 5399 sincera
1361 5343 1615 5414 protinus
1657 5345 1823 5403 temt-

199 5453 413 5496 narum
451 5435 711 5493 manibus
742 5435 994 5491 restituta
1025 5443 1110 5491 est
1143 5451 1207 5491 ac
1243 5436 1494 5507 pedibus,
1530 5447 1585 5495 et
1622 5439 1820 5496 ambu—

201 5527 322 5584 lare
367 5541 571 5584 coram
621 5525 880 5581 omnibus
924 5540 1142 5597 coepere
1188 5526 1694 5598 circumstantibus,
1742 5531 1821 5586 si-

200 5632 510 5693 gnumque
540 5617 726 5674 erucis
755 5625 960 5674 sancta:
1001 5617 1260 5676 manibus
1285 5634 1478 5677 earum
1508 5621 1823 5694 imprimere

280 5734 407 5804 (69)
473 5730 664 5813 Vulgo
691 5729 880 5813 ξδδεξ,
923 5731 1120 5792 Latine
1165 5733 1412 5806 Essexia,
1443 5738 1727 5809 provincia
1762 5740 1820 5798 in

203 5801 668 5878 parte‘orient'ali
700 5801 926 5874 Anglize.

552 5897 828 5961 ΡΑτιιοι..
875 5894 1044 5974 CLV,

1919 4607 2150 4662 Domina
2171 4622 2303 4662 vero
2332 4607 2474 4679 ejus,
2507 4607 2564 4661 in
2592 4617 2860 4678 quantum
2887 4607 3122 4676 valebat,
3145 4611 3359 4665 concita
3390 4625 3508 4666 ser-

1916 4702 2059 4758 vela:
2080 4701 2516 4773 subsequebatur
2536 4701 2784 4774 vestigia.

1988 4792 2078 4847 26.
2107 4792 2246 4847 Cum
2268 4801 2450 4848 autem
2473 4794 2618 4850 hanc
2637 4794 2869 4851 vidisset
2907 4795 3212 4852 monachus
3262 4795 3357 4866 qui
3411 4813 3508 4854 cu-

1919 4883 2192 4941 stodiebat
2212 4893 2485 4953 sanctum,
2502 4894 2557 4942 et
2585 4883 2653 4942 de
2680 4886 2881 4943 sacello
2905 4887 3138 4942 habebat
3153 4887 3506 4956 elaviculam,

1921 4990 2034 5048 quo
2095 4975 2414 5046 quiescebat
2458 4977 2710 5048 praesulis
2755 4976 3510 5048 corpusculum,admiratus

1919 5069 2176 5144 nimium,
2201 5069 2338 5126 dixit
2356 5069 2425 5125 ad
2449 5085 2509 5126 se
2529 5070 2715 5142 ipsum
2747 5089 2760 5124 :
2789 5069 2926 5138 Quis
2952 5069 3095 5127 intra
3117 5074 3293 5130 sancti
3327 5089 3512 5132 came-

1923 5179 2063 5231 ram,
2091 5180 2258 5236 quam
2288 5179 2477 5232 cerno,
2501 5165 2666 5220 istam
2711 5163 2910 5220 clausit.
2928 5163 3230 5224 feminam?
3270 5168 3516 5227 Putasne

1917 5255 2146 5328 januam
2180 5256 2381 5327 reperit
2411 5265 2678 5327 apertam,
2715 5272 2883 5328 quam
2926 5259 3090 5330 paulo
3112 5270 3238 5319 ante
3259 5263 3512 5334 opposita

1921 5347 2092 5404 clausi
2135 5347 2253 5419 ipse
2279 5349 2482 5404 serula.
2517 5348 2622 5416 Qui
2669 5350 2934 5406 accedens
2979 5352 3046 5407 ad
3090 5355 3276 5410 sacelli
3314 5356 3507 5410 valvu-

1923 5439 2056 5506 lam,
2089 5439 2346 5495 audiente
2367 5439 2592 5510 populo,
2618 5439 2796 5512 inquit
2823 5441 2890 5498 ad
2920 5459 3040 5499 eam
3074 5463 3090 5499 :
3124 5443 3258 5513 Quis
3283 5455 3358 5514 te,
3396 5446 3512 5504 fare

1926 5531 2146 5598 mulier,
2179 5531 2324 5586 intra
2351 5533 2748 5603 venerandum,
2771 5551 2882 5607 quo
2909 5553 3058 5595 nunc
3101 5547 3248 5596 stare
3290 5540 3510 5610 videris,

1926 5623 2234 5680 introduxit
2261 5625 2546 5681 locellum?
2579 5625 2697 5696 Qua
2741 5631 2948 5686 conlisa
3001 5633 3309 5689 temeritate
3356 5634 3510 5690 clau-

2000 5737 2114 5809 (70)
2156 5737 2212 5794 ld
2252 5748 2342 5796 est
2383 5741 2609 5807 tristem,
2655 5741 3080 5802 Grazcobarbara
3121 5764 3226 5805 vox
3253 5764 3284 5804 ιι
3325 5746 3511 5806 Graeco

1930 5807 2118 5885 tam,
2137 5809 2312 5865 luctus
2355 5811 2688 5870 lamentatio.

3155 5909 3199 5970 3
