3990 6298
493 324 563 381 75
1490 307 1852 373 GOSCELINI
1889 304 2452 363 CANTUANENSIS
2485 302 2795 363 MONACHI
3713 293 3786 350 76

493 450 669 495 atrum
698 436 1099 507 prmsumpststi
1131 443 1416 506 penetrare
1461 444 1572 500 quo
1618 424 1825 480 Christi
1881 421 2082 492 praesul
2111 424 2156 479 A
2183 431 2332 478 ctum
2367 437 2436 477 ex
2483 420 2718 476 diversis
2764 415 3212 491 Anglosaxonum
3246 415 3449 473 finibus
3476 423 3701 473 centum
3729 424 3782 469 et

494 526 793 599 requiescit
821 529 1089 598 corpore?
1119 525 1239 594 Qua
1266 524 1477 579 ratione
1500 515 1723 588 potuisti
1748 515 1936 579 latere,
1955 514 2084 582 quia

492 629 547 677 te
577 612 930 690 nequaquam
955 618 1088 685 vidi,
1113 616 1335 688 quando
1355 610 1556 669 ostium
1586 605 1778 662 clausi.
1800 601 1939 659 Tum
1971 603 2081 670 illa,

493 712 845 783 conspiciens
867 710 1163 782 quemdam
1208 692 1465 764 clericum
1507 698 1768 769 juvenem
1829 705 1977 752 retro
2027 712 2085 751 se

494 790 729 887 stantem
758 813 913 860 extra
940 803 1225 858 balconem
1260 797 1394 869 (7|),
1433 790 1558 847 edili
1587 790 1807 859 quidem
1832 802 2083 887 respon-

493 881 605 959 dit,
635 895 891 967 inquiens
929 912 941 948 :
990 892 1186 947 Memet
1235 887 1502 943 renitente
1546 883 1779 937 clericus
1830 880 1955 942 iste,
1998 894 2087 935 me

495 1004 663 1058 super
684 986 940 1057 scapulas
966 981 1198 1039 elevavit
1219 993 1372 1042 suas,
1396 983 1561 1044 atque
1586 971 1654 1027 ad
1685 986 1848 1027 suum
1887 970 2086 1039 depor-

494 1080 632 1135 tavit
671 1078 878 1145 locum,
921 1074 1192 1142 modoque
1235 1066 1489 1137 exposuit
1519 1072 1644 1119 ante
1674 1072 1946 1118 sanctum.
1979 1059 2085 1127 Qui

493 1172 807 1227 econtrario
840 1164 1117 1237 respondit
1140 1176 1268 1216 cum
1305 1158 1620 1229 juramento
1650 1175 1665 1210 :
1701 1152 1986 1224 Nusquam
2031 1161 2087 1207 te

494 1263 674 1317 oculis
698 1269 824 1316 ante
852 1258 953 1311 hac
976 1250 1241 1322 conspexi
1272 1251 1430 1304 meis.

564 1352 655 1406 27.
686 1342 878 1403 Mulier
918 1343 1097 1400 dixit:
1131 1341 1214 1397 Tu
1254 1341 1455 1397 etenim
1514 1339 1631 1410 ipse
1681 1337 1790 1393 huc
1841 1335 2084 1391 detulisti

490 1424 599 1498 me.
626 1437 872 1494 Clericus
896 1428 1223 1506 respondit:
1257 1433 1470 1487 Mallem
1515 1441 1578 1486 ut
1621 1431 1876 1487 nocturni
1920 1444 2086 1485 canes

490 1543 545 1589 te
571 1531 835 1586 haberent
862 1520 1147 1584 corrasam
1191 1525 1330 1581 diris
1377 1523 1658 1580 morsibus
1707 1537 1872 1594 quam
1919 1521 2086 1577 dorso

491 1623 831 1692 imponerem
882 1633 1005 1674 meo
1034 1626 1144 1673 tam
1169 1617 1518 1671 inhonestum
1550 1614 1783 1686 pondus.
1826 1612 1979 1680 Quae,
2015 1611 2085 1667 ad

490 1729 551 1771 se
576 1729 815 1780 reversa,
842 1712 1032 1768 retulit
1062 1711 1191 1767 talia
1239 1730 1252 1765 :
1308 1708 1602 1781 Presbyter
1628 1707 1850 1779 quidam
1867 1749 1883 1774 ,
1909 1722 2083 1762 canus

2184 510 2376 583 viginti
2398 521 2655 582 quatuor,
2684 510 3076 581 multiplicibus
3093 509 3373 566 constricti
3396 507 3755 580 languoribus
3778 554 3793 568 ,

2185 601 2249 656 lli
2281 620 2470 659 omnes
2524 619 2622 673 per
2674 603 2847 658 sancti
2899 602 3149 672 praesulis
3201 602 3481 667 meritum,
3534 616 3566 653 a
3610 598 3791 658 varii;

2184 694 2619 764 :egritudinibns,
2644 691 2755 747 Deo
2796 691 3030 758 volente,
3069 690 3243 746 curati
3285 700 3414 745 sunt
3456 689 3512 743 in
3542 689 3784 744 duarum

2184 784 2521 839 revolutione
2554 781 2837 855 [dierum,]
2890 790 2945 837 ct
2977 781 3361 837 benedicentes
3402 778 3639 836 Domino
3690 793 3777 833 re—

2183 875 2328 931 versi
2380 885 2510 931 sunt
2559 874 2862 929 incolumes
2904 873 2973 929 ad
3033 874 3274 944 propria,
3324 872 3420 944 qui
3469 871 3679 926 debiles
3726 877 3781 926 et

2183 970 2372 1038 aegroti
2398 974 2787 1024 convenerant.

2255 1063 2345 1117 52.
2395 1061 2682 1133 Indignum
2723 1059 2940 1131 quidem
2988 1058 3202 1114 aestimo
3238 1057 3516 1127 przeterire
3556 1055 3782 1111 silentio

2186 1153 2334 1225 quod
2378 1153 2463 1210 vir
2510 1152 2733 1223 quidam
2790 1167 2889 1222 pro
2945 1150 3241 1222 parricidio
3297 1150 3444 1220 quod
3497 1149 3781 1204 commisit

2184 1247 2443 1303 illicito...
2478 1246 2716 1317 illigatus
2741 1243 2968 1315 chalybe
3010 1240 3187 1297 fuerat
3214 1241 3511 1307 dirissime,
3538 1240 3633 1312 qui
3671 1256 3779 1295 no-

2184 1359 2305 1398 vem
2328 1343 2490 1399 orbes
2544 1341 2735 1398 ferreae
2780 1340 2943 1396 molis
2965 1339 3186 1411 gerebat
3221 1354 3450 1409 corpore
3473 1379 3492 1405 ,
3548 1337 3779 1393 totidem

2183 1452 2358 1491 annos
2398 1450 2623 1508 peregre
2658 1450 2717 1491 se
2751 1433 3048 1490 cruciando
3093 1447 3193 1503 pro
3230 1432 3469 1497 scelere;
3504 1428 3652 1484 fama
3680 1445 3780 1483 vo-

2184 1524 2353 1598 laute,
2397 1526 2597 1597 inclyta
2640 1523 2869 1580 audiens
2913 1522 3010 1577 Dei
3054 1520 3327 1577 mirabilia
3373 1537 3497 1591 qua:
3543 1537 3641 1591 per
3689 1519 3779 1575 sui

2184 1615 2358 1671 sancti
2380 1615 2637 1670 meritum
2666 1612 3022 1684 patrabantur
3054 1611 3109 1665 in
3143 1610 3423 1681 provincia
3450 1610 3782 1681 Anglorum,

2183 1704 2518 1761 Wintoniam
2565 1705 2712 1761 venit
2754 1703 2971 1760 coalitus
2997 1702 3065 1758 de
3097 1700 3481 1758 transmarinis
3507 1702 3781 1773 partibus.

490 1820 557 1861 ac
607 1805 763 1861 valde
803 1774 1168 1871 venerabilis,
1216 1801 1449 1857 amictus
1484 1774 1742 1856 vinduviis
1801 1798 2082 1869 splendide
2113 1774 2155 1833 Β
2183 1797 2311 1865 Qui,
2346 1799 2477 1853 dum
2526 1797 2817 1854 submissis
2864 1794 3119 1866 precibus
3166 1792 3340 1849 Deum
3390 1792 3786 1863 deprecaretur

487 1896 897 1970 fulgidissimis,
923 1912 1011 1952 me
1046 1895 1264 1952 ﬁentem
1314 1894 1371 1949 in
1416 1892 1607 1949 limine
1650 1891 1916 1962 comperit
1968 1888 2081 1944 Do-

489 1989 675 2057 minzc,
707 1988 1030 2045 dulcissimo
1060 2003 1161 2044 nec
1190 2002 1300 2042 non
1330 1993 1415 2041 est
1458 1984 1775 2041 consolatus
1805 1981 2078 2047 aﬂ’amine,

490 2084 588 2152 qui
625 2082 894 2152 arripiens
925 2068 1203 2137 dexteram
1231 2094 1366 2135 mea:
1400 2076 1569 2133 vestis
1623 2075 1920 2143 manicam,
1953 2090 2081 2129 mox

490 2176 559 2229 ad
584 2174 746 2229 istam
766 2172 945 2227 evexit
966 2164 1272 2237 basilicam,
1303 2185 1430 2225 cum
1461 2177 1612 2225 tanta
1653 2166 1930 2223 celeritate
1954 2180 2082 2221 cor—

488 2254 751 2337 porisque
777 2264 1047 2320 suavitate
1084 2271 1346 2333 quantam
1398 2275 1650 2316 sermone
1689 2273 1799 2313 non
1852 2272 2079 2328 possum

382 2387 387 2391 ο
485 2345 775 2424 enarrare;
805 2364 860 2411 et
887 2341 1154 2426 quoniam.
1180 2363 1473 2425 postquam
1507 2352 1561 2407 in
1594 2352 1699 2407 isto
1722 2365 1809 2405 me
1829 2349 2082 2420 deposuit

488 2447 662 2513 adito,
692 2463 802 2502 non
856 2446 967 2501 vidi
1020 2446 1190 2501 alium
1236 2446 1446 2501 circum
1491 2429 1762 2499 astantem
1813 2442 2078 2498 clericum

482 2538 681 2613 praeter
703 2538 960 2608 juvenem
987 2536 1186 2604 istum;
1216 2536 1337 2592 ideo
1352 2535 1585 2608 cegitavi
1607 2534 1755 2606 quod
1784 2534 1900 2606 ipse
1914 2545 2078 2603 esset,

488 2629 583 2701 qui
610 2644 695 2684 me
724 2629 833 2685 huc
855 2628 1158 2685 detulisset.

482 2714 487 2717 ’
559 2718 651 2774 28.
682 2717 933 2790 Cumque
962 2720 1081 2776 haec
1101 2719 1354 2776 audirent
1393 2717 1565 2775 turbae
1588 2718 1934 2791 populorum,
1957 2734 2081 2790 quae

487 2819 786 2880 presentes
807 2810 1035 2865 aderant
1062 2825 1129 2865 ex
1176 2809 1411 2865 diversis
1462 2810 1711 2881 partibus
1754 2808 2076 2879 Anglorum,

490 2899 776 2955 admiratae
808 2900 1039 2954 nimium
1077 2900 1520 2971 gloriﬁcaverunt
1559 2898 1852 2955 Dominum
1897 2913 2076 2970 regem

490 2989 737 3045 omnium
759 3031 775 3058 ,
799 3004 865 3045 ac
901 2988 1241 3046 Salvatorem
1281 2991 1589 3058 hominum,
1616 2990 1711 3062 qui
1758 2997 1868 3044 tam
1917 2990 2079 3045 iuau~~

2180 1888 2389 1945 diutius
2409 1905 2521 1960 quo
2544 1905 2641 1961 per
2675 1888 2852 1944 sancti
2898 1884 3276 1941 medicabilem
3300 1882 3576 1955 pontiﬁcis
3605 1883 3785 1939 inter—

2180 1983 2492 2039 ventionem
2541 1980 2887 2051 refrigeraret
2924 1977 3319 2033 intolerabilem
3368 1977 3451 2032 sui
3497 1976 3784 2032 cruciatus

2181 2073 2448 2140 dolorem,
2481 2072 2591 2128 Deo
2621 2070 2836 2127 favente
2871 2069 3104 2136 ferréus,
3126 2068 3222 2139 qui
3246 2076 3491 2123 ventrem
3526 2068 3779 2133 secabat,

2181 2164 2440 2230 circulus,
2471 2163 2526 2217 in
2552 2170 2763 2217 tantum
2790 2170 2851 2217 ut
2868 2161 3053 2216 vitalia
3077 2160 3191 2230 jam
3216 2167 3527 2230 penetraret
3556 2158 3782 2224 intima,

2180 2256 2464 2326 disruptus
2520 2254 2794 2326 prosilivit
2842 2262 2997 2309 extra
3042 2251 3282 2308 hominis
3322 2249 3555 2316 viscera,
3608 2266 3784 2320 quem

2180 2347 2459 2403 cruciabat
2489 2347 2770 2402 immensa:
2800 2344 3193 2417 magnitudinis
3222 2360 3405 2415 poena.
3436 2343 3591 2398 Alius
3614 2342 3783 2398 deni-

2180 2456 2287 2512 que
2314 2439 2613 2506 orbiculus,
2645 2439 2740 2509 qui
2769 2437 2921 2512 gravi
2950 2446 3159 2492 tortura
3196 2436 3465 2507 afﬂigebat
3484 2434 3783 2490 brachium

2181 2528 2419 2586 hominis
2449 2532 2616 2599 illius,
2652 2529 2915 2601 quoniam
2947 2537 3290 2600 turgescente
3318 2528 3503 2583 carnis
3525 2527 3781 2591 vulnere,

2179 2633 2329 2680 totus
2362 2624 2478 2695 jam
2528 2623 2680 2679 sanie
2730 2621 3009 2694 tegebatur
3038 2636 3104 2676 ac
3148 2621 3438 2693 sanguine,
3480 2618 3783 2675 confestim

2180 2728 2305 2773 ante
2333 2717 2495 2789 pedes
2536 2716 2657 2788 ejus
2697 2714 2912 2782 cecidit,
2936 2723 2990 2769 et
3032 2729 3158 2769 acre
3199 2712 3405 2769 doloris
3438 2720 3784 2766 tormentum

2179 2810 2441 2865 continuo
2469 2808 2539 2863 ab
2564 2806 2754 2863 eodem
2796 2805 3043 2862 recessit.
3089 2803 3182 2860 llle
3225 2800 3421 2877 nempe
3447 2803 3687 2859 annulus
3719 2803 3785 2857 in

2180 2911 2391 2959 tantum
2421 2909 2541 2958 erat
2567 2901 2791 2957 strictus
2813 2909 2876 2955 ut
2901 2900 2992 2954 vix
3013 2913 3135 2955 esse
3164 2898 3331 2953 trium
3361 2913 3533 2968 capax
3558 2895 3788 2951 videre—

2180 3004 2270 3050 tur
2295 2994 2612 3066 digitorum,
2647 3001 2701 3047 et
2734 2991 2857 3046 ideo
2898 2990 3004 3045 fuit
3040 2990 3240 3045 mirum
3271 2989 3531 3060 quoniam
3565 2988 3646 3042 int
3662 3003 3788 3057 rger

478 3077 602 3174 :dita
629 3083 885 3155 dignatus
914 3093 997 3139 est
1024 3076 1203 3140 facere
1226 3084 1489 3140 miracula
1512 3101 1607 3157 per
1638 3086 1815 3142 sancti
1839 3085 2077 3158 gloriosa
2106 3116 2152 3177 ρ
2180 3087 2449 3159 prosilivit
2508 3086 2576 3142 de
2625 3083 2867 3140 hominis
2921 3082 3170 3149 brachio,
3217 3090 3272 3137 et
3294 3081 3351 3136 in
3396 3079 3786 3135 testimonium

479 3168 790 3231 sacerdotis
822 3175 906 3230 sui
930 3176 1148 3231 merita.
1188 3174 1295 3247 Ipsi
1327 3177 1518 3248 gloria,
1549 3178 1668 3233 laus
1689 3187 1743 3233 et
1765 3178 2078 3248 imperium,

490 3263 745 3336 quicum
772 3264 1030 3322 Genitore
1070 3267 1373 3339 sanctoque
1425 3266 1723 3324 Pneumate
1784 3268 1897 3341 ('72)
1949 3270 2083 3325 vivit

488 3373 656 3424 unus,
685 3365 740 3413 et
752 3368 944 3430 regnat
962 3358 1105 3416 Deus
1125 3375 1218 3430 per
1234 3360 1445 3416 inﬁnita
1462 3371 1706 3434 tempora
1729 3362 2078 3417 saeculorum.

559 3448 650 3504 29.
683 3447 951 3520 Tempore
980 3458 1161 3506 autem
1195 3451 1287 3507 illo
1315 3468 1379 3507 ex
1406 3452 1722 3524 longinquis
1763 3453 2081 3508 occidenta-

488 3539 625 3597 lium
650 3540 850 3596 ﬁnibus
877 3541 1028 3596 bina:
1042 3540 1298 3597 mulieres
1324 3551 1678 3598 accesserunt
1719 3543 1787 3598 ad
1833 3542 1938 3599 viri
1986 3542 2079 3599 Dei

476 3626 830 3691 mausoleum
859 3634 1134 3704 precibus.
1161 3633 1203 3687 E
1232 3635 1434 3705 quibus
1465 3651 1571 3690 una
1605 3634 1844 3706 prOpriis
1894 3636 2077 3690 lumen

488 3727 752 3796 nequibat
770 3728 1088 3797 conspicere
1110 3727 1306 3794 oculis,
1336 3727 1506 3783 altera
1527 3736 1645 3783 erat
1668 3735 1817 3782 muta
1859 3744 1891 3782 a
1932 3729 2078 3782 nati-

476 3811 677 3884 ‘vitate,
706 3834 880 3889 usque
927 3819 994 3874 ad
1045 3827 1383 3874 senectutem
1434 3818 1628 3875 ferme.
1686 3819 1833 3875 Muta
1878 3820 2077 3876 etenim

487 3912 710 3983 regebat
731 3920 845 3966 toto
868 3911 1061 3966 itinere
1090 3928 1434 3983 cazcam,quo
1455 3928 1556 3983 pro
1577 3912 1821 3968 ductrice
1843 3929 1870 3967 a
1901 3921 2081 3968 trans-

488 4005 751 4060 euntibus
789 4003 1100 4075 requirebat
1149 4005 1466 4060 ambulandi
1510 4004 1782 4061 semitam.
1831 4003 2080 4075 Cumque

485 4097 689 4167 pariter
712 4096 779 4151 ad
807 4097 986 4152 locum
1012 4096 1379 4163 devertissent,
1427 4096 1482 4150 in
1516 4111 1627 4167 quo
1672 4104 1895 4152 sanctus
1924 4096 2081 4166 quic-

491 4188 679 4244 scebat
704 4187 987 4259 pontifex;
1042 4205 1183 4245 caeca
1217 4189 1420 4260 recepit
1462 4189 1668 4255 lumen,
1699 4198 1754 4244 et
1800 4197 1952 4244 muta
1998 4189 2080 4245 lo-

487 4279 690 4349 quendi
714 4278 1050 4335 facultatem.
1090 4275 1222 4345 Quae
1255 4278 1472 4334 coalitus
1503 4278 1805 4344 medicatae,
1831 4294 1928 4349 per
1974 4278 2078 4333 viri

476 4371 710 4442 gloriosi
740 4371 1018 4437 meritum,
1064 4387 1191 4426 mox
1251 4370 1533 4426 redierunt
1592 4371 1842 4440 domum,
1873 4372 2077 4444 gloriﬁ-

486 4472 673 4519 cautes
708 4464 1140 4534 omnipotentem
1168 4461 1487 4518 Dominum.

555 4553 644 4609 50.
677 4553 957 4610 Venerunt
983 4553 1177 4609 deinde
1200 4553 1535 4609 Wintoniam
1559 4554 1778 4626 triginta
1804 4571 1899 4611 sex
1921 4556 2074 4627 aagri,

472 4638 652 4703 causa
703 4646 1091 4717 recuperandae
1141 4648 1422 4714 sanitatis,
1475 4664 1540 4703 ex
1598 4647 1799 4718 quibus
1851 4648 2072 4718 quidam

483 4749 639 4799 erant
681 4738 844 4805 caeci,
887 4738 1111 4809 quidam
1158 4738 1329 4806 surdi,
1359 4740 1580 4811 quidam
1628 4741 1804 4807 muti,
1848 4740 2073 4810 quidam

482 4830 645 4885 etiam
688 4830 992 4904 paralytici.
1044 4830 1170 4910 Qui,
1215 4832 1346 4888 dum
1388 4833 1752 4889 accessissent
1808 4832 1875 4888 ad
1900 4832 2080 4888 sancti

474 4922 733 4990 ’przSulis
789 4928 1223 4992 monumentum,
1276 4933 1329 4980 et
1357 4941 1546 4996 preces
1587 4942 1773 4981 coram
1806 4925 1916 4981 Deo
1939 4926 2079 4982 eﬂ‘u-

470 5012 709 5079 ‘dissent,
741 5028 836 5083 per
860 5013 1031 5085 ipsius
1054 5014 1501 5071 interventionem
1530 5033 1721 5073 omnes
1741 5018 1917 5073 curati
1948 5026 2079 5073 sunt

486 5103 542 5158 in
575 5106 752 5175 spatio
802 5106 967 5161 trium
1010 5107 1265 5176 dierum;
1303 5108 1491 5181 sicque
1537 5110 1642 5165 lani
1674 5110 1897 5165 domum
1946 5126 2073 5165 cum

471 5195 688 5342 ἐξεθηῑί
715 5198 914 5268 gaudio
939 5198 1236 5268 redierunt,
1262 5200 1675 5273 magniﬁcantes
1701 5210 1756 5256 et
1784 5202 2075 5258 laudantes

533 5303 801 5342 ominum.

533 5303 801 5346 ominum.

554 5381 643 5438 51.
675 5381 785 5439 Nec
810 5386 983 5442 multo
1017 5393 1145 5461 post
1184 5397 1534 5446 accesserunt
1561 5388 1629 5444 ad
1658 5386 1911 5445 eumdem
1941 5402 2069 5443 san-

553 5538 838 5611 (7l)ltalis
865 5541 1108 5609 balcom',
1167 5542 1337 5599 Gallis
1386 5542 1624 5609 balearis,
1679 5549 1812 5596 sunt
1858 5540 2073 5596 exedrre

481 5614 899 5685 praeminentes.
918 5613 992 5670 De
1009 5630 1116 5685 qua
1137 5614 1602 5685 veceAcharisius
1615 5613 1758 5682 apud
1769 5611 2034 5685 mugiunt
2052 5629 2067 5667 :

490 5702 508 5732 ι
564 5682 794 5766 Quidam
840 5680 1041 5766 vocent
1081 5686 1360 5756 propriam
1413 5680 1766 5749 Venetorum,
1825 5680 1917 5737 alii
1966 5680 2070 5737 Gc-

484 5759 773 5812 nuensium
811 5774 929 5813 esse
967 5759 1140 5811 aiunt.
1189 5775 1208 5806 ι

2186 3178 2351 3249 hujus
2373 3177 2623 3233 miraculi
2660 3179 2713 3231 in
2737 3175 2928 3232 eodem
2960 3190 3262 3246 suspensus
3286 3180 3370 3228 est
3388 3172 3662 3228 coenobio.

2254 3271 2342 3325 '53.
2370 3268 2721 3342 Praesignatis
2742 3267 2978 3338 denique
3012 3266 3374 3337 temporibus,
3398 3264 3623 3335 quidam
3678 3278 3788 3318 ne-

2180 3363 2436 3435 gotiator,
2466 3361 2686 3417 nomine
2709 3359 3056 3427 Flodoaldus,
3086 3359 3172 3413 vir
3206 3358 3261 3412 in
3311 3357 3476 3412 rebus
3527 3355 3788 3426 prudens

2181 3454 2573 3519 szecularibus,
2636 3452 2888 3523 plurimis
2935 3450 3221 3505 abundans
3271 3449 3487 3521 opibus,
3536 3447 3789 3503 habebat

2180 3547 2472 3619 quemdam
2535 3545 2823 3609 famulum,
2869 3558 3034 3613 quem
3088 3542 3349 3614 diligebat
3391 3540 3645 3594 nimium.
3700 3538 3785 3609 Is,

2179 3654 2279 3709 pro
2307 3635 2544 3708 quodam
2575 3634 2817 3690 facinore
2845 3631 3277 3704 comprehensus
3296 3648 3329 3686 a
3352 3630 3496 3702 regis
3518 3631 3787 3702 praeside,

2173 3727 2366 3799 jussus
2390 3735 2473 3781 est
2508 3743 2538 3781 a
2585 3724 2861 3797 regalibus
2909 3722 3176 3779 custodiri
3221 3722 3549 3790 clientibus,
3595 3721 3789 3778 donec

2178 3820 2298 3891 ejus
2324 3820 2532 3874 veniret
2553 3818 2830 3884 dominus,
2860 3825 2915 3871 et
2942 3816 3172 3888 ignitum
3200 3816 3529 3871 carbonibus
3560 3814 3787 3870 ferrum

2179 3912 2341 3967 nudis
2385 3911 2640 3966 manibus
2670 3909 2811 3965 idem
2849 3918 3088 3980 portaret
3133 3909 3405 3979 protinus,
3433 3917 3487 3963 et
3533 3909 3577 3962 si
3629 3906 3791 3963 foret

2178 4004 2547 4076 inculpabilis,
2562 4003 2966 4073 relinqueretur
2984 4000 3297 4066 incolumis,
3312 4000 3357 4055 si
3380 3998 3670 4071 culpabilis
3689 4000 3791 4053 in-

2177 4097 2473 4161 veniretur,
2489 4096 2663 4166 capite
2679 4092 3442 4165 plectcretur.Audiensigitur
3458 4092 3646 4147 senior
3658 4091 3790 4163 (75)

2178 4191 2346 4258 illius,
2371 4191 2517 4263 quod
2541 4192 2655 4261 ipse
2677 4207 2867 4247 servus
2889 4190 2943 4245 in
2959 4190 3194 4245 vinculis
3218 4198 3491 4245 teneretur
3514 4186 3618 4243 sub
3633 4187 3791 4244 diris

2176 4283 2517 4350 custodibus,
2541 4264 2890 4338 festinantius
2911 4297 3074 4352 quam
3086 4281 3265 4350 potuit
3287 4280 3379 4336 illo
3398 4280 3661 4351 perrexit,
3678 4296 3794 4335 ex-

2178 4389 2413 4445 poscens
2436 4372 2931 4447 regispralfectum,
2972 4384 3031 4428 ut
3060 4373 3358 4429 dimitteret
3389 4373 3685 4443 judicium,
3722 4356 3794 4428 et

2107 4466 2152 4521 D
2178 4467 2378 4522 servuli
2400 4468 2776 4537 praescriptum
2811 4464 3123 4521 conditione
3147 4462 3414 4520 famulum
3462 4463 3794 4536 possideret

2174 4558 2428 4614 illaesum.

2248 4649 2336 4706 54.
2379 4647 2484 4716 Qui
2531 4647 2757 4703 minime
2803 4646 2992 4704 favens
3020 4646 3141 4717 ejus
3172 4644 3584 4717 sponsionibus,
3626 4646 3796 4701 ultra

2176 4743 2401 4797 modum
2434 4740 2775 4811 superbiens,
2820 4755 2920 4811 pro
2969 4739 3263 4794 mundanis
3316 4738 3560 4795 fascibus
3611 4754 3803 4795 servo

2176 4834 2309 4891 ferri
2359 4835 2591 4890 calidam
2643 4834 2897 4905 praecepit
2942 4848 3130 4905 gerere
3182 4847 3444 4887 massam.
3504 4830 3801 4889 Dominus

2176 4936 2359 4983 autem
2397 4927 2519 4998 ejus
2547 4928 2651 4983 hoc
2680 4927 2910 4982 audiens
2948 4926 3016 4981 de
3056 4940 3237 4992 servo,
3263 4924 3803 4993 nimiumqseritusn

2177 5021 2493 5087 condolens,
2531 5035 2724 5075 rursus
2761 5018 3052 5089 prteposito
3118 5016 3410 5088 spopondit
3451 5016 3602 5085 regio
3640 5017 3802 5071 dare

2177 5114 2298 5183 puri
2338 5113 2533 5169 libram
2578 5112 2811 5184 argenti,
2837 5119 2891 5165 et
2932 5109 3184 5166 similiter
3228 5108 3502 5167 concessit
3545 5123 3799 5163 servum

2175 5203 2252 5258 illi
2301 5203 2579 5274 possidere
2621 5202 2929 5273 praefatum,
2970 5216 3244 5269 exorans,
3288 5209 3349 5255 ut
3390 5199 3642 5270 iniquum
3680 5199 3800 5253 di-

2177 5296 2413 5352 mitteret
2434 5295 2725 5366 judicium,
2758 5295 3020 5367 quoniam
3049 5294 3393 5363 dispendium
3430 5293 3567 5349 tanti
3597 5293 3800 5350 dede-

2178 5389 2323 5445 coris
2368 5388 2592 5444 minime
2624 5387 2817 5460 quibat
2856 5387 3086 5458 perpeti,
3121 5395 3182 5442 ut
3217 5387 3554 5457 mancipium
3596 5385 3805 5460 illius,

2274 5546 2362 5621 ζῇ)
2391 5545 2448 5621 l_d
2478 5554 2582 5621 est,
2611 5548 2825 5617 spiritu,
2849 5561 2878 5600 a
2905 5544 3095 5621 Graeco
3125 5545 3343 5621 πνεῦμα.

2273 5616 2694 5689 75)ῨΒίιι’1)ειι·ιῃη
2724 5633 2753 5671 a
2774 5631 2910 5689 voce
2939 5617 3144 5674 Gallica
3172 5616 3447 5689 seiyneur,
3477 5617 3803 5678 dominus.

2176 5685 2311 5742 Vide
2346 5688 2587 5743 Glossar.
2614 5687 2822 5760 Cangii.
