3972 6296
209 349 295 435 ’π
1229 376 1236 384 '
1536 363 1703 428 VITA
1735 367 1798 426 'S.

1926 365 2209 424 i’l'l‘iiUNl.
2683 443 2685 445 ι
3435 379 3503 434 73

229 507 326 566 pro
351 493 444 549 vili
490 489 695 549 scelere
727 489 1073 562 jugularetur
1101 496 1155 545 et
1183 487 1430 544 crimine.
1466 485 1641 542 Amici
1677 485 1810 556 quin
1843 491 1884 548 Α
1916 482 2092 539 fectus
2125 491 2206 537 est
2235 496 2418 537 cmeus
2456 496 2551 552 per
2595 483 2937 541 intervallum
2988 487 3300 557 quindecim
3321 504 3506 547 anno-

227 587 386 642 etiam
451 594 510 639 et
555 591 808 656 parentes
880 581 1084 651 culpati
1145 579 1385 634 hominis
1456 579 1640 633 tristes
1713 593 1812 648 ga-

227 679 397 736 stoldo
424 676 546 748 (74)
578 675 723 747 regis
751 672 989 744 ingentia
1029 671 1399 742 promiserunt
1441 669 1688 734 donaria,
1723 683 1814 738 ge-

228 770 452 824 stientes
495 774 792 838 cognatum
843 761 1172 836 magnopere
1228 777 1417 817 eorum
1467 762 1699 816 liberare
1745 759 1815 813 de

226 860 624 916 contumeliosa
664 867 860 913 morte.

292 953 382 1007 55.
424 949 725 1006 Praefectus
769 957 1144 1005 verumtamen
1190 947 1442 1018 precibus
1478 953 1669 1001 eorum
1711 944 1814 999 ab-

225 1058 431 1108 nuens,
485 1041 803 1112 praedictum
851 1038 1114 1110 compulit
1156 1036 1434 1092 hominem
1483 1035 1628 1090 nuda
1675 1033 1817 1090 terre

227 1150 390 1190 manu
418 1133 710 1204 chalybem
736 1131 950 1186 eximia:
977 1130 1138 1185 molis
1173 1129 1495 1194 ferventem,
1534 1127 1818 1197 multoque

226 1225 466 1280 carbone
513 1225 821 1280 rubentem.
865 1221 1038 1289 Quem
1082 1221 1214 1277 dum
1263 1220 1348 1275 vir
1383 1220 1475 1274 ille
1515 1226 1744 1275 coactus
1783 1233 1816 1273 a

119 1327 129 1332 ‘
227 1317 477 1390 praeside,
513 1332 684 1371 manu
711 1322 948 1387 gestaret
977 1314 1185 1380 timide,
1222 1313 1474 1383 protinus
1508 1312 1702 1382 ingens
1728 1325 1818 1364 ar-

229 1423 348 1465 sura
377 1408 616 1479 replevit
640 1407 760 1478 ejus
788 1406 968 1461 volam
999 1413 1216 1476 tergore
1251 1405 1526 1459 adustam.
1571 1400 1817 1473 Sigillata

227 1509 304 1556 est
329 1508 526 1555 autem
549 1514 748 1555 manus
773 1499 893 1568 ejus
922 1498 1082 1554 solito
1108 1511 1279 1563 more,
1310 1511 1488 1567 usque
1511 1495 1568 1548 in
1598 1493 1816 1549 tertium

226 1589 386 1644 diem.
419 1587 757 1644 Flodoaldus
781 1597 965 1642 autem
994 1587 1048 1640 in
1085 1585 1336 1663 sequenti
1369 1585 1458 1640 die
1491 1583 1821 1639 convocavit

229 1682 532 1748 hominem,
559 1696 625 1736 ac
647 1677 850 1750 reperit
867 1695 992 1735 eum
1014 1678 1353 1744 damnatum,
1383 1692 1448 1733 ac
1471 1676 1815 1746 culpabilem.

228 1773 489 1841 Quinimo
536 1780 848 1828 commotus
889 1770 1078 1826 dolore
1127 1786 1227 1841 pro
1277 1770 1522 1840 perituro
1575 1768 1818 1834 homine,

230 1863 450 1920 fratrem
483 1877 792 1919 convocans
833 1871 888 1918 et
927 1862 1110 1918 socios
1154 1862 1250 1932 qui
1299 1861 1554 1928 aderant,
1592 1859 1818 1915 domum

230 1955 400 2026 redire
419 1954 770 2026 disponebat,
795 1954 1078 2024 quoniam,
1104 1954 1184 2009 uti
1208 1953 1586 2024 przediximus,
1616 1953 1822 2023 patien-

233 2013 330 2099 tem
355 2013 528 2100 ferre.
555 2061 667 2100 non
710 2052 927 2116 poterat
963 2053 1238 2115 quatenus
1271 2060 1439 2100 verna
1464 2044 1611 2102 illius
1640 2059 1699 2100 se
1725 2061 1822 2100 co-

235 2151 340 2191 ram
371 2137 668 2207 capitalem
699 2137 908 2192 subiret
938 2138 1287 2193 sententiam.

299 2228 380 2283 36.
423 2228 572 2296 Quid
608 2229 819 2284 multa?
849 2227 970 2299 lpse
999 2229 1262 2285 dominus
1294 2245 1418 2286 cum
1456 2231 1606 2284 omni
1640 2230 1820 2286 comi-

247 2325 375 2374 tatus
401 2321 756 2376 multitudine
778 2322 1025 2376 exoravit
1053 2336 1238 2377 rerum
1264 2322 1558 2378 Auctorem
1589 2321 1822 2392 supplici

254 2424 416 2479 prece,
448 2413 787 2467 utliberaret
827 2413 980 2467 illum
1022 2413 1300 2468 hominem
1347 2429 1378 2468 a
1423 2413 1821 2468 contumeliosa

251 2516 372 2556 nece
411 2518 508 2572 per
549 2503 730 2558 sancti
782 2501 1055 2558 Swithuni
1101 2503 1550 2559 intercessionem
1574 2545 1590 2570 ,
1631 2519 1822 2574 preces

241 2604 552 2649 convertens
584 2595 652 2650 ad
677 2595 852 2650 cosmi
885 2595 1247 2663 Salvatorem,
1281 2603 1398 2652 toto
1429 2595 1628 2652 mentis
1661 2611 1824 2652 cona-

236 2689 368 2744 mine
395 2689 699 2758 inquiens:
725 2688 943 2756 Libera,
992 2689 1222 2745 Domine
1262 2689 1408 2746 Deus
1448 2691 1818 2761 omnipotens,

233 2780 328 2836 hoc
355 2782 721 2852 mancipium,
754 2797 852 2852 per
887 2781 1112 2854 gloriosi
1155 2782 1406 2852 praesulis
1430 2783 1818 2850 interventum,

229 2881 278 2927 et
305 2891 403 2945 ego
437 2875 548 2945 ipsi
595 2883 786 2930 sancto
827 2874 1043 2930 tradam
1093 2874 1271 2943 illum,
1319 2892 1418 2946 per
1457 2877 1618 2947 cujus
1657 2891 1822 2932 sanas

227 2968 480 3022 meritum
531 2967 827 3039 languores
869 2968 1020 3024 diros
1069 2969 1474 3040 aegrotantium,
1519 2969 1566 3024 si
1605 2969 1822 3025 caelitus

225 3061 494 3130 eripueris
523 3077 649 3116 eum
686 3060 753 3116 de
779 3061 1032 3118 nefandis
1055 3062 1310 3118 manibus
1347 3062 1818 3118 mortificantium.

225 3150 531 3210 Transacta
571 3153 808 3224 denique
849 3153 1090 3209 secunda
1132 3155 1220 3210 die
1259 3164 1548 3225 postquam
1585 3155 1823 3225 portavit

222 3244 513 3316 chalybem
541 3287 556 3310 ,
623 3243 941 3315 Phoeboque
995 3245 1213 3300 tertiam
1274 3245 1572 3316 replicante
1628 3247 1822 3319 hyme-

221 3349 333 3390 ram
365 3336 517 3406 (75),
547 3334 818 3391 deductus
847 3344 933 3390 est
977 3336 1045 3391 ad
1076 3337 1386 3406 praesidem,
1418 3353 1551 3408 quo,
1588 3339 1635 3394 si
1662 3355 1823 3394 mun-

217 3427 317 3482 dus
359 3429 435 3483 ab
481 3427 634 3484 illato
674 3428 906 3484 crimine
950 3427 1110 3497 foret,
1155 3429 1398 3486 clientuli
1443 3431 1825 3502 conspicerent

218 3520 672 3576 circumstantes.
727 3519 868 3588 Quid
921 3521 1079 3592 plura
1125 3523 1466 3580 multimodis
1518 3540 1823 3596 prosequor

211 3611 374 3668 dictis
387 3613 416 3667 ἲ

281 3704 370 3758 57.
411 3703 678 3774 Cumque
699 3707 1079 3775 pervenissent
1101 3715 1228 3764 ante
1254 3708 1613 3781 legislatures,
1639 3709 1822 3766 virum

213 3795 618 3869 inculpabilem
649 3796 828 3868 ipsum
853 3799 1106 3870 judicant
1132 3801 1340 3870 hostes,
1369 3811 1425 3858 et
1450 3803 1660 3860 inimici
1687 3804 1823 3860 illm-

213 3901 336 3942 sum
387 3888 522 3944 fore
577 3897 834 3944 asserunt
879 3906 1042 3962 quem
1093 3893 1350 3950 dominus
1397 3894 1514 3965 ipse
1567 3897 1826 3952 cernebat

211 3980 513 4050 suppliciis
545 3979 796 4051 dignum,
831 3991 888 4036 et
926 3982 1089 4038 amici
1131 3983 1426 4041 credebant
1470 3986 1614 4044 illico
1648 3996 1824 4044 morte

212 4071 424 4126 crudeli
460 4070 861 4127 damnandum.
899 4073 1340 4144 Sicque'moeror
1365 4079 1667 4134 amicorum
1699 4096 1825 4136 eon-

211 4177 410 4219 versus
435 4164 611 4218 estin
642 4165 923 4235 gaudium.
959 4165 1253 4222 Enimvero
1294 4169 1497 4225 mirum
1538 4169 1643 4225 fuit
1679 4173 1822 4227 ultra

213 4257 445 4312 modum
487 4257 636 4326 quod
675 4255 917 4314 fautores
947 4275 1200 4315 arsuram
1240 4269 1293 4316 et
1322 4261 1656 4319 inﬂationem
1691 4279 1824 4320 con-

214 4348 564 4418 spiciebant,
608 4349 990 4406 criminatores
1048 4351 1121 4406 ita
1175 4367 1366 4408 sanam
1410 4354 1528 4425 ejus
1569 4355 1824 4412 videbant

212 4443 462 4510 palmam
493 4476 514 4505 ,~
552 4441 712 4511 quasi
749 4442 968 4512 penitus
996 4459 1218 4499 servum
1259 4461 1372 4501 non
1402 4447 1666 4519 tetigisset
1708 4449 1822 4505 fer-

1913 591 2058 629 rum.
2101 573 2175 641 ls,
2199 573 2329 630 dum
2355 574 2524 629 nimia
2551 575 2793 632 caecitate
2820 577 3176 647 cruciaretur,
3205 583 3505 652 compluri-

1913 667 2018 721 bus
2065 667 2299 736 peractis
2344 667 2818 735 medicaminibus,
2870 671 3168 726 uslulatum
3211 681 3294 728 est
3341 681 3508 744 caput

1913 757 2033 825 ejus
2069 755 2354 810 duodecim
2396 756 2808 823 adustionihns,
2851 774 2975 828 qum
3009 760 3146 815 nihil
3186 761 3234 815 ei
3272 777 3506 831 prorsus

1914 847 2274 917 profuerunt,
2333 861 2522 902 verum
2577 848 2748 903 multo
2796 850 2970 920 magis
3023 851 3338 908 obfuerunt.
3398 854 3503 922 Qui

1916 938 2136 992 demum
2203 938 2431 994 audiens
2493 956 2616 1008 quae
2675 947 2730 995 et
2785 952 2988 1012 quanta
3044 944 3509 1004 clementissimus

1915 1033 2122 1084 Auctor
2158 1045 2341 1084 rerum
2379 1032 2643 1087 miracula
2678 1049 2775 1103 per
2811 1050 2973 1089 suum
3013 1036 3269 1107 dignatus
3309 1047 3393 1093 est
3428 1038 3510 1094 fa-

1916 1126 2128 1180 mulum
2171 1125 2563 1196 benignissime
2603 1127 2918 1186 hominibus
2958 1129 3201 1200 praebere
3240 1131 3510 1204 languen-

1917 1217 2087 1282 tibus,
2118 1215 2454 1272 Wintoniam
2500 1219 2663 1274 nudis
2683 1221 2909 1277 veniens
2940 1222 3206 1293 vestigiis,
3233 1224 3303 1279 ad
3334 1225 3510 1280 sancti
3577 1241 3584 1248 ·

1917 1320 2118 1374 corpus
2167 1306 2440 1376 pontiﬁcis
2487 1309 2720 1363 accessit
2769 1325 2893 1364 cum
2939 1313 3192 1380 precibus
3245 1314 3505 1370 assiduis.

1919 1396 2040 1464 Quo
2067 1413 2191 1452 cum
2220 1399 2574 1467 pervenisset,
2619 1409 2672 1456 et
2699 1402 2888 1458 eadem
2933 1413 3094 1460 nocte
3138 1407 3337 1463 ibidem
3367 1409 3528 1478 vigit

1918 1489 2074 1556 laret,
2104 1490 2344 1546 crastina
2379 1491 2688 1548 albescente
2711 1509 2931 1562 aurora,
2961 1495 3140 1552 lucem
3176 1499 3353 1554 oculis
3377 1513 3513 1554 con—
3539 1498 3542 1500 ⁷

1919 1580 2127 1651 spicere
2155 1583 2375 1650 meruit,
2408 1592 2570 1655 atque
2597 1600 2788 1656 sospes
2814 1586 3038 1642 domum
3061 1589 3512 1657 rediens,,omni-

1919 1678 2197 1740 potentem
2226 1671 2518 1729 Dominum
2554 1676 2860 1746 gloriﬁcare
2889 1678 3115 1734 studuit.

1989 1763 2078 1818 39.
2119 1763 2282 1821 Anno
2310 1766 2446 1836 quin
2475 1769 2640 1826 etiam
2666 1769 2807 1839 ipso,
2835 1769 3058 1840 quidam
3085 1787 3262 1828 caecus
3293 1787 3362 1828 ex
3387 1773 3511 1828 lon».

1922 1854 2140 1926 ginquis
2165 1857 2466 1928 Anglorum
2491 1859 2712 1926 ﬁnibus,
2743 1861 2972 1918 audiens
2995 1863 3367 1934 prodigiorum
3391 1865 3513 1934 opi-

1922 1943 2164 2012 nionem,
2201 1962 2538 2019 cum‘pnero
2581 1951 2807 2007 ductore
2849 1954 3182 2024 properabat
3226 1955 3295 2010 ad
3339 1956 3515 2012 sancti

1921 2035 2360 2095 medicationem.
2413 2039 2518 2108 Qui
2557 2042 2688 2116 dum
2731 2045 3196 2116 appropinquaret
3237 2047 3516 2104 civitatem

1922 2127 2281 2198 Wintoniam,
2308 2133 2457 2188 venit
2480 2133 2548 2189 ad
2591 2134 2770 2193 locum
2801 2137 3115 2205 quemdam,
3145 2139 3202 2193 in
3229 2155 3342 2210 quo
3386 2139 3515 2195 fati-

1921 2227 2079 2290 gatus
2117 2235 2186 2276 ex
2228 2223 2422 2279 itinere
2465 2225 2630 2296 coepit
2665 2227 2947 2296 paululum
2989 2230 3350 2300 requiescere.
3385 2233 3516 2289 Erat

1921 2320 2138 2379 autem,
2185 2313 2281 2368 ubi
2325 2316 2657 2384 reposabant
2705 2318 2839 2388 (77),
2877 2319 3070 2390 ingens
3109 2338 3244 2378 crux
3279 2325 3512 2394 lapidea,

1921 2403 2028 2458 tria
2065 2419 2328 2474 passuum
2377 2406 2548 2462 millia
2585 2423 2723 2478 pene
2761 2409 2974 2467 distans
3013 2428 3046 2468 a
3087 2413 3314 2484 praefata
3356 2417 3512 2472 urbe.

1919 2493 2168 2567 Cumque
2197 2499 2272 2553 ibi
2297 2499 2700 2570 aliquantulum
2727 2503 3094 2574 quiescerent,
3125 2523 3263 2577 puer
3303 2508 3515 2566 fameli-

1919 2602 2018 2642 cus
2046 2587 2125 2642 ait
2149 2588 2216 2643 ad
2261 2605 2467 2646 caecum
2495 2607 2682 2648 senem
2708 2611 2724 2650 ἶ
2749 2592 3160 2664 Manducemus,
3203 2607 3379 2668 pater,
3410 2601 3515 2655 ali-

1920 2677 2048 2748 quid
2074 2719 2091 2746 ,
2139 2679 2403 2749 quoniam
2451 2673 2613 2739 modo
2656 2700 2911 2756 magnam
2959 2688 3137 2756 patior
3185 2687 3387 2763 famem
3413 2733 3428 2757 ,
3463 2701 3517 2746 et

1920 2784 2316 2842 sumustprope
2345 2773 2644 2841 civitatem,
2688 2776 2756 2831 ad
2800 2791 2966 2848 quam
3009 2795 3136 2834 cum
3179 2782 3516 2849 venerimus,

1920 2858 2116 2926 edendi
2139 2877 2248 2917 non
2271 2863 2598 2921 habebimus
2619 2866 3060 2936 possibilitatem.
3089 2870 3392 2942 Respondit
3419 2889 3510 2929 cm-

1923 2952 2212 3016 cus:Fili,
2248 2970 2560 3027 congruum
2604 2959 2844 3015 nondum
2891 2961 3048 3020 adest
3094 2972 3328 3035 tempus.
3376 2965 3516 3023 Puer

1921 3040 2101 3111 inquit
2121 3061 2135 3096 :
2153 3041 2375 3115 Utique,
2405 3054 2579 3115 pater,
2603 3048 2718 3118 jam
2747 3049 2882 3105 hora
2908 3054 3210 3121 prandendi
3241 3063 3514 3112 transacta

1921 3137 2026 3184 est.
2062 3130 2254 3188 Caecus
2280 3136 2560 3205 respondit
2585 3156 2598 3193 :
2625 3137 2902 3204 Quantum
2926 3142 3028 3196 viae
3048 3142 3229 3199 adhuc
3262 3156 3516 3215 superest

1848 3201 1894 3262 (ἶ
1925 3220 2054 3300 hinc
2079 3239 2252 3293 usque
2279 3224 2348 3279 ad
2370 3201 2685 3283 civitatem?
2718 3229 2861 3286 Puer
2888 3231 3008 3287 iniit
3033 3233 3100 3288 ad
3124 3201 3372 3305 (egrum‘:
3397 3236 3517 3291 Citc

1922 3314 2208 3371 veniemus
2233 3317 2300 3371 ad
2331 3328 2605 3375 sanctum.
2629 3319 2970 3392 Quapropter
2998 3339 3285 3381 sumamus
3313 3327 3516 3394 cibum,

1923 3415 2216 3478 antequam
2247 3409 2400 3466 urbis
2431 3412 2806 3470 subintremus
2831 3429 3078 3482 murum,
3103 3418 3366 3487 quoniam
3401 3435 3515 3474 ma-

1923 3513 2064 3568 gnus
2091 3509 2178 3556 est
2204 3502 2496 3558 tumultus.

1927 3669 1930 3672 ,
1993 3610 2083 3665 ιο.
2127 3611 2295 3683 ίΕεετ
2322 3630 2494 3684 puero
2521 3618 3100 3688 responditzNondum
3134 3616 3280 3679 uena
3313 3627 3516 3693 sonuit,

1921 3711 2301 3771 exspectemus
2333 3721 2465 3778 ergo
2506 3725 2682 3780 usque
2711 3712 2777 3767 ad
2810 3713 3025 3781 horam,
3071 3725 3124 3771 te
3165 3717 3368 3788 ﬂagito,
3413 3735 3517 3774 no-

1922 3809 2072 3862 nam,
2099 3805 2154 3852 et
2185 3807 2477 3870 postquam
2506 3799 2928 3861 cenvenerimus
2967 3808 3036 3862 ad
3061 3809 3163 3862 viri
3193 3809 3288 3865 Dei
3316 3827 3517 3881 corpu»

1923 3887 2158 3955 senium,
2190 3891 2266 3944 ibi
2306 3907 2434 3947 cum
2462 3893 2682 3949 Domini
2727 3897 3106 3955 benedictione
3137 3891 3368 3970 Christi,
3411 3908 3480 3959 sd

1922 3995 2116 4036 ramus
2141 3981 2434 4052 jejunium.
2460 3984 2664 4041 Ductor
2690 4004 2883 4044 rursus
2908 3991 3184 4061 inquirere
3210 3993 3497 4065 improbus

1922 4070 2062 4127 Cum
2095 4088 2224 4145 ergo
2257 4075 2493 4132 interse
2531 4078 2668 4134 tales
2711 4079 3064 4150 disponerent
3107 4087 3510 4143 sermocinatio-

1923 4179 2042 4231 Ies,
2083 4181 2262 4222 aecus
2297 4168 2386 4224 ille
2423 4169 2633 4226 audivit
2669 4171 2920 4229 homines
2951 4191 3117 4231 causa
3147 4179 3409 4250 vigilandi
3451 4181 3517 4236 ad

1923 4265 2174 4312 sanctum
2205 4259 2549 4330 festinantes,
2597 4265 2690 4334 qui
2729 4266 2981 4334 protinus
3021 4269 3303 4326 ductorem
3347 4273 3509 4327 inter-

1923 4351 2136 4420 regavit
2179 4367 2290 4422 quo
2352 4365 2657 4426 pergerent.
2707 4356 2827 4427 Ipse
2872 4375 3007 4416 vero
3039 4362 3112 4416 ait
3138 4381 3150 4416 :
3177 4361 3517 4421 Wintoniam

1921 4456 2144 4511 gressus
2167 4444 2415 4518 dirigunt
2441 4448 2510 4503 ad
2537 4449 2680 4504 beati
2711 4452 3081 4508 venerandum
3112 4454 3384 4512 Swithuni
3431 4467 3517 4512 tu-

208 4551 357 4589 rum.
412 4521 583 4600 QnOd
625 4549 754 4590 cum
800 4534 1066 4591 vidissent
1105 4537 1354 4604 comites,
1398 4539 1640 4596 universi
1676 4541 1819 4598 refe-

1926 4535 2154 4602 mulum,
2191 4551 2302 4606 quo
2339 4554 2436 4608 per
2475 4541 2595 4610 ejus
2631 4542 2996 4600 interventum
3039 4548 3234 4602 salutis
3275 4551 3517 4606 medica-

210 4636 402 4682 rcntes
433 4626 802 4696 omnipotenti
848 4626 960 4683 Deo
1004 4628 1215 4696 laudes,
1247 4629 1694 4705 Salvatoremque
1732 4634 1823 4692 Je-

209 4735 336 4774 sum
395 4718 810 4790 gloriﬁcantes,
859 4721 1065 4777 reversi
1114 4731 1243 4778 sunt
1296 4726 1629 4795 gaudentes,
1681 4728 1826 4784 unde

207 4818 494 4866 venerant
522 4811 728 4878 tristes,
760 4821 1020 4883 agnatum
1047 4829 1176 4871 esse
1213 4815 1585 4874 indubitanter
1624 4820 1826 4876 divin-i-

208 4908 299 4956 tus
331 4902 638 4957 liberatum
665 4901 972 4971 credentes,
999 4920 1219 4976 unaque
1264 4923 1456 4964 omnes
1483 4925 1619 4965 voce
1646 4913 1820 4966 conﬁ-

210 5000 419 5058 tentes,
453 5009 555 5064 per
575 4995 754 5049 sancti
780 4996 1030 5065 praesulis
1061 5014 1250 5068 preces
1296 4999 1564 5056 vaithuni
1601 5003 1826 5065 exaudi-

213 5081 353 5139 biles
385 5126 402 5140 .
445 5125 462 5138 .
495 5125 509 5139 .
556 5084 655 5140 Vir
694 5095 898 5154 autem,
941 5071 1231 5160 cujus'ille
1271 5101 1602 5161 prmtaxatus
1648 5093 1828 5151 fuerat

213 5177 508 5243 servulus,
536 5178 769 5233 contulit
797 5178 977 5249 ipsum
1007 5181 1164 5240 beato
1189 5185 1430 5254 pontiﬁci
1457 5185 1702 5258 praefato,
1731 5189 1826 5259 qui

211 5281 344 5322 eum
377 5268 662 5325 subtraxit
691 5286 722 5326 a
753 5269 876 5327 diro
905 5273 1176 5342 pestifera:
1207 5277 1359 5332 necis
1383 5278 1646 5348 periculo.
1735 5333 1742 5340 ,

1931 4637 2176 4683 mentum
2205 4632 2507 4702 percipiant
2535 4635 2778 4707 languidi
2818 4638 3056 4694 illorum.
3086 4640 3262 4697 Senex
3299 4643 3510 4714 inquit:

1931 4720 2122 4788 Qualis
2149 4733 2232 4778 est
2286 4725 2388 4780 iste
2416 4726 2572 4784 locus
2612 4730 2667 4784 in
2699 4747 2810 4801 quo
2843 4749 2943 4788 nos
2969 4735 3518 4792 consedimus?.Puer

1931 4815 2494 4884 respondit:Staurus
2517 4820 2632 4892 (78)
2662 4823 2752 4878 hic
2779 4812 3078 4892 est‘saxca,
3100 4825 3331 4898 fulgens,
3359 4845 3512 4899 gran~

1929 4905 2036 4971 dis,
2063 4907 2348 4976 altissima,
2367 4911 2434 4965 ad
2452 4913 2666 4969 laudem
2692 4915 2897 4970 Christi
2917 4919 3113 4987 posita.
3141 4917 3266 4986 Qui,
3285 4935 3518 4976 consur-

1932 5013 2065 5066 gens
2091 4999 2265 5068 ocius,
2309 5002 2592 5082 Christum
2634 5009 2810 5061 oravit
2856 5008 3110 5077 precibus
3147 5018 3206 5066 ut
3233 5023 3518 5068 sanaretut

1927 5091 2142 5148 caelitus
2170 5110 2266 5164 per
2296 5087 2398 5151 vrri
2428 5099 2612 5171 magni
2645 5100 2922 5178 meritum.

1997 5184 2087 5239 41.
2114 5185 2342 5244 Domine
2378 5189 2523 5246 Deus
2548 5192 2916 5263 omnipotens,
2949 5211 3102 5252 meas
3146 5196 3273 5252 audi
3305 5214 3518 5269 preces,

1847 5329 1858 5338 _
1928 5269 2398 5348 inquiens,'redde
2433 5284 2668 5354 propriis
2702 5273 2886 5342 lumen
2916 5289 3112 5357 oculis,
3165 5290 3519 5363 suifraganti-

287 5360 364 5414 58
429 5357 770 5432 Prazpositus
799 5362 1222 5423 Abundonensis
1258 5366 1370 5440 (76)
1395 5371 1715 5427 monasterii
1748 5371 1831 5428 ei—
1903 5369 2032 5426 .bus
2056 5372 2267 5432 meritis
2297 5377 2474 5432 Sancti
2516 5375 2786 5434 Swithuni
2829 5383 3102 5452 praesulis.
3152 5381 3198 5439 Ο
3255 5384 3303 5440 si
3340 5357 3518 5441 istam

481 5534 557 5592 Ea
611 5541 1034 5621 .nuncupatione
1077 5545 1390 5616 gaudebant
1437 5550 1721 5621 regionum
1773 5560 1831 5608 et

224 5606 464 5694 urbium
496 5606 1018 5694 prmiec‘ti,.quort_tm‘
1064 5606 1221 5672 erant
1255 5628 1472 5694 partes,
1495 5606 1648 5691 fjura
1688 5606 1830 5694 plebi

226 5677 492 5766 reddeat}:
522 5693 586 5734 ac
608 5677 833 5766 jpdiciis
864 5684 1226 5766 subditorum,
1253 5677 1640 5763 ignobiliorum
1689 5677 1834 5766 'prte;

209 5745 584 5826 -εειξςευρξψκθ
610 5745 768 5826 dabit
791 5751 1053 5826 Cangiu‘s.

309 5815 430 5889 (75)
462 5814 522 5871 ld
539 5829 622 5876 est
643 5821 806 5880 diem.
831 5814 1016 5881 Graece
1052 5829 1264 5904 ἡμέραν.

2009 5555 2136 5639 (76.)-
2157 5555 2297 5639 Duto
2319 5561 2672 5639 scribendum
2700 5563 3137 5639 Abeudoniensis,
3169 5569 3236 5624 de
3248 5584 3360 5639 quo
3386 5583 3517 5625 con-

1939 5627 2625 5750 s‘ttlelhlalmesburiensem
2659 5635 2696 5690 1.
2733 5653 2770 5690 ιι
2830 5635 2907 5694 Dc
2967 5627 3136 5710 gestis
3196 5627 3513 5710 poht-ilicum

1988 5713 2057 5753 na
2082 5713 2260 5753 orum.
2678 5751 2680 5753 .
2871 5747 2930 5751 ..
3057 5745 3068 5753 κ
3231 5743 3238 5750 .
3325 5745 3329 5750 .

2158 5759 2421 5853 ,Ιξθνὺπα
2446 5789 2475 5827 a
2505 5774 2712 5853 Gallico
2739 5775 2965 5853 reposer,
2995 5781 3296 5853 quiescere.

2013 5837 2124 5910 (78)
2158 5837 2209 5894 Id
2233 5853 2313 5898 est
2338 5837 2491 5914 crux,
2514 5844 2700 5902 Graece
2727 5837 2963 5924 στᾶνρὸςί
