3990 6298
447 361 450 365 ’
470 357 537 411 ‘79
1459 345 1820 407 εοεαεωει
1857 341 2416 401 CANTUANENSIS
2453 341 2763 402 MOXACIH‘
3664 341 3746 399 80‘

467 469 619 524 claro
649 467 858 524 lumine
909 469 1185 525 civitatem
1223 461 1550 537 quandoque
1597 475 1810 516 merear
1846 457 2059 528 eonspi-
2089 463 2134 518 A
2160 473 2347 515 comes
2370 459 2513 513 idem
2541 458 2800 529 diligebat
2821 457 2943 528 plus
2964 454 3364 525 carteris,ruina
3391 469 3737 528 properante,

467 573 593 614 cere
610 560 886 630 gaudens!
909 559 954 615 0
975 561 1210 633 gloriose
1225 557 1506 613 confessor
1524 551 1728 607 Christi
1751 549 2056 617 Swithune,

468 663 566 704 ora
599 665 700 720 pro
729 666 816 706 me
853 641 1166 707 miserrimo
1187 656 1488 720 peccatore,
1518 659 1585 697 ne
1627 644 1700 699 sit
1731 643 1867 696 mihi
1898 658 2059 714 grave

467 740 753 807 delictum,
782 742 931 812 quod
954 752 1080 797 ante
1109 742 1300 796 horam
1338 736 1530 805 frango
1567 734 1858 804 jejunium.
1891 733 2059 789 Cum-

465 845 578 900 que
603 846 784 886 caecus
818 832 909 887 ille
945 833 1104 887 talem
1147 844 1271 885 cum
1312 826 1516 897 gemitu
1563 823 1797 880 fudisset
1848 825 2055 879 oratio-

469 931 624 989 nem,
656 923 1001 979 illuminatus
1035 930 1117 978 est
1143 920 1338 976 ibidem
1362 932 1458 987 per
1477 917 1618 971 sacri
1647 917 1945 972 sacerdotis
1975 917 2058 970 in-

468 1014 896 1082 terventionem;
959 1027 1193 1083 moxque
1239 1018 1299 1064 ut
1351 1009 1635 1079 glaucoma
1658 1009 1772 1079 (79)
1820 1008 1890 1063 ab
1936 1009 2057 1078 ejus

467 1103 646 1158 oculis
673 1105 892 1171 cecidit,
919 1104 1223 1172 suscipiens
1271 1100 1416 1155 haud
1469 1100 1628 1171 longe
1677 1099 2054 1156 Winthoniam

467 1196 775 1264 conspexit,
798 1210 961 1265 quam
986 1202 1102 1248 toto
1131 1191 1328 1246 mentis
1371 1191 1568 1246 ardore
1610 1192 1891 1262 paululum
1921 1200 2056 1246 ante

467 1284 810 1341 desiderabat
853 1285 1058 1350 videre,
1113 1291 1168 1339 et
1205 1283 1537 1354 impransus,
1575 1292 1636 1338 ut
1673 1284 1945 1354 cupiebat,
1985 1284 2054 1338 ad

468 1377 644 1430 sancti
686 1373 823 1429 vatis
863 1388 1166 1444 properans
1208 1374 1439 1430 accessit
1487 1374 1768 1444 reliquias,
1801 1374 2053 1444 magnifi-

465 1480 598 1520 cans
625 1464 924 1520 Salvatoris
949 1465 1422 1536 omnipotentiam.
1465 1465 1586 1533 Quo
1641 1481 1768 1521 cum
1816 1466 2054 1522 venisset

465 1555 738 1611 intimavit
772 1555 1037 1613 fratribus
1066 1559 1173 1613 loci
1203 1559 1351 1613 illius
1377 1559 1616 1630 qualiter
1647 1567 1873 1614 curatus
1911 1558 2055 1614 foret

463 1639 914 1716 per'Conditoris
939 1649 1130 1704 mundi
1177 1648 1465 1704 famulum.
1495 1648 1624 1717 Qui,
1679 1650 1746 1704 ad
1789 1650 2051 1720 templum

463 1738 870 1809 convenientes,
893 1740 1222 1812 hymnidicis
1237 1742 1464 1798 vocibus
1484 1741 1644 1797 lauda
1653 1741 2054 1798 veruntAucto—

462 1844 578 1884 rem
611 1830 894 1886 virtutum.

531 1920 624 1976 42.
658 1919 820 1976 Venit
841 1922 1077 1993 denique
1117 1923 1174 1978 in
1203 1922 1398 1980 diebus
1429 1925 1538 1981 illis
1579 1925 1645 1981 ad
1675 1935 1923 1981 sanctum
1956 1925 2052 1981 Dei

462 2009 688 2080 quidam
716 2011 935 2080 debilis,
961 2013 1192 2069 claudus
1222 2023 1458 2086 utroque
1479 2015 1636 2086 pede,
1661 2024 1717 2071 et
1740 2016 1821 2072 sic
1856 2031 2055 2070 curva-

463 2113 552 2158 tus
573 2104 895 2173 aegritudine
916 2113 977 2160 ut
1002 2107 1222 2176 penitus
1251 2121 1362 2162 non
1414 2117 1599 2178 posset
1643 2123 1764 2163 sese
1816 2107 1885 2163 de
1933 2108 2056 2163 loco

461 2208 762 2260 removere,
793 2195 899 2252 nisi
931 2197 1074 2252 binis
1105 2207 1506 2254 sustentaretur
1528 2199 1799 2254 scabellis.
1829 2198 1882 2254 ls
1915 2213 2052 2254 con-

461 2283 640 2340 festim
685 2296 745 2342 ut
771 2288 837 2342 ad
861 2289 1035 2344 sancti
1063 2289 1309 2345 tumbam
1340 2291 1573 2346 accessit
1593 2291 1880 2359 antistitis,
1908 2306 2055 2346 rece-

462 2376 538 2445 pit
560 2378 880 2447 sospitatem
911 2381 1163 2448 somatis,
1193 2382 1287 2437 sed
1311 2389 1493 2437 mente
1515 2383 1817 2453 permansit
1834 2382 2051 2451 debilis,

462 2469 720 2537 quoniam
775 2471 1042 2528 conditori
1073 2471 1185 2527 Deo
1235 2475 1441 2545 gratias
1499 2489 1610 2532 non
1658 2477 1866 2543 retulit,
1908 2476 2054 2532 sicut

462 2561 640 2615 raatcri
665 2560 914 2617 fecerunt
941 2563 1092 2634 aegri.
1121 2562 1391 2621 Nimirum
1433 2566 1613 2636 primo
1639 2583 1806 2638 quam
1836 2574 2053 2623 erectus

463 2659 549 2706 est
587 2652 871 2721 divinitus,
911 2665 1162 2712 sanctum
1213 2658 1546 2729 relinquens,
1573 2661 1825 2730 protinus
1865 2659 2052 2730 fugam

463 2741 697 2811 arripuit
725 2743 982 2811 celerius,
1005 2754 1060 2801 et
1084 2762 1114 2801 a
1141 2747 1359 2803 nemine
1388 2761 1580 2819 postea
1618 2749 1673 2805 in
1725 2751 1848 2822 ipso
1897 2751 2054 2807 visus

462 2843 545 2888 est
575 2835 848 2891 emnobio.
876 2835 1124 2894 Scabella
1155 2847 1364 2908 tamen,
1389 2842 1592 2912 quibus
1618 2842 2050 2911 sustentabatur,

462 2927 842 2996 aegritudinem
884 2931 1260 3000 prodiderunt,
1297 2933 1444 3004 quod
1468 2943 1696 2990 curatus
1717 2935 1844 2990 inde
1870 2949 2053 2992 reces-

462 3019 533 3073 sit
558 3035 652 3089 per
683 3022 858 3075 sancti
887 3021 1159 3078 Swithuni
1186 3025 1466 3080 meritum.
1501 3025 1722 3083 Turma:
1744 3027 1909 3083 etiam
1941 3026 2053 3082 cir-

2160 551 2378 605 cadcret
2405 552 2472 605 de
2495 550 2772 619 sonipede,
2803 550 2898 618 qui
2926 565 3073 615 mox,
3101 559 3160 604 ut
3187 549 3403 614 cecidit,
3433 565 3562 605 crus
3616 551 3742 605 bra-

2159 643 2454 714 chiumque
2483 643 2663 714 fregit,
2689 652 2743 697 et
2781 643 2855 696 ita
2880 643 3139 697 omnibus
3161 642 3422 697 membris
3443 651 3528 698 est
3559 642 3741 698 disso-

2159 735 2308 791 lufus
2356 744 2416 790 ut
2457 750 2650 790 omnes
2696 734 2790 805 qui
2833 734 3060 789 aderant
3090 734 3373 789 crederent
3415 749 3543 789 eum
3593 735 3742 790 illico

2159 835 2462 881 mortuum.

2230 920 2321 974 44.
2359 917 2780 974 Paterfamilias
2841 926 3022 974 autem
3075 934 3201 974 cum
3253 918 3460 972 videret
3508 933 3741 986 puerum

2158 1009 2260 1066 sibi
2291 1011 2546 1066 dilectum
2596 1010 2938 1076 morientem,
2965 1009 3126 1065 amici
3169 1009 3398 1064 nimium
3445 1009 3744 1064 condolens

2157 1118 2371 1169 casum,
2392 1104 2643 1158 subnixis
2667 1102 3008 1158 orationibus
3023 1105 3269 1157 exoravt
3291 1101 3579 1156 Dominum
3612 1117 3748 1170 qua-

2157 1202 2317 1250 tenus
2340 1197 2493 1264 pueri
2525 1195 2672 1250 illius
2693 1194 3005 1248 moribundi
3032 1193 3384 1249 misereretur
3405 1207 3500 1262 per
3516 1192 3749 1262 gloriosi

2155 1287 2518 1341 venerabilem
2560 1286 2834 1356 pontificis
2879 1285 3360 1341 intercessionem:
3389 1283 3617 1350 Sancte,
3660 1284 3747 1337 in-

2154 1377 2370 1448 quiens,
2398 1376 2703 1442 Swithune,
2741 1375 2921 1446 flagita
2949 1374 3139 1429 mundi
3169 1373 3583 1443 Redemptorem
3611 1388 3748 1442 sup-

2153 1467 2281 1536 plici
2311 1481 2472 1536 prece
2500 1466 2650 1536 quod
2678 1473 2898 1536 praestet
2928 1478 3098 1533 puero
3133 1463 3299 1517 vitam
3349 1471 3404 1517 et
3449 1463 3744 1518 sanitatem

2155 1559 2265 1627 isti,
2294 1560 2412 1630 qui,
2457 1559 2502 1614 si
2541 1558 2877 1614 concesserit
2925 1556 3196 1626 petitioni,
3250 1554 3508 1610 omnibus
3549 1555 3748 1610 diebus

2153 1651 2276 1706 vitae
2297 1667 2433 1706 mea:
2460 1667 2548 1707 me
2571 1651 2792 1706 habebit
2819 1647 3294 1714 fideliorem.Quia
3323 1647 3509 1712 etiam,
3527 1661 3745 1701 summe

2154 1744 2432 1810 sacerdos,
2463 1743 2735 1798 insontem
2758 1741 3023 1796 deducam
3076 1737 3338 1794 infantem
3381 1739 3448 1793 ad
3496 1737 3746 1794 salutife-

2154 1851 2278 1891 rum
2303 1836 2380 1891 tui
2426 1836 2655 1891 somatis
2693 1834 3054 1900 mausoleum,
3097 1842 3159 1887 ut
3209 1848 3304 1902 per
3357 1831 3742 1886 medicabilem

2154 1937 2304 1983 tuam
2336 1927 2782 1982 intercessionem
2808 1923 3015 1979 Christi
3044 1923 3242 1978 sentiat
3266 1921 3610 1976 beneﬁcium.

2224 2021 2316 2075 45.
2346 2018 2593 2089 Cumque
2614 2018 2698 2072 vir
2719 2017 2807 2072 ille
2833 2016 3033 2072 talibus
3054 2013 3226 2070 Deum
3256 2021 3512 2068 exoraret
3534 2027 3746 2067 sermo-

2154 2111 2339 2176 nibus,
2372 2121 2591 2179 repente
2637 2124 2772 2178 puer
2828 2121 3048 2162 sursum
3095 2103 3348 2174 prosiluit
3393 2117 3582 2168 sanus;
3638 2101 3734 2171 qui

2153 2202 2318 2272 paulo
2385 2209 2512 2255 ante
2569 2199 2786 2269 jacebat
2832 2197 2991 2252 ruina
3051 2195 3248 2250 mortis
3302 2201 3740 2264 praeoccupatus.

2154 2292 2331 2360 Quod,
2357 2308 2482 2347 cum
2524 2290 2719 2346 consul
2770 2288 3127 2358 prospiceret,
3178 2285 3319 2340 ultra
3371 2299 3535 2354 quam
3585 2281 3737 2336 effari

2153 2394 2358 2455 posset,
2383 2384 2542 2439 laetus
2568 2381 2795 2437 effectus
2828 2389 2932 2446 est,
2983 2388 3038 2433 et
3084 2393 3209 2433 cum
3260 2376 3410 2432 omni
3455 2375 3748 2430 devotione

2154 2476 2377 2542 mentis,
2403 2475 2574 2530 Deum
2598 2473 2904 2545 glorificare
2938 2471 3124 2542 erepit,
3157 2471 3254 2541 qui
3307 2485 3401 2524 cor
3445 2469 3747 2524 contritum

2151 2577 2206 2624 et
2227 2569 2576 2624 humiliatum
2601 2583 2708 2622 non
2741 2567 2970 2638 spernit.

2221 2660 2314 2715 46.
2361 2660 2471 2715 Nec
2497 2660 2676 2715 solum
2701 2660 2755 2713 in
2782 2659 2982 2713 finibus
3011 2657 3334 2728 Anglorum,
3361 2656 3456 2710 sed
3482 2655 3645 2710 etiam
3687 2656 3748 2710 in

2152 2751 2435 2821 provincia
2493 2748 2833 2804 Francorum
2891 2748 3157 2803 miracula
3209 2757 3338 2802 sunt
3379 2755 3598 2816 peracta
3647 2760 3752 2814 per

2153 2842 2320 2913 hujus
2343 2841 2520 2897 sancti
2564 2843 2778 2898 merita.
2820 2839 2879 2896 In
2922 2840 3138 2907 eadem,
3190 2849 3250 2894 ut
3312 2839 3598 2910 perhibent
3645 2837 3748 2908 qui

2153 2935 2258 2989 hoc
2277 2934 2547 3000 viderant,
2577 2936 2800 3005 regione
2831 2933 3038 3002 cleptes
3060 2932 3172 3004 (80)
3197 2932 3419 3002 quidam
3454 2931 3747 2986 immanis-

2155 3027 2299 3082 simo
2337 3027 2714 3097 deprehensus
2738 3026 2792 3080 iu
2823 3027 3052 3091 swiere,
3079 3025 3370 3079 tenebroso
3400 3023 3752 3079 custodieba-

463 3112 878 3179 cumstantium,
931 3131 1274 3188 quaecunque
1332 3118 1406 3173 ibi
1452 3129 1752 3190 praesentes
1801 3119 2122 3196 aderant,c
2155 3129 2244 3174 tur
2271 3121 2325 3174 in
2355 3133 2611 3185 carcere,
2667 3117 2915 3172 nefandis
2967 3117 3185 3172 vinctus
3231 3116 3462 3181 catenis,
3514 3123 3568 3170 et
3622 3114 3750 3168 dira

463 3213 776 3260 constanter
806 3217 1164 3262 asseruerunt
1195 3208 1270 3263 ita
1295 3208 1412 3265 fore
1442 3220 1653 3281 gestum
1704 3227 1800 3282 per
1842 3212 2050 3280 omnia,

462 3294 605 3351 sicut
632 3299 897 3369 scriptum
931 3301 1245 3356 continetur
1270 3302 1326 3356 in
1350 3301 1454 3358 hac
1475 3303 1695 3375 pagina.

461 3417 463 3419 ι
529 3389 623 3443 45.
669 3387 870 3446 Eadem
925 3406 1147 3463 quoque
1212 3401 1535 3464 tempestate
1584 3393 1808 3466 quidam
1857 3396 2051 3452 consul

463 3480 609 3551 regis
638 3481 869 3538 nimium
900 3483 1155 3551 dilectus,
1181 3485 1236 3539 in
1262 3485 1486 3541 caducis
1523 3496 1832 3557 praepotens
1862 3487 2048 3555 rebus,

463 3589 589 3628 eum
615 3573 820 3646 ingenti
846 3575 1134 3644 comitatu,
1151 3575 1294 3632 sicut
1309 3591 1432 3632 mos
1445 3587 1530 3632 est
1548 3577 2048 3649 Anglosaxonibus,

463 3677 819 3735 properanter
841 3667 1123 3738 equitabat
1149 3666 1218 3723 ad
1244 3670 1539 3738 quemdam
1579 3671 1784 3738 vicum,
1831 3670 1886 3725 in
1940 3685 2052 3741 quo

463 3757 684 3828 grandis
715 3768 1012 3829 apparatus
1033 3759 1102 3815 ad
1139 3761 1486 3817 necessarios
1540 3761 1867 3817 convivandi
1917 3778 2052 3818 usus

463 3858 581 3904 erat
608 3849 684 3905 illi
715 3850 940 3921 opipare
967 3860 1337 3909 constructus.
1361 3852 1575 3909 Accidit
1608 3863 1790 3909 autem
1832 3853 1888 3908 in
1929 3853 2052 3924 ipso

464 3941 678 4011 itinere,
727 3943 874 4015 quod
910 3943 1134 4014 quidam
1163 3959 1302 4015 puer
1349 3943 1564 4001 eximiae
1615 3945 1836 4013 indolis,
1887 3961 2050 4016 quem

597 4055 660 4129 9)_
675 4057 954 4129 Γλαύκωμα
975 4065 1060 4114 est
1082 4057 1275 4113 vitium
1305 4058 1472 4126 oculi,
1493 4074 1619 4114 cum
1645 4067 1842 4129 printer
1886 4067 2046 4129 natu-

464 4141 581 4200 ram
614 4127 928 4200 glaucescit,
953 4137 1319 4200 transmutato
1348 4129 1581 4184 humore
1625 4127 1949 4200 crystallina
1989 4128 2045 4182 in

465 4196 771 4265 glauceum.
809 4196 944 4254 Vide
967 4199 1312 4255 definitiones
1343 4200 1586 4256 medicas
1638 4196 1868 4256 Joannis
1913 4198 2052 4256 Gor-

2158 3213 2441 3284 compede,
2467 3212 2641 3267 donec
2670 3211 2723 3266 in
2759 3210 2991 3280 equuleo
3035 3209 3296 3279 postridie
3320 3208 3413 3263 tali
3445 3205 3752 3276 suspende-

2155 3314 2309 3360 retur
2348 3319 2450 3375 pro
2487 3301 2741 3358 crimine.
2792 3300 2843 3357 Is
2893 3301 3140 3355 audierat
3202 3315 3234 3353 a
3288 3297 3751 3370 negotiatoribus,

2157 3392 2438 3450 Oceanum
2481 3407 2648 3447 causa
2709 3389 3024 3446 commercii
3086 3388 3573 3453 transmeantibus,
3621 3401 3753 3442 esse

2155 3495 2407 3544 sanctum
2453 3485 2732 3542 inventum
2793 3483 2848 3537 in
2901 3483 3288 3538 transmarinis
3334 3481 3604 3552 partibus,
3649 3494 3754 3549 per

2157 3578 2316 3648 cujus
2362 3579 2728 3632 interventum
2775 3575 2902 3645 :egri
2944 3582 3271 3630 sanarentur
3323 3583 3362 3628 a’
3406 3571 3756 3628 multimodis

2157 3667 2544 3738 languoribus,
2570 3667 2729 3737 cujus
2762 3666 2818 3720 in
2869 3666 3118 3721 obscura:
3157 3664 3334 3718 noctis
3385 3663 3755 3718 reminiscens

2157 3760 2421 3825 tenebris,
2475 3758 2574 3813 Dei
2631 3756 3182 3827 incomprehensibile
3248 3755 3495 3810 exoravit
3539 3754 3753 3808 numen

2156 3849 2581 3922 Omnipotentis,
2609 3858 2948 3920 quatenus...

2652 3939 2838 3998 Cetera
2861 3939 3248 3994 desiderantur.

2155 4071 2339 4198 1δὲιέδέω)
2366 4124 2426 4182 ld
2448 4133 2533 4184 ω
2567 4126 2680 4197 fur,
2713 4141 2744 4181 a
2775 4123 2963 4181 Graeco
2990 4125 3221 4186 κλέπτης.

996 4307 3744 4347 W

478 4311 1121 4344 xw:

710 4437 1105 4570 VITA
1200 4439 1332 4571 s.
1422 4439 2026 4576 YVONIS
2121 4438 2832 4572 EPISCOPI
2927 4356 3469 4568 Pensm

1742 4648 1811 4706 IN
1846 4650 2105 4709 ANGLIA
2139 4651 2456 4710 DEPOSITI

732 4899 788 4960 ί
911 4916 928 4922 ,η
968 4909 990 4930 fl
1030 4899 1039 4909 ”
1115 4899 1280 4919 MA
1381 4899 1553 4918 ⁸⁵·-
1627 4899 1818 4930 VA"
1905 4899 2047 4922 μυ

743 4903 940 4990 Ἅβπΐ
962 4935 978 4976 ί
1004 4947 1024 4978 4
1047 4938 1257 5018 νυνδὶ]
1305 4899 1814 5018 €65:€J;;;';
1839 4922 2034 5018 Lg‘cr
2059 4955 2075 4984 ι

2167 4899 2238 4948 κς
2327 4899 2486 4923 vv

2161 4946 2316 4982 tunc:
2349 4943 2380 4980 σε,
2419 4933 2524 4970 3""

2161 5000 2268 5018 κη
2296 5003 2472 5018 Λπςι
2511 4991 2718 5018 --ὁΑ
2779 4992 2822 5018 ΙΙ
2853 4979 2874 5016 t
2952 4996 3000 5018 Γ
3153 4975 3180 5018 1,

1326 4953 2034 5097 mare
2053 4955 2075 5121 ξ

2161 4991 2822 5101 )SCELING.“
2850 4979 2874 5046 ⁵
3053 4989 3202 5094 ..δή
3223 5043 3250 5078 ι.
3267 4998 3516 5106 ws...
3539 4992 3684 5108 ,ρ’έέ
3711 5084 3725 5096 ,

1104 5171 1285 5245 (Apud
1315 5171 1589 5241 Bolland.,
1617 5172 1756 5242 Actu
1785 5169 2126 5239 Sanctorum,
2151 5168 2300 5228 Junii
2323 5180 2459 5229 tom.
2487 5171 2558 5244 ll,
2581 5174 2667 5232 die
2689 5173 2779 5244 l0,
2803 5189 2927 5248 pag.
2959 5173 3112 5246 287.)

1588 5374 2229 5440 COMMENTARIUS
2271 5373 2633 5437 PRIEVIUS

1295 5517 1387 5580 De
1425 5524 1604 5580 atate
1635 5516 1858 5579 Sancti
1889 5522 1947 5577 et
1981 5515 2143 5577 Vitae
2177 5512 2602 5594 scriptoribus
2632 5510 2900 5576 duobus.

505 5769 516 5782 .
546 5697 869 5782 Guilielmus
888 5698 1239 5782 Cambdenus
1272 5705 1333 5782 in
1363 5708 1767 5782 snaprttannia
1782 5709 2100 5782 describens
2125 5709 2443 5782 comitatum
2474 5706 3038 5782 Huntingdgnensem,
3071 5723 3102 5782 a
3132 5709 3408 5782 praecipua
3432 5713 3568 5772 urbe
3599 5713 3757 5771 Hun-

479 5769 759 5844 tingdonia
787 5771 1222 5846 denominatum,
1270 5778 1326 5833 in
1363 5778 1666 5836 meditullio
1691 5779 1896 5852 Anglia
1929 5781 1999 5836 ad
2028 5779 2507 5837 seotemrtonalem
2535 5769 2713 5850 ripam
2743 5778 2863 5836 Usa
2888 5769 3252 5837 fluminis-sita
3273 5769 3325 5838 εἴ
3348 5780 3515 5852 Hinc,
3547 5769 3753 5858 inquit,
