3990 6298
490 371 562 441 εξ
1482 375 1846 436 GOSCELINI
1878 376 2438 436 CANTHARIENSIS’
2472 378 2785 438 MONACHI
3680 375 3751 432 84

492 488 611 544 Yve
630 492 832 559 praesul
857 493 1113 568 inclytus,
1146 498 1207 553 in
1231 496 1471 563 Perside,
1507 506 1570 552 ut
1607 495 1871 552 orientale
1890 495 2065 563 sidus,
2094 503 2147 561 Α
2172 496 2289 553 Yvo
2313 497 2530 552 Domini
2563 499 2661 554 ivit
2687 498 2756 553 ad
2776 494 3086 563 Dominum,
3128 512 3220 567 qui
3263 494 3430 551 exivit
3458 510 3490 549 a
3511 490 3671 550 Patre
3698 501 3754 549 et

487 587 765 649 estortus,
791 583 995 642 ﬁnibus
1016 588 1260 644 occiduis
1282 586 1574 642 Britannia:
1595 602 1625 640 a
1649 585 1882 640 Domino
1906 587 2076 642 desti-

489 682 673 727 natus.
711 671 954 746 Reliquit
982 678 1194 735 dulcem
1221 679 1471 751 patriam,
1504 685 1564 731 ut
1582 676 1860 743 exsilium,
1890 679 2075 734 conci-

488 763 576 825 vis
613 781 980 836 supernarum
1016 771 1305 837 virtuttun;
1340 778 1399 823 et
1436 768 1760 838 peregrinus
1790 768 1994 825 Christi
2018 771 2075 825 in

490 862 609 909 toto
638 858 867 927 mundo,
894 860 964 914 ad
989 871 1251 917 aeternum
1276 859 1528 914 tendebat
1546 874 1795 930 regnum.
1818 858 2077 927 Quocun—

490 957 600 1013 que
644 946 881 1016 devenit,
914 951 1032 1006 suis
1075 950 1241 1006 radiis
1281 948 1525 1017 refulsit;
1570 950 1755 1006 omnia
1783 950 2085 1023 Evangelia

491 1032 700 1091 Christi
752 1040 1170 1097 seminiverbius
1201 1039 1458 1111 replevit;
1499 1050 1689 1112 gentes
1727 1050 1782 1098 et
1827 1044 2077 1101 nationes

492 1127 839 1188 documentis
884 1148 949 1189 ac
985 1131 1246 1201 exemplis
1271 1138 1433 1202 atque
1464 1132 1771 1190 innumeris
1796 1133 2084 1190 miraculis

492 1219 561 1273 ad
594 1219 929 1278 Salvatorem
962 1224 1141 1278 traxit.
1177 1222 1308 1280 Post
1329 1240 1583 1296 magnam
1615 1226 1825 1294 Asiam,
1855 1235 1981 1298 post
2004 1227 2076 1282 ll-

492 1310 745 1382 lyricum,
788 1320 912 1382 post
954 1310 1184 1368 Romam
1224 1312 1363 1386 (82),
1395 1324 1520 1386 post
1552 1317 1871 1373 innumeras
1915 1317 2078 1374 urbes

492 1410 547 1455 et
583 1404 811 1470 p::pulos
846 1403 1137 1472 transitos,
1169 1404 1381 1462 Gallias.
1404 1408 1735 1477 penetravit;
1773 1408 1957 1479 ibique
1989 1409 2077 1462 ni-

490 1492 792 1548 hilominus
813 1496 981 1552 tantis
1009 1498 1531 1569 signiscoruscavit,
1566 1508 1627 1554 ut
1650 1500 1771 1569 ejus
1800 1501 2079 1556 caelestem

490 1583 660 1638 vitam
684 1593 738 1640 et
767 1588 1074 1658 angelicam
1104 1589 1407 1647 doctrinam
1448 1590 1691 1645 miriﬁca:
1730 1590 1961 1645 virtutes
1999 1590 2080 1645 lo-

492 1687 816 1744 querentur.
849 1680 1097 1752 Cnmque
1123 1699 1248 1739 eum
1275 1681 1387 1754 (83)
1412 1699 1507 1738 rex
1534 1682 1868 1739 Francorum
1903 1691 1957 1738 et
1978 1698 2079 1753 op-

491 1768 713 1825 timates
736 1773 885 1843 regni
925 1789 989 1829 ac
1016 1776 1222 1846 populi,
1263 1784 1521 1846 tanquam
1557 1776 1808 1847 angelum
1846 1775 1962 1841 Dei,
1996 1776 2079 1832 di-

493 1860 616 1929 gnis
644 1862 946 1920 honoribus
967 1867 1200 1922 retinere
1228 1878 1528 1936 tentarent;
1559 1869 1675 1936 ille,
1693 1869 1787 1940 qui
1820 1879 2077 1938 parenta—
2112 1855 2153 1908 Β

492 1950 602 2006 lem
634 1956 822 2011 mundi
844 1957 1068 2028 gloriam
1090 1961 1392 2016 exsulando
1418 1958 1653 2032 fugerat,
1677 1971 1730 2016 et
1757 1976 1853 2032 per
1876 1959 2078 2016 multas

492 2042 876 2103 tribulationes
898 2048 1101 2106 intrare
1126 2051 1179 2105 in
1211 2066 1438 2123 regnum
1460 2051 1556 2108 Dei
1576 2052 1908 2119 decertabat,
1932 2052 2080 2106 nulla

493 2133 670 2202 gratia
695 2142 907 2192 terrena
934 2139 1155 2195 retineri
1192 2150 1426 2212 poterat.

564 2223 617 2277 3.
661 2223 773 2296 (84)
809 2225 1076 2288 Omnibus
1108 2246 1247 2304 ergo,
1262 2233 1600 2290 conﬁrmatis
1621 2234 1743 2301 (ide,
1767 2234 2081 2291 transfreta-

491 2314 591 2381 νὶις
618 2331 751 2372 cum
766 2318 950 2390 dignis
965 2324 1265 2382 comitibus.
1276 2325 1391 2382 suis
1417 2341 1481 2382 ac
1504 2326 1694 2394 sociis,
1714 2328 1769 2382 in
1791 2326 2079 2383 candidam

492 2405 782 2465 Aibionem
821 2411 1149 2483 Britanniae;
1185 2426 1510 2491 gentemque
1540 2419 1827 2484 candidam
1856 2428 2086 2489 paterna-

493 2499 788 2558 miseratus
835 2504 1060 2574 pietate,
1101 2517 1214 2565 tam
1256 2507 1425 2580 signis
1472 2525 1636 2581 quam
1676 2510 2083 2581 praedicatione,

494 2603 658 2663 prout
682 2595 945 2677 Dominus
970 2600 1136 2668 dedit,
1174 2602 1495 2659 idololatriae
1517 2603 1751 2659 absolvit
1772 2618 1983 2670 errore,
2008 2617 2081 2664 ac

494 2688 683 2743 verius
700 2689 1100 2748 candidiiicavit
1123 2692 1475 2763 baptismate.
1500 2692 2082 2764 Sequebatur‘quoque

496 2779 933 2836 amantissimum
964 2791 1172 2853 patrem
1215 2782 1532 2840 adolescens
1560 2783 1803 2856 patriciae
1840 2785 2080 2857 dignita—

496 2871 587 2935 tis,
609 2881 837 2928 vocatus
859 2873 1150 2942 Patricius,
1178 2875 1464 2947 cujusdam
1489 2875 1757 2933 senatoris
1784 2875 1961 2944 illius”
1985 2875 2081 2946 qui

495 2978 684 3018 amore
703 2963 927 3033 Christi,
959 2966 1139 3037 ipsum
1171 2983 1266 3038 per
1295 2967 1354 3023 S.
1384 2963 1627 3023 Yvonem
1666 2969 1938 3036 vocantis,
1971 2984 2082 3025 non

484 3051 682 3129 {solum
701 3053 888 3110 dulces
912 3056 1120 3113 natales
1156 3065 1212 3112 et
1256 3057 1462 3127 patrios
1488 3057 1725 3117 honores
1753 3058 2082 3129 postposuit,

488 3144 871 3219 verumrtiam
892 3144 1276 3216 desponsatam
1300 3146 1404 3202 sibi
1426 3147 1688 3219 virginem
1708 3163 1833 3205 cum
1849 3156 1963 3203 tota
1989 3163 2086 3218 spe

484 3239 683 3293 .szectdi
705 3238 971 3295 intactam
988 3238 1248 3308 deseruit,
1270 3240 1526 3311 dulcique
1543 3240 1807 3312 magistro
1830 3249 1941 3297 tam
1954 3240 2085 3296 cha-

498 3329 667 3383 ritate
688 3346 854 3400 quam
879 3330 1183 3389 imitatione
1208 3332 1595 3403 inseparabilis
1612 3333 1857 3389 adhaesit.
1887 3331 2091 3389 Beatus

499 3422 595 3491 qui
624 3423 801 3477 intimi
824 3422 969 3479 illius
1008 3430 1064 3478 et
1103 3424 1394 3495 pectoralis
1418 3423 1625 3481 Christi
1668 3423 1827 3480 amici
1859 3421 2086 3483 Joannis

501 3524 789 3573 assecutus
816 3523 901 3572 est
924 3518 1257 3595 exemplum.
2094 3584 2097 3587 λ

572 3607 627 3661 4.
667 3606 870 3664 Deinde
892 3607 1137 3666 salutifer
1157 3609 1496 3665 advenaYvo
1520 3610 1573 3664 in
1598 3608 1934 3680 provinciam
1950 3606 2095 3663 Mer-

502 3701 716 3756 ciorum
757 3702 1121 3773 progreditur,
1172 3704 1239 3758 ad
1298 3703 1567 3773 oppidum
1601 3701 1746 3772 quod
1792 3699 2091 3756 Huntedun

503 3793 833 3863 appellatur,
859 3794 989 3848 etin
1015 3794 1270 3864 proxima
1286 3794 1412 3849 villa
1448 3809 1571 3865 quae
1595 3793 1707 3865 (85)
1742 3792 1900 3863 Slepe
1920 3807 2087 3847 voca-

428 3955 434 3959 _
504 3894 623 3951 tur;
657 3900 782 3939 cum
810 3900 869 3941 se
898 3885 1204 3958 intelligens
1233 3903 1264 3941 a
1298 3886 1539 3940 Domino
1565 3885 1632 3940 ad
1670 3892 1881 3940 certum
1908 3885 2087 3940 locum

504 3979 822 4045 deductum,
869 3979 1057 4035 multis
1081 3979 1240 4034 annis
1284 3976 1719 4049 perseveraverit
1744 3977 1811 4032 ad
1841 3976 1967 4032 vita:
1992 3991 2091 4030 ex-

506 4074 668 4128 itum.
691 4070 792 4128 Hic
823 4088 953 4128 vero
966 4081 1112 4128 tanta
1127 4071 1410 4144 ﬂagrantia
1428 4072 1702 4127 caelestem
1727 4069 2091 4127 conversatio-

506 4182 636 4222 nem
662 4165 860 4233 induit,
889 4164 1050 4237 quasi
1095 4164 1224 4219 hinc
1259 4163 1480 4219 demum
1527 4163 1812 4240 coepisset,
1837 4169 1891 4216 et
1930 4160 2089 4232 quasi

507 4267 634 4329 post
661 4259 880 4331 longam
920 4257 1068 4331 sitim
1109 4255 1318 4312 fontem
1357 4256 1586 4326 petitum
1614 4254 1923 4327 reperisset.
1967 4252 2088 4321 llic,

508 4353 755 4422 inquam,
785 4360 899 4417 tam
921 4366 1036 4407 suae
1062 4364 1227 4421 quam
1258 4348 1505 4404 omnium
1543 4347 1704 4403 saluti
1726 4347 1928 4418 jugitcr
1953 4347 2092 4405 invi.-

508 4444 750 4515 gilando,
782 4444 871 4499 hic
896 4441 1187 4499 Dominum
1223 4456 1399 4511 usque
1430 4439 1485 4495 in
1512 4439 1673 4496 linem
1702 4439 2087 4509 exspectando,

2173 590 2324 644 venit
2351 590 2408 644 in
2430 589 2717 655 mundum,
2741 604 2807 644 ac
2833 589 2901 644 de
2933 587 3139 643 mundo
3180 586 3516 656 triumphato
3546 583 3755 639 revexit

2174 680 2472 735 electorum
2497 679 2857 751 triumphum.
2881 677 2981 734 Hic
2999 692 3218 749 quoque
3243 678 3298 732 in
3315 692 3446 748 pace
3470 675 3650 732 factus
3672 682 3756 730 est

2174 771 2330 828 locus
2358 771 2499 842 ejus,
2523 781 2578 827 et
2603 771 2659 827 in
2683 786 2814 843 pace
2835 769 3080 842 sepultus
3098 777 3184 826 est
3206 787 3221 824 :
3241 769 3335 824 ubi
3352 766 3604 839 quamvis
3627 780 3760 833 cens:

2175 870 2292 917 tum
2321 862 2538 919 circiter
2572 864 2761 920 lustris
2784 864 2867 934 (ut
2888 879 2960 918 ex
2980 862 3227 933 sequenti
3249 860 3578 918 revelatione
3599 873 3724 914 com
3738 885 3757 898 -

2175 955 2419 1031 putatur)
2469 956 2688 1011 latuerit
2724 955 2980 1011 notitiam
3020 954 3341 1020 hominum,
3398 965 3595 1006 nomen
3636 948 3762 1019 ejus

2175 1051 2311 1106 vivit
2354 1051 2411 1106 in
2447 1059 2733 1107 aeternum.
2764 1048 3014 1116 Quantus
3033 1063 3165 1105 vero
3192 1047 3245 1101 in
3277 1055 3395 1103 tota
3417 1045 3546 1111 vita,
3578 1042 3760 1098 chari—

2175 1153 2309 1210 tate,
2337 1143 2694 1215 benignitate,
2715 1142 2936 1213 pietate,
2964 1139 3400 1204 mansuetudine,
3430 1126 3759 1203 humilitate,

2177 1234 2464 1301 modestia,
2513 1233 2844 1299 constantia,
2893 1232 3179 1304 patientia,
3217 1228 3571 1294 continentia,
3597 1227 3761 1281 obseo

2178 1327 2359 1397 quola,
2406 1325 2789 1397 eleemosynis,
2834 1322 3080 1395 jejuniis,
3127 1322 3347 1393 vigiliis,
3392 1308 3763 1385 orationibus,

2177 1417 2582 1488 praedicatione,
2630 1414 2891 1486 omnique
2928 1414 3196 1469 virtutum
3224 1411 3433 1482 rjubare
3467 1400 3787 1472 claruerit;

2178 1516 2381 1578 quanta
2410 1508 2562 1578 signa
2587 1507 2672 1562 vel
2702 1506 2758 1561 in
2786 1506 2910 1561 loco
2947 1504 3147 1575 quietis
3166 1517 3282 1559 suae
3305 1502 3392 1556 vel
3416 1499 3607 1555 ubivis
3629 1512 3766 1569 gen-

2179 1599 2314 1653 tium
2345 1597 2758 1669 perpetraverit,
2781 1597 2994 1653 ﬁdelius
3013 1592 3517 1667 quisinenarrabile
3539 1589 3774 1645 credere

2179 1706 2343 1763 quam
2383 1691 2635 1761 colligere
2679 1688 2898 1761 poterit.
2939 1686 3231 1743 Benedicat
3263 1692 3407 1739 terra
3437 1689 3629 1737 nostra
3655 1677 3769 1732 Do-

2179 1783 2412 1849 minum,
2440 1782 2533 1852 qui
2557 1790 2819 1852 tanquam
2854 1780 3025 1836 solem
3047 1778 3117 1834 ab
3141 1775 3360 1833 Oriente
3413 1773 3468 1828 in
3496 1770 3771 1829 Occiden-

2176 1885 2307 1942 tem,
2337 1882 2392 1930 ct
2425 1884 2687 1944 tanquam
2723 1860 2972 1944 angelum
3004 1886 3099 1941 per
3127 1868 3365 1924 medium
3407 1864 3531 1921 caeli
3569 1862 3772 1917 volan-

2180 1975 2313 2033 tem,
2342 1974 2453 2021 tam
2481 1964 2769 2021 luciferum
2804 1972 2994 2021 nostro
3021 1960 3303 2019 Occidenti
3338 1954 3631 2015 destinavit
3655 1951 3772 2015 Pa.-

2178 2067 2420 2114 tentem.

2803 2144 3031 2202 CAPUT
3068 2143 3135 2200 Ιῐ.

2551 2237 2791 2293 Iuventio
2823 2238 3057 2307 corporis
3087 2234 3144 2290 S.
3186 2232 3395 2288 Yvonis.

2250 2333 2303 2388 5.
2351 2330 2585 2386 Domino
2611 2338 2791 2384 autem
2819 2329 2887 2383 ad
2912 2336 3126 2397 tempus
3147 2325 3362 2396 quidem
3384 2319 3784 2378 sustinentium

2179 2424 2424 2489 docente,
2440 2423 2535 2478 sed
2549 2418 3004 2491 sempiternaliter
3014 2418 3223 2472 inlinita
3236 2415 3458 2488 praemia
3485 2412 3773 2477 reddente,

2180 2515 2275 2571 ubi
2305 2514 2523 2570 tandem
2549 2522 2674 2584 post
2702 2521 2784 2567 tot
2813 2527 2986 2567 annos
3001 2509 3206 2581 placuit
3234 2508 3512 2567 caelestem
3543 2504 3783 2559 thesau-

2180 2622 2308 2663 rum
2347 2604 2727 2662 absconditum
2781 2602 2838 2658 in
2894 2617 3027 2673 agro
3074 2600 3362 2671 propalare
3428 2595 3783 2660 hominibus,

2180 2713 2344 2769 quem
2390 2697 2655 2752 baberent
2696 2693 3021 2765 pretiosum,
3064 2707 3129 2747 ac
3165 2690 3233 2745 de
3261 2690 3365 2746 sub
3386 2687 3570 2744 modio
3591 2687 3786 2741 lucer-

2181 2806 2307 2846 nam
2336 2804 2538 2860 ponere
2579 2802 2746 2858 super
2775 2784 3202 2848 candelabrum;
3229 2781 3472 2837 rusticus
3498 2780 3782 2849 impresso

2181 2881 2407 2937 molitus
2449 2895 2671 2935 vomere
2718 2887 2947 2944 terram,
2987 2876 3211 2953 impegit
3243 2877 3298 2930 in
3335 2876 3437 2930 hoc
3479 2887 3789 2928 sacrosan-

2182 2986 2331 3043 ctum
2384 2970 2808 3045 sarcOpliagum.
2850 2971 3124 3029 Continuo
3156 2970 3420 3026 attonitus
3469 2976 3524 3022 et
3567 2982 3666 3036 spe
3687 2965 3782 3019 lu-

2183 3068 2263 3126 cri
2285 3075 2519 3133 erectus,
2544 3066 2711 3121 boves
2736 3065 3005 3120 haerentes
3026 3071 3264 3128 revocat,
3295 3070 3349 3116 et
3377 3068 3491 3115 toto
3520 3060 3646 3113 nisu
3688 3056 3783 3109 lo-

2186 3172 2311 3215 cum
2334 3164 2544 3229 purgat.
2569 3154 2638 3213 At
2663 3154 2760 3209 ubi
2772 3155 3070 3214 humanum
3096 3153 3406 3223 sepulcrum
3430 3149 3605 3205 oculis
3629 3148 3784 3202 bau-

2189 3251 2279 3316 sir,
2304 3255 2589 3305 consortes
2604 3254 2849 3303 aratores
2864 3246 3110 3301 advocat.
3135 3244 3262 3312 Qui,
3285 3243 3467 3301 ablato
3489 3240 3783 3312 operculo,

2189 3340 2476 3396 inveniunt
2523 3339 2882 3396 sacerdotalis
2922 3336 3304 3393 aestimationis
3343 3333 3651 3391 veneranda
3696 3330 3790 3402 pi-

2188 3448 2377 3504 gnora.
2406 3431 2709 3503 Capiuntur
2735 3430 2963 3486 astantis
2982 3428 3166 3485 calicis
3195 3427 3483 3499 splendore
3512 3422 3784 3489 radianti;

2187 3539 2350 3596 quem
2373 3533 2691 3596 argenteum
2716 3522 2842 3590 rati,
2866 3521 3111 3580 certatim
3133 3519 3504 3591 confringunt.
3534 3516 3796 3588 Rapiunt

2186 3613 2527 3685 pontiﬁcales
2564 3611 2779 3679 filiolas,
2826 3612 3002 3667 vitreo
3043 3612 3227 3667 nitore
3257 3609 3595 3681 perspicuas,
3632 3621 3805 3677 quas.

2187 3726 2314 3767 eum
2341 3717 2537 3765 sancte
2553 3722 2782 3777 corpore
2800 3714 2859 3761 et
2879 3706 3019 3777 ipsis
3035 3704 3363 3776 fragmentis
3374 3701 3563 3758 calicis
3579 3699 3795 3756 deinde

2188 3800 2573 3856 Ramcsienses
2599 3797 3006 3853 bsereditavere.
3033 3795 3263 3855 Advolat
3288 3792 3594 3848 monachus
3634 3790 3799 3863 (86),

2188 3889 2519 3962 praepositus
2550 3888 2710 3954 villae,
2734 3902 2861 3943 cum
2891 3884 3051 3946 fabro
3078 3886 3277 3941 villico.
3312 3883 3468 3938 Tunc
3487 3882 3809 3953 proximus

2188 3982 2475 4038 Ednothus
2508 3978 2671 4035 celeri
2703 3977 3005 4033 accersitur
3031 3975 3255 4042 nuntio,
3280 3982 3336 4029 et
3354 3974 3472 4028 lota~
3488 3972 3813 4045 diligenter

2189 4083 2303 4129 tam
2339 4070 2650 4144 spectabilis
2675 4068 2771 4126 Dei
2803 4067 2994 4127 famuli
3023 4067 3267 4123 membra
3293 4064 3563 4136 asportari
3597 4064 3653 4119 in
3688 4079 3808 4119 ec-_

2190 4165 2435 4231 clesiam,
2463 4173 2523 4223 et
2535 4163 2693 4234 juxta
2715 4163 2886 4217 altare
2917 4160 3175 4223 collocari
3212 4158 3358 4215 fecit.
3390 4156 3561 4221 Plebs.
3582 4171 3811 4213 accur—.

2191 4273 2323 4318 rens
2355 4255 2582 4312 arrectis
2609 4252 2810 4309 animis
2830 4252 3071 4322 optabat,
3095 4260 3154 4308 ut
3189 4249 3473 4314 Dominus,
3503 4248 3600 4329 qui
3629 4247 3804 4320 hunc

2191 4347 2339 4404 dedit
2360 4345 2617 4412 inveniri,
2638 4344 2795 4399 daret
2811 4344 2973 4400 etiam
3006 4342 3129 4413 quis
3148 4349 3293 4397 esset
3313 4338 3556 4412 agnosci.

2263 4439 2317 4495 6.
2362 4436 2429 4495 Ut
2456 4452 2585 4508 ergo
2617 4437 2941 4492 claresceret
2961 4449 3071 4489 non
3104 4430 3330 4489 fortuito
3354 4446 3508 4497 casu,
3550 4426 3649 4487 sed
3694 4431 3816 4511 di;—

510 4533 1088 4592 ardentibuslucernis
1123 4531 1386 4588 virtutum
1412 4547 1538 4587 cum
1561 4531 1826 4587 castitatis
1850 4531 2089 4597 baltheo,
2124 4531 2169 4586 D
2192 4529 2321 4584 vino
2361 4537 2505 4587 nutu.
2548 4527 2689 4582 hanc
2732 4524 3101 4579 inventionem
3129 4521 3353 4588 factam,
3382 4529 3542 4577 nocte
3583 4519 3805 4599 subse-

510 4627 733 4683 tandem
758 4625 995 4682 venienti
1019 4633 1074 4681 et
1099 4623 1342 4696 pulsanti
1379 4622 1595 4694 aperuit
1621 4638 1747 4682 cum
1778 4622 2005 4694 gaudio;
2037 4630 2092 4678 et

513 4824 581 4880 ad
625 4841 715 4879 an.
755 4823 860 4879 600
903 4822 1007 4893 legi
1048 4830 1322 4892 possunt:
1350 4820 1661 4893 Florentius
1694 4818 2095 4893 Wigorniensis

474 4940 481 4949 .
513 4896 708 4950 maluit
750 4895 821 4949 ad
860 4889 1117 4949 eundem
1152 4908 1353 4947 annum
1389 4892 1697 4948 describere
1739 4889 1843 4947 hoc
1880 4889 2096 4949 initium

513 4964 671 5030 \iitze,
716 4980 746 5019 a
788 4963 1077 5035 Goscelino
1093 4962 1458 5035 _propositum
1501 4982 1513 5019 :
1551 4963 1696 5035 quod
1719 4962 1880 5017 etiam
1912 4969 2099 5031 postea

478 5044 479 5047 ‘
513 5034 781 5089 insertum
808 5041 891 5089 est
910 5033 1050 5104 apud
1081 5032 1462 5104 Gapgravium.

577 5105 705 5176 (82)
738 5104 894 5174 Apud
921 5101 1068 5176 hunc
1090 5101 1176 5159 sic
1203 5101 1399 5176 legitur
1436 5121 1450 5157 :
1493 5123 1515 5154 r
1549 5103 1686 5176 Cum
1713 5101 1946 5176 Romam
1973 5115 2097 5170 per-

516 5173 758 5231 venisset
779 5173 1012 5232 Consilio
1047 5189 1223 5244 papae,
1249 5173 1591 5244 Britanniam
1612 5174 1857 5230 intravit.
1892 5191 1911 5223 ι

478 5298 487 5309 η
591 5245 704 5315 (85)
741 5244 925 5301 Potuit
964 5239 1065 5299 hic’
1093 5239 1263 5315 fuisse
1303 5243 1617 5315 Clotharius
1661 5244 1954 5307 secundus,
1978 5239 2097 5315 ‘qni

476 5330 483 5339 ‘
519 5310 695 5385 coepit
722 5330 948 5385 regnare
990 5330 1080 5369 an.
1124 5314 1265 5382 584,
1294 5312 1471 5370 factus
1514 5315 1809 5369 monarcba
1833 5329 1923 5367 an.
1969 5310 2095 5375 6l5,

518 5395 771 5441 mortuus
794 5401 882 5439 an.
921 5385 1045 5441 628.
1449 5430 1457 5437 .

596 5456 708 5527 (84)
749 5454 1255 5527 Malmesburiensig
1274 5454 1352 5511 lib
1381 5471 1434 5527 ιγ
1462 5454 1540 5509 De
1568 5453 1748 5509 Gcstis
1783 5451 2103 5527 pontiﬁcum

523 5521 835 5608 Anglorum.
844 5542 967 5608 pag.
985 5526 1092 5582 292
1120 5542 1133 5577 :
1160 5544 1186 5607 ι.
1211 5523 1473 5608 Yvo,_ait,
1495 5533 1758 5608 pertaesus
1781 5521 2101 5608 deliciarum

523 5589 661 5678 quas
695 5589 1067 5678 amplissimus
1105 5589 1463 5678 episcopatus
1492 5589 1909 5678 administrabat
1923 5632 1950 5673 ,.
1976 5589 2105 5645 reli-
2165 5626 2173 5633 ι

525 5661 644 5736 quit
667 5661 805 5723 claui
835 5667 951 5722 suis
982 5661 1186 5731 omnia,
1215 5661 1701 5736 peregrinationem
1728 5661 2102 5733 longissimam

524 5733 700 5794 tribus
733 5746 939 5792 tantum
978 5736 1143 5792 sociis
1178 5733 1489 5806 aggressus.
1526 5733 1975 5806 Multorumergo
2006 5744 2107 5784 an-

482 5812 487 5817 ’
528 5823 722 5890 norum
756 5810 855 5864 iter
884 5801 1309 5879 permensusf'et
1341 5805 1605 5861 rusticum
1633 5820 1711 5873 se,
1748 5801 1933 5859 habitu
1971 5816 2105 5873 pan-

2197 4627 2397 4696 quente
2418 4618 2661 4690 ejusdem
2687 4617 2829 4673 villae
2860 4615 2983 4688 (87)
3014 4613 3191 4682 fabro,
3218 4613 3442 4679 innoxio
3466 4620 3521 4667 et
3542 4611 3817 4682 simplici:

2203 4833 2361 4885 ηοω,
2385 4817 2693 4874 videntibus
2727 4812 3042 4885 ementitus,
3073 4811 3322 4885 Angliam
3358 4810 3575 4885 tandem
3606 4808 3812 4885 adnar-

2205 4880 2407 4960 vigavit
2438 4906 2451 4943 :
2484 4887 2891 4953 delectatusque
2910 4880 3201 4937 admodum
3224 4881 3421 5006 ignotae
3441 4880 3811 4949 lingutebar-

2207 4959 2378 5024 barie,
2409 4958 2555 5028 quod
2574 4955 2743 5028 (quasi
2780 4953 3072 5028 fatuusab
3107 4967 3259 5028 omni
3300 4951 3693 5028 us_rideretur,
3737 4950 3821 5004 in

2411 5001 2743 5098 “gravati;
2774 5001 3068 5091 insani;
3105 5001 3535 5092 nisainsa
3555 5001 3814 5088 an;

2203 5109 2406 5171 quanta
2432 5094 2559 5171 ﬁuit,
2590 5094 2786 5171 exegit.
2819 5113 2838 5146 ι

2276 5170 2389 5240 (85)
2412 5157 2804 5240 illarpsfgldius
2831 5179 2976 5240 saec.
3006 5178 3084 5229 ιι,
3125 5160 3456 5240 capienda
3493 5159 3550 5214 S.
3590 5157 3821 5240 Ylv-one

2204 5229 2307 5296 ista
2338 5229 2502 5293 habet
2526 5229 2590 5291 ε’(
2620 5234 2872 5290 Pervenit
2912 5234 2980 5289 ad
3018 5229 3309 5304 quemdam
3354 5232 3539 5287 locum
3561 5271 3576 5295 ,
3625 5229 3836 5304 Slepe.

2205 5309 2435 5378 Anglice
2457 5306 2781 5378 appellatum
2818 5304 2985 5378 (quod
3021 5300 3125 5378 est,
3163 5303 3211 5378 s_i
3245 5303 3616 5372 interpretere,
3648 5300 3821 5357 Do:-

2205 5372 2378 5448 miiio)
2422 5372 2591 5448 prope
2627 5372 2882 5448 oppidum
2922 5372 3405 5448 lluntingdongnse
3429 5380 3485 5426 et
3506 5382 3824 5448 monaste-

2202 5449 2345 5504 rium
2361 5439 2735 5505 Ramésicnsé.
2769 5443 2845 5499 Eo
2873 5443 3039 5499 etiam
3060 5439 3166 5505 loci
3188 5444 3243 5497 in
3259 5439 3478 5507 Christo
3500 5441 3832 5512 dormivit,

2203 5520 2513 5585 ibidemque
2550 5515 2794 5585 sepultus
2820 5522 2922 5568 est.
2959 5533 2977 5565 ο

2291 5588 2389 5657 86)
2425 5579 3095 5658 ὒερςτέιν-ἱο-ῃνωρορίηε
3138 5581 3441 5658 appella?”
3476 5579 3828 5658 ΕΙηοιΙλυὲι

2327 5651 2456 5727 quia
2501 5651 2713 5727 abbatis
2732 5651 2970 5727 Ednothi
3006 5662 3136 5727 tunc
3156 5651 3365 5727 evocati
3379 5652 3462 5727 ab
3483 5666 3550 5708 eo
3573 5667 3683 5707 non
3745 5652 3831 5721 [is

2206 5720 2431 5791 mentio,
2463 5725 2677 5781 videtur
2698 5723 2980 5778 nominum
3009 5723 3147 5779 facta
3181 5720 3450 5777 confusio.

2278 5798 2389 5870 (87)
2430 5797 2615 5852 Eidem
2646 5793 2844 5851 dicitur
2873 5813 2890 5847 ί
2927 5793 3077 5851 labor
3101 5792 3195 5850 Eli
3220 5802 3467 5859 vocatus.
3503 5810 3525 5845 ι
