3972 6296
195 396 254 456 85
1339 395 1498 455 VITA
1539 396 1596 454 S.
1639 396 1869 460 IVONIS
1901 398 2230 462 EPISCOPI.
3354 408 3431 468 86

193 522 297 574 viro
327 515 596 588 (qualibus
627 513 896 570 Dominus
931 527 1025 569 ore
1056 514 1122 576 ad
1171 529 1235 572 os
1281 514 1542 584 loquitur,
1572 523 1628 569 et
1651 529 1751 579 sua
1777 517 1826 579 Α
1853 531 2185 588 quamquam
2211 526 2651 586 compaterentur
2675 518 2960 588 dispendio
2981 519 3238 577 fraterno.
3267 522 3438 580 Tum-

193 613 343 669 credit
359 625 576 676 arcana,
605 617 661 664 et
685 607 1024 678 sapientibus
1043 606 1363 662 abscondita
1391 607 1596 662 revelat
1622 622 1750 676 par-
1853 621 1961 676 que
1980 607 2270 678 injungens
2292 609 2548 664 omnibus
2565 609 2874 665 orationum
2891 611 3156 680 subsidia,
3171 616 3342 670 currit
3368 617 3440 672 ad

188 707 332 776 vulis)
348 703 461 759 Y'vo
481 703 756 775 gloriosus
779 709 1036 772 soporato
1056 699 1249 766 astitit,
1271 707 1480 754 statura
1502 714 1750 768 procera,
1854 699 2088 754 revelata
2112 698 2296 755 Sancti
2321 701 2704 771 sociorumque
2724 717 2976 778 corpora,
3018 703 3072 758 in
3111 703 3285 774 ipsam
3318 707 3443 776 ejus

189 796 310 850 facie
333 794 584 860 candida,
609 793 792 863 specie
817 791 1017 858 vivida,
1047 791 1331 847 oculorum
1363 791 1480 846 acie
1503 790 1753 846 flammea
1855 790 2038 846 villam
2071 791 2250 860 Slepe,
2283 800 2408 847 octo
2447 793 2621 848 leucis
2642 792 2882 864 Anglicis
2908 811 2939 848 a
2974 793 3244 862 Ramesia,
3265 806 3322 852 et
3339 797 3441 852 tri-

185 903 294 943 cum
324 885 625 956 pontificali
670 885 850 940 insula
888 892 944 940 et
969 884 1142 954 virga,
1185 891 1348 954 atque
1388 882 1768 962 archiepiscoj
1855 879 1959 936 bus
1997 880 2067 935 ab
2111 880 2309 951 oppido
2337 879 2674 956 Huntendun
2711 883 3028 951 distantem,
3073 884 3234 940 Ousae
3273 885 3440 942 ﬂuvio

186 979 755 1050 palicrucepraztensa;
783 975 1469 1045 attonitumquehominem
1486 974 1755 1030 visionem
1852 973 2252 1029 imminentem.
2286 972 2434 1044 Pigri
2460 974 2512 1029 ei
2545 983 2704 1030 erant
2745 985 3026 1032 currentes
3054 978 3201 1047 equi,
3234 990 3289 1033 et
3321 994 3440 1033 om-

187 1072 375 1126 insueta
401 1067 606 1122 mulcet
622 1083 757 1122 voce
779 1066 1235 1138 melliilua,atque
1250 1063 1568 1132 aituQuem
1593 1065 1756 1121 modo
1855 1081 1955 1121 nes
1998 1080 2206 1136 pennas
2235 1067 2576 1122 antevolabat
2617 1067 2793 1138 ipsius
2838 1070 3189 1126 desiderium.
3229 1070 3442 1128 Occur-

187 1163 232 1214 in
268 1161 351 1216 tali
402 1160 528 1214 loco
567 1159 842 1213 miramini
872 1167 1170 1229 repertum,
1202 1159 1318 1228 ipse
1344 1173 1466 1213 sum
1502 1156 1619 1212 Yvo
1649 1158 1758 1228 epi-
1857 1159 2105 1214 rentibus
2125 1174 2254 1230 ergo
2273 1158 2350 1212 illi
2376 1159 2728 1228 primoribus,
2768 1169 2822 1216 et
2846 1162 2998 1232 plebe
3020 1163 3437 1233 lmtitizeindice,

186 1267 383 1322 scopus,
417 1251 516 1322 qui
539 1251 629 1306 hic
653 1266 778 1305 cum
803 1250 977 1305 beatis
1017 1250 1183 1306 sociis
1217 1251 1482 1304 hactenus
1515 1249 1649 1304 latui
1675 1258 1760 1305 tu—
1857 1249 2138 1306 descendit
2173 1249 2230 1304 in
2259 1265 2472 1320 agrum,
2515 1248 2840 1306 Sanctorum
2872 1253 3268 1309 thesaurariam
3299 1274 3312 1310 :
3341 1255 3440 1310 ﬂe-

185 1339 422 1399 mulatus.
469 1341 681 1396 Accede
718 1357 900 1408 mane,
933 1349 988 1396 et
1015 1342 1213 1396 metire
1242 1341 1424 1397 locum
1455 1351 1580 1395 octo
1605 1341 1758 1410 pedi-
1858 1339 1957 1396 ctit
1997 1353 2174 1410 genua
2202 1355 2328 1394 cum
2354 1339 2647 1394 comitibus
2687 1339 2968 1406 fratribus,
2997 1350 3052 1396 et
3081 1343 3306 1398 adorato
3345 1343 3443 1398 Dei

184 1436 272 1491 bus
296 1452 322 1488 a
350 1434 552 1488 dextro
577 1434 745 1490 latere
774 1434 880 1488 mei
918 1433 1206 1498 mausolei,
1238 1441 1292 1488 et
1330 1432 1573 1487 invenies
1616 1441 1758 1486 tum—
1859 1428 2153 1498 adjutorio,
2185 1429 2302 1498 ipse
2331 1427 2502 1484 abbas
2533 1427 2923 1484 ferramentum
2959 1430 3257 1486 fossorium
3289 1433 3446 1486 inva-

186 1528 292 1580 bam
320 1526 491 1581 unius
530 1525 706 1580 sancti
730 1526 864 1581 socii
892 1525 1019 1580 mei.
1049 1525 1200 1580 Alter
1220 1540 1440 1595 quoque
1470 1525 1760 1594 consepul-
1860 1525 1940 1582 dit
1970 1544 1984 1580 :
2012 1541 2186 1596 eoque
2206 1525 2398 1581 ordine
2421 1525 2623 1592 nitens,
2645 1540 2756 1595 quo
2785 1535 3006 1582 sanctus
3021 1526 3136 1582 Yvo
3161 1528 3443 1593 docuerat,

184 1628 260 1672 tus
285 1634 386 1670 non
417 1616 642 1686 longius
671 1617 845 1671 aberit
881 1616 1168 1686 qumrenti,
1198 1616 1293 1686 qui
1322 1631 1536 1672 mecum
1563 1615 1760 1670 trium-
1861 1619 2022 1674 citius
2043 1617 2335 1686 quaesitum
2364 1617 2694 1672 desiderium
2723 1617 2943 1686 reperit.
2979 1616 3182 1673 Deinde
3217 1619 3445 1673 ulterio-

184 1707 333 1776 phant
351 1708 404 1760 in
429 1705 627 1778 gloria.
652 1704 750 1760 His
765 1721 894 1777 ergo
913 1704 1131 1761 indiciis
1154 1705 1506 1772 certilicatus,
1531 1720 1761 1776 suggere
1860 1725 1975 1764 rem
2009 1724 2158 1778 spem
2183 1709 2509 1778 percipiens,
2533 1717 2796 1779 utrosque
2827 1707 3079 1776 Sanctos,
3110 1725 3240 1766 vero
3275 1709 3446 1764 divini

184 1815 241 1853 ex
276 1815 354 1852 me
387 1798 709 1868 praeposito,
750 1807 808 1853 ut
853 1799 967 1868 ipse
1015 1798 1231 1852 nuntiet
1265 1798 1450 1852 abbati
1486 1797 1756 1864 Ednotho,
1791 1850 1834 1871 n
1861 1801 2112 1871 praesulis
2155 1799 2386 1866 indicio,
2435 1815 2561 1854 cum
2609 1799 2926 1869 supradicto
2971 1809 3164 1855 sancto
3216 1799 3446 1870 patrich

191 1850 240 1853 ν-
755 1850 803 1853 -ὴ
1185 1850 1224 1852 η
1538 1850 1558 1852 -ν
1617 1850 1657 1852 -κ
1713 1850 1756 1864 -,
1862 1850 2110 1871 rum"-
2441 1850 2561 1854 τη-
2609 1850 2919 1869 -Ἷ--π---η
2972 1850 3157 1855 -η---ν
3217 1850 3387 1870 rm"-
3419 1850 3438 1854 ἡ

186 1900 434 1959 quatenus
479 1905 566 1943 me
591 1903 718 1944 cum
756 1888 961 1944 eisdem
993 1888 1160 1943 sociis
1195 1888 1332 1959 meis
1360 1885 1655 1943 transferat
1687 1887 1757 1941 ad
1791 1850 1835 1910 Β
1861 1891 2301 1962 comprehendit;
2332 1899 2626 1962 raptosque
2650 1891 2776 1946 inde
2803 1891 2858 1946 in
2887 1890 3138 1956 ecclesia,
3173 1907 3298 1945 cum
3329 1891 3448 1960 ipso

189 1979 520 2035 Ramesicnse
544 1979 877 2035 coenobium.
920 1999 937 2030 ι
977 1977 1175 2034 Verum
1197 1977 1329 2032 dum
1351 1978 1466 2033 haec
1490 1985 1757 2048 praecepta
1857 1983 2227 2050 beatoYvone,
2249 1984 2305 2038 in
2324 1981 2882 2054 tempusjdecentioris
2907 1982 3454 2038 translationiscom-

192 2087 398 2141 superna
427 2071 600 2124 homo
624 2085 832 2140 pauper
857 2070 1054 2140 spiritu
1095 2069 1356 2124 formidat
1396 2067 1620 2135 referre,
1671 2083 1759 2124 se—
1859 2076 2064 2148 posuit.

195 2165 353 2232 ιιιιειιιί
383 2171 550 2217 noete
597 2162 874 2231 ίηονοριιιει
909 2162 1028 2232 eius
1058 2161 1406 2233 negligentia»
1439 2161 1628 2217 eadem
1657 2159 1757 2215 ad‘
1930 2179 1984 2234 9.
2022 2178 2091 2232 At
2107 2153 2450 2248 praepositus,
2468 2185 2530 2231 ut
2553 2175 2825 2230 diutinum
2851 2173 2989 2229 foret
3008 2175 3316 2244 exemplum
3339 2188 3456 2228 non

200 2255 408 2309 monitus
459 2262 546 2309 est
591 2253 936 2309 auctoritate.
985 2252 1167 2307 Tertia
1204 2253 1558 2308 nihilominus
1599 2261 1760 2308 nocte

1885 2269 2246 2325 rontemuendi
2287 2268 2560 2334 cmlestia;
2611 2275 2780 2336 utque
2835 2267 3094 2321 diuturna
3135 2265 3453 2335 praedicaret

212 2349 354 2405 adhuc
375 2349 668 2417 dubitanti,
700 2349 793 2403 ubi
817 2348 1093 2420 prioribus
1127 2349 1433 2419 saporibus,
1461 2359 1762 2421 praeceptor

1881 2359 2157 2426 lebiiitate,
2183 2373 2344 2428 quem
2371 2356 2635 2427 praecipiti
2673 2355 3054 2426 repudiaverat
3095 2339 3449 2422 infidelitate;

215 2442 333 2496 idem
356 2445 545 2510 astitit;
566 2443 796 2513 jamque
823 2443 1126 2497 districtius
1149 2443 1547 2498 inobedientem
1575 2435 1762 2498 redarl-
1862 2449 2176 2522 quindecim
2230 2448 2412 2516 annis,
2452 2455 2507 2503 et
2547 2447 2615 2502 ad
2645 2445 2827 2517 ipsum
2875 2446 2999 2502 vita:
3039 2447 3357 2512 terminum,
3397 2445 3455 2499 in

204 2532 322 2603 guit,
345 2542 768 2603 trementemque
789 2541 842 2587 et
871 2533 1086 2603 signum
1110 2532 1226 2586 dari
1252 2532 1354 2587 sibi
1372 2535 1760 2603 postulantem,
1863 2542 2218 2614 compedibus
2257 2541 2432 2611 ipsius
2471 2539 2602 2595 almi
2655 2538 2836 2595 Patris
2881 2539 3076 2594 debilis
3118 2537 3452 2608 permansit;

198 2624 463 2694 episcopali
503 2625 657 2694 virga
685 2623 922 2695 pulsavit
958 2643 971 2678 :
1015 2642 1034 2675 ι
1069 2622 1136 2678 Ει
1159 2624 1266 2680 hoc
1288 2625 1526 2696 signum,
1564 2626 1771 2698 inquit,
1864 2633 2011 2705 quod
2045 2641 2228 2687 tamen
2264 2631 2341 2688 illi
2369 2629 2563 2686 diffusa
2593 2630 2648 2684 in
2672 2629 2878 2684 sanctis
2904 2627 2998 2681 Dei
3017 2628 3190 2700 gratia
3213 2626 3456 2682 fructum

196 2719 412 2789 habebis,
441 2735 558 2791 quo
588 2734 936 2792 nequaquam
963 2717 1196 2790 carebis,
1232 2719 1338 2775 nisi
1364 2719 1526 2790 jussa
1547 2721 1771 2776 nuntia-
1865 2725 2062 2782 salutis
2101 2723 2420 2780 cumulavit.
2469 2719 2606 2776 Nam
2648 2720 2880 2790 septimo
2921 2718 3009 2774 die
3051 2727 3177 2773 ante
3216 2718 3455 2785 exitum,

193 2817 333 2872 ταῖς·
365 2837 386 2868 ι
1761 2849 1764 2854 -
1867 2815 2011 2872 idem
2034 2814 2420 2871 serenissimus
2449 2810 2782 2876 consolator,
2809 2807 3091 2878 splendido
3111 2807 3262 2862 vultu
3285 2815 3339 2861 et
3359 2807 3458 2860 ha-

252 2909 294 2963 7.
330 2907 400 2965 Ex
427 2909 524 2966 his
549 2909 835 2981 evigilans,
866 2910 938 2966 ita
963 2912 1218 2968 doiniteo
1239 2913 1359 2968 loco
1379 2928 1491 2984 quo
1520 2929 1577 2969 se
1597 2913 1768 2969 ictum
1867 2907 1986 2964 bitu
2035 2908 2085 2962 ei
2115 2905 2452 2979 gratulanter
2502 2901 2786 2974 apparuit;
2818 2900 2990 2970 eique.
3023 2897 3460 2954 refoventissima

189 3009 429 3066 senserat,
445 3017 517 3056 ac
539 3001 583 3056 si
603 3001 748 3057 ferro
769 3002 1060 3060 confossus
1080 3012 1242 3060 esset.
1260 3003 1492 3073 Qui,ubi
1515 3006 1770 3061 mandata
1869 3014 2004 3056 voce
2043 2998 2182 3053 dixit
2210 3015 2224 3053 :
2262 3015 2282 3050 ‹
2309 2995 2431 3051 Jam
2470 3003 2686 3065 tempus
2715 2993 2882 3048 instat
2907 3000 2968 3047 ut
3002 2991 3227 3046 verbera
3259 2988 3462 3058 quibus

189 3109 297 3147 cum
327 3095 494 3166 signo
524 3094 732 3150 doloris
766 3095 971 3162 retulit,
1023 3095 1138 3166 ipse
1182 3097 1405 3166 quidem
1445 3097 1720 3152 convaluit
1751 3115 1764 3152 :
1872 3099 1928 3147 te
1953 3089 2214 3160 corripui,
2241 3088 2296 3142 in
2318 3085 2621 3142 remedium
2643 3083 2740 3139 tibi
2766 3089 3048 3138 transeant
3074 3078 3382 3150 sospitatis;
3406 3085 3462 3132 et

185 3186 474 3252 verum,ad
499 3186 765 3255 majorem
793 3185 978 3242 Sancti
998 3187 1442 3256 declarationem,
1465 3187 1606 3243 idem
1633 3203 1771 3258 praa-
1797 3189 1840 3246 C
1871 3198 1972 3254 pro
1994 3183 2153 3252 longa
2185 3187 2345 3235 nocte
2389 3178 2682 3244 incolatus,
2715 3174 3056 3230 laetissimum
3087 3171 3230 3226 diem
3279 3168 3461 3240 possi-

184 3275 375 3343 positus
405 3275 642 3332 credere
677 3275 882 3343 uoluit;
929 3285 984 3331 et
1023 3277 1312 3341 rusticum,
1357 3277 1502 3332 velut
1530 3278 1766 3347 phanta-
1864 3275 2002 3332 ‘deas
2039 3283 2254 3330 aeterna:
2292 3269 2566 3326 felicitatis
2599 3287 2611 3323 :
2639 3267 2872 3339 septimo
2905 3265 3105 3337 quippe
3133 3262 3330 3318 abhinc
3352 3261 3462 3326 die,

183 3377 343 3422 smata
371 3375 721 3435 narrantem,
761 3367 978 3439 repulit.
1037 3387 1054 3420 ε
1090 3367 1155 3424 Et
1193 3369 1329 3424 viles
1368 3383 1636 3439 quosque,
1670 3368 1766 3436 ait,
1872 3365 2038 3422 modo
2061 3373 2284 3435 paratus
2307 3368 2450 3426 esto,
2471 3359 2687 3414 veniam
2720 3366 2773 3412 te
2801 3355 3080 3427 suscipere
3119 3353 3174 3407 in
3214 3359 3462 3406 nostram

183 3457 376 3514 cineres
423 3456 728 3529 cujuslibet
754 3460 958 3515 sutoris
987 3459 1282 3515 transferre
1303 3468 1358 3516 et
1374 3460 1649 3515 celebrare
1676 3459 1774 3514 de-
1873 3459 2051 3515 lucem
2092 3455 2160 3510 de
2205 3454 2312 3509 hoc
2339 3451 2520 3508 carnis
2538 3449 2837 3522 ergastulo.
2877 3467 2895 3500 ι
2930 3445 3057 3501 Περ
3097 3444 3189 3498 ubi
3217 3443 3305 3497 ille
3333 3457 3466 3497 con-

179 3547 359 3605 bemus
380 3565 494 3620 pro
523 3551 765 3606 sanctis?
793 3571 812 3603 ι
843 3550 935 3606 Sic
952 3545 1292 3606 refellentem
1309 3559 1612 3606 nocturnus
1632 3565 1777 3606 som-
1875 3548 2136 3605 fratribus
2157 3545 2427 3616 exposuit,
2451 3542 2650 3599 obnixe
2672 3538 3007 3611 praeveniens
3033 3535 3228 3590 faciem
3250 3533 3466 3586 Domini

180 3654 275 3694 nus
300 3639 539 3708 corripit
566 3657 579 3693 :
613 3655 774 3710 quem
808 3649 1030 3696 sanctus
1045 3640 1264 3712 praesul,
1291 3639 1582 3696 austeriori
1605 3639 1776 3695 modo
1878 3641 1935 3696 in
1978 3637 2343 3702 confessione,
2393 3644 2446 3690 et
2475 3632 2750 3688 transiens
2777 3628 3035 3701 praedicto
3077 3626 3185 3692 die,
3222 3623 3468 3679 certissi-

179 3741 227 3785 et
248 3732 437 3788 habitu
470 3733 648 3800 visus,
673 3749 796 3788 cum
823 3734 1166 3790 districtione
1183 3733 1442 3789 excitavit
1472 3753 1486 3789 :
1521 3752 1538 3786 ‹
1579 3733 1774 3804 Surge,
1880 3745 2227 3790 mosomnes
2264 3727 2498 3784 reddidit
2530 3723 2818 3811 promissae
2839 3720 3045 3793 gratiae.
3084 3717 3346 3811 Utctiam
3379 3730 3468 3771 res

181 3822 370 3891 inquit,
401 3839 578 3894 surge
601 3824 950 3894 quantocius.
981 3823 1118 3879 Nam
1139 3839 1239 3896 ego
1272 3824 1383 3890 ille,
1419 3838 1583 3893 quem
1606 3832 1664 3876 tu
1684 3838 1779 3878 su-
1881 3825 2058 3896 magis
2085 3823 2391 3877 innotescat
2426 3835 2494 3873 ex
2528 3810 3124 3888 generisclaritudine,
3163 3810 3208 3865 is
3235 3816 3352 3864 erat
3375 3823 3469 3861 ar-

181 3924 343 3972 torem
373 3917 652 3972 hesterno
678 3914 766 3969 die
793 3915 1164 3983 subsannasti,
1205 3930 1396 3970 ocreas
1424 3914 1521 3968 tibi
1552 3913 1780 3968 durabi-
1883 3918 2134 3974 ctissimo
2175 3925 2338 3984 atque
2387 3909 2764 3967 illustrissimo
2798 3904 3031 3961 Eboraci
3077 3901 3309 3974 praesule
3353 3898 3468 3970 (89)

181 4009 252 4064 les
279 4009 504 4080 paravi.
546 4005 645 4062 His
674 4006 939 4073 indueris,
967 4007 1054 4062 his
1093 4007 1317 4062 domum
1359 4005 1414 4060 in
1433 4005 1782 4080 _memoriam
1883 4008 2136 4066 Oswaldo
2165 4006 2334 4063 nobili
2359 4002 2666 4070 avunculo;
2699 4013 2958 4071 germano
2989 4010 3207 4067 quoque
3233 3992 3466 4064 pollens,

180 4102 276 4156 mei
293 4100 600 4172 equitabis.
638 4118 657 4152 ι
687 4098 768 4155 Ad
791 4100 907 4155 haec
925 4107 1242 4170 assurgente
1261 4108 1317 4154 et
1339 4098 1611 4154 assidente
1631 4115 1779 4155 som-
1885 4101 2176 4162 camobiali
2205 4107 2259 4156 et
2285 4097 2456 4170 priori
2489 4095 2766 4166 tequivoco
2790 4091 2902 4163 (90)
2926 4087 3200 4155 OswaldO,
3241 4094 3303 4142 ut
3334 4085 3472 4139 libet

180 4192 404 4258 niatorc,
429 4193 627 4262 justus
647 4191 941 4263 castigator
961 4206 1152 4262 ocreas
1176 4191 1523 4246 strictissimé
1547 4190 1666 4260 eius
1694 4191 1782 4244 in-
1886 4194 2296 4268 ejusversilicus
2312 4191 2464 4248 testis
2475 4197 2576 4255 est,
2591 4186 2804 4242 erudito
2819 4194 2927 4240 tam
2940 4183 3129 4238 devote
3144 4178 3454 4268 inDomino
3477 4201 3480 4204 ’

180 4281 375 4340 format
405 4283 694 4339 cruribus.
727 4281 820 4338 Sic
845 4281 1027 4352 itaque
1049 4295 1352 4336 concussus
1375 4281 1611 4352 evigilat,
1637 4281 1784 4352 jam-
1887 4267 1949 4346 ut
1970 4285 2266 4341 abstineret
2288 4281 2470 4337 oblato
2491 4275 2791 4356 pontificio.
2819 4272 2920 4330 llic
2941 4273 3122 4344 itaque
3145 4267 3470 4324 manifesta-

179 4375 651 4446 quearetissimus
672 4375 827 4430 dolor
844 4381 984 4429 totas
1007 4374 1170 4429 tibias
1187 4390 1218 4428 a
1234 4374 1463 4444 pedibus
1479 4373 1786 4429 constrixe-
1889 4378 2055 4434 tionis
2079 4375 2214 4432 ordo
2246 4369 2602 4430 sacratissimi
2619 4366 2823 4422 Yvonis
2848 4364 3106 4420 omnibus
3127 4369 3308 4417 exstat
3335 4374 3473 4430 pra:-

181 4477 277 4533 rat,
303 4484 412 4522 nec
451 4452 770 4522 standi‘nec
791 4463 1169 4534 progrediendi
1191 4461 1422 4538 facultas
1451 4471 1588 4518 erat.
1627 4462 1742 4533 Equ

1906 4473 2074 4529 :larus
2115 4491 2128 4527 :
2165 4469 2416 4542 quisquis
2461 4468 2579 4522 haec
2621 4463 2804 4519 minus
2853 4458 3200 4534 exposuerit,
3241 4457 3474 4528 scriptor

179 4557 404 4611 tabatad
423 4553 826 4610 monasterium
841 4554 1019 4609 alieno
1034 4553 1779 4625 gestatorio;ingressusque,
1810 4541 1862 4601 1)
1887 4565 2142 4638 copiosus
2167 4541 2275 4618 non
2304 4568 2408 4616 est.
2513 4586 2516 4588 η
2565 4605 2568 4609 .
2731 4553 2734 4555 Α
2821 4580 2824 4582 ~
3279 4578 3281 4580 ·
3489 4613 3492 4616 ,

180 4649 403 4719 propria
433 4647 554 4718 (88)
571 4663 734 4718 paena
757 4661 823 4702 ex
855 4647 1043 4702 ordine
1068 4648 1286 4702 nuntiat
1311 4648 1516 4714 omnia,
1539 4664 1662 4719 quae
1687 4664 1786 4718 per
1957 4653 2043 4708 10.
2086 4651 2247 4706 Facta
2277 4657 2362 4704 est
2387 4656 2570 4726 autem
2604 4647 2723 4722 haec
2749 4644 2869 4715 ejus
2898 4641 3138 4698 inventio
3179 4655 3326 4696 anno
3367 4637 3476 4693 Do-

179 4739 348 4795 alium
385 4740 624 4796 credere
661 4739 912 4795 uoluerat
941 4758 955 4794 :
987 4747 1210 4811 tamque
1255 4739 1576 4810 aegritudine
1618 4755 1786 4808 quam
1885 4744 2022 4799 mini
2081 4742 2370 4797 millesimo
2411 4739 2618 4809 primo,
2678 4743 2942 4810 regnante
2982 4749 3109 4806 rege
3159 4731 3483 4809 Ethelredo,

178 4846 307 4888 voce
339 4848 482 4888 vera
527 4831 804 4902 praedicat,
835 4847 959 4903 quae
981 4833 1129 4889 velut
1161 4831 1544 4904 phantasmata
1576 4829 1786 4886 refuta-
1886 4843 2080 4890 octavo
2119 4829 2344 4886 Kalend.
2390 4827 2516 4883 Maii
2565 4843 2754 4883 mense
2789 4826 3013 4896 Aprilis.
3033 4822 3251 4894 .Aprilis
3285 4829 3480 4876 autem.

176 4934 345 4980 verat.
1493 4991 1498 4998 ἢ
1887 4922 2046 4993 quasi
2075 4921 2308 4992 Aperilis
2331 4919 2401 4974 ab
2429 4917 2710 4989 aperiendo
2744 4917 3066 4990 appellatur,
3099 4929 3228 4968 cum
3265 4912 3470 4967 etclam

244 5015 298 5070 8.
344 5013 501 5070 Tum
538 5028 667 5070 vero
710 5013 880 5070 abbas
920 5013 1241 5082 Ednothus,
1284 5014 1620 5069 exhilaratus
1663 5019 1776 5067 tam
1883 5017 1940 5070 in
1971 5015 2187 5070 aestivos
2209 5013 2352 5068 soles
2377 5010 2578 5066 clarius
2605 5012 2864 5079 aperitur,
2888 5015 2943 5062 et
2965 5005 3204 5060 mundus
3231 5005 3286 5060 in
3312 5002 3477 5060 flores

177 5106 468 5174 insperato
509 5105 750 5161 caelestis
789 5105 1032 5162 thesauri
1071 5107 1258 5173 lucro,
1296 5114 1352 5160 et
1383 5106 1502 5176 ejus
1529 5114 1641 5160 tam
1665 5104 1780 5159 evi-
1883 5115 1938 5164 et
1966 5105 2109 5160 fetus
2137 5105 2440 5172 animatur;
2473 5111 2526 5157 et
2553 5110 2682 5156 tum:
2721 5097 2918 5160 omnis,
2942 5113 3092 5169 ager,
3135 5106 3269 5154 tunc
3295 5097 3477 5153 omnis
3521 5153 3528 5163 ,

179 5196 326 5250 denti
357 5196 596 5262 indicio,
620 5195 1006 5254 devotissimas
1044 5197 1246 5268 gratias
1273 5195 1383 5267 egit
1417 5195 1667 5268 largifluo
1681 5194 1786 5250 Do-
1885 5197 2122 5270 parturi-t
2145 5196 2336 5263 arbor;
2375 5204 2507 5253 tunc
2535 5191 2787 5250 frondent
2811 5189 2982 5257 silvae,
3025 5197 3157 5246 tunc
3181 5189 3477 5245 formosis-

181 5288 352 5354 niino,
392 5303 529 5343 cum
572 5302 774 5358 magno
819 5287 1027 5343 scilicet
1054 5287 1225 5342 totius
1251 5286 1511 5342 consortii
1552 5284 1788 5358 gaudio,
1889 5293 2064 5349 simus
2088 5295 2448 5356 annus,tunc
2470 5282 2915 5350 vi—reta'ﬂoribus,
2941 5290 2996 5339 et
3027 5282 3270 5339 volatilia
3301 5280 3479 5337 canti-

249 5399 372 5467 (88)
415 5395 1026 5452 Westmonastet'iensis
1073 5395 1142 5450 ad
1189 5411 1280 5450 an.
1321 5395 1452 5467 1001
1500 5395 1643 5450 hanc
1668 5409 1787 5467 pm-

545 5395 1026 5452 ttmonastet'iensis
1073 5395 1142 5450 ad
1189 5411 1280 5450 an.
1321 5395 1452 5467 1001
1500 5395 1643 5450 hanc
1668 5409 1787 5467 ραι·
1889 5405 2113 5461 vinum.

184 5465 307 5548 nam
344 5465 587 5548 ascribit
611 5467 861 5548 abbati“
881 5481 1118 5548 eumque
1144 5482 1175 5520 a
1197 5465 1492 5538 praeposito
1525 5481 1635 5519 non
1665 5465 1752 5520 dis

1908 5545 1929 5548 _
1965 5472 2179 5548 (90)_S.
2216 5469 2552 5548 Edovvardus
2606 5467 2890 5548 confessor
2920 5477 2994 5548 _e_t
3047 5481 3167 5548 rex,
3192 5465 3476 5548 instinctu

185 5539 484 5608 tinguens,
536 5537 723 5612 inquit
737 5557 759 5612 :_
785 5557 803 5588 ι
840 5533 1215 5612 ιρνθηιῖρηθηξ
1247 5533 1374 5591 cuin
1407 5551 1514 5612 non
1535 5551 1753 5612 revercn

1911 5533 2129 5602 )s‘wal’di
2159 5542 2411 5597 monachi
2445 5541 2656 5612 nepotis
2675 5539 3018 5612 S.AOswaldi,
3037 5533 3479 5612 varia'deditj-Ec-

186 5603 651 5680 ιείεεοεριειεεέι
675 5608 846 5664 abbas
875 5607 1268 5675 RamesiensiS.
1296 5607 1534 5678 graviter
1562 5605 1810 5678 punitus.
1896 5616 2075 5672 'clesiae
2105 5612 2442 5667 liamcsiensi
2495 5603 2584 5666 a‘n.
2635 5610 2793 5676 ton,
2827 5610 2908 5665 uti
2933 5603 3235 5680 explicatur
3262 5606 3317 5660 in
3358 5603 3477 5659 Mo-

188 5688 373 5762 est-m1
427 5677 466 5762 λ
521 5747 559 5762 Λ
683 5747 734 5762 __
871 5749 904 5762 ,Δ
980 5746 1003 5762 η
1110 5755 1122 5762 Δ
1452 5761 1493 5762 η
1545 5677 1650 5762 έΜ
1716 5746 1753 5762 υ
1897 5687 2106 5762 nastico
2135 5683 2456 5762 Anglicano,
2490 5691 2636 5750 torno
2665 5680 2706 5746 l,
2737 5697 2860 5762 pag.
2879 5677 3019 5762 ’21οέ
3045 5677 3114 5731 At
3137 5677 3336 5732 librum
3356 5689 3501 5731 νεῖ--

259 5749 379 5816 189)
424 5747 818 5822 _S_.70swa_ldus_
832 5749 944 5803 vita
977 5746 1198 5822 functus
1244 5754 1330 5822 est
1360 5761 1506 5822 anno
1545 5745 1672 5822 992,
1701 5746 1791 5804 die

1625 5747 1672 5812 ἒν
1701 5746 1791 5804 die
1899 5757 2113 5816 silicum
2141 5745 2480 5814 bicvcitatum
2505 5747 2621 5810 non
2666 5745 2895 5822 reperiri
2925 5747 3193 5820 dolemus.

193 5819 392 5877 ultimo
423 5818 727 5891 Februarii,
754 5819 820 5876 ad
843 5835 1008 5892 quem
1047 5820 1188 5877 diem
1226 5819 1346 5892 ejus
1375 5817 1791 5876 Actaillustra—
