3972 6296
205 355 284 414 ω
1384 341 1550 402 “TA
1591 339 1648 396 s.
1689 335 1924 402 nouis.
1954 332 2289 391 srrscorr.
3411 320 3482 392 9‘6

205 471 408 535 civem,
448 481 560 523 non
601 463 694 521 hic
737 462 921 520 locum
969 457 1179 516 ambire
1220 455 1656 519 eminentiorem,
1700 450 1796 507 sed
1823 454 1872 514 Α
1899 443 3198 516 rumYvenissociorumqueejuseorpora,ipsius
3213 442 3486 502 Slvonis

207 571 424 617 tantum
463 559 748 615 hominum
793 570 1040 626 quaerere
1087 551 1361 607 salutem:
1396 564 1525 603 nam
1567 545 1794 613 sanctis,

207 655 304 725 qui
327 665 542 709 terrena
571 655 1026 719 contempserunt
1047 645 1228 700 adhuc
1255 643 1513 714 degentes
1543 640 1599 696 in
1627 647 1793 706 terra,

205 743 338 815 quid
357 758 507 798 nunc
527 743 584 797 in
600 741 740 798 crelo
755 738 1112 812 regnantibus
1131 735 1378 794 conferat
1399 733 1588 788 inﬁma
1607 729 1796 786 mundi

204 836 378 908 gloria
389 835 415 890 ?

276 927 372 980 15.
404 923 545 980 Illud
579 923 742 978 etiam
777 921 844 976 ad
873 919 1157 990 antiquam
1186 916 1411 973 Patroni
1438 915 1615 971 nostri
1648 914 1799 970 noti-

207 1017 336 1072 tiam
373 1014 650 1086 pertinere
669 1013 906 1076 videtur,
935 1011 1084 1082 quod
1112 1009 1256 1080 apud
1281 1009 1464 1063 villam
1501 1023 1625 1078 qua:
1649 1004 1800 1060 llirst

205 1108 532 1178 appellatur,
565 1114 780 1178 pratum
794 1103 1004 1159 Yvonis
1027 1100 1248 1158 dicitur.
1273 1099 1412 1154 Ante
1438 1099 1555 1153 lucc
1579 1109 1800 1168 quoque

207 1210 457 1269 tempora
497 1199 554 1253 in
589 1198 764 1253 Roma
790 1197 876 1251 vir
902 1193 1248 1267 grandtevus,
1275 1189 1565 1263 quemdam
1594 1205 1660 1245 ex
1687 1189 1801 1244 An-~

208 1291 309 1362 glia
331 1291 403 1345 ad
430 1290 741 1345 orationem
767 1287 1076 1343 venientem
1101 1285 1396 1348 allocutus,
1427 1283 1522 1338 ubi
1545 1281 1798 1353 Angliam

205 1398 323 1442 esse
355 1382 582 1449 didicit,
628 1389 1018 1454 percunctatur
1058 1379 1354 1444 attentius,
1396 1384 1582 1430 utrum
1611 1374 1800 1428 villam

207 1492 325 1547 qua:
383 1474 554 1546 Slepe
609 1475 811 1531 dicitur
853 1479 1046 1528 nosset
1076 1489 1092 1527 :
1121 1486 1288 1541 quam
1329 1484 1456 1524 eum
1491 1483 1551 1523 se
1596 1466 1801 1536 optime

208 1568 608 1626 nosseadvena
647 1565 1050 1636 respondisset,
1103 1564 1222 1619 haec
1262 1561 1449 1617 senior
1476 1567 1801 1631 prosecutus

207 1670 288 1717 est
308 1678 324 1716 :
351 1679 372 1711 ι
399 1659 602 1724 Crede,
627 1666 683 1712 et
705 1655 1036 1712 indubitanti
1056 1669 1216 1709 serva
1237 1651 1524 1716 memoria,
1539 1649 1667 1720 quia
1689 1662 1800 1702 non

209 1749 360 1821 longe
385 1767 417 1805 a
455 1749 602 1810 vado
642 1747 938 1826 propinqui
977 1745 1224 1800 fluminis
1271 1742 1580 1800 clarissima
1630 1740 1804 1794 latent

211 1841 524 1907 inuriturut»,
577 1855 701 1912 qua:
732 1851 836 1894 suo
883 1848 1129 1908 tempore
1168 1835 1486 1891 attollentur
1513 1831 1798 1903 perspicua

214 1936 421 1990 notitia.
465 1954 492 1989 ι
516 1933 646 1990 Haec
665 1932 875 2004 Anglus
899 1946 1154 1986 reversus
1187 1929 1245 1984 in
1276 1928 1510 1998 patriam
1543 1926 1664 1981 lana
1695 1925 1800 1980 ﬁde

213 2026 472 2100 vulgavit,
485 2041 620 2099 quas
638 2034 830 2097 postea
857 2023 1094 2084 revelata
1119 2022 1280 2078 nobis
1301 2020 1628 2076 hodietenus
1656 2017 1802 2073 veri-

217 2129 294 2176 tas
323 2121 602 2192 probavit.
622 2118 944 2174 Perduravit
971 2117 1138 2172 etiam
1168 2115 1237 2170 ad
1262 2115 1380 2169 haec
1407 2112 1632 2184 quidam
1663 2111 1800 2165 tide-

222 2203 285 2268 lis
302 2214 554 2280 clericus,
580 2212 805 2268 nomine
839 2210 1158 2277 Durandus,
1179 2207 1274 2282 qui
1297 2206 1497 2277 saapius
1524 2201 1800 2277 promisit,

230 2321 338 2375 qua:
357 2305 505 2363 facta
525 2307 802 2362 videmus.
1562 2294 1579 2299 ··

303 2399 379 2453 l6.
415 2397 508 2454 Bis
551 2413 687 2470 ergo
732 2397 906 2455 rebus.
932 2395 1054 2467 jam
1089 2394 1290 2456 ekctu.
1323 2389 1589 2464 probatis,
1631 2387 1802 2444 abbas

241 2490 501 2546 Ednothus
523 2500 652 2546 voto
670 2491 918 2546 omnium
943 2491 1176 2546 fratrum
1215 2487 1506 2545 ecclesiam
1535 2483 1800 2549 condidit,

231 2584 282 2639 in
307 2585 562 2640 honorem
598 2593 652 2640 et
689 2584 1014 2640 memoriam
1040 2583 1338 2650 B.Yvonis,
1372 2581 1430 2636 in
1463 2579 1662 2642 eodem.
1695 2576 1804 2642 sci-

225 2675 338 2730 licet
356 2677 482 2734 loco
504 2693 622 2733 sua:
651 2677 853 2732 tumba:
871 2686 1035 2746 atque
1057 2674 1394 2731 inventionis
1412 2691 1435 2736 ξ
1454 2687 1579 2748 φειδ
1605 2671 1688 2728 ita.
1711 2685 1806 2725 or-

222 2777 336 2823 nata
357 2777 467 2835 est,
498 2777 560 2824 ut
586 2769 704 2839 ipsa
745 2768 932 2824 tumba
966 2767 1208 2824 almiﬁua
1229 2766 1516 2822 dimidium
1546 2763 1687 2819 infra
1708 2778 1806 2834 pa-

222 2861 418 2928 rietem,
475 2870 532 2917 et
579 2861 866 2917 dimidium
904 2870 1057 2917 extra
1107 2859 1488 2931 protenderet;
1533 2865 1818 2932 quatenus.

219 2953 654 3020 adventantibus,
675 2962 788 3009 tam
804 2953 1056 3008 obserata
1062 2953 1232 3022 jauua
1253 2965 1417 3024 quam
1433 2960 1639 3022 aperta,
1662 2965 1812 3021 aqua

218 3046 392 3118 gratiae
428 3062 548 3101 non
576 3045 807 3102 deesset.
839 3044 1072 3100 Mirabili
1095 3043 1241 3100 enim
1268 3043 1504 3100 Domino
1535 3043 1806 3100 existente

217 3139 266 3198 in
293 3139 508 3194 sanctis
523 3138 661 3205 suis,
678 3138 772 3208 qui
783 3136 853 3193 ﬁu
863 3137 1008 3192 mina
1021 3137 1205 3193 educit
1219 3137 1286 3193 de
1298 3145 1470 3210 petra,
1496 3137 1674 3208 ipsum
1689 3135 1802 3207 (98)

214 3233 557 3288 mausoleum
612 3239 785 3287 scatet
829 3232 974 3288 unda
1027 3229 1304 3298 dulciﬁua,
1342 3239 1399 3286 et
1435 3230 1527 3286 hic
1560 3229 1804 3286 fluminis

213 3322 446 3394 impetus
465 3323 708 3379 lzetiﬁcat
727 3323 999 3378 civitatem
1029 3323 1124 3378 Dei
1149 3323 1204 3378 in
1235 3323 1436 3394 populo
1469 3321 1632 3378 ﬁdeli.
1662 3320 1806 3378 Bene

212 3418 404 3488 quippe
430 3425 664 3488 apparet
699 3417 754 3472 in
786 3416 1076 3487 sepulcrali
1105 3416 1306 3486 lapide,
1334 3414 1482 3486 quod
1513 3415 1580 3471 de
1610 3414 1806 3482 intimo

207 3508 426 3585 pietatis
451 3524 572 3564 sua:
593 3516 780 3564 ventre
800 3506 1024 3563 ﬁumina
1055 3506 1334 3578 quondam
1355 3506 1630 3562 ﬂuxerunt
1651 3521 1807 3575 aquae

208 3601 338 3656 vivae
356 3610 416 3657 et
439 3600 574 3656 fons
599 3609 818 3657 scatens
842 3601 898 3656 in
923 3599 1091 3655 vitam
1113 3608 1373 3655 aeternam
1393 3641 1408 3666 ,
1434 3598 1529 3670 qui
1559 3598 1806 3654 docendo

169 3711 178 3736 ι
208 3703 258 3748 et
277 3695 664 3751 suecurrendo
697 3695 752 3748 in
779 3709 972 3750 omnes
1005 3695 1257 3750 effuderit
1278 3702 1559 3768 paternam
1586 3708 1804 3750 venam.

211 3785 281 3842 De
324 3787 526 3843 multis
569 3786 754 3858 itaque
798 3788 964 3858 hujus
1005 3803 1162 3858 aqua:
1198 3788 1476 3854 remediis,
1511 3787 1808 3857 multisque

209 3879 428 3936 almiﬁci
445 3879 658 3934 Yvonis
685 3879 856 3952 signis
891 3888 1054 3951 atque
1079 3879 1522 3943 revelationibus,
1557 3878 1646 3933 hic
1673 3878 1807 3934 sub-

210 3983 473 4030 notamus
500 3989 698 4044 pauca,
739 3974 897 4044 juxta
939 3972 1139 4044 prioris
1173 3972 1459 4044 scriptoris
1487 3970 1810 4042 compertis-

209 4067 343 4121 sima
377 4067 568 4122 oculis
592 4067 679 4121 vel
715 4066 942 4130 auribus
971 4065 1304 4131 testimonia,
1329 4079 1452 4136 qua:
1481 4071 1532 4120 et
1567 4062 1808 4120 ﬁdelium

211 4158 385 4224 adhuc
431 4159 742 4238 perdurant
768 4159 824 4214 in
845 4158 1111 4214 memoria
1137 4157 1368 4227 (99).....

831 4295 1060 4352 CAPUT
1098 4294 1191 4352 IV.

217 4407 530 4466 Tramlatio
562 4410 829 4464 sociorum
873 4408 932 4465 S.
961 4408 1154 4464 Yvonis
1183 4408 1254 4463 ad
1293 4407 1448 4478 hujus
1484 4407 1759 4463 ecclesiam
1789 4422 1809 4463 :

275 4480 892 4554 R‘cliquiqeommdem,
923 4489 1172 4554 regnante
1199 4497 1314 4552 rege
1347 4479 1600 4546 Henrico,
1630 4480 1700 4534 ad
1720 4496 1809 4543 ec-_

279 4546 506 4608 clesi'am
539 4551 863 4607 Inventionis
880 4546 1217 4607 revéhuntur.

280 4667 368 4722 Π.
409 4665 577 4737 Apud
606 4665 870 4737 praadium
892 4681 1124 4737 quoque
1146 4665 1294 4736 quod
1317 4663 1694 4722 Ramesiensis
1711 4676 1812 4719 ec—

212 4759 394 4816 etesia:
401 4759 553 4830 juris
572 4767 680 4824 est,
695 4756 856 4829 Slepe
873 4759 1194 4826 vocitatum,
1211 4757 1306 4814 ubi
1327 4757 1603 4829 quondam
1617 4766 1808 4815 sancto

283 4914 399 4983 (98)
444 4911 972 4983 Malmesburiensis,
1021 4911 1144 4968 loco
1183 4927 1349 4982 supra
1387 4911 1644 4983 indicato,
1689 4911 1806 4983 haec

215 4981 297 5052 ita
314 4981 584 5042 describit
616 5004 629 5038 :
669 5003 688 5034 ι
725 4981 804 5044 Ex
832 4983 966 5052 ipsis
991 4981 1267 5038 mausolei
1283 4982 1524 5038 sinuosis
1547 4981 1808 5037 anfracti-

215 5056 315 5112 bus
342 5057 529 5126 erupit
571 5055 739 5121 unda,
779 5052 941 5126 bullis
964 5055 1240 5126 uberrima
1277 5053 1582 5126 fugacibusf
1628 5052 1812 5108 Mauat

218 5128 282 5183 ad
319 5123 471 5182 hunc
499 5127 646 5182 diem
685 5126 810 5196 fons
844 5123 1021 5183 dulcis
1049 5125 1223 5196 potui,
1263 5123 1652 5196 accommodus
1687 5138 1810 5196 om-I

217 5200 368 5252 nium
397 5197 720 5252 valetudini.
737 5194 849 5250 Nec
862 5194 1284 5266 potestnumero
1303 5195 1583 5262 aestimari,
1610 5195 1810 5266 nedum

219 5269 606 5340 comprehendi
651 5268 873 5338 scripto,
928 5267 1218 5340 multitudo
1255 5283 1352 5340 per
1390 5267 1609 5321 beatum
1624 5265 1812 5340 _jllum

222 5331 566 5403 sana-torum;
601 5339 738 5410 adeo
765 5331 825 5392 ut
859 5338 1038 5395 nullus
1067 5339 1118 5392 in
1153 5331 1344 5410 Anglia
1373 5331 1813 5410 salictu_sAY‘vone

219 5411 302 5463 vel
340 5420 568 5465 exoratu
616 5409 828 5465 facilior
868 5410 952 5465 vel
993 5411 1186 5467 effectu
1235 5405 1524 5464 efﬁcacior.
1557 5405 1680 5462 Vidi
1709 5421 1811 5476 ego

223 5483 368 5550 quod
412 5483 613 5537 dicam.
676 5479 978 5552 Monachus
1028 5480 1482 5552 quidamimorbo
1525 5477 1811 5533 intercutis

225 5552 718 5624 aquatilauguebat.
759 5550 877 5624 lam
904 5549 1116 5622 turgida
1148 5551 1304 5618 pellis
1333 5551 1390 5624 i_n
1426 5549 1597 5624 altum
1624 5563 1811 5624 creve-

224 5619 352 5700 rat:
382 5619 720 5694 jam'gravis
767 5622 968 5678 halitus
992 5619 1238 5700 astantes
1273 5619 1660 5700 submovebat;
1695 5619 1812 5700 ipse

229 5691 329 5770 sibi
352 5691 848 5770 epotaturustotos
875 5709 1086 5770 amnes,
1124 5691 1502 5770 exsiccaturus
1529 5691 1687 5770 plena
1713 5691 1810 5744 do-

231 5759 298 5832 lia
327 5759 627 5820 videbatur.
673 5763 1000 5818 Admonitus
1029 5763 1082 5817 in
1114 5763 1324 5818 somnis
1353 5763 1420 5816 ad
1458 5759 1516 5815 S.
1537 5759 1545 5760 “
1564 5759 1806 5832 Yvonem

233 5829 458 5920 perrexit
484 5855 495 5889 :
525 5836 709 5920 ibique
733 5836 893 5891 tertio
915 5843 1099 5907 potata
1125 5850 1287 5906 aqua.
1317 5832 1518 5890 undam
1546 5829 1806 5904 supcrﬂui

1900 541 2138 612 gloriosa
2166 539 2494 594 revelatione
2510 538 2748 602 inventa,
2769 544 2824 591 et
2839 535 3148 591 Ramesiam
3175 553 3298 592 cum
3322 538 3492 610 digno

1897 632 2106 688 honore
2126 647 2157 685 a
2191 630 2452 685 fratribus
2475 629 2737 684 translata
2760 637 2907 692 sunt,
2933 627 3120 682 crebra
3146 628 3484 684 diversorum

1898 722 2156 778 debilium
2203 722 2376 792 signis
2427 720 2740 776 sanitatum
2776 717 3037 772 divinitus
3085 726 3483 787 perpetrantur.

1870 810 2132 878 Quidam
2165 811 2327 866 etiam
2353 809 2595 880 ejusdem
2630 807 2771 863 villae
2813 806 3016 873 coloni,
3059 806 3311 862 noctibus
3345 806 3492 863 mul-

1900 903 1991 970 tis,
2031 917 2276 959 coruscze
2313 902 2452 956 lucis
2502 900 2738 964 radium,
2787 899 2856 954 ab
2893 899 3011 969 ipso
3052 899 3175 953 loco
3222 914 3397 968 usque
3430 899 3491 954 in

1900 995 2212 1051 Ramesiam
2243 1003 2552 1059 extensum,
2579 991 2871 1061 aliquando
2893 992 2946 1045 iu
2974 991 3172 1046 ctrlum
3204 1005 3380 1061 usque
3404 991 3495 1045 di.-

1901 1097 2129 1151 rectum,
2179 1083 2470 1140 manifeste
2499 1099 2557 1139 se
2583 1083 2786 1138 vidisse
2815 1091 3103 1139 testantur.
3137 1081 3275 1137 Villa
3307 1091 3488 1137 autem

1899 1179 1992 1236 illa
2015 1194 2124 1233 non
2152 1177 2312 1248 longe
2340 1192 2371 1231 a
2396 1175 2671 1243 Ramcsia,
2705 1173 2799 1231 sed
2830 1176 2996 1246 quasi:
3017 1183 3223 1246 septem
3247 1173 3501 1232 millibus.

1900 1285 2162 1342 passuum
2194 1269 2527 1338 disparatur.

1973 1362 2060 1417 18.
2099 1361 2268 1434 Igitur
2290 1359 2654 1431 quorumdam
2681 1359 2922 1415 virorum
2956 1359 3248 1415 illustrium
3271 1361 3494 1416 hortatu

1901 1461 2064 1524 atque
2117 1453 2407 1520 consultu,
2470 1451 2732 1506 fratribus
2774 1450 3230 1507 Ramesiensibus
3268 1451 3495 1521 placuit,

1904 1546 2067 1600 trium
2092 1543 2367 1599 ll.Yvonis
2397 1544 2696 1610 sociorum,
2725 1543 3164 1614 inseparabiliter
3191 1543 3360 1597 lateri.
3374 1543 3506 1612 ejus

1902 1636 2033 1690 olim
2065 1633 2490 1700 adhmrcntium,
2520 1633 2813 1702 reliquias,
2845 1632 2900 1686 in
2933 1633 3091 1686 theca
3121 1639 3377 1702 argentea
3399 1631 3507 1686 de-

1903 1733 2087 1780 center
2121 1723 2286 1778 simul
2329 1723 2657 1790 reconditas,
2691 1721 2760 1776 ad
2792 1720 3037 1792 ejusdem
3083 1720 3272 1791 prredii
3319 1720 3494 1776 cccle-

1903 1816 2064 1883 siam,
2111 1816 2167 1870 in
2209 1815 2418 1870 honore
2447 1830 2638 1870 eorum
2666 1820 3041 1869 constructam
3069 1810 3294 1878 referri;
3338 1818 3398 1866 ut
3445 1817 3500 1864 et

1904 1907 2023 1978 ipsa
2045 1907 2276 1963 ecclesia
2308 1907 2380 1962 ob
2421 1905 2780 1962 reverentiam
2818 1903 3145 1959 Sanctorum
3179 1902 3502 1957 honoratior

1902 2008 2066 2070 atque
2091 1999 2358 2055 celebrior
2386 1998 2698 2063 haberetur,
2730 2003 2785 2051 et
2810 2011 2841 2050 a
2867 1994 3086 2066 populis
3114 1993 3356 2062 undique
3387 1990 3499 2045 dif-

1902 2091 2062 2159 fusis,
2086 2091 2437 2163 przesentium
2457 2088 2847 2144 intercessione
2866 2095 3248 2158 patronorum,
3276 2083 3506 2138 aﬁlucn-

1901 2181 2013 2236 tius
2035 2191 2196 2252 atque
2225 2179 2473 2236 devotius
2499 2179 2938 2249 frequentaretur
2962 2196 2974 2233 :
2995 2177 3314 2246 adjicientes
3334 2173 3501 2230 etiam

1899 2273 2111 2344 jastum
2156 2273 2353 2340 videri,
2401 2281 2460 2327 ut
2499 2272 2762 2342 magister
2805 2269 3068 2340 majorem
3105 2268 3284 2323 locum
3323 2275 3507 2322 trans-

1901 2365 2158 2433 lationis,
2187 2363 2441 2435 discipuli
2483 2377 2614 2419 vero
2665 2361 2936 2417 minorem
2957 2359 3208 2414 locellum
3231 2355 3507 2412 inventio-

1904 2455 1991 2512 nis
2023 2471 2120 2511 sua
2147 2455 2435 2526 praesentia
2469 2453 2842 2509 honestarent.
2867 2448 3094 2516 Verum,
3123 2464 3191 2503 ne
3213 2443 3503 2502 temeraria

1904 2547 2330 2619 praesumptione
2366 2544 2566 2600 divinae
2589 2541 2932 2614 dispositioni
2957 2539 3252 2606 contraire,
3287 2545 3342 2593 et
3369 2551 3503 2592 san-

1906 2649 2119 2696 ctorum
2141 2637 2474 2694 excellentiae
2493 2635 2579 2692 vel
2607 2633 2944 2691 venerationi
2968 2633 3230 2703 derogare
3251 2629 3504 2685 videren-

1907 2741 2018 2797 tur,
2045 2731 2244 2802 vigiliis
2267 2738 2320 2785 et
2355 2728 2700 2785 orationibus
2723 2743 2788 2783 ac.
2810 2726 3067 2782 triduano
3083 2723 3294 2794 jejunio
3312 2720 3508 2775 volun-

1909 2832 2074 2887 tatem
2108 2838 2298 2885 eorum
2320 2823 2424 2877 hac
2446 2822 2513 2877 de
2535 2837 2593 2877 re
2628 2819 2918 2876 consulere
2959 2817 3337 2872 decreverunt.
3371 2811 3506 2879 Quae

1909 2915 2038 2973 dm
2067 2921 2380 2985 agerentur,
2401 2911 2580 2982 puella
2609 2909 2880 2982 quzedam,
2905 2924 2936 2963 a
2960 2907 3183 2963 sinistra
3203 2911 3357 2975 parte
3379 2917 3502 2958 cor-

1908 3007 2060 3078 poris
2086 3006 2170 3061 sui
2213 3003 2670 3076 semiparalvtica,
2735 3002 2790 3057 in
2835 2999 3046 3058 somnis
3087 2995 3332 3067 accepit,
3361 2993 3506 3064 apud

1909 3097 2232 3154 memoriam
2264 3095 2417 3160 beati
2439 3093 2646 3160 Ynonis
2687 3093 3076 3161 sociorumque
3116 3087 3236 3158 ejus
3281 3099 3340 3140 se
3380 3097 3506 3138 esse

1833 3161 1882 3226 (ἶ
1909 3187 2240 3250 sanandam.
2281 3185 2426 3253 Quas
2457 3200 2593 3252 om
2625 3183 2756 3249 illuc
2797 3180 3131 3246 advenisset,
3163 3184 3219 3233 et
3247 3175 3502 3245 aliquau-

1905 3280 2074 3350 tisper
2103 3278 2158 3333 in
2189 3279 2438 3334 oratione
2462 3275 2866 3347 procubuisset,
2907 3271 3104 3334 somnii
3135 3269 3221 3324 sui
3247 3267 3499 3322 effectum

1906 3371 1961 3426 in
1991 3379 2285 3440 conspectu
2323 3368 2561 3425 fratrum
2597 3374 2894 3430 consecuta
2933 3371 3050 3433 est,
3081 3361 3252 3442 Cujus
3296 3357 3506 3430 judicio

1907 3463 2048 3531 signi
2073 3463 2308 3520 laetiores
2352 3469 2407 3516 et
2453 3460 2769 3524 ﬁdentior-es
2806 3457 3014 3523 effecti,
3037 3454 3352 3526 jejuniiset
3378 3464 3507 3517 ora:

1907 3555 2151 3612 tionibus
2177 3555 2436 3626 peractis,
2465 3569 2590 3609 cum
2607 3552 2864 3608 laudibus
2893 3561 2946 3604 et
2971 3547 3192 3620 hymnis
3215 3554 3378 3615 atque
3405 3543 3518 3610 hor.

1909 3663 2042 3701 nore
2077 3661 2322 3717 congruo
2347 3660 2532 3700 arcam
2571 3651 2841 3705 sanctam,
2869 3631 3079 3696 caelesti
3103 3650 3302 3701 manna
3332 3632 3519 3703 refer-.

1907 3747 2041 3804 tam,
2078 3737 2144 3792 ad
2189 3735 2466 3807 praefatam
2499 3735 2786 3792 ecclesiam
2823 3749 2855 3787 v
2891 3731 3020 3794 ldus
3051 3727 3296 3799 Augusti.
3320 3735 3519 3795 trans-1

1909 3830 2153 3884 tulerunt
2169 3846 2184 3896 ;
2207 3827 2482 3899 deputatis
2497 3827 2696 3882 ibidem
2709 3823 2992 3889 fratribus,
3009 3835 3244 3893 quorum
3259 3815 3518 3890 vigilanti;

1909 3921 2131 3978 solertia
2174 3921 2415 3977 emlestis
2449 3919 2820 3977 custodiretur
2862 3916 3178 3979 thesaurus,
3219 3919 3384 3984 atque
3419 3907 3520 3983 die.

1907 4015 2096 4071 vinum
2122 4014 2358 4070 ofﬁcium
2390 4013 2477 4070 die
2501 4019 2778 4082 noctuque
2798 4009 2991 4065 devote
3015 4006 3405 4078 perﬁceretur.

1981 4105 2069 4161 l9.
2112 4103 2184 4160 Ut
2205 4113 2386 4160 autem
2428 4103 2614 4159 divina
2647 4099 2934 4157 clementia
2968 4097 3116 4169 piam
3151 4094 3421 4151 actionem
3449 4097 3511 4155 et

1909 4199 2179 4256 sinceram
2211 4197 2553 4253 devotionem
2582 4209 2772 4251 eorum
2805 4190 3138 4264 approbasse
3158 4201 3237 4252 se,
3277 4193 3334 4240 et
3375 4195 3520 4240 sanx

1909 4301 2126 4349 ctorum
2144 4307 2370 4347 suorum
2401 4289 2659 4362 praecisa
2685 4288 2878 4343 merita
2908 4289 3174 4356 quantum
3193 4279 3298 4334 sibi
3317 4285 3522 4346 essent,

1910 4396 2132 4457 accepta
2166 4386 2444 4441 evidenter
2481 4383 2820 4448 ostenderet;
2855 4395 2962 4449 qua
3001 4376 3090 4432 die
3125 4374 3243 4428 haec
3265 4369 3521 4442 agebam-

1910 4485 2020 4544 tur,
2074 4486 2159 4533 ter
2201 4477 2399 4548 quinos
2445 4473 2680 4530 diversis
2734 4468 3142 4526 inﬁrmitatibus
3189 4463 3516 4528 debilitatos.

1907 4570 2166 4626 homines
2195 4568 2414 4625 sanitati
2461 4565 2731 4632 restituit;
2777 4573 2941 4634 atque
2973 4560 3172 4618 exinde
3199 4558 3256 4612 in
3309 4556 3512 4616 eodem.

1910 4661 2055 4729 loco,
2077 4670 2390 4721 sanctorum
2409 4675 2633 4719 suorum
2653 4659 2981 4722 interventu,
3005 4668 3163 4726 opem
3185 4649 3514 4706 misericor~.

1911 4755 2018 4810 diae
2044 4769 2158 4810 sure
2182 4753 2534 4826 poscentibus
2559 4748 2808 4807 conferre
2843 4763 2952 4803 non
2983 4743 3220 4802 desistit.

1907 4913 2158 4970 humoris
2187 4927 2280 4969 ore
2308 4911 2515 4982 rejecit.
2542 4908 2824 4983 Detumuit
2845 4913 3055 4983 venter,
3085 4905 3506 4983 remareuerunt

1907 5002 2069 5042 crura
2100 5003 2112 5040 :
2145 4993 2200 5040 et
2244 4999 2312 5039 ne
2356 4976 2534 5053 plura,
2565 4990 2712 5036 totus
2751 4981 2917 5034 homo
2948 4976 3004 5030 in
3033 4976 3322 5053 sanitatem
3354 4976 3501 5051 revi-

1907 5040 2021 5112 ruit
2049 5040 2066 5111 γε
2097 5040 2428 5125 tandemque
2461 5040 2726 5125 gloriatus
2755 5058 2840 5103 est
2879 5061 2977 5125 pro
3010 5053 3120 5125 tam
3166 5040 3510 5125 salubri‘vo‘a

1909 5108 2067 5194 mihi,
2093 5108 2692 5196 selaliquandousatiari'
2702 5133 2864 5196 posse
2879 5108 2972 5196 -de_
2992 5123 3144 5196 potu.
3180 5132 3198 5165 ι
3214 5111 3353 5196 llaec

1909 5179 2637 5323 ἦξξῖἑυῖἧθῆεῗεξϐοευεὶὶηο
2664 5179 2945 5260 aliquanto
2954 5179 3162 5258 junior,
3177 5192 3231 5240 et
3245 5199 3336 5239 au.
3362 5179 3512 5249 illi

1909 5285 1962 5323 v1
2068 5277 2286 5323 unctus.

1909 5269 2021 5324 vita
2043 5269 2286 5325 functus.

1983 5319 2331 5410 ("Slﬁjnllrecin
2359 5345 2547 5410 nostra
2569 5329 3045 5410 relationedesunt
3062 5345 3091 5410 _;_
3103 5325 3285 5396 aliqua

1909 5399 2137 5481 pendiee
2163 5425 2230 5481 es
2258 5407 2563 5481 Cgapgravio
2588 5405 2808 5481 dantur.
2837 5399 3126 5481 Sequentis
3145 5411 3276 5452 vero
3305 5399 3502 5481 capitis

1911 5464 2163 5551 specialis
2191 5464 2510 5551 titultt'svhic
2545 5475 2866 5551 habebatur.
2899 5464 3022 5551 {Ut
3044 5483 3216 5551 saepe
3257 5464 3506 5551 reliqui-aa

1913 5538 2190 5607 sociorum
2220 5549 2278 5603 S.
2305 5547 2531 5619 Xvonis,
2570 5545 2822 5619 triduano
2842 5538 3372 5619 jejuniocelebrato,
3411 5548 3505 5619 re:

1910 5629 2111 5692 gnantc
2143 5634 2281 5692 rege
2314 5611 2568 5692 Henrico,
2614 5611 3023 5692 adAecclesiam‘
3046 5611 3391 5692 inventionis
3402 5617 3502 5692 eos

1909 5680 2054 5756 ἶυηιν
2085 5707 2119 5744 V
2143 5680 2268 5745 ldu's
2307 5680 2564 5760 Augusti,
2603 5702 2636 5742 a
2686 5686 2950 5760 fratribus
2983 5680 3303 5760 Rapeseiaz,
3339 5689 3499 5760 rexex

1911 5743 2263 5888 Ῑιὲὺέἱιᾶὃιῖζῖ
2286 5743 2752 5832 Βρεῗιαίνίίδυωηι
2774 5753 3040 5812 Henricus
3061 5749 3172 5806 [ab
3192 5760 3338 5810 anno
3360 5743 3498 5802 i088

1912 5847 1942 5886 a
2147 5871 2160 5888 .

1912 5847 1980 5888 20
2009 5847 2028 5887 1
2046 5847 2160 5888 ιυυ.
3550 5854 3560 5858 θ’

2163 6061 2199 6073 ο
