3990 6298
504 327 569 383 91
1458 374 1463 377 -
1504 340 1866 400 GOSCELINI
1900 338 2455 409 CANTUARIENSIS
2490 352 2795 415 MONACHI
3700 372 3775 434 92

1342 617 1959 733 APPENDIX
2032 578 2919 736 MIRACULORUM

1242 786 1347 845 Ea:
1404 804 1567 847 nova
1637 791 1918 871 Legenda
1977 797 2225 878 Anglia.-
2286 807 2569 871 Joannis
2643 813 3011 896 Copgravii.

1902 942 2341 968 -——-_

562 1035 652 1091 εί).
689 1034 1023 1099 Adolescens
1048 1037 1114 1091 de
1140 1020 1390 1102 Venetia,
1426 1039 1735 1098 consularis
1770 1042 2072 1125 dignitatis,
2104 1063 2149 1120 Α
2175 1054 2442 1122 auditum,
2461 1059 2621 1116 eaaeis
2642 1060 2844 1133 visum,
2866 1065 2963 1122 des

490 1127 762 1182 diabolieo
784 1127 1040 1183 instinctu
1065 1141 1306 1183 sororem
1329 1128 1608 1199 gravidam
1638 1132 1929 1191 interfecit.
1953 1135 2076 1193 Poe-

489 1202 720 1273 nitentia
747 1219 969 1275 ductum
996 1218 1187 1273 ferreis
1223 1218 1452 1275 nexibus
1474 1221 1763 1294 cpiscopus
1792 1225 2010 1298 alligat;
2043 1243 2075 1284 a

490 1307 729 1377 scapulis
750 1308 819 1363 ad
844 1323 1002 1364 renes
1027 1305 1173 1362 ferro
1211 1310 1565 1383 constringit,
1600 1322 1843 1369 ventrem
1870 1326 1924 1370 et
1947 1317 2077 1372 bra—

488 1397 613 1452 chia
641 1397 785 1455 ferro
822 1396 1056 1468 accingit
1083 1416 1096 1452 :
1126 1398 1315 1470 sicque
1344 1402 1563 1458 vinctus
1591 1405 1781 1460 mundi
1810 1422 2074 1479 pervaga-

488 1495 579 1541 tur
611 1489 850 1555 climata,
905 1498 1222 1546 sanctorum
1272 1494 1548 1564 poscendo
1605 1496 1884 1568 suffragia.
1917 1500 2076 1570 Apud

489 1576 547 1632 S.
590 1577 913 1650 Dionysium
944 1582 1159 1638 tandem
1204 1584 1518 1654 devenieus,
1565 1587 1847 1644 vinculum
1903 1606 2075 1646 unum

488 1666 674 1723 Sancti
714 1685 874 1739 prece
921 1673 1191 1743 rumpitur
1224 1693 1239 1731 :
1269 1691 1529 1748 mareque
1564 1680 1859 1749 transiens,
1906 1690 1962 1737 et
2005 1682 2074 1738 ad

484 1760 729 1814 tumbam
758 1760 816 1816 S.
856 1762 1062 1821 Yvonis
1102 1768 1445 1837 perveniens,
1486 1780 1611 1826 cum‘
1655 1771 1969 1844 Magni/ient
2017 1775 2074 1829 in

486 1848 744 1923 Vesperis
765 1864 1107 1925 eantaretur;
1135 1866 1190 1914 et
1215 1876 1406 1917 versus
1428 1862 1533 1919 iste
1563 1882 1576 1917 :
1606 1863 1677 1917 Et
1700 1866 2075 1921 misericordia

484 1943 597 2011 ejus
628 1962 661 1998 a
686 1948 933 2017 progenie
955 1948 1011 2001 in
1035 1952 1327 2021 progenies,
1349 1953 1650 2024 diceretur;
1674 1956 1934 2013 invisibili
1964 1959 2076 2016 virs

486 2040 601 2087 tute
625 2036 937 2105 corripitur,
961 2046 1110 2095 totus
1132 2057 1163 2096 a
1190 2049 1330 2097 terra
1361 2044 1592 2113 levatur,
1620 2054 1888 2118 terraeque
1910 2048 2074 2106 citius

485 2124 776 2194 deponitur
809 2147 821 2182 :
855 2140 1186 2200 rumpuntur
1206 2132 1335 2189 ferri
1356 2135 1636 2207 ligamina,
1663 2123 1717 2193 et
1747 2140 1963 2196 vincula
1991 2142 2073 2213 ci-

487 2217 596 2274 tius
627 2227 757 2275 sunt
795 2221 1068 2279 discussa.
1114 2224 1221 2280 Alii
1269 2242 1489 2298 quoque
1514 2242 1770 2300 quatuor,
1810 2230 1957 2288 ferro
1979 2249 2077 2303 per

483 2309 772 2382 episcopos
799 2314 854 2368 in
876 2316 1197 2386 paenitentia
1222 2320 1453 2389 astricti,
1472 2321 1541 2377 ad
1565 2323 1810 2378 tumbam
1834 2323 1892 2379 S.
1931 2323 2072 2381 Yvo—

476 2405 574 2479 pnis
594 2422 625 2461 a
653 2408 888 2465 vinculis
914 2420 1040 2467 sunt
1068 2413 1323 2470 absoluti.

553 2498 642 2555 21.
683 2500 985 2571 Mulierem,
1009 2516 1231 2577 propter
1251 2508 1513 2566 caecitatis
1538 2510 1751 2583 plagam
1778 2526 1810 2567 a
1832 2512 1952 2567 viro
1976 2513 2072 2569 de-

483 2592 753 2662 relictam,
801 2597 923 2652 visu
972 2599 1205 2668 reddito,
1241 2601 1587 2658 eonfortavit.
1632 2604 2050 2661 Adolescentem

484 2684 749 2742 miracula
777 2689 951 2744 sancti
984 2691 1226 2763 episcopi
1253 2694 1610 2764 deridentcm,
1649 2694 1958 2768 Sancteque
1977 2697 2074 2754 de-

485 2777 812 2848 trahentem,
856 2784 1098 2839 curvatis
1149 2785 1381 2856 genibus
1423 2794 1478 2842 et
1528 2788 1740 2860 rigidis,
1781 2805 1956 2861 usque
2003 2790 2073 2846 ad

483 2878 718 2925 mortem
744 2873 812 2928 ad
829 2873 1220 2930 ambulandum
1262 2878 1775 2951 reddidit‘ineptum.
1800 2880 2071 2940 Monacbo

483 2958 721 3018 famulos
784 2980 914 3021 suos
945 2966 1002 3020 in
1035 2967 1154 3037 ejus
1184 2966 1324 3025 festo
1366 2971 1624 3041 operibus
1659 2973 1947 3030 servilibus
1985 2974 2072 3029 in-

483 3052 677 3109 sistere
715 3057 950 3127 cogenti,
991 3067 1291 3130 sanctoque
1322 3063 1558 3118 convitia
1590 3062 1865 3132 inferenti,
1903 3081 2071 3136 appa-

484 3146 614 3212 ruit,
639 3147 827 3203 dicens
859 3167 873 3202 :
920 3168 939 3201 ι
979 3148 1082 3218 Tu,
1127 3152 1378 3223 nunquid
1412 3170 1501 3210 me
1529 3156 1710 3211 nosti?
1760 3175 1778 3209 ι
1815 3155 1909 3212 Ille
1939 3173 2070 3213 vero

486 3245 729 3297 tremens
754 3242 1057 3311 respondit,
1096 3262 1115 3294 ι
1154 3242 1295 3300 Non.
1314 3244 1509 3317 —Ego
1534 3262 1679 3315 sum,
1704 3247 1900 3319 inquit,
1926 3248 2067 3319 Yvo,

483 3346 857 3403 quem‘nupet'
878 3342 930 3390 te
957 3335 1174 3391 nescire
1202 3336 1500 3404 dixisti,get
1516 3338 1727 3395 festum
1757 3356 1941 3396 meum
1970 3357 2067 3398 eo-

484 3421 596 3478 lere
631 3425 873 3481 volentes
912 3427 1275 3496 prohibuisti;
1315 3449 1334 3482 ι
1373 3439 1429 3486 et
1457 3431 1604 3488 dedit
1645 3431 1695 3488 ei
1740 3448 1956 3501 zonam,
1984 3433 2070 3490 di-

484 3526 613 3568 cens
656 3530 669 3566 :
711 3532 730 3564 ι
780 3512 887 3570 Ista
946 3531 1084 3571 zona
1140 3518 1499 3591 praecingere,
1548 3528 1604 3575 et
1650 3521 1761 3576 mei
1815 3523 2067 3579 notitiam

468 3605 682 3661 ,amodo
707 3617 857 3674 tene;
895 3627 915 3661 ι
952 3618 1007 3664 et
1030 3611 1368 3683 prateingcns
1398 3613 2067 3687 eum,abiit.Expergefa-

2964 1071 3168 1138 peratis
3184 1084 3239 1129 et
3254 1075 3306 1131 in
3322 1083 3582 1142 extremis
3602 1102 3770 1161 agen-

2176 1145 2324 1202 tibus
2348 1148 2637 1208 confcrcns
2666 1154 2978 1214 sanitatem.
3012 1158 3131 1218 Duo
3159 1164 3382 1237 leprosi,
3408 1173 3601 1231 eadem
3624 1145 3771 1248 aqua

2175 1237 2404 1308 perfusi,
2436 1252 2734 1314 sanantur;
2764 1255 2821 1302 et
2856 1250 2986 1309 eieci
3015 1259 3127 1311 tres
3154 1258 3439 1317 oculorum
3460 1264 3572 1320 luci
3601 1237 3770 1327 resti-

2176 1336 2425 1388 tuuntur.
3676 1353 3693 1366 “

2245 1445 2336 1501 25.
2376 1444 2519 1503 Puer
2557 1450 2803 1523 quidam,
2843 1456 3158 1517 a-dominis
3202 1463 3319 1520 suis
3363 1472 3770 1531 mercatoribus

2175 1534 2349 1592 vicem
2378 1540 2628 1609 coquinae
2667 1542 2772 1598 sibi
2810 1543 3123 1615 deputatam
3157 1552 3402 1610 studiose
3438 1558 3769 1630 adimplens,

2175 1642 2377 1699 aquam
2411 1631 2479 1686 de
2502 1633 2691 1689 tumba
2715 1633 2902 1693 Sancti
2926 1639 3218 1712 hauriens,
3239 1645 3362 1702 olla:
3389 1647 3682 1720 imposuit,
3712 1662 3774 1709 et

2175 1720 2357 1791 ignem
2405 1724 2701 1794 copiosum
2724 1731 3015 1789 accendit:
3049 1749 3244 1793 carnes
3286 1747 3471 1795 tamen
3520 1741 3773 1800 discum-

2175 1811 2429 1869 bentibus
2454 1817 2733 1885 appositae,
2760 1821 2942 1877 cruda:
2962 1832 3017 1879 et
3037 1828 3304 1898 sanguine
3328 1830 3502 1900 plena
3522 1844 3654 1891 sunt
3674 1852 3771 1892 re~

2175 1914 2360 1974 pertae.
2389 1904 2498 1962 Res
2525 1917 2586 1962 ut
2604 1919 2724 1964 erat
2750 1913 3013 1982 aperitur,
3036 1931 3178 1988 aqua
3203 1919 3258 1973 in
3283 1921 3390 1977 olla
3415 1925 3643 1981 omnino
3668 1925 3775 1982 fri-

2175 1996 2298 2066 gida
2324 1997 2597 2056 invenitur
2622 2020 2635 2056 :
2665 2017 2808 2073 aqua
2833 2006 2980 2062 enim
3011 2007 3069 2063 S.
3095 2008 3322 2080 Yvonis,
3354 2030 3571 2086 semper
3599 2019 3654 2072 in
3671 2020 3774 2075 eo-

2174 2086 2297 2143 dem
2313 2098 2456 2145 statu
2473 2106 2829 2163 permanens;
2853 2099 3028 2154 nescit
3043 2115 3323 2171 occasum,
3346 2121 3450 2162 nec
3468 2108 3773 2179 aliquando

2174 2180 2377 2249 patitur
2404 2182 2684 2253 eclipsim;
2708 2194 2765 2241 et
2791 2187 2839 2244 si
2866 2191 3198 2264 quandoque
3233 2195 3291 2250 in
3316 2199 3623 2267 quantitate
3648 2217 3777 2256 ma—

2175 2287 2278 2342 gna
2305 2274 2517 2331 avidius
2546 2288 2823 2348 sumatur,
2855 2285 3096 2340 sumenti
3120 2303 3404 2361 nunquam
3434 2293 3642 2349 malum
3673 2293 3774 2349 in--

2106 2411 2150 2467 Β
2174 2362 2345 2432 ducit,
2373 2381 2475 2421 nec
2501 2367 2737 2427 bibentis
2766 2380 2957 2432 uterus
2980 2375 3219 2436 inﬂatur.

2239 2500 2331 2556 24.
2371 2500 2567 2560 Mulier
2603 2507 2851 2576 quaedam
2902 2509 2958 2565 in
3003 2518 3216 2567 tantum
3256 2513 3371 2585 juri
3412 2516 3615 2573 diaboli
3662 2517 3776 2578 fuit

2172 2590 2499 2661 mancipata,
2527 2602 2589 2649 ut
2610 2594 2752 2651 idem
2773 2599 3046 2671 malignus
3072 2616 3198 2657 cum
3224 2618 3288 2659 ea
3317 2605 3373 2659 in
3401 2607 3583 2676 specie
3611 2609 3775 2679 lepov

2170 2680 2249 2737 ris
2278 2679 2719 2754 frequentissime
2740 2688 2939 2758 coiret;
2974 2692 3048 2747 ita
3079 2694 3227 2764 quod
3258 2695 3314 2750 in
3346 2696 3466 2767 ipso
3499 2700 3644 2756 coitu
3682 2702 3777 2756 in-

2170 2769 2301 2826 felix
2330 2772 2440 2841 illa,
2468 2776 2613 2844 quod
2643 2776 2790 2832 dictu
2819 2779 3155 2837 horrendum
3177 2793 3281 2853 est,
3306 2785 3513 2842 ﬂuxum
3535 2791 3776 2847 seminis

2169 2864 2267 2934 per
2286 2879 2369 2933 os,
2393 2866 2459 2921 ad
2476 2867 2741 2938 majorem
2765 2871 2851 2926 sui
2866 2870 3270 2942 confusionem,
3295 2888 3595 2936 evomeret.
3616 2880 3775 2937 Con-

2168 2954 2316 3013 fessa
2339 2961 2656 3016 esttandem
2669 2978 2795 3018 eum
2818 2965 3071 3038 laerymis
3094 2968 3264 3039 priori
3277 2970 3381 3027 loci
3404 2972 3600 3029 delicta
3622 2991 3725 3030 sua
3754 2993 3771 3030 :

2167 3048 2307 3105 etab
2330 3063 2396 3104 eo
2424 3052 2707 3108 vasculum
2735 3070 2860 3110 cum
2891 3072 3035 3128 aqua
3065 3058 3123 3113 S.
3160 3058 3369 3118 Yvonis
3396 3064 3695 3137 accipiens,
3712 3076 3777 3122 et

2168 3139 2236 3195 de
2270 3137 2369 3196 Dei
2399 3143 2779 3201 misericordia
2806 3148 3107 3218 confidens,
3142 3151 3291 3209 videt
3320 3154 3647 3226 daemonem,
3680 3159 3776 3213 in-

2168 3232 2328 3288 solita
2357 3232 2533 3291 forma
2564 3246 2856 3307 astantem,
2879 3241 2974 3297 sed
2998 3242 3308 3302 nullatenus
3335 3249 3594 3305 accedere
3621 3265 3777 3321 pra:-

2167 3332 2509 3407 sumeatem;
2562 3331 2987 3388 comminantem
3035 3342 3218 3391 tamen
3257 3345 3313 3393 et
3367 3339 3772 3413 increpantem,

2167 3415 2298 3486 quia
2345 3403 2535 3474 contra
2574 3435 2633 3476 se
2663 3435 2884 3478 murum
2932 3440 3168 3496 aqueum
3219 3430 3430 3501 erigere
3468 3432 3770 3491 voluisset.

2166 3507 2361 3564 Mulier
2384 3526 2534 3579 vero,
2562 3512 2631 3569 de
2658 3523 2927 3585 potestate
2948 3517 3150 3575 diaboli
3172 3531 3381 3594 erepta,
3408 3524 3545 3581 nihil
3567 3527 3775 3584 confu-

2167 3601 2341 3658 sionis
2371 3606 2654 3673 praeterita:
2686 3618 2930 3680 experta,
2966 3610 3258 3671 incolumis
3304 3625 3362 3673 et
3402 3619 3649 3689 gaudens
3693 3620 3773 3678 ad

482 3709 624 3767 ctus,
647 3703 804 3772 quasi
830 3702 1007 3760 ferreo
1037 3706 1253 3762 vinculo
1279 3708 1585 3766 aretissime
1624 3726 1684 3767 se
1714 3710 2065 3783 circumliga-
2108 3780 2127 3783 Α
2167 3697 2389 3767 Propria
2410 3701 2691 3755 Γθωθθνίῑ·

485 3798 598 3846 tum
634 3782 801 3850 sentit
825 3814 839 3850 :
868 3796 1098 3855 interius
1118 3799 1363 3855 vitalium
1380 3800 1646 3858 incisione
1674 3780 2061 3873 torquebatur:
2094 3780 2135 3837 ο

481 3882 742 3951 exterius,
779 3899 944 3940 carne
985 3886 1042 3941 in
1080 3889 1418 3957 putredinem
1462 3890 1750 3959 deﬂuente,
1790 3908 2066 3949 venenosa

481 3975 608 4031 tabe
628 3982 683 4031 ct
709 3974 986 4033 inflatione
1013 3979 1329 4035 vexabatur.
1361 3980 1626 4051 Tandem,
1664 3984 1812 4054 quod
1834 3983 1892 4038 in
1923 3982 2066 4038 San-

476 4074 629 4120 ctum
662 4066 965 4137 deliquerat
993 4068 1417 4140 lacrymabiliter
1437 4073 1759 4141 conﬁtetur;
1786 4073 2066 4128 tumbam-

479 4172 589 4227 que
615 4157 734 4229 ejus
761 4160 957 4216 devote
979 4161 1229 4232 visitans,
1256 4165 1546 4221 sanitatem
1571 4167 1886 4236 reportavit.

549 4250 639 4305 2%.
677 4251 814 4307 Cum
844 4255 1149 4312 monachus
1188 4257 1435 4327 quidam,
1464 4273 1712 4314 normam
1740 4259 2064 4327 abhorrens,

479 4342 741 4414 aufugere
769 4357 1000 4403 conatus
1027 4358 1196 4416 esset,
1231 4350 1458 4421 spiritus
1491 4367 1725 4422 nequam
1756 4366 1883 4407 eum
1913 4352 2069 4408 inva-

479 4436 576 4501 sit;
606 4445 660 4492 et
686 4436 831 4493 circa
852 4440 1087 4495 mediam
1110 4450 1346 4509 noctem,
1369 4460 1496 4498 cum
1513 4443 1629 4513 jam
1650 4444 1848 4500 melius
1868 4444 2067 4501 habere

477 4527 751 4596 coepisset,
770 4529 909 4584 duos
929 4530 997 4585 ad
1020 4547 1079 4586 se
1098 4539 1269 4587 tetros
1287 4533 1538 4588 homines
1555 4534 1741 4591 venire
1761 4537 2063 4607 conspexit,

478 4616 574 4686 qui
613 4616 804 4674 dicunt
842 4619 892 4675 ei
924 4638 938 4675 ε
978 4640 996 4671 ι
1034 4619 1175 4688 Quia
1205 4622 1273 4678 de
1314 4623 1436 4679 loco
1469 4623 1578 4680 isto
1606 4623 1794 4696 fugere
1822 4627 2064 4695 voluisti,

476 4714 533 4762 te
569 4709 635 4763 ad
675 4709 875 4766 inferni
904 4712 1143 4768 claustra
1183 4714 1460 4783 rapientes
1494 4716 1849 4772 deducemus.
1886 4737 1907 4770 ι
1943 4716 2064 4786 Quo

476 4799 685 4867 audito,
733 4804 983 4858 concitus
1016 4805 1214 4874 surgit,
1241 4815 1294 4859 et
1316 4804 1483 4876 Kyrie
1520 4806 1714 4862 eleison
1755 4810 2061 4878 clamando,

470 4889 543 4943 ad
586 4893 978 4947 monasterium
1035 4892 1299 4966 confugit,
1344 4896 1401 4950 in
1444 4896 1667 4953 domum
1720 4899 2061 4956 inﬁrmorum

475 4978 801 5046 deducitur;
846 4988 901 5035 et
937 4990 1231 5061 apparente
1272 4983 1377 5038 sibi
1425 4983 1482 5039 S.
1520 4985 1728 5056 Yvone,
1756 4998 1808 5044 et
1845 4990 2061 5062 signum

474 5071 657 5126 erucis
686 5087 859 5151 super
874 5073 1056 5142 ipsum
1096 5072 1346 5143 faciente,
1391 5093 1559 5135 sanus
1581 5079 1805 5138 eﬂectus
1831 5088 1934 5138 est.
1979 5081 2059 5163 Es

2235 3831 2326 3889 25.
2366 3832 2560 3891 Mulier
2586 3837 2858 3911 qualium,
2887 3855 2918 3895 a
2940 3841 3226 3899 nativitate
3239 3860 3404 3916 caeca,
3434 3858 3767 3908 sanctorum

2163 3926 2520 3998 perAngliam
2535 3928 2963 4003 circumquaque
2985 3941 3165 3991 terens
3187 3936 3396 4007 limina,
3410 3955 3442 3994 a
3458 3939 3520 3996 Β.
3546 3939 3769 4000 Thema

2163 4025 2403 4089 martyre
2416 4019 2652 4089 rediens,
2673 4020 2730 4077 S.
2758 4021 2964 4081 Yvonis
2981 4026 3214 4097 petitura
3240 4030 3517 4104 suffragia,
3537 4034 3681 4091 villa:
3695 4035 3772 4095 il-

2164 4110 2272 4170 lius
2298 4126 2464 4181 prope
2486 4113 2615 4194 sine
2629 4116 3072 4188 appropinquans
3093 4121 3416 4190 monticulo,
3437 4123 3584 4181 fessa
3607 4127 3759 4200 resi:

2164 4200 2320 4267 dens,
2341 4188 2615 4273 paulisper
2631 4205 2869 4263 dormire
2880 4210 3064 4280 erepit.
3076 4209 3180 4265 Cui
3198 4188 3563 4283 duopraeclari
3580 4215 3688 4270 viri

2164 4290 2353 4346 habitu
2368 4294 2663 4362 pontificali
2687 4295 2853 4368 (unus
2877 4299 3215 4371 itinere,quo
3226 4304 3718 4371 venerat,.veuiens
3746 4326 3763 4363 :

2162 4383 2321 4451 alter,
2339 4385 2423 4441 via
2447 4404 2555 4458 qua
2575 4388 2881 4461 itura‘erat)
2911 4399 3179 4462 astantes,
3209 4394 3348 4450 duos
3382 4396 3572 4451 oculos
3593 4398 3763 4455 valde

2162 4476 2410 4536 lucentes
2457 4480 2539 4554 (ut
2577 4483 2629 4537 ei
2673 4482 2982 4556 videbatur)
3026 4485 3084 4540 in
3129 4487 3707 4561 manibusgestabant
3744 4511 3762 4546 :

2164 4587 2399 4642 quorum
2430 4591 2575 4632 unus
2601 4592 2774 4631 unum
2803 4592 2966 4647 quem
2989 4579 3209 4636 tenebat
3233 4580 3453 4635 oculum
3472 4623 3487 4648 ,
3511 4582 3651 4637 alter
3673 4583 3765 4638 al-

2163 4672 2342 4719 terum
2383 4665 2546 4734 capiti
2589 4682 2691 4723 suo
2732 4668 3083 4739 adaptabant.
3137 4669 3526 4743 Expergefacta
3556 4674 3766 4730 mulier

2164 4756 2356 4811 oculos
2386 4770 2446 4811 se
2468 4759 2775 4830 percepisse
2797 4775 2864 4816 ae
2882 4761 3083 4828 visum,
3110 4761 3298 4833 gavisa
3317 4770 3404 4819 est
3430 4781 3445 4818 :
3481 4765 3627 4835 quod
3652 4782 3760 4821 au-

2163 4863 2279 4910 tem.
2318 4856 2424 4912 hoc
2464 4857 2790 4914 miraculum
2821 4860 2981 4931 beato
3010 4861 3234 4933 martyri
3267 4859 3493 4917 Thomas
3534 4872 3763 4920 sancto-

2164 4964 2270 5019 que
2295 4949 2473 5006 Yvoni
2496 4952 2567 5008 sit
2594 4953 3000 5021 ascribendum,
3031 4954 3168 5011 nulli
3190 4956 3339 5012 venit
3361 4956 3417 5012 in
3446 4957 3704 5015 dubium.

2200 5154 2203 5157 Α
2233 5082 2323 5137 26.
2352 5081 2481 5137 Niri
2512 5091 2643 5151 tres,
2672 5084 2865 5141 morbo
2893 5086 3192 5158 hydropico
3228 5087 3421 5157 inflati,
3443 5106 3588 5162 aqua
3607 5088 3759 5149 San-

475 5162 665 5216 tumba
696 5161 754 5217 S.
780 5161 1005 5230 Yvonis,
1038 5180 1179 5236 aqua
1209 5169 1516 5239 perspicua,
1537 5171 1659 5243 visu
1699 5161 2055 5243 delectabilis,
2093 5161 2235 5230 ⁸14ιί
2270 5174 2434 5246 hujus
2467 5176 2685 5244 hausta,
2715 5177 2903 5234 sedato
2929 5188 3144 5237 tumore
3174 5182 3466 5239 sanitatem
3497 5193 3760 5256 reporta-

476 5261 643 5328 gustu
668 5254 875 5335 suavis,
916 5258 1258 5318 sumentibus
1297 5263 1532 5322 salubris
1570 5267 1841 5339 erumpit;
1875 5269 2058 5324 surdis

2162 5277 2313 5324 runt.
