3972 6296
158 356 263 411 1111

1239 346 1402 403 V'l'l'A
1442 346 1501 403 Β.
1542 341 2015 404 WEREBURGAS
2056 344 2376 403 VIRCINIS.

3330 359 3438 418 101

156 465 516 561 ῃίμιεξειεφ,
542 474 667 561 qua:
697 459 976 561 distinctis
1011 460 1474 561 monasteriorum
1514 471 1752 561 _s-uol'ufn
1779 458 1827 520 Α
1856 446 2263 548 grantissimam
2309 478 2515 549 prolem
2560 483 2867 553 exercebat,
2896 502 3060 557 quam
3101 487 3217 561 ipsa
3256 491 3438 552 adhuc

154 559 441 629 lapidibus
465 556 731 612 irradiant
757 554 1010 627 patriam.
1047 551 1219 609 Natus
1245 561 1330 609 est
1353 553 1403 608 ei
1431 561 1487 608 et
1514 550 1752 607 Mercvin

152 651 335 717 ﬁlius,
365 650 461 720 qui
499 648 567 703 ad
612 656 837 703 sanctos
870 646 1191 702 innocentes
1216 661 1247 701 a
1290 645 1619 717 baptismate
1658 659 1751 698 ra-

152 752 288 813 ptus
313 750 400 796 est
436 740 718 811 parvulus.
764 738 1033 794 Almiﬂuaa
1058 754 1280 809 quoque
1311 736 1631 810 Werburgze
1656 751 1751 808 ge-

153 832 523 889 nerositatem
585 845 652 886 ac
696 825 1116 885 sanctimoniam
1180 829 1430 900 proxime
1482 837 1754 885 exornant

153 922 530 978 sanctissima:
549 923 732 978 amitae
759 937 875 979 suae
900 919 1097 977 Penda:
1122 921 1269 993 regis
1307 921 1433 977 illia:
1453 921 1626 995 (127),
1644 920 1752 993 ΚΥ-

152 1015 427 1085 neburga.
458 1023 514 1070 et
536 1012 851 1091 Kynewida,
872 1029 995 1085 quae
1012 1029 1138 1069 cum
1162 1014 1466 1086 propinqua
1493 1029 1590 1071 sua
1622 1014 1753 1069 bca-

154 1104 372 1160 tissima
423 1102 599 1159 Tibba
648 1103 797 1177 (l28)
837 1102 1169 1176 Burgensem
1227 1105 1452 1177 superni
1491 1104 1751 1176 janitoris

150 1194 303 1252 Petri
338 1196 625 1253 illustrant
670 1190 989 1254 ecclesiam.
1039 1197 1188 1256 Suus
1216 1214 1347 1255 vero
1371 1199 1585 1270 genitor
1612 1214 1753 1270 pree-

153 1289 482 1345 nominatus
502 1305 569 1345 ac
598 1289 780 1360 patrui
802 1305 975 1363 reges,
999 1284 1179 1359 idest,
1202 1289 1377 1346 Peada
1405 1290 1554 1361 (129)
1572 1289 1753 1345 Ede!-

150 1380 341 1447 rcdus,
368 1397 439 1437 ac
469 1382 763 1453 praedictus
804 1380 1058 1438 Merwala
1086 1383 1471 1454 praedictarum
1494 1398 1749 1440 sororum

154 1471 378 1538 fratres,
401 1471 740 1530 Christianae
763 1474 1126 1531 institutionis
1148 1491 1256 1531 non
1285 1476 1463 1535 solum
1485 1476 1746 1543 cultores,

152 1578 344 1618 verum
375 1563 552 1619 etiam
593 1564 757 1635 primi
792 1574 957 1637 atque
983 1565 1343 1621 intensissimi
1374 1565 1526 1622 fuere
1549 1582 1750 1637 propa-

156 1662 371 1728 gatores
400 1670 417 1708 :
447 1663 506 1711 et
529 1655 675 1711 sicut
694 1654 1066 1713 Edelbrictus
1089 1655 1457 1723 Dorobernite,
1482 1657 1553 1712 ita
1575 1654 1750 1712 Wlfe-

155 1764 252 1804 rus
275 1749 332 1803 in
353 1746 583 1805 Merciis
608 1747 1078 1806 Christianitatcm
1123 1750 1337 1821 primus
1361 1746 1626 1809 dilatavit.
1656 1751 1747 1807 Sic

158 1838 364 1913 itaque,
420 1847 487 1895 ut
518 1839 886 1911 pramisimus
918 1856 983 1895 ex
1028 1849 1267 1911 quatuor
1302 1841 1485 1913 regnis
1521 1849 1575 1896 et
1606 1842 1748 1897 anti-

159 1932 279 2005 quis
327 1933 559 2005 regibus
600 1949 726 1989 rosa
777 1932 984 1989 Christi
1041 1932 1348 2007 Werburga
1399 1934 1656 1990 ﬂorescit.
1701 1936 1745 1989 Α

161 2026 400 2098 principe
426 2035 699 2098 susceptae
726 2027 853 2084 ﬁdei
897 2022 1276 2087 Edelbrichto
1293 2026 1755 2096 Cantuariorum,

165 2133 196 2173 a
230 2116 388 2195 Berta
414 2104 523 2174 vel.
550 2117 746 2175 Emma
793 2117 1155 2185 Francorum,
1192 2118 1262 2173 ab
1289 2119 1449 2175 Anna
1495 2135 1643 2192 rege,
1693 2131 1749 2178 et

171 2210 282 2267 avia
308 2209 594 2282 Sexburga
624 2209 986 2266 Orientalium
1024 2211 1346 2282 Anglorum,
1367 2226 1397 2266 a
1425 2220 1579 2283 patre
1612 2227 1748 2268 vero

175 2300 598 2358 luculentissima
627 2300 772 2358 facta
801 2300 1151 2358 Merciorum.
1194 2300 1321 2359 Htec
1354 2318 1485 2359 vero
1522 2303 1590 2359 ad
1626 2304 1745 2376 glo-

186 2392 315 2448 riam
339 2394 697 2464 praedicanda:
720 2393 951 2467 virginis
993 2394 1419 2466 praetitulantur,
1457 2403 1520 2450 ut
1557 2396 1626 2452 de
1658 2412 1748 2452 ra-

188 2484 300 2540 ἀίω
322 2494 499 2541 sancta
522 2501 743 2543 ramum
769 2495 1017 2543 sanctum
1038 2487 1227 2543 deceat
1253 2487 1592 2555 sanctitudo;
1633 2489 1747 2546 imo

176 2574 243 2630 de
290 2586 594 2648 contempta
638 2578 796 2649 regni
843 2574 1165 2635 excellentia
1211 2578 1389 2651 major
1437 2579 1747 2638 ascribatur

172 2668 447 2725 claritudo.
474 2668 676 2727 Restat
703 2686 873 2737 nunc,
906 2680 969 2728 ut
993 2672 1331 2743 explicemus
1358 2681 1607 2730 sanctam
1657 2675 1744 2747 ip-

171 2763 279 2818 sius
330 2764 850 2834 conversationem,
899 2772 955 2821 et
1005 2758 1343 2838 probabilem
1404 2762 1479 2822 επ
1510 2765 1745 2824 Domino

791 2947 1021 3005 CAPUT
1057 2946 1123 3004 11.

165 3038 502 3096 σοπυεηαιίο
548 3038 610 3113 S.
659 3040 994 3113 Wereburga:
1032 3042 1089 3096 in
1134 3038 1342 3096 Eliensi
1372 3044 1696 3099 monasterio
1723 3060 1743 3101 :

399 3112 732 3184 prtufectura
754 3113 1023 3167 variorum
1050 3112 1514 3169 monasteriorum.

224 3226 275 3282 3.
311 3228 357 3281 Δ
388 3235 594 3283 tenero
621 3241 754 3300 ergo
788 3225 892 3283 aevi
923 3225 1075 3293 ﬂore,
1100 3241 1227 3282 cum
1268 3223 1458 3283 forma:
1498 3212 1745 3297 pulchri-

160 3319 281 3375 tudo
302 3320 606 3392 insigniter
646 3319 1000 3391 responderet
1036 3317 1388 3390 generositati
1420 3334 1556 3386 suae,
1578 3319 1747 3390 coepit

158 3413 398 3484 speciosa
456 3411 600 3469 facie
651 3428 778 3468 cum
821 3412 1233 3484 speciosissima
1262 3419 1445 3468 mente
1491 3411 1560 3467 ad
1591 3413 1744 3468 illum

156 3505 245 3575 qui
271 3505 572 3577 speciosus
612 3514 698 3561 est
733 3503 910 3560 forma
952 3519 1065 3576 pra:
1092 3503 1220 3560 filiis
1271 3504 1557 3560 hominum
1593 3504 1742 3579 (150)

157 3596 483 3652 contendere
495 3585 698 3666 :‘cujus
724 3604 782 3651 ut
802 3584 1233 3651 inaestimabilem
1253 3594 1591 3651 dulcedinem
1608 3611 1746 3667 prae-

156 3694 367 3757 gustare
424 3686 635 3758 potuit,
683 3686 938 3758 protinus
989 3686 1047 3741 in
1098 3686 1219 3759 ejus
1256 3702 1501 3743 amorem
1546 3689 1744 3745 anhelo

156 3787 365 3849 pectore
416 3779 654 3846 exarsit,
683 3787 758 3847 et,
794 3772 859 3835 ut
897 3794 1095 3836 cervus
1141 3778 1210 3833 ad
1241 3776 1420 3834 fontes
1448 3795 1740 3851 aquarum,

157 3870 439 3942 virginalis
467 3870 651 3926 anima
683 3871 805 3943 ejus
824 3871 881 3926 in
922 3870 1043 3942 ipso
1071 3870 1243 3927 sitivit
1274 3888 1287 3925 :
1312 3870 1451 3927 adeo
1477 3871 1656 3927 dulcis
1689 3881 1744 3928 et

158 3961 331 4017 suavis
352 3959 607 4032 Spiritus
629 3957 846 4015 Domini
872 3975 903 4015 a
924 3958 1085 4015 Patre
1108 3958 1417 4015 dilectionis
1440 3959 1742 4031 procedens

158 4051 294 4107 illam
323 4052 584 4119 attraxit,
603 4052 856 4127 celestes
875 4048 1351 4123 concupiscentias
1380 4052 1439 4106 in
1463 4052 1584 4122 ejus
1616 4068 1741 4108 cor-

158 4146 217 4203 de
236 4146 521 4213 accendit,
548 4140 797 4202 terrcuas
823 4144 1103 4202 exstinxit.
1136 4144 1228 4200 illa
1255 4159 1442 4200 amore
1467 4153 1743 4216 perpetuae

157 4240 486 4314 virginitatis
519 4239 588 4296 ad
632 4254 897 4311 sponsum
944 4247 1163 4295 aeternae
1190 4238 1518 4310 integritatis
1538 4254 1743 4295 convo-

159 4333 297 4402 lavit,
327 4348 542 4407 procos
580 4341 639 4389 et
672 4343 950 4390 amatores
981 4330 1234 4405 regiﬁcos
1266 4332 1508 4403 angelica
1532 4331 1743 4403 pudici—

159 4426 226 4481 tia
264 4425 494 4497 repulit,
539 4425 652 4480 imo
701 4423 957 4481 Christus
1001 4424 1231 4480 electam
1284 4423 1386 4479 sibi
1429 4422 1739 4480 inhabitans

158 4520 407 4576 omnibus
457 4506 859 4598 appetitoribus
892 4516 1112 4589 eripuit.
1152 4516 1514 4574 Sanctissima
1538 4532 1741 4588 parens

148 4627 261 4671 non
282 4612 545 4670 cessabat
587 4610 828 4667 assiduis
856 4610 1082 4667 monitis
1118 4609 1349 4683 irrigare
1379 4610 1598 4666 hortum
1637 4608 1742 4665 Do-

160 4705 379 4773 mini,et
406 4704 663 4776 plantare
689 4703 748 4758 in
771 4718 834 4759 ea
858 4700 1337 4759 immarcescihilia
1365 4699 1610 4774 germina
1639 4702 1740 4772 pal-

144 4797 337 4865 .radisi,
380 4806 445 4855 et
470 4780 787 4871 accendere.
803 4786 1110 4867 lampadem
1139 4793 1260 4865 ejus
1293 4793 1416 4849 oleo
1440 4801 1495 4850 et
1521 4793 1741 4849 ﬂamma

160 4890 444 4948 cbaritatis
473 4887 897 4961 inextinguibili.
936 4886 1021 4944 Ad
1068 4886 1219 4942 illam
1253 4885 1401 4942 enim
1427 4885 1596 4941 vitam
1640 4884 1742 4941 ﬂa-

163 5023 225 5078 17
253 5024 487 5081 Januar.
517 5022 614 5080 ubi
641 5022 815 5078 multa
835 5022 903 5079 de
925 5020 1201 5093 lerevjno
1220 5035 1391 5093 puero
1416 5020 1562 5077 dicta
1592 5029 1741 5089 sunt,

164 5095 225 5150 de
245 5111 416 5219 regno
440 5093 701 5177 Mervaldi
729 5093 1059 5176 δεθηιυὶἳό
1081 5091 1387 5175 Februarii.

225 5165 314 5219 (12
354 5168 372 5219 i
404 5164 467 5219 S.
495 5164 808 5219 Kmeburtra
832 5173 887 5219 et
912 5163 1243 5219 ltmesmda.
1267 5163 1387 5218 alus

225 5159 372 5245 (1??)
404 5164 467 5222 S-
489 5159 887 5245 Είηειιιιῖεέει
912 5159 1744 5245 eumenidesCircaea“

168 5231 599 5304 etClrineswida,
636 5231 894 5292 coluntur
926 5234 960 5290 6
1002 5232 1203 5293 Martii.
1246 5233 1307 5289 In
1332 5231 1452 5289 Vita
1477 5233 1535 5288 S.
1568 5231 1742 5291 Tibba

170 5307 515 5379 coniungitur
535 5314 592 5361 et
628 5305 699 5379 l5
727 5304 1037 5363 Decembris
1069 5305 1558 5379 objisse‘traditur.

233 5324 263 5362 ιι
285 5324 515 5379 ungitur
535 5324 592 5361 ει
628 5324 699 5361 ιο
728 5324 1037 5363 υεοεωιπιε
1069 5324 1271 5362 0911858
1305 5324 1558 5361 ιινεωιιιιικ

233 5324 383 5449 (128)
408 5376 657 5449 Corpora
678 5376 874 5449 harum
902 5391 1049 5449 annp
1090 5372 1521 5449 1005_diguntur
1560 5384 1744 5432 trans-

171 5443 272 5519 lgt'a
315 5443 436 5519 «ad
459 5443 858 5505 monasterium
893 5448 962 5503 de
1002 5444 1289 5519 BurgoHS.
1320 5445 1539 5519 Petri”
1580 5449 1744 5519 vulgo

175 5514 957 5591 Petroburgum,_ex3tru_ctum
1004 5532 1035 5572 a
1069 5514 1443 5591 _Wulfero,__et
1480 5514 1745 5591 fratribus

140 5634 149 5679 ξ
176 5589 406 5714 ἓὲιὶξῗὲθ
428 5585 739 5646 sororibus.
788 5587 866 5675 De
890 5603 957 5645 eo
997 5587 1211 5662 agimus
1245 5588 1313 5643 ad
1334 5585 1529 5675 _Vitam
1556 5587 1614 5643 S.
1646 5587 1745 5642 Er-

296 5676 311 5713 l
369 5676 434 5714 ιιι.

117 5666 147 5704 ιδ
177 5660 434 5715 mutilam.
813 5655 835 5675 "
1033 5655 1062 5662 ⁷
1334 5670 1339 5675 “

244 5729 388 5799 (129)
415 5730 469 5788 S.
500 5728 831 5787 Ethelredus
867 5729 1067 5785 colitur
1106 5728 1141 5784 4
1170 5726 1406 5799 Maii.ln
1433 5727 1745 5799 Appendice

183 5789 566 5867 Wigorhiensis
592 5802 734 5858 alius
760 5800 927 5857 frater
950 5800 1265 5871 adjungitur
1285 5789 1626 5869 Mercelnius,
1652 5801 1744 5856 ubi

1834 5778 1841 5789 '
1921 5724 2069 5857 {iiii

1855 564 1960 620 sub
1981 564 2116 639 jugo
2167 567 2403 623 maritali
2436 569 2729 640 gemitibus
2759 574 3217 635 inenarrabilibus
3255 576 3437 654 suspi-

1854 657 2032 712 rabat.
2058 655 2261 714 Verum
2289 660 2556 716 altissima
2580 660 2674 718 Dei
2699 666 3037 735 previdentia
3063 670 3296 743 benigne
3322 675 3437 732 dis-

1864 764 2103 819 pensans
2152 751 2359 821 omnia,
2389 744 2618 810 matrem
2643 772 2762 813 eam
2807 759 2861 813 in
2905 777 3073 832 regno
3095 765 3286 820 statuit
3318 782 3439 822 om-

1853 840 2008 895 nium
2052 840 2303 912 inopum,
2333 846 2578 901 omnium
2622 852 3090 909 necessitudinum
3140 856 3434 929 refugium,

1853 929 2019 984 simul
2048 931 2212 987 etiam
2246 941 2308 988 ut
2326 933 2431 1004 piis
2460 937 2763 995 visceribus
2808 941 3007 1013 pignus
3042 943 3153 999 Deo
3184 947 3433 1018 gigneret

1852 1022 2322 1093 acceptissimum,
2357 1033 2411 1081 et
2463 1029 2785 1099 ampliorem
2836 1048 3097 1090 coronam
3139 1036 3434 1094 dilatorum

1854 1116 2073 1172 tandem
2124 1118 2391 1189 reciperet
2432 1120 2852 1179 desideriorum.
2896 1125 3179 1185 Viluerant
3230 1131 3435 1188 divitiae

1852 1215 1964 1262 tam
1989 1208 2150 1265 matri
2181 1226 2347 1281 quam
2373 1211 2496 1267 tilia:
2529 1232 2542 1267 :
2580 1214 2841 1284 palatium
2874 1217 3146 1276 habebant
3165 1237 3266 1291 pro
3303 1237 3425 1277 mo-

1851 1301 2135 1356 nasterio:
2176 1317 2395 1369 aurum,
2440 1320 2687 1376 gemmae,
2741 1317 2919 1364 vestes
2968 1326 3106 1366 auro
3151 1321 3332 1381 textm,
3376 1323 3431 1370 et

1850 1391 2116 1464 quidquid
2165 1392 2270 1450 fert
2313 1398 2626 1466 pompatica
2664 1399 2851 1454 mundi
2876 1400 3160 1473 jactantia,
3195 1420 3431 1462 onerosa

1854 1482 1958 1538 sibi
1992 1484 2168 1556 magis
2202 1495 2358 1543 erant
2406 1504 2571 1558 quam
2604 1489 2870 1562 gloriosa;
2901 1502 2975 1558 et,
3009 1493 3055 1550 si
3078 1493 3216 1551 forte
3246 1496 3335 1552 his
3354 1498 3434 1552 uti

1851 1574 1919 1630 ad
1964 1584 2179 1648 tempus
2216 1581 2364 1650 regia
2401 1582 2749 1651 compelleret
2797 1583 3054 1655 dignitas,
3091 1586 3347 1642 dolebant
3375 1603 3435 1644 se

1851 1665 2034 1734 potius
2064 1667 2291 1723 vanitati
2318 1669 2597 1741 subjectas
2622 1674 2882 1743 tanquam
2912 1676 3218 1747 captivitas.

1922 1756 1976 1812 4.
2009 1757 2079 1814 At
2105 1774 2236 1814 vero
2263 1760 2546 1831 virginalis
2588 1762 2649 1818 Β.
2675 1762 2994 1838 Werburgm
3031 1768 3271 1836 libertas,
3304 1785 3433 1824 mox

1850 1856 1913 1905 ut
1934 1849 2126 1916 valuit,
2156 1850 2273 1908 haec
2304 1853 2523 1909 vincula
2568 1856 2741 1925 exuit,
2790 1866 2845 1913 et
2896 1857 2964 1913 ad
2994 1859 3139 1931 (151)
3185 1858 3433 1932 Eligense

1850 1944 2246 1999 monasterium
2269 1960 2394 2000 cum
2424 1945 2603 2002 oﬂicio
2638 1949 2954 2005 sublimium
2985 1959 3273 2022 parentum
3298 1952 3432 2006 hos-

1848 2030 1926 2086 tia
1957 2030 2053 2087 Dei
2074 2034 2455 2106 commigravit
2482 2053 2495 2089 :
2526 2034 2618 2092 ubi
2640 2038 2877 2108 primum
2909 2040 3089 2109 beata,
3116 2048 3171 2096 et
3199 2042 3433 2096 inteme-

1850 2132 1967 2179 rata
1991 2133 2284 2181 matertera
2319 2142 2419 2182 sua
2450 2126 2598 2197 (15ἳ)
2628 2127 3011 2199 Etheldreda,‘
3039 2147 3103 2188 ac
3129 2132 3326 2189 deinde
3347 2147 3435 2189 so-

1850 2228 1945 2267 ror
1973 2213 2219 2284 ejusdem
2254 2215 2504 2287 virginis,
2548 2233 2670 2285 sua,
2706 2227 2768 2273 ut
2795 2219 3113 2289 przedictum
3145 2230 3248 2289 est,
3286 2220 3433 2291 avia,

1847 2304 2263 2376 principabatur
2308 2306 2611 2381 Sexburga.
2642 2307 2794 2366 Illico
2828 2312 3085 2383 abjicitur
3111 2316 3294 2371 cultus
3316 2323 3431 2370 ter-

1847 2395 1968 2450 reni
1998 2395 2215 2463 nitoris,
2260 2396 2506 2453 induitur
2532 2398 2752 2457 habitus
2781 2417 2952 2459 sacra:
2974 2403 3271 2476 religionis,
3330 2421 3432 2462 ve-

1848 2487 1950 2543 stis
1988 2487 2136 2559 pulla
2160 2504 2261 2560 pro
2305 2500 2626 2548 ornamento
2651 2494 2858 2565 gloriae,
2895 2497 3073 2553 velum
3102 2498 3297 2570 capitis
3324 2501 3432 2554 hu-

1847 2577 1976 2633 mile
2006 2595 2105 2649 pro
2134 2579 2286 2651 regni
2336 2581 2641 2638 assumitur
2685 2582 3011 2642 diademate.
3058 2586 3137 2643 Ita
3169 2589 3431 2659 praeclara

1845 2669 2001 2741 virgo
2068 2673 2311 2727 certabat
2366 2670 2588 2728 fastum'
2619 2677 2808 2732 mundi
2848 2678 3093 2748 calcare;
3148 2692 3330 2737 mente
3377 2688 3433 2736 et

1846 2760 2288 2830 conversatione,
2337 2762 2482 2818 velut
2530 2763 2620 2820 hic
2666 2767 2974 2837 peregrina,
3022 2769 3091 2823 ad
3130 2786 3426 2841 supernam

1846 2854 2084 2925 patriam
2131 2854 2393 2924 tendere;
2427 2864 2538 2912 tota
2578 2858 2749 2913 animi
2791 2860 3160 2917 submissione
3188 2862 3432 2917 humilli-

1845 2960 1993 3017 mam
2027 2945 2233 3002 Christi
2269 2948 2529 3004 exhibere
2579 2950 2854 3018 ancillam,
2893 2968 3059 3023 quam
3105 2953 3223 3026 ipse
3268 2954 3423 3010 exal-

1845 3047 1963 3094 tare
1991 3037 2310 3110 dignaretur
2348 3038 2405 3094 in
2439 3055 2722 3111 sponsam.
2761 3040 2965 3099 Omnes
2990 3044 3309 3100 monasterii
3344 3043 3431 3100 fa-

1770 3137 1816 3202 c
1847 3127 2085 3215 initiatus
2113 3130 2484 3202 anticipabat:
2527 3133 2784 3189 omnibus
2824 3149 2883 3190 se
2920 3132 3236 3191 inferiorem
3274 3136 3433 3191 exhi-

1847 3221 2009 3278 bebat
2033 3239 2046 3275 :
2072 3238 2201 3295 erga
2225 3223 2474 3278 omnium
2497 3225 2855 3282 necessitates
2872 3227 3169 3284 vulnerata:
3189 3228 3432 3285 charita—

1848 3315 1918 3371 tis
1946 3315 2158 3371 viscera
2183 3314 2549 3387 impendebat.

1852 3404 1859 3411 ’
1918 3408 1972 3465 5.
2003 3407 2123 3465 Jam
2156 3407 2269 3465 Deo
2304 3409 2558 3465 amabilis
2603 3418 2760 3481 pater
2792 3411 2913 3493 ejus
2938 3410 3200 3479 Wlferus,
3228 3414 3431 3469 multa-

1844 3517 1968 3557 rum
1991 3500 2348 3558 ecclesiarum
2394 3501 2709 3570 aedificator,
2734 3500 3082 3559 Christiania
3123 3502 3249 3559 fidei
3277 3520 3431 3560 sum-

1846 3609 1972 3650 mus
1994 3602 2209 3650 amator
2234 3608 2299 3649 ac
2334 3593 2614 3660 dilatator,
2655 3595 2858 3665 quippe
2887 3595 2982 3666 qui
3031 3595 3193 3650 etiam
3240 3597 3429 3667 subje-

1844 3696 1963 3743 ctos
1990 3702 2146 3758 reges
2181 3685 2353 3757 (135);
2383 3685 2526 3741 datis
2560 3686 2854 3755 provinciis
2896 3686 2950 3740 in
2982 3687 3308 3754 mercedem,
3360 3688 3429 3744 ad

1843 3778 2048 3835 Christi
2074 3778 2281 3833 cultum
2313 3777 2559 3844 attraxit,
2599 3778 2832 3848 septimo
2860 3777 3073 3833 decimo
3096 3778 3310 3848 imperii
3341 3780 3428 3835 sui

1844 3887 1992 3927 anno
2023 3868 2171 3942 (151)
2216 3869 2284 3925 de
2312 3869 2600 3940 temporali
2649 3885 2817 3942 regno
2856 3870 2922 3925 ad
2953 3884 3191 3940 perenne
3243 3879 3397 3927 trans

1843 3963 1958 4019 ivit.
1992 3962 2145 4019 Tunc
2166 3961 2484 4018 beatissima
2535 3961 2723 4033 regina
2772 3961 3118 4018 Eormenilda
3150 3972 3282 4034 'post
3307 3964 3430 4035 pios

1838 4038 2001 4111 ﬂetus
2026 4053 2375 4125 triumphans
2400 4067 2459 4108 se
2491 4052 2727 4108 solutam
2753 4070 2784 4108 a
2807 4054 3070 4109 mundiali
3095 4062 3309 4121 catena,
3333 4055 3427 4110 diu

1844 4147 2206 4204 desideratam
2238 4145 2711 4202 conversationem
2749 4145 3002 4214 arripuit,
3025 4152 3080 4199 et
3113 4160 3237 4200 cum
3268 4145 3427 4201 beata

1852 4239 1962 4294 illia
2007 4240 2064 4293 in
2118 4235 2326 4292 Eliensi
2374 4234 2712 4295 monasterio
2753 4235 2946 4306 jugum
2999 4234 3213 4290 Domini
3262 4248 3429 4291 suave

1842 4330 2029 4388 subiit.
2069 4327 2169 4384 Hic
2195 4327 2454 4398 deinceps
2502 4335 2659 4382 tanta
2709 4326 2977 4383 virtutum
3034 4324 3317 4397 ﬂagrantia
3372 4311 3443 4381 in.

1843 4421 1992 4477 omni
2023 4420 2314 4476 sanctitate
2338 4426 2393 4474 et
2415 4417 2681 4489 religione
2702 4415 2839 4471 vixit
2876 4414 3254 4488 infatigabilis,
3285 4425 3348 4472 ut
3374 4424 3430 4472 et

1845 4500 2155 4586 virginibus
2194 4511 2505 4581 exemplum
2528 4516 2685 4565 esset
2718 4509 2989 4565 castitatis
3018 4523 3084 4565 ac
3106 4509 3276 4564 totius
3311 4508 3427 4563 vir-

1845 4607 1999 4663 tutis.
2029 4602 2446 4660 Contendebant
2486 4601 2746 4656 alterutra
2791 4600 2991 4671 pietate
3023 4608 3200 4656 mater
3222 4608 3276 4655 et
3294 4599 3426 4667 tilia,

1836 4692 1969 4771 qua:
2006 4696 2286 4761 humilior,
2311 4709 2436 4766 quae
2479 4693 2656 4764 possit
2696 4707 2819 4748 esse
2863 4691 3166 4762 subjectior
3204 4709 3216 4745 :
3253 4699 3430 4746 mater

1838 4790 1951 4863 _sibi
1976 4786 2297 4861 praeferebat
2323 4785 2464 4857 ejus,
2491 4798 2656 4857 quam
2689 4791 2973 4856 genuerat,
3008 4781 3378 4853 virginitatem
3409 4802 3425 4849 ;

1832 4881 2000 4956 'virgo
2046 4879 2240 4937 matris
2287 4877 2669 4934 auctoritatem
2704 4892 2716 4928 :
2744 4875 3020 4955 utrimque
3052 4881 3109 4928 et
3131 4872 3352 4928 vincere
3376 4882 3430 4930 et

1836 5017 2012 5075 etiam
2060 5013 2417 5073 Merewaldus
2438 4988 2467 5079 ,'
2509 5011 2601 5068 hic
2648 5008 2899 5066 Mervvala
2925 4989 2959 5075 ,’
2991 5014 3218 5069 sanctus
3260 5005 3426 5063 habe.

1847 5098 1956 5146 tur.

1876 5166 1879 5171 '
1917 5155 2065 5230 (150)
2104 5155 2453 5230 Capgrav._et
2471 5168 2581 5230 _ms.
2614 5149 2756 5206 Bub.
2785 5149 2891 5230 val.
2923 5146 3285 5230 conscendere.

1945 5162 2045 5213 150
2104 5162 2372 5229 Capgrav.
2398 5162 2453 5209 et
2476 5168 2581 5208 ms.
2617 5162 2756 5206 ﬂub.
2785 5162 2891 5205 vat.
2923 5162 3285 5203 conscendere.

1917 5162 2069 5299 1151)
2100 5226 2255 5299 Elige
2283 5225 2441 5299 Beda:
2470 5224 2505 5278 l.
2534 5238 2608 5289 iv,
2645 5219 3047 5299 cap._l9;_ali_is
3077 5217 3205 5299 Εέὶρ
3228 5227 3285 5277 et
3314 5215 3424 5282 Elt,

1847 5287 1978 5360 olim
2006 5287 2424 5362 monasterium,
2449 5287 2601 5348 nunc»
2623 5287 2882 5362 oppidum
2914 5290 2971 5349 in
2998 5287 3178 5346 insula
3217 5303 3420 5362 cogno-

1849 5373 1999 5429 mine
2055 5368 2120 5423 ab
2150 5361 2417 5437 anguillis
2443 5363 2600 5437 juxta
2642 5361 2850 5437 Bedam
2875 5362 3163 5437 appellata,
3192 5361 3260 5437 ad
3294 5361 3416 5437 ﬂuv.

1848 5443 2117 5500 Giantum
2146 5430 2506 5511 _in'comitatu
2538 5430 3084 5505 Cantabrigiaa‘apud
3133 5430 3424 5488 orientales
3454 5482 3459 5487 .

2098 5575 2381 5634 Exstruxit
2408 5574 2540 5632 illud
2578 5574 2973 5635 monasterium
3003 5589 3094 5631 an.
3132 5572 3261 5642 675,
3292 5568 3430 5628 obiit

1849 5671 1938 5790 ³η(
1952 5654 2226 5790 gadium
2247 5718 2402 5790 plene
2429 5718 2769 5777 illustramus
2798 5718 2866 5774 l5
2888 5692 3048 5773 Febr.

1922 5790 2069 5869 (1⁸54)
2097 5793 2255 5846 Anno
2285 5790 2410 5846 675.
2892 5820 2897 5825 ι

2522 5937 2569 5951 ,σα
