3990 6298
527 336 634 410 tos

1524 342 1886 404 COSCELINI
1925 341 2488 402 CANTUARIENSIS
2525 342 2835 405 MONACHI

3692 346 3794 403 191

519 466 667 524 vinci
697 428 1023 539 gaudebant.
1055 463 1212 522 Nunc
1238 473 1421 521 autem
1464 464 1520 517 in
1547 458 1736 517 eodem
1763 456 2017 514 ccenobio
2040 456 2109 514 ad
2139 463 2186 523 Α
2212 458 2360 516 duna
2386 467 2567 515 autem
2597 459 2749 532 regio
2775 457 3106 530 patrimonio
3135 474 3258 529 suo,
3281 457 3428 531 quod
3449 467 3533 518 est
3558 459 3615 517 ln
3636 459 3801 520 Ham-

519 557 863 616 salutifcram
907 558 1081 630 ipsius
1124 555 1527 629 benignissimae
1571 549 1813 621 parentis
1862 549 2107 605 tumbam

517 650 816 721 conspicue
834 648 1114 714 elucescit,
1141 647 1340 719 quibus
1385 640 1685 699 clementiae
1711 638 2014 695 visceribus
2049 655 2109 695 se

518 741 576 797 in
602 752 837 798 cunctos
864 739 1162 806 diffuderit,
1214 738 1344 793 dum
1371 731 1729 803 corporaliter
1766 730 1927 799 vixit;
1968 729 2109 787 adeo

518 844 582 891 ut
627 835 840 907 experti
876 834 1050 905 ipsius
1103 827 1365 887 beneficia
1412 823 1651 880 audeant
1684 822 1916 879 fideliter
1950 836 2108 878 asse-

518 940 643 981 rere
677 925 828 996 quod
872 908 1079 980 nullus.
1106 918 1359 976 credulus
1423 913 1626 985 petitor
1658 911 1955 969 frustretur
1987 913 2109 985 ejus

520 1031 644 1087 ope.

588 1106 644 1163 6.
677 1105 853 1180 igitur
896 1114 1126 1178 patruus
1151 1100 1309 1156 alina‘.
1342 1097 1663 1170 Werburga:
1694 1113 1791 1154 rex
1834 1095 2110 1153 Ethelre-

518 1198 644 1265 dus,
705 1198 800 1270 qui
848 1195 1005 1251 fratri
1053 1189 1262 1247 Wlfero
1318 1197 1693 1258 successerat,
1741 1197 2110 1272 cum'sancta

517 1301 702 1349 mente
727 1292 894 1348 totius
921 1285 1232 1344 sanctitatis
1268 1296 1415 1344 esset
1443 1284 1895 1358 benignissimus,
1918 1283 2110 1340 videns

516 1382 573 1438 in
591 1383 746 1438 beata
780 1389 942 1450 nepte
963 1379 1205 1435 divinam
1232 1378 1573 1451 prudentiam
1598 1394 1664 1434 ac
1688 1377 2110 1433 sanctimoniam

513 1473 681 1529 altius
726 1471 1099 1542 resplendere,
1139 1471 1237 1543 qui
1289 1470 1552 1526 nimirum
1598 1469 1856 1525 virtutem
1894 1472 2112 1540 peterat

521 1562 665 1617 ultra
701 1562 1123 1635 germanitatem
1148 1561 1398 1635 diligere,
1430 1560 1654 1617 tradidit
1677 1561 1727 1616 ei
1749 1559 2112 1616 monasterio-

402 1682 417 1695 υ
517 1668 642 1709 rum
667 1652 1194 1722 sanctimonialium,
1226 1669 1350 1724 qua:
1385 1653 1442 1708 in
1477 1667 1580 1709 suo
1608 1666 1778 1723 regno
1807 1650 2107 1723 pollebant,

514 1742 909 1814 principatum.
961 1742 1198 1804 Pulchre
1243 1759 1378 1799 sane
1427 1758 1667 1814 superna
1700 1741 1756 1797 id
1806 1752 1995 1798 actum
2025 1751 2111 1798 est

514 1812 879 1905 providentia,
913 1844 975 1891 ut
1007 1850 1181 1892 sacrae
1239 1812 1624 1902 institutionis,
1675 1832 1835 1905 cujus
1866 1832 2107 1906 perfecta
2139 1812 2185 1872 Β

515 1934 636 1981 erat
659 1926 949 1997 discipula,
997 1926 1055 1982 in
1095 1925 1330 1982 salutem
1378 1924 1679 1980 multorum
1724 1925 2109 1985 decentissima

514 2016 658 2074 foret
686 2018 971 2090 magistra.

588 2108 639 2163 7.
672 2109 789 2165 Rex
832 2125 964 2165 vero
1006 2109 1184 2182 magis
1238 2124 1306 2165 ac
1342 2107 1519 2180 magis
1551 2106 1717 2178 carpit
1766 2106 1982 2178 imperii
2015 2116 2111 2163 ta:—

512 2199 664 2269 dere,
688 2202 821 2257 dum
843 2217 903 2258 se
926 2209 1204 2274 reputaret
1232 2199 1372 2255 inter
1401 2199 1686 2256 saecularia
1710 2199 1929 2270 negotia
1950 2198 2111 2269 quasi

514 2294 721 2351 animal
751 2294 961 2351 accline
991 2302 1175 2362 terrae,
1204 2291 1356 2347 illam
1386 2306 1517 2347 vero
1548 2290 1880 2346 columbinis
1913 2290 2111 2361 pennis

513 2387 844 2443 meritorum
885 2385 955 2441 ad
986 2386 1189 2442 calum
1213 2384 1467 2440 volitare.
1500 2382 1568 2438 Et
1598 2382 1731 2454 quid
1769 2380 1963 2453 plura?
1990 2378 2110 2437 Non

516 2477 728 2550 quievit
760 2485 931 2533 aestus
958 2475 1186 2548 spiritus
1212 2474 1321 2542 sui,
1344 2473 1520 2530 donec
1543 2473 1695 2546 (155)
1719 2471 1988 2544 vigesimo
2009 2485 2112 2526 no—

515 2584 592 2625 uo
626 2567 782 2640 regni
812 2567 899 2623 sui
932 2582 1080 2623 anno
1101 2566 1156 2621 in
1189 2565 1338 2637 (156)
1372 2562 1727 2620 Bardeniensi
1756 2561 2012 2619 coenobio
2042 2560 2111 2616 de

522 2675 651 2732 rege
687 2658 990 2716 efﬁceretur
1018 2657 1348 2723 monachus,
1377 2655 1473 2727 qui
1496 2655 1642 2711 idem
1662 2653 1778 2726 jam
1808 2651 1996 2709 favore
2023 2667 2113 2709 su-

516 2768 691 2825 perno
725 2751 991 2823 probatur
1012 2750 1227 2807 meritis
1252 2748 1620 2816 venerandus.

588 2843 645 2900 8.
680 2843 1047 2901 Dilectissima
1086 2850 1269 2899 autem
1301 2840 1414 2898 Deo
1450 2839 1772 2913 Werburga,
1804 2855 1935 2913 erga
1974 2837 2112 2896 sub—

514 2937 690 3011 jectos
712 2937 787 2992 ita
807 2944 927 2993 erat
945 2936 1228 3011 magistra,
1247 2943 1309 2990 ut
1330 2935 1512 3006 potius
1526 2934 1805 2990 videretur
1819 2932 2071 2989 ministra
2093 2949 2106 2987 :

513 3030 790 3102 aequabat,
813 3030 900 3086 vel
921 3030 1097 3103 magis
1118 3027 1443 3099 subjiciebat
1466 3043 1524 3083 se
1544 3026 1779 3093 inlimis;
1805 3025 2037 3093 malens,
2062 3023 2111 3081 si

515 3124 727 3192 liceret,
757 3124 939 3180 locum
975 3122 1340 3179 extremitatis
1388 3136 1554 3193 quam
1591 3118 1943 3191 praelationis.
1972 3116 2109 3175 Por-
2139 3154 2186 3220 ο

514 3218 668 3274 tabat
696 3232 888 3272 omnes
919 3216 1078 3288 quasi
1101 3214 1315 3273 viscera
1346 3229 1469 3281 sua,
1493 3210 1713 3267 fovebat
1734 3226 1798 3267 ac
1821 3210 1867 3266 si
1897 3209 2113 3266 uterina

515 3309 769 3381 pignora,
799 3308 1086 3365 erudiebat
1103 3305 1354 3378 exemplo
1378 3304 1641 3360 attentius
1667 3318 1834 3374 quam
1860 3301 2108 3374 imperio.

514 3400 716 3460 Totam
744 3400 1068 3473 possederat
1095 3399 1335 3466 dilectio,
1367 3406 1423 3454 et
1446 3396 1778 3469 benignitas,
1814 3411 1919 3465 pax
1942 3401 1998 3451 et
2022 3393 2113 3449 bi—

515 3493 726 3550 laritas.
750 3493 834 3549 Ad
870 3492 1178 3564 indigentes
1197 3488 1609 3563 promptissima
1636 3487 1713 3542 illi
1740 3486 2007 3559 largitas:
2043 3485 2113 3542 ad

515 3584 748 3642 afﬂictos
779 3583 1308 3656 compatientissima
1333 3590 1451 3637 erat
1475 3580 1688 3652 pictas:
1716 3577 1945 3635 adversa
1969 3578 2114 3635 ride-

515 3677 612 3734 bat
644 3678 926 3750 patientia,
959 3677 1215 3734 vincebat
1243 3673 1462 3742 fiducia,
1507 3673 1753 3729 calcabat
1775 3674 1987 3730 caelesti
2014 3673 2113 3729 lte-

518 3771 640 3826 titia
666 3787 696 3844 Δε
738 3771 807 3827 ad
859 3786 1020 3827 usum
1069 3784 1201 3826 vero
1243 3767 1442 3825 divina:
1489 3766 1771 3838 sapientia:
1813 3765 2115 3837 accipiebat

517 3877 810 3934 prospera,
832 3860 1219 3918 abstinentiam
1244 3874 1345 3931 pro
1366 3857 1596 3926 deliciis,
1614 3857 1827 3930 vigilias
1843 3872 1942 3929 pro
1963 3856 2112 3929 (157)

514 3969 716 4012 somno
741 3996 757 4022 ,
821 3954 1007 4010 labore
1064 3969 1164 4025 pro
1209 3953 1521 4023 voluptate,
1556 3950 1821 4006 lectiones
1873 3958 1929 4007 et
1987 3964 2115 4005 ora-

517 4049 697 4104 tiones
720 4063 907 4103 sacras
937 4062 1037 4118 pro
1071 4045 1251 4116 epulis
1274 4043 1512 4099 habebat
1544 4062 1558 4098 :
1595 4056 1826 4114 corpore
1848 4041 1901 4097 in
1924 4041 2111 4112 terris,

515 4141 707 4197 animo
730 4138 1167 4196 conversabatur
1203 4137 1260 4192 in
1290 4136 1467 4192 cwlis.

1133 4246 1371 4305 CAPUT
1410 4245 1500 4302 Ill.

518 4340 838 4398 Obdicnﬁa
871 4356 1121 4397 anserum
1157 4338 1484 4421 silvestrium
1507 4352 1528 4391 :
1557 4336 1916 4393 iuobedientia
1945 4335 2111 4392 villici

1210 4418 1422 4480 punita.

2210 558 2343 606 tuna
2367 550 2669 622 provincia,
2703 549 3010 622 jucundum
3044 557 3099 605 et
3128 550 3544 607 celeberrimum
3575 567 3608 609 a
3631 568 3802 626 gene-

2209 642 2421 699 ratione
2465 642 2520 697 in
2547 643 2957 715 generationem
2993 641 3100 700 hoc
3126 642 3248 714 ejus
3277 642 3607 700 miraculum
3640 659 3800 703 asse-

2211 734 2354 789 ritur
2375 734 2449 789 ab
2485 733 2601 804 ipsa
2623 724 2780 805 plebe
2809 742 2944 790 tota.

2279 825 2367 880 10.
2408 823 2547 881 Cum
2587 824 2642 880 in
2684 825 2858 896 ipsius
2880 823 3145 882 Wedunte
3170 826 3458 883 mansione
3490 836 3802 885 moraretur

2205 902 2358 987 regia
2404 915 2581 988 virgo,
2619 931 2782 989 agros
2809 915 2930 987 ejus
2979 916 3037 972 in
3069 915 3234 973 solito
3273 916 3485 974 inﬁnita
3533 933 3800 978 aucarum

2208 1006 2359 1079 (159)
2389 1007 2803 1078 indomitarum,
2843 1024 2982 1080 quas
3012 1016 3207 1081 gantas
3245 1018 3463 1078 vocant,
3494 1008 3799 1084 depopula-

2207 1099 2370 1155 batur
2411 1099 2729 1155 multitudo.
2778 1097 3006 1156 Nuntiat
3037 1100 3379 1158 domesticus
3419 1101 3658 1158 ruricola
3693 1101 3804 1160 hoc

2207 1190 2472 1248 damnum
2506 1191 2743 1247 domina:
2788 1208 2922 1248 suae.
2969 1191 3125 1250 Tunc
3175 1193 3269 1249 illa
3311 1194 3650 1266 magnanimi
3691 1193 3804 1251 ﬁde

2208 1284 2467 1354 przecepit
2518 1284 2597 1338 illi
2644 1292 2705 1339 ut
2756 1298 2950 1340 omnes
3004 1284 3334 1354 adduceret,
3376 1293 3432 1340 et
3475 1284 3801 1352 includeret,

2209 1389 2362 1429 more
2395 1373 2604 1432 scilicet
2630 1375 2978 1445 animalium,
3013 1376 3110 1448 qui
3141 1375 3445 1448 depascunt
3474 1376 3684 1434 alienas
3712 1393 3805 1434 se-

2210 1474 2378 1540 getes.
2404 1464 2574 1535 Vade,
2606 1467 2806 1540 inquit,
2831 1476 2886 1524 et
2906 1484 3099 1525 omnes
3134 1468 3238 1525 has
3263 1468 3805 1537 volucresintroduc

2210 1556 2338 1613 huc.
2373 1555 2549 1612 ltabat
2590 1556 2680 1612 ille
2713 1557 2878 1614 altius
2905 1557 3320 1629 obstupescens,
3351 1572 3420 1612 an
3450 1557 3700 1629 garriret,
3728 1572 3805 1613 an

2210 1648 2468 1705 deliraret
2494 1649 2610 1704 haec
2639 1649 2834 1720 iussio.
2880 1647 3173 1717 Quomodo
3202 1649 3350 1704 enim
3389 1656 3681 1719 suspectus
3706 1648 3808 1704 ad-

2211 1756 2347 1796 vena
2374 1748 2453 1796 tot
2482 1740 2724 1796 volatilia
2764 1741 2846 1797 ire
2871 1740 3155 1812 gressibus
3179 1739 3246 1821 in
3279 1740 3502 1797 vincula
3552 1749 3804 1813 cogeret,

2213 1833 2415 1905 quibus
2443 1848 2543 1905 per
2577 1833 2780 1890 ccelum
2819 1832 3051 1889 evadere
3090 1832 3323 1889 liceret?
3367 1832 3678 1902 Quomodo,
3712 1834 3808 1889 in-

2211 1925 2353 1995 quit,
2376 1925 2444 1982 ad
2476 1926 2717 1997 primum
2741 1941 3024 1982 accessum
3064 1942 3248 1982 meum
3274 1927 3331 1982 in
3357 1928 3561 1984 aethera
3585 1926 3809 1999 fugien-

2212 2025 2295 2072 tes
2321 2017 2431 2073 huc
2445 2017 2803 2074 convertam?
2835 2015 2993 2073 Tunc
3013 2016 3168 2090 virgo
3190 2017 3532 2089 propositum
3555 2033 3761 2090 urgens
3789 2038 3808 2075 :

2212 2106 2382 2175 Vade,
2420 2109 2518 2175 ait,
2554 2108 2906 2180 quantocius,
2954 2116 3009 2164 et
3054 2124 3121 2165 ex
3167 2117 3359 2165 nostro
3388 2109 3552 2180 jussu
3610 2124 3811 2167 omnes

2211 2199 2391 2256 adduc
2417 2199 2476 2254 in
2511 2200 2819 2255 custodiam
2843 2208 3110 2256 nostram.
3143 2199 3236 2256 Ille
3262 2201 3464 2257 timens
3490 2201 3575 2256 vel
3611 2216 3813 2273 super-

2210 2306 2448 2347 vacuum
2498 2289 2704 2346 dictum
2739 2291 2878 2347 divae
2923 2291 3293 2363 praeceptricis
3338 2291 3632 2365 negligere,
3680 2301 3814 2363 post

2211 2398 2406 2439 omnes
2427 2382 2596 2451 vadit,
2646 2382 2948 2454 dicensque
2988 2382 3098 2438 illis
3125 2400 3138 2439 :
3167 2381 3265 2451 Ite,
3303 2382 3377 2437 ite
3412 2382 3481 2439 ad
3522 2382 3811 2439 dominam

2212 2483 2457 2532 nostram
2482 2493 2501 2544 ;
2527 2491 2721 2532 omnes
2745 2484 2871 2531 ante
2906 2490 2988 2542 se,
3024 2491 3090 2533 ac
3106 2474 3153 2531 si
3178 2474 3392 2547 captiva
3420 2490 3642 2546 pecora,
3669 2477 3808 2549 agit.

2210 2566 2371 2624 Nulla
2398 2567 2518 2624 avis
2550 2567 2618 2624 de
2642 2575 2795 2624 tanto
2823 2576 2971 2625 coetu
2994 2582 3231 2639 pennam
3272 2568 3494 2639 levavit,
3518 2569 3615 2627 sed
3642 2569 3813 2640 quasi

2212 2660 2509 2732 implumes
2534 2660 2681 2733 pulli.
2714 2659 2801 2717 vel
2824 2660 2928 2717 alis
2971 2661 3172 2717 excisa:
3212 2659 3545 2732 pedetentim
3588 2677 3649 2718 se
3677 2677 3814 2734 per-

2216 2753 2546 2822 movebant,
2592 2751 2832 2827 pedestri
2874 2752 3095 2810 incessu
3130 2752 3426 2811 submissis
3466 2753 3624 2811 collis
3661 2754 3815 2811 velut

2212 2860 2315 2917 pro
2354 2843 2682 2902 confusione
2724 2853 2911 2902 reatus
2946 2845 3033 2902 sui
3076 2845 3449 2901 adventabant
3481 2862 3494 2899 :
3532 2847 3614 2902 sic
3663 2846 3816 2903 intra

2213 2936 2425 2994 curiam
2447 2937 2653 3010 judicis
2679 2950 2793 2993 suae
2816 2937 3041 3008 trepida:
3061 2945 3116 2994 et
3139 2952 3447 3009 suppressae
3467 2938 3626 3009 quasi
3651 2938 3815 2994 dam-

2213 3040 2356 3088 nata:
2377 3046 2436 3086 se
2455 3030 2743 3103 collegere,
2766 3029 2951 3101 ibique
2974 3029 3123 3102 (140)
3159 3030 3520 3086 rctruduntur
3550 3031 3813 3102 captiva,

2213 3123 2301 3180 vel
2334 3123 2510 3196 magis
2533 3132 2824 3180 servantur
2851 3122 3221 3195 indulgentiae.

2288 3215 2376 3271 11.
2404 3214 2632 3272 Noctem
2679 3215 2827 3272 illam
2862 3215 2974 3270 filia
3022 3215 3183 3284 lucis,
3217 3214 3297 3270 uti
3338 3222 3726 3283 consueverat,
3755 3215 3816 3271 in

2214 3306 2435 3382 hymnis
2508 3306 2822 3364 caelestibus
2867 3323 2937 3363 ac
2993 3307 3250 3378 precibus
3313 3315 3613 3378 perpetua:
3647 3322 3821 3364 mane

2215 3416 2410 3458 omnes
2439 3401 2664 3457 advena:
2695 3399 2856 3456 elatis
2882 3400 3114 3457 vocibus
3150 3408 3483 3470 concrepant
3515 3399 3584 3455 ad
3625 3398 3817 3455 domi-

2215 3510 2366 3561 nam,
2412 3493 2571 3566 quasi
2615 3492 2835 3549 veniam
2869 3501 2926 3550 ct
2970 3493 3273 3565 emigrandi
3304 3500 3593 3564 poscentes
3633 3491 3820 3549 licen-

2215 3587 2369 3643 tiam.
2413 3586 2486 3641 At
2524 3586 2637 3654 illa,
2681 3594 2741 3642 ut
2782 3593 2902 3643 erat
2934 3601 3063 3659 erga
3109 3600 3329 3641 omnem
3360 3583 3457 3640 Dei
3495 3593 3821 3640 creaturam

2214 3680 2631 3752 benignissima,
2677 3680 2956 3737 absolutas
2980 3662 3137 3750 jubet
3166 3677 3389 3746 dimitti,
3436 3677 3822 3734 interminans

2215 3790 2286 3830 ne
2321 3774 2464 3830 ultra
2497 3775 2763 3830 auderent
2803 3773 2859 3828 in
2905 3773 3056 3829 hunc
3102 3773 3287 3829 locum
3336 3773 3570 3846 regredi.
3627 3770 3821 3828 Unam

2215 3876 2399 3923 autem
2450 3882 2519 3922 ex
2567 3867 2651 3923 eis
2700 3866 2925 3938 quidam
2973 3865 3354 3922 ministrorum
3412 3864 3601 3920 exiens
3660 3863 3824 3920 furto

2215 3957 2538 4024 abstulerat,
2593 3965 2649 4012 et
2702 3958 3019 4014 occuluerat
3054 3974 3071 4011 :
3106 3972 3345 4029 cumque
3398 3971 3590 4012 omnes
3649 3956 3826 4012 elatis

2214 4047 2413 4120 pennis
2455 4047 2511 4102 in
2545 4063 2655 4103 tera
2695 4063 2755 4104 se
2783 4049 3160 4115 sustulissent,
3209 4062 3442 4118 seseque
3475 4046 3826 4118 circumspi-

2213 4139 2406 4195 ciendn
2448 4140 2832 4210 requisissent,
2876 4141 3139 4197 damnum
3174 4137 3518 4196 contubernii
3565 4138 3654 4193 sui
3699 4154 3826 4195 una

2211 4232 2439 4288 absente
2467 4231 2614 4305 (141)
2639 4241 2984 4304 percensent.
3018 4232 3306 4304 Extemplo
3333 4232 3624 4288 universus
3649 4246 3831 4288 exer-

2214 4323 2358 4380 citus
2403 4340 2569 4396 supra
2607 4325 2832 4381 domum
2874 4325 3102 4398 virginis
3130 4325 3278 4399 (142)
3319 4324 3674 4398 glomeratur,
3725 4323 3831 4380 in-

2213 4425 2378 4491 gentu
2421 4418 2649 4489 strepitu
2696 4417 2958 4489 injuriam
3008 4415 3222 4489 collegii
3269 4416 3357 4472 sui
3401 4416 3777 4486 conqueritur
3805 4435 3828 4472 :

590 4504 646 4560 9.
676 4501 783 4559 Sed
809 4503 925 4575 jam
958 4501 1190 4559 forsitan
1230 4501 1489 4556 lectorem
1525 4500 1820 4567 lassamuS,
1844 4498 1977 4555 dum
2003 4497 2110 4553 mi-
2138 4499 2190 4560 D
2216 4508 2415 4565 cmlum
2460 4508 2702 4581 undique
2735 4508 2951 4566 diffusis
2990 4508 3164 4580 copiis
3208 4505 3500 4580 obtegitur,
3545 4514 3605 4562 ut
3643 4506 3833 4576 quasi

519 4594 712 4651 tacula
751 4594 1162 4665 suspendimus.
1188 4590 1399 4662 Majora
1426 4589 1708 4645 miraculis
1739 4598 1868 4645 sunt
1892 4589 2110 4657 merita,

512 4687 722 4759 quibus
753 4685 872 4759 ipsa
901 4696 1031 4743 sunt
1072 4686 1332 4742 miracula
1358 4704 1373 4743 :
1410 4685 1541 4757 quia
1572 4694 1805 4756 possunt
1831 4701 1954 4742 esse
1982 4702 2110 4756 per-

517 4782 664 4838 fecta
709 4782 904 4838 merita
949 4782 1159 4855 absque
1206 4781 1404 4854 signis,
1452 4781 1610 4855 signa
1641 4796 1773 4838 vero
1804 4781 1940 4836 nihil
1982 4791 2112 4837 sunt

514 4873 730 4945 absque
762 4873 993 4929 meritis.
1032 4875 1105 4929 At
1153 4889 1284 4930 vero
1321 4875 1510 4932 multis
1567 4874 1915 4930 mirabilibus
1945 4872 2108 4929 etfui-

514 4965 660 5021 sisse
687 4965 953 5036 probatur
984 4964 1307 5038 dignissima
1340 4967 1528 5040 virgo,
1577 4975 1632 5023 et
1665 4966 1721 5021 in
1751 4965 1959 5022 Eliensi
1989 4980 2106 5022 cae-

515 5056 707 5125 nobio,
741 5065 798 5113 et
838 5072 1171 5131 quocunque
1206 5058 1439 5133 degebat
1485 5061 1628 5117 loco.
1667 5058 1727 5117 In
1778 5058 1929 5133 (158)
1975 5057 2108 5115 We-

592 5272 930 5401 Elgibgdnno
956 5273 1059 5331 704
1087 5285 1329 5349 cceperat
1355 5292 1585 5352 regnare
1606 5293 1643 5334 a
1667 5287 1844 5335 morte
1871 5274 2109 5334 Wulferi

514 5357 614 5400 an.
637 5357 762 5401 15⁷15.

592 5415 637 5485 (4
650 5416 739 5497 56)
766 5414 1036 5497 Bai-dgna,
1063 5416 1361 5497 ligantem},
1389 5418 1749 5497 Peartaneau,
1775 5418 2109 5497 vulgoBar:

514 5482 678 5566 ἁμές,
710 5482 763 5541 in
793 5482 1404 5566 comitalu_l._incoluite,
1429 5505 1530 5546 nec
1557 5482 1749 5562 procul
1775 5489 1845 5546 ab
1873 5482 2009 5546 urbe
2034 5489 2105 5547 ad

515 5558 799 5629 sinistram
814 5558 1011 5629 _ripam
1047 5558 1351 5615 Withamae.

603 5627 753 5695 (157)
780 5627 1213 5686 Μεξϐθηὼόεηί
1235 5630 1526 5686 solemniis.

603 5633 731 5695 (157
780 5633 881 5684 Ms.
911 5633 1213 5686 Cambdeni
1235 5633 1526 5686 solemniis.

594 5633 753 5769 (158;
781 5698 1045 5770 Weduna,
1073 5700 1129 5755 in
1172 5698 1459 5756 ltinerario
1487 5701 1773 5770 Antonini,
1821 5709 1884 5757 ut
1919 5710 2108 5759 censet

519 5762 887 5839 Cautbdenus,
915 5762 1257 5841 Bauavenua,
1288 5771 1451 5843 wlgo
1481 5769 1705 5842 Wedon,
1733 5762 1800 5829 ad
1823 5773 2103 5829 Ausonam

2216 4601 2322 4657 hac
2345 4616 2479 4657 voce
2509 4600 2751 4656 humana
2775 4600 3044 4672 judicium
3072 4598 3427 4655 miseratricis
3455 4613 3569 4654 suae
3603 4597 3834 4668 implo—

2214 4707 2340 4747 rare
2367 4692 2727 4748 viderentur:
2760 4690 2971 4760 Quare,
3021 4690 3266 4759 domina,
3298 4706 3425 4747 cum
3462 4706 3659 4747 omnes
3704 4705 3835 4747 nos

2211 4784 2539 4840 relaxaverit
2562 4793 2655 4840 tua
2681 4785 2991 4854 clementia,
3022 4798 3130 4840 una
3154 4799 3222 4840 ex
3245 4784 3404 4840 nobis
3445 4792 3662 4838 tenetur
3716 4797 3839 4839 θει-
3908 4777 3921 4783 “

2210 4876 2394 4946 ptiva?
2420 4875 2487 4932 Et
2513 4883 2693 4948 potest
2711 4878 2829 4933 lucc
2849 4877 3112 4950 iniquitas
3131 4876 3300 4933 latere
3334 4877 3392 4931 in
3420 4875 3584 4932 domo
3606 4884 3838 4931 sancta

2213 4973 2330 5034 tua,
2361 4973 2417 5022 et
2443 4965 2588 5023 fteda
2638 4969 2914 5040 rapacitas
2938 4970 3122 5026 valere
3160 4969 3266 5026 sub
3309 4977 3406 5025 tua
3447 4967 3782 5024 innocentia
3806 4968 3839 5023 2

2215 5054 2451 5134 Egressa
2480 5075 2612 5134 ergo
2636 5061 2825 5119 divina
2850 5062 3005 5136 virgo
3034 5063 3101 5119 ad
3127 5076 3381 5118 murmur
3413 5069 3579 5116 tantae
3600 5058 3835 5131 plebis,

2215 5283 2357 5359 ﬂuv.
2379 5284 2476 5356 qui
2531 5284 2659 5359 inde
2688 5285 3194 5359 Northametoniam
3237 5286 3442 5355 deﬂuit,
3472 5296 3635 5359 caput
3680 5302 3845 5359 pro‘

2216 5357 2413 5429 vincia:
2441 5373 2565 5429 quae
2594 5358 2685 5414 bic
2713 5356 2986 5414 llamtuna
3023 5360 3243 5414 dicitur.

2290 5427 2440 5499 (159)
2460 5427 2670 5499 Ὁαρειδ.
2702 5437 2758 5484 et
2801 5443 2906 5485 ms.
2940 5429 3082 5484 Rub.
3132 5429 3239 5486 val.
3279 5428 3613 5486 silvestrium
3631 5446 3846 5488 auen-

2214 5514 2361 5566 rum,
2386 5499 2440 5555 id
2466 5507 2554 5553 est
2574 5514 2856 5554 anserum.

2313 5571 2438 5641 140)
2468 5566 2631 5641 I_bid.,
2661 5568 3025 5641 recluduntur.

2314 5638 2426 5695 Ml
2473 5638 2641 5708 lbid.,
2668 5639 3017 5711 perpendam.

2314 5643 2437 5784 142i
2463 5709 2624 5783 lbid.,
2656 5717 3017 5783 congregatur.

2311 5709 2434 5783 142)
2463 5709 2624 5783 lbid.,
2656 5709 3020 5783 congregatur.
