3972 6296
1229 341 1391 396 VITA
1431 339 1489 395 S.
1525 335 1998 394 WEREBURGE
2039 339 2358 396 VlllGlNlS.

3325 355 3341 407 I
3355 357 3424 412 06

160 475 218 523 ct
263 463 698 536 querimoniam,
749 459 1016 518 intellexit
1059 474 1282 516 causam
1301 503 1316 529 ,
1359 460 1475 516 acsi
1512 457 1751 530 praefatis
1780 457 1826 513 A
1853 455 1964 513 Deo
1987 458 2346 532 Werburgam
2367 475 2531 532 quam
2562 462 2748 520 multis
2770 465 2890 519 aliis
2925 465 3094 536 signis
3112 466 3421 536 emicuisse,

159 559 352 614 verbis
376 556 654 621 auditam;
701 553 954 624 protinus
1002 560 1406 622 perscrutatum
1451 549 1749 621 (145)1“υι’-

161 661 282 706 tum
307 665 438 704 reus
466 649 583 718 ipse
611 645 875 717 publicat,
901 652 1286 714 receptamque
1313 644 1592 700 volucrem
1637 658 1751 698 suae

161 739 314 810 genti
345 739 434 808 pia
467 737 815 793 conciliatrix
852 735 1112 802 associat,
1143 742 1199 790 et
1224 735 1378 790 abire
1415 734 1580 790 simul
1604 748 1748 804 prae-

157 832 306 886 dicta
331 829 644 886 conditione
672 828 914 884 mandat.
945 825 1156 893 Quibus
1199 826 1460 881 nimirum
1506 825 1587 880 sic
1625 839 1749 896 ges-

159 923 350 987 tiebat,
380 922 598 977 dicebat
621 921 859 992 benigno
885 920 1070 976 animo
1099 935 1112 971 :
1151 916 1747 984 Benedicite,volucres

156 1014 303 1080 caeli,
338 1013 593 1067 Domino.
622 1010 734 1067 Nec
757 1026 948 1078 mora;
975 1009 1156 1066 omnis
1185 1009 1275 1064 illa
1299 1007 1583 1064 concioita
1612 1023 1745 1062 avo-

155 1104 308 1169 lavit,
348 1111 410 1158 ut
445 1103 596 1158 nulla
639 1102 803 1172 hujus
831 1101 1046 1171 generis
1084 1099 1300 1156 avicula
1340 1098 1396 1153 in
1440 1098 1559 1168 ipsa
1601 1108 1745 1152 terra

156 1197 315 1251 alma:
347 1195 696 1266 Werburgze,
730 1204 790 1250 ut
817 1195 1027 1250 famose
1068 1203 1426 1260 memoratur,
1471 1194 1614 1248 ultra
1654 1209 1743 1248 re-

158 1297 310 1358 perta
343 1289 441 1342 sit.
473 1286 618 1343 Bene
638 1302 770 1358 ergo
799 1286 875 1341 illi
920 1287 1163 1357 pecualis
1193 1295 1446 1342 creatura
1480 1286 1741 1356 parebat,

156 1395 275 1449 qua:
295 1379 554 1435 omnium
579 1378 828 1435 Creatori
857 1385 969 1434 tota
993 1377 1284 1434 devotione
1305 1377 1508 1449 jugiter
1535 1377 1748 1432 obtem-

157 1471 402 1542 perabat.
432 1470 567 1526 Tale
588 1487 816 1541 prorsus
837 1470 1160 1526 miraculum
1183 1470 1237 1524 in
1268 1468 1390 1524 Vita
1415 1469 1744 1524 beatissimae

155 1562 382 1633 virginis
421 1561 766 1633 Amelberga:
787 1562 960 1634 (144),
996 1577 1164 1633 quam
1189 1570 1382 1617 nostro
1407 1561 1547 1632 stle
1583 1576 1742 1616 recu-

157 1653 356 1720 dimus,
393 1654 621 1726 legitur,
670 1662 945 1724 quatenus
999 1655 1056 1709 in
1108 1653 1302 1710 eodem
1355 1668 1520 1724 opere
1552 1653 1744 1708 eadem

157 1747 287 1802 fides
317 1748 637 1818 utriusque,
669 1747 796 1803 licet
825 1747 1045 1804 diverso
1080 1755 1324 1818 tempore
1351 1755 1408 1802 et
1431 1746 1555 1802 loco
1581 1746 1745 1802 exsti-

159 1839 340 1903 terint,
373 1839 788 1909 comprobetur.
989 1883 994 1887 .

225 1930 310 1984 l2.
359 1928 600 1996 Quantae
653 1938 836 1985 autem
890 1928 1217 1990 humilitatis
1268 1927 1475 1996 fuerit,
1525 1936 1746 1998 quanta:

160 2020 314 2075 etiam
345 2021 500 2092 apud
523 2020 698 2076 Deum
726 2021 1101 2088 sublimitatis,
1127 2020 1183 2075 in
1194 2021 1387 2076 eodem
1401 2021 1526 2076 loco
1539 2018 1744 2076 Wedu—

166 2115 308 2170 nensi
357 2115 492 2171 aliis
541 2115 904 2171 conﬁrmatur
959 2113 1200 2174 indiciis.
1245 2112 1378 2169 Erat
1413 2112 1494 2167 illi
1526 2127 1744 2167 armen-

170 2205 346 2271 tarius,
381 2207 476 2261 vir
519 2206 624 2277 piae
671 2205 1130 2273 conversationis,
1185 2214 1241 2260 et
1268 2212 1536 2274 quantum
1590 2203 1744 2259 licuit

177 2298 270 2352 sub
290 2299 528 2354 humana
562 2299 824 2354 servitute
847 2307 1049 2354 sanctae
1070 2298 1214 2366 vitae,
1245 2298 1339 2368 qui
1366 2306 1421 2352 et
1463 2296 1580 2353 suis
1603 2296 1742 2352 locis

186 2388 316 2445 fama
373 2393 700 2448 meritorum
761 2401 1116 2463 perpetuatur
1185 2406 1251 2448 ac
1323 2390 1583 2447 recolitur
1633 2389 1742 2445 fes-

193 2482 730 2554 tive(l45),Alnotus
774 2485 1016 2542 nomine.
1048 2483 1206 2541 Hunc
1244 2484 1462 2540 villicus
1503 2483 1742 2540 dominae

181 2589 296 2629 cum
345 2575 482 2632 forte
533 2579 771 2634 laniaret
809 2577 1203 2634 cruentissimo
1248 2577 1504 2644 verbere,
1551 2584 1606 2631 et
1651 2574 1740 2629 ille

172 2666 336 2720 omnia
369 2667 428 2722 in
459 2667 558 2724 Dei
583 2669 805 2724 nomine
837 2669 1094 2724 toleraret
1117 2667 1576 2735 mansuetissime,
1595 2667 1738 2724 alma

171 2757 378 2829 virginis
405 2760 728 2830 compassio
772 2774 879 2814 non
907 2759 1091 2814 ferens
1129 2759 1394 2824 dolorem,
1427 2759 1639 2828 proruit
1671 2759 1740 2815 ad

170 2850 316 2918 pedes
348 2850 616 2923 indignos
649 2851 880 2919 lanistae,
907 2852 1152 2908 clamans
1181 2868 1308 2908 cum
1351 2867 1534 2923 prece,
1569 2861 1624 2909 et
1651 2854 1738 2908 in-

167 2942 472 3012 crepatione
501 2959 517 2996 :
553 2963 574 2995 ‹
603 2941 774 2999 Parce
806 2959 906 3015 pro
934 2943 1031 3000 Dei
1053 2960 1262 3013 amore,
1289 2960 1462 3015 quare
1480 2945 1737 3001 excarni-

165 3033 282 3089 licas
316 3035 607 3090 hominem
663 3035 1032 3103 innocentem,
1074 3037 1220 3107 apud
1274 3035 1738 3092 altissimum-tin-

1850 557 1906 601 et
1947 549 2156 604 caelesti
2187 551 2453 606 beneficio
2479 552 2731 608 diversos
2758 569 2934 625 aegros
2976 571 3041 610 ac
3089 557 3296 614 debiles
3325 576 3425 616 cu—

1849 651 2022 692 rasse.
2056 637 2238 694 Potuit
2273 639 2438 695 etiam
2479 641 2662 697 divina
2695 642 3054 713 inspiratione
3100 647 3256 715 plura
3287 664 3427 718 prm-

1848 728 1990 783 scire
2015 745 2079 783 ac
2101 732 2415 799 praedicere,
2443 733 2697 804 diemque
2719 735 2994 802 ultimum,
3022 753 3185 807 quem
3212 754 3428 810 semper

1846 833 1959 888 prae
2003 821 2178 877 oculis
2221 823 2474 892 habebat,
2508 834 2728 896 totaque
2771 829 3048 899 vigilantia
3098 846 3223 886 cum
3266 831 3423 888 ﬂam-

1847 909 2016 964 manti
2040 909 2287 981 lampade
2308 914 2524 970 eminus
2553 917 2952 985 observaverat,
2971 919 3086 990 jam
3112 917 3424 992 proximum

1846 999 2100 1069 ignorare
2132 1004 2410 1072 nequibat.
2451 1005 2589 1060 Cum
2623 1022 2754 1078 ergo
2784 1012 2935 1065 omni
2964 1011 3203 1081 familiae,
3239 1023 3295 1070 et
3312 1031 3427 1070 mo-

1846 1093 2104 1148 nasteriis
2137 1094 2240 1148 sibi
2290 1097 2514 1154 creditis
2561 1114 2674 1168 pra:
2717 1101 2885 1157 nimia
2921 1103 3188 1162 charitate
3221 1106 3423 1178 jugiter

1845 1192 2056 1252 Optaret
2090 1185 2316 1253 adesse;
2349 1197 2402 1242 et
2427 1200 2648 1244 econtra
2673 1192 2807 1246 nulli
2833 1193 3110 1251 tolerabile
3145 1197 3423 1254 videretur

1845 1289 1944 1329 sua
1972 1274 2116 1331 dulci
2143 1279 2430 1346 praesentia
2455 1296 2640 1336 carere
2664 1301 2677 1348 ;
2706 1283 2864 1354 elegit
2881 1296 3062 1341 tamen
3087 1288 3268 1342 divina
3290 1304 3424 1359 pra:-

1845 1364 2071 1420 scientia
2100 1375 2154 1420 et
2185 1368 2462 1424 voluntate
2507 1369 2863 1444 Heamburga:
2898 1373 3047 1443 (149)
3080 1379 3417 1433 monasterio

1845 1456 2190 1526 requiescere
2232 1474 2482 1530 corpore,
2531 1478 2654 1532 quae
2693 1465 2948 1520 omnibus
2978 1481 3192 1536 semper
3220 1484 3422 1537 reprae-

1845 1555 2156 1602 sentaretur
2229 1560 2430 1605 mente.
2509 1549 2874 1617 Quamobrem
2945 1555 3199 1626 praecepit
3267 1555 3418 1628 (150)

1846 1635 2277 1711 lleamburgensi
2327 1641 2568 1710 familiae,
2617 1650 2678 1698 ut
2720 1644 3030 1716 ubicunque
3063 1648 3323 1720 migraret
3351 1663 3421 1704 ex

1843 1729 1948 1784 hac
2000 1731 2138 1798 luce,
2189 1733 2288 1802 ipsi
2339 1734 2716 1791 incunctanter
2778 1737 3055 1805 venirent,
3112 1755 3422 1811 corpusque

1845 1823 1964 1894 ejus
1986 1826 2052 1879 ad
2078 1842 2236 1881 suum
2268 1829 2660 1883 monasterium
2687 1836 3120 1898 transportarent
3143 1832 3311 1902 (151).

1917 1917 2002 1970 14.
2031 1915 2190 1972 Venit
2237 1934 2366 1990 ergo
2417 1921 2679 1975 caelicolae
2719 1920 2918 1990 virgini
2947 1922 3039 1977 diu
3077 1923 3420 1980 desideratus

1842 2008 1967 2064 ﬁnis
1991 2018 2331 2064 terrenorum
2367 2012 2639 2078 laborum,
2666 2028 2729 2067 ac
2752 2013 3024 2080 dolorum,
3059 2021 3112 2070 et
3138 2015 3420 2088 ingressus

1841 2101 2145 2156 cmlestium
2169 2112 2606 2174 aeternorumque
2632 2105 2957 2176 gaudiorum
2994 2123 3007 2159 :
3045 2122 3152 2162 nox
3195 2109 3422 2163 immor-

1841 2192 2070 2249 talitatis
2097 2195 2384 2264 processit,
2415 2206 2468 2250 et
2494 2196 2613 2251 dies
2653 2198 2976 2254 aeternitatis
3005 2198 3184 2254 illuxit
3219 2217 3231 2252 :
3262 2209 3418 2256 tene-

1842 2281 1953 2336 brat
1983 2283 2339 2350 transierunt,
2386 2293 2441 2339 et
2472 2285 2654 2338 lumen
2683 2299 2875 2340 verum
2919 2287 3077 2354 luxit,
3107 2303 3173 2343 ac
3216 2291 3298 2345 sol
3331 2291 3421 2345 lae-

1839 2373 1973 2427 titiaa
2005 2376 2262 2444 perennis
2285 2385 2442 2430 ortus
2469 2385 2554 2431 est
2585 2377 2683 2430 illi.
2719 2376 3004 2434 Gaudebat
3045 2381 3202 2436 beata
3237 2382 3419 2438 anima

1839 2465 1997 2534 quasi
2023 2465 2090 2520 ad
2119 2466 2308 2536 epulas
2351 2467 2597 2533 invitata,
2633 2465 2884 2524 videlicet
2909 2470 2976 2525 de
3001 2471 3195 2526 exsilio
3221 2473 3287 2526 ad
3321 2487 3418 2541 pa-

1839 2557 2022 2624 triam,
2048 2557 2116 2613 dc
2161 2573 2382 2614 carcere
2413 2561 2479 2614 ad
2523 2575 2776 2630 regnum,
2809 2561 2876 2616 de
2906 2571 3080 2617 morte
3113 2562 3182 2617 ad
3226 2563 3418 2629 vitam,

1839 2649 1906 2706 de
1930 2649 2244 2720 captivitate
2279 2651 2345 2706 ad
2383 2651 2746 2722 triumphum,
2785 2652 2854 2708 de
2903 2654 3190 2725 tyrannide
3233 2655 3418 2710 saeculi

1840 2741 1908 2796 ad
1953 2742 2126 2808 illum,
2170 2757 2331 2812 quem
2369 2743 2735 2810 desiderabat,
2769 2759 3032 2814 sponsum
3075 2745 3421 2816 sempiternaa

1842 2834 2067 2905 gloriae,
2127 2835 2444 2890 transitura.
2505 2833 2759 2905 Deposita
2816 2836 3000 2906 itaque
3052 2837 3106 2891 in
3165 2838 3420 2894 cmnobio

1840 2925 1988 2996 quod
2020 2923 2411 2995 Tricengeham
2439 2925 2589 2997 (152)
2621 2926 2945 2996 appellatur,
2974 2941 3073 2996 per
3093 2927 3414 2998 languorem

1839 3025 1896 3073 et
1917 3026 2150 3074 mortem
2177 3017 2428 3088 corporis
2457 3018 2526 3072 ad
2554 3017 2884 3074 immortalia
2910 3018 3175 3078 solemnia
3219 3020 3289 3074 ab
3319 3036 3418 3074 an-

164 3137 458 3195 φεοιοτεω
484 3127 746 3183 omnibus
791 3127 950 3184 nobis
980 3128 1065 3200 (ιη
1087 3128 1274 3199 credo)
1307 3129 1729 3199 acceptior“...
1762 3148 1810 3213 Ο
1842 3110 2031 3182 gelicis
2058 3110 2244 3166 choris
2263 3109 2586 3176 assumitur,
2623 3118 2678 3165 et
2706 3110 2760 3164 in
2783 3111 3058 3166 caelestem
3087 3111 3294 3167 curiam
3317 3127 3415 3168 su-

162 3216 391 3290 Cumque
414 3219 515 3274 ille
546 3220 630 3274 vel
662 3235 773 3290 pm
805 3219 990 3276 furore
1011 3222 1096 3276 vel
1119 3237 1233 3292 prae
1254 3221 1507 3292 superbia
1527 3221 1738 3278 tardius

163 3308 486 3378 flecteretur,
516 3313 781 3366 continuo
806 3311 942 3367 dura
971 3313 1159 3368 cervix
1183 3320 1238 3367 et
1267 3321 1422 3367 torva
1446 3311 1616 3370 facies
1645 3328 1738 3370 su-

160 3417 314 3472 perna
341 3403 732 3475 indignatione
761 3403 816 3459 in
846 3413 994 3475 terga
1026 3403 1176 3476 (146)
1202 3405 1279 3460 illi
1304 3404 1618 3461 reflectitur.
1646 3404 1737 3460 Sic

161 3493 389 3564 demum,
431 3495 587 3568 quod
617 3497 792 3568 magis
835 3497 1116 3564 debuerat,
1159 3497 1275 3567 ipse
1312 3497 1380 3552 ad
1425 3497 1590 3568 pedes
1635 3497 1736 3554 do-

160 3587 309 3644 minae
337 3589 714 3660 provolvitur,
740 3598 793 3644 et
828 3589 1068 3657 veniam,
1113 3604 1280 3659 quam
1320 3589 1528 3644 insonti
1570 3603 1736 3660 nega-

160 3690 334 3748 verat,
388 3695 506 3736 suo
551 3689 705 3734 reatu
753 3696 880 3735 cum
925 3679 1184 3752 lacrymis
1229 3679 1594 3749 deprecatur:
1628 3687 1740 3735 sta-

160 3770 352 3842 timque
382 3772 794 3828 interveniente
830 3771 1060 3844 virginis
1098 3771 1406 3839 clementia,
1451 3771 1507 3826 in
1554 3771 1740 3842 pristi-

161 3879 277 3918 num
313 3874 531 3921 statum
573 3875 876 3935 reparatur.
916 3863 1013 3919 Vir
1041 3872 1225 3919 autem
1271 3862 1488 3918 Domini
1531 3880 1740 3919 memo-

161 3966 299 4011 ratus
315 3956 476 4025 jacet
496 3954 566 4009 ad
584 3953 822 4010 Stowam
851 3955 999 4027 (147)
1026 3969 1135 4009 una
1161 3953 1299 4024 legia
1325 3969 1355 4008 a
1386 3953 1738 4022 Buecabrive,

161 4060 308 4114 quem
347 4048 404 4101 in
451 4046 594 4102 silva
638 4046 1080 4101 anachoreticam
1115 4045 1282 4100 vitam
1321 4046 1610 4102 ducentem
1657 4048 1738 4101 la-

161 4137 390 4190 trunculi
427 4135 950 4208 martyrizaverunt,
1004 4144 1058 4191 et
1098 4135 1283 4190 divina
1318 4136 1475 4206 signa
1507 4135 1617 4192 Deo
1650 4152 1741 4192 ac-

161 4227 502 4297 ceptabilem,
529 4228 608 4282 uti
646 4227 970 4292 celebratur,
998 4225 1353 4296 perdiderunt
1393 4225 1560 4297 (148).

759 4357 989 4415 CAPUT
1042 4359 1128 4414 Ν.

310 4479 369 4536 S.
413 4477 734 4551 Vereburgae
766 4497 927 4547 mors,
952 4477 1242 4550 sepultura,
1270 4476 1574 4531 translatio.

221 4597 304 4652 l3.
342 4597 623 4654 Praeterea
665 4595 812 4652 haud
863 4595 1090 4651 dubium
1141 4604 1246 4660 est,
1300 4593 1734 4648 amantissimam

222 4797 368 4868 (145)
405 4794 883 4868 Μηὶωθδὺιιτηῡθ
910 4794 1079 4868 gestis
1112 4794 1433 4864 pontificum
1457 4795 1495 4868 l.
1533 4813 1605 4868 iv,
1642 4797 1737 4852 ad-

162 4865 546 4938 iungitnovum
565 4865 1039 4938 miraculum,'quo
1054 4869 1206 4938 vult_¢
1227 4881 1419 4938 alicam
1440 4886 1458 4918 ι
1486 4867 1634 4922 illam
1661 4887 1679 4917 ι
1705 4883 1736 4922 a

162 4935 360 4993 rustico
411 4947 738 4994 comestam.
787 4935 959 5008 Jubet’
973 4951 1102 5006 ergo
1147 4936 1203 4991 S.
1233 4935 1566 5008 Wereburga
1610 4953 1737 4992 ossa

163 5009 437 5080 recolligi:
481 5023 583 5062 nec
611 5023 806 5072 mora;
844 5007 1000 5131 signa
1029 5007 1283 5078 virgineae
1324 5007 1526 5062 manus
1566 5008 1738 5064 medi-

166 5087 332 5131 cante.
366 5077 516 5131 cutis
543 5086 599 5131 et
620 5093 749 5131 caro
777 5077 891 5131 ossi
933 5092 996 5131 us
1025 5077 1374 5131 sunerducta.
1407 5078 1548 5131 cutis
1573 5078 1738 5131 coeoit

166 5077 516 5150 caritefcutis
543 5086 599 5150 et
620 5093 749 5131 caro
777 5077 997 5150 ossibus
1025 5077 1374 5150 superducta,
1407 5078 1548 5150 cutis
1573 5078 1740 5150 coepit

168 5149 519 5215 plumescere,
549 5148 724 5202 donec
759 5148 872 5202 ales
911 5147 1174 5214 animata,
1209 5148 1352 5203 saltu
1401 5149 1578 5215 primo
1618 5147 1736 5204 ala-

170 5164 519 5215 piumescere,
549 5164 724 5202 uonec
759 5164 872 5202 ales
911 5164 1174 5214 animata,
1209 5164 1352 5203 saltu
1439 5164 1578 5204 l‘lmO
1618 5164 1736 5204 ala-

170 5219 260 5282 cri,
283 5234 413 5273 mox
437 5219 621 5273 volatu
649 5234 707 5272 se
734 5218 953 5274 libravit
981 5217 1036 5272 in
1063 5219 1285 5273 aethera.
1318 5237 1336 5270 ι
1380 5164 1513 5285 (gum
1554 5220 1739 5274 minus

170 5289 463 5356 probantur
507 5307 519 5342 :
569 5297 623 5342 et
667 5286 1016 5344 Cambdenus
1068 5288 1125 5344 in
1170 5287 1621 5356 Northamptonia
1664 5291 1742 5345 ait

177 5376 193 5406 ι
220 5360 482 5414 miracula
511 5358 630 5427 ejus
653 5359 708 5412 in
740 5358 993 5430 iugandis
1020 5360 1306 5416 anseribus
1328 5358 1576 5416 credulos
1601 5360 1740 5416 scri-

173 5437 342 5495 ptnres
366 5431 709 5485 decantasse.
744 5449 762 5479 ι

234 5499 380 5569 (144)
429 5499 642 5555 Colitur
683 5499 751 5553 10
798 5498 1050 5554 Julii:in
1095 5500 1216 5571 ejbs
1276 5499 1394 5555 Vita
1441 5516 1545 5555 ms.
1591 5500 1736 5556 idem

177 5569 490 5625 miraculum
517 5579 794 5653 narratur,
823 5585 950 5653 aves
971 5569 1147 5641 θαηιώ
1167 5572 1328 5653 etiam
1353 5571 1695 5653 appellantur
1719 5591 1731 5624 :

179 5651 276 5692 una
296 5655 322 5692 a
347 5656 515 5709 puero
537 5641 749 5695 oiliciali
775 5640 1050 5695 subtracta
1074 5652 1127 5696 et
1149 5640 1464 5697 abscondita
1483 5641 1734 5709 traditur,

180 5716 228 5760 et
246 5711 508 5796 [postridie
533 5712 692 5792 quasi
719 5711 1042 5796 ald-aliarum
1069 5728 1258 5796 preces
1277 5721 1520 5796 recepta.

1839 3204 2026 3274 pernis
2077 3204 2433 3259 concentibus
2478 3203 2850 3273 triumphatur
2895 3220 2907 3255 :
2947 3203 3107 3274 cujus
3149 3204 3420 3276 depositio

1839 3294 2001 3348 tertio
2031 3291 2215 3348 Nonas
2244 3292 2403 3348 Febr.
2435 3293 2760 3348 celebratur.

1913 3388 1995 3442 l5.
2026 3387 2240 3457 Corpus
2287 3402 2505 3442 sacrum
2550 3386 2606 3440 in
2641 3387 2927 3442 ecclesiam
2973 3385 3237 3455 defertur,
3271 3395 3325 3443 et
3360 3387 3416 3443 in

1839 3476 2020 3532 medio
2071 3477 2259 3546 populi
2313 3475 2927 3545 Tricengehamensium
2978 3477 3252 3534 obseratis
3291 3478 3417 3533 dili-

1839 3568 2156 3642 gentissime
2193 3569 2378 3638 januis
2423 3569 2749 3635 custoditur,
2800 3570 3139 3626 certantibus
3183 3571 3416 3640 nequid-

1839 3675 2006 3730 quam
2050 3659 2337 3726 omnibus,
2369 3669 2429 3713 ut
2466 3657 2940 3730 Heamburgenses
2977 3660 3415 3726 excluderentur,

1837 3763 1894 3809 et
1913 3767 2011 3822 per
2031 3767 2193 3808 suum
2215 3751 2538 3821 obsequium
2567 3751 2652 3806 vel
2683 3750 3058 3820 defensionem
3084 3760 3418 3823 praeceptum

1838 3843 2088 3900 vatidica‘.
2109 3842 2338 3915 virginis
2361 3843 2688 3908 vinceretur,
2720 3858 2984 3914 sacerque
3023 3845 3318 3900 thesaurus
3359 3845 3416 3900 in

1839 3937 2030 3992 eodem
2056 3937 2178 3993 loco
2197 3935 2464 4007 perpetim
2491 3935 2833 3991 retineretur.
2866 3937 2935 3992 At
2956 3953 3068 3993 non
3093 3946 3178 3994 est
3201 3938 3419 4008 sapien-

1841 4030 1939 4096 tia,
1980 4045 2091 4084 non
2131 4038 2216 4086 est
2268 4029 2559 4086 consilium
2609 4039 2799 4086 contra
2834 4028 3027 4085 Deum.
3084 4030 3224 4086 Dum
3269 4031 3417 4086 enim

1841 4131 2000 4178 nocte
2023 4123 2140 4193 ipsa
2162 4123 2423 4179 attentius
2437 4122 2742 4193 vigilarent,
2761 4122 2944 4178 subito
2970 4138 3134 4193 sopor
3153 4124 3417 4194 gravrssi-

1840 4231 1965 4271 mus
2001 4231 2192 4272 omnes
2216 4222 2466 4286 occupat.
2499 4213 2826 4285 Supervenit
2853 4215 2998 4272 illico
3025 4217 3248 4288 copiosa
3261 4219 3418 4290 plebs

1842 4308 2369 4380 lleamburgensium
2421 4323 2545 4363 cum
2611 4307 2708 4362 Dei
2782 4309 3088 4378 ministris;
3146 4311 3420 4382 extemplo

1842 4406 2026 4460 omnia
2049 4405 2188 4460 ostia
2227 4405 2566 4471 monasterii,
2609 4405 2932 4460 cadentibus
2960 4405 3012 4460 in
3047 4414 3246 4460 terram
3277 4405 3420 4461 seris

1765 4497 1816 4557 D
1841 4506 1894 4552 et
1922 4497 2187 4563 vectibus,
2214 4506 2526 4552 reserantur
2559 4497 2686 4552 illis.
2740 4496 2959 4552 lrruunt
2985 4513 3115 4568 ergo
3146 4499 3295 4553 omni
3322 4515 3420 4554 cu-

1839 4589 2056 4645 stodum
2093 4588 2252 4643 turba
2284 4603 2477 4644 somno
2503 4589 2732 4658 sepulta,
2777 4589 2996 4660 rapiunt
3036 4590 3187 4644 nullo
3220 4605 3277 4645 se
3314 4590 3415 4644 ad-

1838 4799 1909 4855 27
1942 4796 2130 4867 Febr.,
2157 4805 2213 4851 at
2227 4795 2300 4867 25
2328 4793 2590 4867 Novemb.
2619 4795 2672 4851 in
2701 4795 3022 4867 posteriore.

1910 4868 2058 4940 (146)
2085 4866 2185 4922 Ms.
2215 4865 2535 4940 Cambdeni,
2565 4863 2803 4938 integra;
2829 4867 2925 4940 uti,
2949 4881 3116 4940 supra
3152 4863 3208 4918 in
3251 4864 3417 4920 titulo

1841 4937 2141 5012 integrant;
2166 4937 2363 5012 melius
2384 4937 2580 5012 Capgr.
2605 4947 2659 5012 et
2677 4937 2791 4994 ’ms.
2816 4937 2968 5012 ‘Rub.
2997 4937 3104 5012 val.

1914 5005 2061 5079 (1⁷47)
2093 5005 2552 5079 νυὶεοηδιοιόὀι
2596 5005 2764 5063 Stowe
2816 5008 2956 5079 inter
3007 5005 3316 5079 Wedunam
3363 5013 3423 5060 et

1840 5075 2340 5148 Buccabrive,'aliis
2365 5079 2629 5150 Bugbrok,
2653 5076 2977 5142 Biabroock;
3015 5077 3072 5130 in
3107 5091 3213 5131 ms.
3249 5075 3419 5130 Ucca-

1841 5152 1985 5206 bruc.
2087 5189 2104 5204 .

1939 5219 2061 5279 148)
2092 5219 2285 5274 Potius
2307 5218 2673 5279 prodiderunt.

1939 5229 2061 5279 148)
2095 5229 2285 5274 Potius
2345 5229 2673 5271 rodiderunt.

1912 5229 1930 5356 ἓ
1939 5282 2059 5360 140)
2093 5290 2262 5360 Vulgo
2288 5235 2584 5360 ﬁandbury
2608 5288 2670 5360 in
2702 5284 2992 5360 Staﬂ'ordia
3022 5287 3271 5343 australi.

1939 5357 2060 5430 150)
2095 5357 2263 5430 Capg.
2302 5367 2355 5412 et
2385 5357 2659 5430 ms.7R_t._Ib.
2686 5357 2792 5430 val.
2819 5358 2931 5410 suis
2963 5360 3229 5413 omnibus.

1939 5361 2039 5415 150
2095 5361 2263 5430 Capg.
2302 5367 2355 5412 et
2385 5373 2486 5412 ms.
2520 5361 2659 5410 Rub.
2686 5361 2792 5411 val.
2819 5361 2931 5410 suis
2963 5361 3229 5413 omnibus.

1911 5361 2060 5503 (151)
2090 5429 2250 5496 Ibid:
2302 5447 2319 5478 ι
2365 5429 2508 5503 apud
2553 5426 2964 5503 Hamburgense
3023 5427 3417 5484 monasterium

1837 5498 2046 5583 corpus
2089 5515 2247 5556 suum
2299 5498 2680 5565 transferrent,
2725 5507 2778 5554 et
2822 5499 3203 5554 incunctanter
3257 5513 3417 5568 sepe-

1837 5573 2420 5710 “largifTricingham
2455 5640 2598 5707 aliis,
2628 5642 2789 5712 vulgo
2817 5639 3135 5712 Trent-jam
3159 5639 3212 5693 in
3245 5653 3416 5692 comt-

1838 5722 1950 5767 tatn
1983 5711 2302 5774 Statl‘ortliae,
2350 5727 2458 5766 non
2509 5710 2756 5782 procula
2807 5711 2953 5766 fonte
2985 5710 3222 5777 Trentm,
3263 5717 3416 5780 post-

243 5780 386 5849 (145)
412 5779 468 5834 ln
493 5779 676 5851 priore
699 5781 936 5837 editione
960 5779 1233 5854 Mariyrol.
1265 5779 1472 5854 Anglic.
1503 5783 1737 5840 refertur
1826 5799 2002 5855 quam
2040 5783 2087 5837 ei
2115 5783 2341 5852 illapsns
2362 5793 2445 5838 est
2473 5779 2650 5838 ainnis
2681 5782 2866 5854 Lyma.

450 5875 720 5935 Parnor.
757 5875 902 5935 CLV

3053 5873 3087 5932 Ῑι
