3990 6298
466 307 566 368 Hi

486 432 1760 468 Μ

1456 285 1813 353 GOSCELINI
1851 283 2411 343 CANTUARIENSIS
2449 284 2755 343 MONACIII

1595 610 2129 749 INCIPIT
2186 630 2588 751 VITA.

531 878 582 931 i.
620 875 1101 943 Edithwparentes.
1136 858 1445 917 Monasticae
1473 854 1595 910 vitae
1631 851 1901 908 institutio
1941 850 2036 906 sub
2076 854 2120 916 Α
2148 862 2251 943 nec
2281 864 2451 943 ausus
2494 848 2599 906 fuit
2637 851 2691 906 in
2730 865 2794 908 ea
2836 853 3161 910 contristare
3192 868 3471 911 summum
3492 851 3732 925 judiccm

460 963 912 1018 matre.—-—Bcata
934 959 1083 1026 virgo
1112 951 1304 1005 Editha
1340 948 1447 1001 illia
1484 943 1805 1017 fuitEdgari
1828 943 2044 1015 regiset

461 1039 772 1122 Wlftrudis,
790 1053 919 1124 regii
938 1049 1090 1106 ducis
1111 1045 1252 1099 tilia).
1286 1041 1461 1109 Quam
1480 1039 1701 1111 quidem
1712 1036 2043 1107 Wlftrudem

456 1165 552 1202 rex
579 1148 687 1203 sibi
710 1152 968 1217 perpetuo
990 1135 1139 1207 regni
1160 1133 1444 1190 consortio
1468 1131 1802 1203 conjungere
1835 1135 2045 1205 statue-

455 1249 562 1304 rat,
593 1238 690 1294 sed
723 1238 810 1290 illa
861 1249 891 1287 a
934 1236 1091 1299 partu
1124 1226 1375 1282 absoluta
1409 1225 1668 1294 deinceps
1697 1222 2042 1278 continenter

453 1329 639 1382 vivere
664 1339 825 1396 quam
857 1318 1124 1376 illecebris
1150 1317 1357 1374 servire
1382 1313 1593 1380 maluit,
1623 1311 1832 1368 Christi
1856 1324 2044 1365 amore

453 1431 577 1471 eam
614 1415 895 1469 invitante.
931 1410 1119 1481 Itaque
1161 1409 1558 1465 monacharum
1606 1404 1853 1459 habitum
1898 1401 2042 1472 apud

456 1502 774 1560 Wiltoniam
796 1516 826 1556 e
849 1499 1108 1555 manibus
1133 1497 1308 1554 sancti
1334 1492 1658 1551 Ethelwaldi
1680 1489 1922 1562 episcopi
1950 1504 2043 1544 ae-

453 1594 615 1664 eepit,
638 1590 1013 1662 exemplisque
1037 1598 1095 1646 et
1132 1588 1428 1645 virtutibus
1464 1584 1778 1656 proficiens,
1810 1580 2040 1653 virgini—

452 1685 556 1740 bus
579 1691 755 1738 mater
780 1678 1041 1752 spiritalis
1071 1676 1328 1749 praelecta
1367 1683 1471 1731 est.
1508 1673 1678 1729 Porro
1708 1671 1866 1727 beata
1912 1668 2042 1723 Edi-

452 1776 547 1831 tha
567 1773 670 1831 sub
690 1772 885 1829 matris
910 1787 1043 1827 cura
1059 1769 1266 1835 relicta,
1287 1768 1508 1825 tandem
1530 1780 1659 1838 rege
1683 1762 2037 1829 assentiente,

451 1871 508 1924 in
564 1869 757 1925 eodem
803 1864 1140 1923 monasterio
1186 1861 1549 1918 monasticam
1594 1867 1799 1914 vestem
1840 1856 2035 1911 induit.

450 1960 586 2016 Eam
603 1975 734 2016 vero
757 1967 932 2015 mater
956 1972 1068 2012 non
1094 1971 1251 2022 auro,
1276 1969 1388 2010 non
1411 1951 1731 2017 monilibus,
1763 1964 1873 2004 non
1898 1949 2041 2003 mul-

449 2051 648 2107 tivario
670 2059 890 2118 ornatu,
907 2049 1003 2105 sed
1028 2048 1334 2103 litterarum
1363 2060 1430 2101 ac
1452 2042 1720 2100 virtutum
1747 2040 2040 2112 splendore

451 2144 731 2202 instruxit.
777 2143 922 2198 Inter
954 2141 1126 2197 multa
1157 2148 1341 2195 autem
1385 2145 1704 2194 sanctorum
1750 2134 2036 2189 hominum

2146 941 2338 997 Deum.
2369 941 2681 998 Laetabatur
2708 944 2891 1015 potius
2935 943 3230 1000 Dominum
3281 946 3337 1000 in
3376 946 3585 1001 sanctis
3616 946 3733 1002 suis

2143 1034 2328 1089 omnia
2346 1049 2459 1109 Apro
2487 1050 2587 1090 sua
2616 1036 2895 1092 voluntate
2918 1036 3214 1105 moderari,
3250 1053 3556 1109 puramque
3575 1053 3733 1094 men-

2143 1130 2254 1179 tem
2286 1107 2420 1180 et'in
2448 1141 2687 1196 purpura
2724 1135 2779 1182 et
2806 1127 2862 1182 in
2886 1143 3048 1184 sacco
3080 1128 3296 1199 placere
3324 1127 3456 1185 Deo.

2212 1215 2265 1269 4.
2306 1213 2494 1270 Crucis
2519 1233 2688 1272 amor.
2712 1217 3011 1273 Abbatisste
3037 1219 3269 1290 dignitas
3294 1228 3560 1276 recusato.
3586 1218 3735 1275 Mors

2143 1306 2329 1376 fratris
2358 1307 3025 1387 prtevisa.—-Ubicunque
3064 1310 3261 1367 Editha
3296 1312 3731 1385 ingrediebatur,

2142 1414 2278 1453 crux
2303 1398 2507 1455 Christi
2538 1401 2615 1454 illi
2646 1415 2831 1457 comes
2854 1403 3042 1457 aderat
3068 1417 3322 1459 :crucem
3352 1402 3408 1457 in
3444 1401 3645 1471 fronte,
3674 1403 3734 1459 in

2141 1499 2381 1561 pectore,
2407 1491 2462 1547 in
2487 1492 2700 1559 itinere,
2726 1493 2876 1549 omni
2906 1509 3070 1565 opere
3092 1510 3195 1551 suo
3220 1494 3560 1566 praeferebat.
3589 1495 3734 1552 Cum

2141 1583 2434 1654 aliquando
2461 1600 2618 1641 escas
2648 1600 2752 1642 suo
2778 1601 2933 1643 more
2976 1588 3031 1642 in
3062 1587 3217 1646 disco
3244 1587 3480 1655 efferret,
3512 1588 3569 1644 in
3600 1590 3732 1645 sinu

2140 1676 2397 1746 pauperis
2426 1677 2761 1745 condendas,
2783 1693 2815 1734 a
2843 1678 3010 1735 latere
3031 1694 3166 1750 puer
3204 1681 3447 1737 accurrit
3476 1681 3725 1739 eleemo-

2139 1782 2333 1838 synam
2367 1777 2577 1837 petens.
2606 1767 2858 1825 Porrexit
2881 1785 2946 1826 ea
2974 1786 3100 1827 cum
3130 1771 3295 1828 solito
3322 1771 3507 1829 crucis
3527 1773 3689 1845 signo
3714 1791 3732 1828 :

2138 1872 2267 1913 mox
2301 1857 2391 1913 ille
2431 1874 2567 1928 puer
2605 1858 2893 1928 disparuit,
2939 1861 3015 1915 ita
3055 1869 3118 1917 ut
3141 1877 3371 1933 prorsus
3396 1862 3466 1919 ab
3495 1862 3587 1917 illa
3618 1879 3737 1918 non

2138 1945 2431 2000 videretur.
2478 1945 2801 2012 Quindecim
2833 1964 3009 2015 annos
3053 1959 3241 2006 natam
3285 1960 3440 2023 pater
3474 1952 3597 2024 ejus
3632 1964 3733 2009 rex

2137 2034 2385 2108 Edgarus
2411 2037 2587 2094 tribus
2608 2039 2932 2096 monialium
2954 2042 3305 2099 monasteriis
3330 2043 3733 2111 Wintoniensi,

2138 2126 2547 2199 Berckingensi,
2580 2139 2635 2187 et
2657 2131 2817 2188 tertio
2840 2132 3059 2188 cuidam
3080 2134 3418 2192 abbatissam
3445 2136 3691 2208 praefecit
3716 2156 3733 2193 :

449 2238 718 2308 exempla,
768 2251 894 2307 qua:
932 2243 1050 2290 tum
1110 2233 1165 2287 in
1220 2207 1503 2288 codicibus
1558 2227 1869 2294 lectitabat,
1920 2235 2037 2281 tum
2068 2219 2111 2280 Β
2140 2220 2235 2277 sed
2264 2235 2325 2275 ea
2363 2221 2433 2275 ab
2466 2221 2560 2276 illa
2605 2223 2791 2291 dumo,
2823 2225 2878 2279 in
2912 2241 3022 2296 qua
3064 2225 3177 2283 Deo
3221 2228 3431 2286 servire
3447 2207 3735 2302 ﬁcteperat,

448 2345 636 2385 coram
669 2328 1004 2395 intuebatur,
1040 2333 1137 2380 aut
1164 2323 1443 2380 auditione
1470 2320 1736 2386 discebat,
1777 2327 2039 2390 cognato-

448 2436 569 2475 rum
594 2420 896 2490 praasertim
935 2428 989 2473 et
1017 2417 1452 2488 propinquorum
1485 2429 1709 2470 suorum
1748 2411 2039 2466 vehemen-

450 2513 560 2568 tius
605 2510 1003 2568 accendebatur
1051 2508 1307 2580 virgineae
1347 2507 1675 2579 integritatis
1697 2505 1876 2577 palma
1910 2518 2037 2560 san-

448 2604 710 2662 ctissimae
750 2603 942 2659 amicae
992 2616 1108 2658 suae
1156 2599 1390 2667 Edithaa,
1421 2614 1543 2670 quas
1571 2598 1767 2670 Edgari
1812 2597 1956 2668 regis
1983 2605 2039 2652 et

445 2696 782 2766 patrisejus
824 2709 1086 2767 germana
1130 2707 1288 2749 soror
1334 2700 1472 2759 erat,
1510 2699 1567 2748 et
1600 2690 1656 2745 in
1703 2689 2037 2745 monasterio

446 2787 876 2845 Pollelwortensi
895 2785 1189 2858 provinciae
1201 2783 1480 2851 Werwiei,
1492 2782 1816 2839 meritorum
1840 2783 2034 2855 signis,

445 2877 671 2948 perinde
705 2885 767 2932 ut
794 2876 915 2947 ipsa
942 2874 1242 2942 Wiltonize,
1273 2873 1534 2929 clarebat.

515 2970 572 3025 2.
621 2969 849 3025 Virtutes
871 2968 1010 3039 ejus.
1032 2996 1104 3007 -
1126 2964 1419 3023 Sororibus
1458 2965 1678 3037 quidem
1731 2963 2032 3032 Martham,

445 3060 669 3118 Christo
720 3076 854 3117 vero
903 3075 963 3116 se
1007 3057 1237 3114 Mariam
1285 3058 1606 3125 exhibebat,
1664 3072 1794 3130 erga
1842 3069 2035 3112 omnes

444 3154 748 3212 olliciosam
806 3169 867 3211 se
916 3151 1244 3208 ministeriis
1306 3150 1687 3222 impendendis
1735 3148 2031 3223 praebebat.

444 3246 701 3318 Hospites
731 3261 924 3302 omnes
955 3245 1012 3300 in
1040 3242 1248 3301 Christi
1293 3242 1599 3299 visceribus
1636 3239 2036 3311 complecteba-

448 3346 575 3393 tur:
616 3338 690 3392 ita
717 3336 1062 3392 abstinentiae
1088 3335 1289 3401 dedita,
1333 3348 1399 3388 ac
1428 3332 1474 3388 si
1509 3331 1688 3404 epulis
1713 3331 2029 3397 interesset;

444 3429 521 3487 ita
545 3430 614 3486 ad
639 3430 829 3501 epulas
864 3428 1155 3495 accedens,
1190 3435 1251 3482 ut
1278 3442 1311 3481 a
1344 3425 1676 3496 frugalitatis
1709 3422 1891 3480 studio
1920 3437 2031 3478 non

2138 2312 2295 2368 avelli
2326 2329 2433 2369 non
2459 2314 2657 2385 potuit.
2688 2314 2879 2372 Eil‘ecit
2902 2327 3086 2374 autem
3112 2327 3174 2376 nt
3196 2320 3428 2392 singulis
3455 2322 3565 2379 illis
3602 2338 3735 2379 mo-

2137 2407 2392 2463 nasteriis
2443 2408 2717 2477 spiritales
2761 2419 2965 2466 matres
3007 2419 3271 2482 tanquam
3312 2414 3490 2486 magis
3516 2415 3739 2472 idonea:

2136 2506 2604 2568 praeponerentur,
2654 2499 2884 2556 malleus
2931 2501 3097 2575 matri
3135 2503 3363 2560 subesse
3390 2519 3556 2575 quam
3604 2505 3739 2562 aliis

2134 2600 2371 2658 pratesse
2386 2631 2400 2655 ,
2432 2590 2724 2661 potiusque
2750 2591 2942 2648 timere
2962 2602 3193 2655 matrem
3215 2610 3383 2666 quam
3408 2596 3533 2654 aliis
3554 2596 3739 2668 impe-

2136 2698 2278 2737 rare.
2317 2680 2587 2739 Defuncto
2623 2690 2809 2740 antem
2854 2695 3006 2756 patre
3049 2686 3284 2760 Edgaro,
3319 2698 3376 2745 et
3399 2691 3739 2751 succedente

2133 2782 2185 2836 ei
2227 2781 2343 2837 lilio
2382 2779 2652 2838 Edwardo
2700 2783 2881 2839 adhuc
2914 2783 3204 2854 infantulo,
3241 2785 3297 2841 in
3349 2786 3561 2844 somnis
3592 2787 3739 2845 vidit

2135 2884 2326 2931 sancta
2353 2872 2576 2928 oculum
2603 2889 2765 2930 suum
2801 2873 3054 2931 dextrum
3084 2876 3193 2932 sibi
3227 2876 3521 2945 excidisse,
3562 2877 3741 2948 idque

2134 2965 2420 3023 sororibus
2466 2963 2711 3022 referens
2761 2966 3038 3039 simulque
3078 2984 3359 3041 exponens
3389 2987 3403 3024 :
3441 2989 3461 3023 c
3485 2969 3685 3027 Videre
3717 3012 3734 3041 ,

2134 3059 2333 3130 inquit,
2367 3057 2503 3113 mihi
2542 3059 2731 3115 videor
2766 3058 2909 3116 hanc
2935 3061 3204 3117 visionem
3239 3061 3428 3119 fratris
3474 3063 3582 3119 mei
3621 3063 3739 3119 Ed-

2134 3148 2306 3205 wardi
2332 3148 2658 3220 portendere
2684 3165 2898 3207 casum.
2927 3171 2945 3204 ι
2975 3150 3087 3210 Nec
3111 3153 3205 3209 diu
3235 3163 3360 3225 post
3393 3153 3731 3222 Edwardus,

2133 3242 2265 3297 dum
2287 3243 2440 3312 cupit
2457 3241 2695 3299 invisere
2713 3241 2941 3300 fratrem
2964 3256 3126 3301 suum
3150 3245 3522 3316 Ethelrcdum,
3546 3265 3579 3304 a
3600 3248 3739 3306 filiis

2134 3334 2462 3406 iniquitatis,
2494 3342 2554 3390 ut
2594 3334 2651 3390 in
2686 3334 2807 3407 ejus
2849 3334 3080 3393 historia
3112 3338 3299 3394 videre
3327 3338 3474 3407 licet,
3505 3340 3739 3397 occisus

2131 3435 2234 3483 est.
2289 3425 2536 3498 Cumque
2580 3427 2736 3497 regni
2783 3442 3041 3498 proceres
3090 3430 3359 3505 virginem
3406 3441 3661 3490 sanctam
3699 3449 3737 3490 e

443 3523 769 3578 deﬂecteret.
797 3523 1068 3578 Terrenos
1096 3519 1312 3576 favores
1341 3533 1569 3589 prorsus
1591 3516 1860 3584 devitans,
1881 3530 2032 3570 mor-
2063 3583 2105 3597 _
2134 3519 2471 3574 monasterio
2504 3519 2813 3586 extrahere,
2855 3529 2911 3575 et
2943 3520 3000 3576 in
3036 3530 3267 3592 paterno
3293 3522 3457 3593 solio,
3490 3525 3572 3580 uti
3610 3526 3738 3597 ple-

442 3616 586 3672 bidis
622 3633 688 3673 ac
731 3618 973 3672 humana
1011 3631 1116 3689 ope
1161 3583 1438 3671 destitutis
1484 3627 1607 3669 sese
1660 3611 2028 3683 impendebat,
2057 3583 2105 3647 ο
2134 3609 2322 3681 risque
2344 3610 2660 3667 nationibus
2682 3609 2900 3668 feminae
2918 3583 3294 3685 dominantur,
3318 3583 3589 3675 collocare
3608 3583 3735 3676 vel-

443 3709 738 3780 liberisque
783 3710 948 3781 regiis
1011 3710 1261 3779 leprosos
1313 3705 1647 3762 anteferebat
1680 3724 1692 3761 :
1723 3712 1779 3760 et
1813 3712 2033 3787 quanto

443 3802 679 3872 quisque
701 3802 987 3858 videbatur
1010 3800 1220 3859 morbis
1248 3798 1567 3865 deformior,
1600 3807 1754 3855 tanto
1777 3798 1868 3852 illa
1901 3812 2033 3867 pro—

441 3892 687 3961 pensiori
709 3892 879 3946 animi
902 3889 1379 3946 commiseratione
1405 3903 1535 3960 erga
1562 3888 1717 3942 illum
1742 3887 2033 3943 humanior

442 3989 497 4037 et
522 3982 589 4037 ad
614 3980 1018 4038 inserviendum
1046 3979 1352 4051 promptior
1371 3986 1508 4033 erat.
1527 3977 1689 4032 [lecte
1714 3992 1779 4033 ea
1800 3976 1909 4032 dici
1936 3990 2034 4047 po-

440 4080 583 4128 terat
610 4088 880 4128 caecorum
915 4070 1132 4137 oculus,
1166 4069 1427 4125 debilium
1469 4067 1857 4133 adminiculus,
1882 4067 2031 4123 indi-

440 4166 686 4235 gentium
728 4165 898 4220 vestis
947 4171 1003 4219 et
1055 4161 1336 4229 alimonia,
1369 4160 1741 4216 desolatorum
1784 4160 2033 4216 omnium

446 4256 713 4313 solamen.

518 4348 573 4403 '5.
595 4348 847 4403 Ciliciam
862 4364 924 4402 ac
936 4354 1121 4401 restes.
1135 4342 1408 4400 —Cilicio
1429 4343 1731 4416 asperrimo
1742 4342 1813 4400 ad
1828 4345 2033 4401 nudam

446 4456 671 4497 carnem
707 4441 982 4505 utebatur,
1020 4437 1238 4494 interim
1268 4436 1460 4492 nitidis
1492 4436 1739 4492 vestibus
1763 4436 2034 4494 extrinse-

443 4546 544 4587 cus
571 4530 782 4586 induta.
812 4528 1064 4599 Cumque
1082 4528 1279 4584 beatus
1307 4525 1679 4583 Ethelwoldus
1701 4527 2032 4599 quandoque

442 4623 673 4679 vidisset
706 4636 830 4679 eam
872 4619 1137 4677 ornatiori
1181 4619 1372 4674 habitu
1399 4618 1817 4690 ingredientem,
1856 4619 1932 4675 ait
1961 4618 2032 4676 ad

440 4728 565 4770 eam
588 4732 601 4768 :
627 4733 645 4764 ι
664 4710 785 4768 Νοη
810 4711 920 4779 his,
944 4709 1057 4767 filia
1071 4725 1216 4776 mea,
1243 4709 1578 4766 indumentis
1606 4710 1717 4766 itur
1736 4710 1804 4767 ad
1824 4709 2031 4768 Christi

441 4804 769 4871 thalamum,
812 4818 916 4858 nec
958 4811 1188 4858 externo
1238 4800 1389 4856 cultu
1441 4801 1690 4871 corporis
1731 4802 2030 4859 delectatur

442 4907 683 4962 sponsus
709 4892 969 4947 caelestis.
991 4909 1011 4942 ι
1044 4889 1140 4945 Illa
1159 4904 1313 4959 vero,
1342 4890 1542 4945 interni
1567 4891 1788 4948 conscia
1815 4892 2029 4949 habita-

443 4983 603 5049 toris,
621 4983 697 5038 ita
721 4982 1034 5053 respondit:
1059 5002 1077 5035 ι
1094 4980 1268 5038 Crede
1287 4982 1445 5050 mihi,
1472 4980 1653 5051 Pater,
1678 4999 2026 5056 nequaquam

439 5074 683 5129 deterior
706 5090 881 5141 mens,
913 5074 1024 5129 Deo
1050 5073 1347 5144 aspirante,
1376 5075 1482 5130 sub
1512 5075 1618 5131 hoc
1645 5075 1902 5146 tegmine,
1928 5077 2026 5133 de-

442 5173 551 5236 get,
575 5180 742 5237 quam
765 5165 868 5220 sub
887 5165 1026 5236 pelle
1046 5166 1290 5237 caprina.
1307 5164 1796 5222 HabeoDominum
1818 5183 2024 5235 meum,

443 5259 537 5327 qui
573 5273 682 5314 non
716 5269 825 5315 tam
856 5268 1065 5316 vestem
1092 5276 1257 5331 quam
1288 5270 1524 5317 mentem
1555 5261 1785 5317 attendit
1808 5261 1979 5333 (l57).
2002 5282 2021 5315 ι

446 5352 632 5409 Sensit
657 5367 789 5423 ergo
810 5352 895 5407 vir
921 5350 1019 5407 Dei
1067 5351 1124 5412 in
1148 5352 1360 5424 virgine
1400 5352 1592 5423 gratiae
1618 5353 2024 5423 auctoritatem,

516 5508 665 5580 (157)
694 5506 857 5565 Recte
878 5508 969 5565 hic
1001 5505 1158 5580 nctat
1181 5508 1379 5564 Surius
1414 5509 1466 5563 id
1497 5509 1573 5580 ab
1597 5507 1795 5564 Editba
1818 5508 2025 5568 factum

445 5588 499 5633 et
529 5578 761 5645 dictum,
801 5589 862 5635 ut
892 5579 1062 5635 vestis
1106 5595 1220 5636 sua:
1263 5579 1659 5649 interioris,id
1701 5590 1785 5635 est
1837 5582 2023 5649 cilicii,

446 5651 793 5719 asperitatem
819 5650 1206 5705 dissimularet.
1243 5649 1546 5704 Willelmns
1576 5648 2026 5708 Malmesbnriené

445 5722 523 5775 sis
549 5730 810 5775 memorat
851 5722 953 5775 hoc
993 5720 1194 5774 factum
1240 5729 1355 5774 tum
1385 5722 1437 5774 in
1470 5720 1563 5773 lib.
1612 5736 1650 5774 ιι
1691 5719 1765 5775 De
1800 5723 2020 5794 regibus

2134 3702 2268 3769 lent,
2313 3710 2368 3757 et
2403 3702 2621 3759 tandem
2661 3704 2826 3759 etiam
2875 3704 2987 3760 vim
3040 3705 3397 3777 intentarent,
3444 3709 3583 3766 adeo
3632 3709 3735 3766 illa

2134 3810 2247 3850 non
2294 3795 2555 3863 assensit,
2606 3805 2668 3851 ut
2718 3794 2937 3854 facilius
2979 3812 3113 3854 saxa
3151 3800 3208 3856 in
3250 3800 3539 3871 plumbum
3584 3804 3736 3859 verti

2133 3900 2300 3958 quam
2331 3888 2486 3961 virgo
2513 3887 2718 3944 Christi
2753 3904 2784 3944 a
2820 3905 2922 3946 suo
2951 3892 3232 3962 proposito
3267 3900 3325 3947 et
3365 3892 3461 3948 Dei
3498 3895 3739 3950 servitio

2134 3979 2331 4035 abduci
2360 3995 2521 4050 posse
2548 3981 2845 4039 videretur.
3034 4048 3041 4055 ,

2205 4072 2260 4128 5.
2301 4071 2516 4129 Editlta:
2538 4089 2680 4128 mors
2703 4091 2737 4128 a
2763 4075 3045 4130 Dunstano
3073 4076 3438 4147 praedicta.—
3455 4077 3595 4134 Cum
3619 4093 3737 4134 au-

2134 4172 2243 4219 tem
2272 4164 2328 4218 in
2357 4164 2621 4220 honorem
2652 4165 2795 4221 beati
2828 4165 3073 4239 Dionysii
3118 4167 3408 4224 ecclesiam
3436 4169 3738 4226 condidis-

2132 4262 2235 4322 set,
2263 4263 2317 4309 et
2345 4266 2594 4310 sanctum
2633 4254 2981 4313 Dunstanum
3001 4258 3149 4329 (158)
3172 4258 3240 4314 ad
3267 4259 3389 4331 ejus
3418 4259 3739 4317 dedicatio-

2132 4362 2259 4402 nem
2315 4346 2620 4414 invitasset,
2667 4348 2804 4404 vidit
2855 4348 2905 4405 is
2949 4358 3174 4407 sanctus
3221 4351 3467 4421 pontifex
3502 4367 3738 4409 sacram

2130 4438 2395 4510 virginem
2426 4439 2620 4495 crebro
2658 4439 2908 4511 pollicem
2943 4441 3198 4499 dextrum
3225 4444 3544 4512 extendere,
3562 4454 3621 4500 et
3655 4461 3741 4500 eo

2132 4530 2350 4601 signum
2376 4531 2558 4586 crucis
2586 4531 2808 4604 pingere
2832 4532 2888 4586 in
2919 4530 3098 4588 fronte
3139 4548 3260 4590 sua.
3294 4532 3415 4601 Quo
3446 4533 3537 4590 ille
3565 4532 3736 4591 dele-

2131 4630 2331 4687 ctatus,
2388 4622 2728 4693 apprehensa
2788 4622 2980 4680 dextra
3039 4641 3206 4682 manu
3263 4625 3496 4698 virginis
3544 4627 3735 4685 dixit:

2138 4732 2157 4766 ι
2175 4712 2466 4784 Nunquam
2489 4722 2769 4785 putrescat
2797 4715 2886 4773 hic
2912 4716 3135 4788 digitus.
3158 4735 3183 4770 ι
3207 4717 3379 4775 Paulo
3410 4726 3538 4789 post
3576 4719 3742 4776 inter

2129 4805 2425 4862 missarum
2469 4806 2737 4862 solemnia
2785 4806 2841 4862 in
2890 4806 3161 4882 lacrymas
3201 4809 3290 4865 vir
3331 4810 3739 4868 sanctissimus

2059 4925 2108 4987 ι)
2131 4897 2399 4970 prorupit,
2431 4898 2752 4969 rogantique
2785 4899 3018 4956 diacono
3047 4916 3150 4957 suo
3178 4917 3277 4958 cur
3312 4900 3485 4970 llerct,
3531 4904 3741 4974 suspi-

2130 5004 2281 5054 rans,
2324 4997 2379 5043 et
2416 4988 2486 5044 ab
2530 4988 2643 5044 imo
2697 4997 2917 5059 pectore
2975 4992 3201 5048 trahens
3248 5008 3436 5049 vocem
3473 5011 3485 5048 :
3525 4991 3739 5058 «Haec,

2130 5079 2327 5150 inquit,
2378 5077 2489 5134 Deo
2526 5080 2721 5136 dilecta
2751 5081 2954 5150 anima,
2987 5084 3103 5139 haac
3130 5098 3344 5155 gemma
3381 5084 3619 5153 siderea,
3651 5088 3742 5143 ad

2128 5171 2362 5244 patriam
2394 5181 2707 5228 sanctorum
2737 5174 2805 5229 ab
2843 5175 3028 5231 illuvie
3056 5185 3272 5233 terrena
3297 5184 3351 5233 et
3382 5178 3485 5233 hac
3508 5194 3736 5234 aerum-

2128 5280 2264 5320 nosa
2303 5264 2411 5318 vita
2450 5263 2710 5334 rapietur,
2743 5281 2917 5337 neque
2936 5267 3086 5322 enim
3110 5267 3414 5341 flagitiosus
3441 5269 3530 5326 hic
3551 5285 3724 5326 mun-

2130 5355 2234 5411 dus
2255 5364 2418 5412 tantte
2447 5355 2587 5412 lucis
2612 5357 2897 5428 praesentia
2927 5358 3124 5431 dignus
3146 5370 3250 5427 est,
3290 5362 3452 5417 tertio
3484 5369 3540 5416 et
3568 5377 3743 5433 qna—

2131 5517 2452 5589 Anglorum,
2482 5533 2604 5589 cap.
2644 5519 2729 5584 l3,
2757 5500 2960 5573 tumin
3006 5520 3101 5575 lib.
3150 5538 3186 5576 ιι
3222 5521 3298 5576 De
3336 5520 3739 5589 oontiﬁcibns,

2132 5589 2591 5744 fagli‘i‘é‘lﬁuhoc
2633 5660 2810 5744 ipsum
2859 5660 3024 5744 refert
3067 5660 3134 5744 in.
3172 5660 3384 5744 duobus
3408 5661 3744 5744 prtemissis

2131 5729 2266 5784 locis
2291 5729 2616 5797 Willelmus,
2646 5732 2791 5800 quod
2823 5733 3079 5788 omittunt
3106 5732 3238 5788 Acta
3274 5729 3562 5787 Dunstani.
3744 5748 3749 5753 ‘
