3972 6296
243 399 350 454 113

1547 396 1709 454 VlTA
1750 400 1807 456 S.
1850 399 2247 458 EADGlTllrE.

3406 411 3509 470 iH-

236 509 546 582 dragesimo
590 508 793 564 abhinc
847 508 936 564 die
975 507 1186 565 occidet
1227 509 1384 566 nobis
1415 510 1528 567 haec
1556 512 1709 568 stella
1738 513 1825 568 lu-
1856 518 1904 577 Α
1932 511 2072 582 apud
2103 510 2458 576 Wiltliouiam
2507 521 2690 580 postea
2725 514 3000 572 ablatissa
3029 515 3216 576 effecta
3244 561 3258 587 ,
3294 517 3350 576 iu
3385 538 3514 580 san:

233 605 476 660 culenta.
510 600 650 656 Ecce
675 610 859 656 autem
881 617 947 656 ex
980 602 1258 672 ergastulo
1293 610 1480 658 nostro
1509 612 1824 659 sanctorum

233 694 471 758 lumina,
501 702 558 748 et
585 707 690 749 nos
721 694 778 748 in
810 693 1048 750 tenebris
1091 701 1146 748 et
1188 694 1383 748 umbra
1435 695 1628 750 mortis
1673 696 1826 751 sede—

231 801 380 840 mus.
429 782 542 840 Nos
594 785 780 855 pigros
833 799 992 840 senes
1040 785 1267 840 damnat
1297 794 1451 867 aetas
1499 787 1822 857 immatura,

227 877 386 941 dum,
415 875 580 932 nobis
615 875 1058 941 dormitantibus,
1091 876 1182 932 illa
1211 876 1380 933 caelos
1414 886 1677 946 penetrat.
1702 897 1719 929 ι

302 965 358 1020 6.
392 965 612 1022 Edidit:
639 967 812 1021 obitus
841 983 980 1021 anno
992 967 1674 1038 984.—Appropinquante
1697 984 1826 1024 vero

231 1057 370 1112 hora
384 1071 498 1127 qua
514 1057 583 1112 de
593 1057 801 1112 mundo
815 1066 934 1114 erat
947 1057 1248 1127 migratura
1261 1059 1326 1114 ad
1345 1057 1657 1126 Dominum,
1672 1059 1828 1116 adest

230 1155 469 1202 sanctus
497 1145 840 1214 Dunstanus,
865 1155 922 1204 et
953 1148 1434 1206 exhortationibus
1463 1158 1630 1221 atque
1652 1150 1826 1222 preci-

230 1237 338 1294 bus
365 1237 614 1293 animam
651 1237 773 1308 ejus
804 1239 1208 1307 communiens,
1240 1255 1270 1295 a
1301 1255 1530 1311 corpore
1561 1242 1827 1298 exceden-

232 1339 342 1384 tem
385 1329 650 1385 manibus
692 1329 908 1385 Domini
942 1331 1364 1387 commendavit.
1416 1331 1637 1388 [nterim
1669 1347 1828 1389 soror

232 1420 492 1491 quaedam
541 1421 772 1491 trepida,
827 1436 860 1476 e
901 1420 1090 1478 Sancti
1140 1420 1390 1495 Dionysii
1435 1424 1686 1492 ecclesia,
1732 1423 1827 1479 ubi

231 1518 428 1566 saneta
453 1510 610 1582 virgo
629 1511 782 1578 obiit,
824 1511 894 1566 ad
924 1513 1315 1568 monasterium
1349 1514 1538 1581 currit,
1569 1515 1827 1586 auditque

234 1601 289 1656 in
309 1601 491 1658 choro
511 1611 773 1672 tanquam
793 1603 1141 1673 psallentium
1163 1619 1419 1676 magnam
1441 1604 1823 1677 frequentiam.

233 1693 426 1764 Itaque
457 1695 688 1750 haerenti
725 1695 778 1750 ei
812 1695 1051 1752 occurrit
1091 1696 1316 1767 quidam
1343 1697 1574 1770 eleganti
1600 1698 1752 1753 vultu
1772 1705 1828 1754 et

237 1785 430 1842 habitu
467 1785 692 1858 insigni,
724 1786 909 1857 aitque
949 1787 1017 1844 ad
1064 1803 1185 1844 eam
1210 1806 1225 1844 :
1255 1787 1412 1844 «Noli
1447 1790 1557 1846 huc
1602 1791 1827 1861 propius

235 1878 522 1945 accedere,
573 1854 751 1950 angeli
799 1854 946 1936 enim
1007 1881 1183 1936 sancti
1224 1879 1413 1938 ϐουλε
1463 1854 1826 1954 puellam-(ita
1857 1854 1902 1916 Β

235 1968 380 2024 enim
412 1969 617 2040 majori
641 1971 816 2042 gratia
837 1987 960 2028 eam
988 1972 1313 2043 appellabat,
1343 1989 1467 2044 quae
1487 1975 1666 2046 patria
1693 1989 1828 2031 voce

240 2061 380 2119 Bon
401 2064 924 2135 cognominabatur)
951 2051 1082 2122 hinc
1117 2080 1304 2122 secum
1341 2066 1670 2136 asportaturi
1701 2076 1830 2124 sunt

243 2153 306 2207 ad
333 2153 538 2224 gaudia
565 2153 915 2223 sempiterna,
948 2163 1008 2210 ut
1035 2170 1162 2210 cum
1193 2154 1299 2212 hac
1326 2155 1568 2214 melodia
1589 2156 1829 2213 caelestis

248 2245 513 2300 exercitus
540 2245 598 2299 in
626 2246 810 2301 aulam
845 2254 1119 2317 perpetuat
1154 2247 1517 2318 jucunditatis
1559 2248 1831 2321 ingredia-

258 2347 353 2391 tur.
373 2357 390 2390 ι
419 2337 624 2408 Sicque
649 2354 798 2393 anno
821 2338 1084 2394 vicesimo
1113 2339 1275 2394 tertio
1299 2339 1478 2395 astatis
1505 2355 1639 2407 suae,
1677 2340 1828 2396 deci-

267 2444 346 2481 mo
371 2437 518 2483 sexto
539 2427 818 2484 Kalendas
847 2426 1119 2495 Octobris,
1150 2429 1406 2500 migravit
1429 2430 1500 2486 ad
1523 2429 1827 2499 Christum,

261 2518 395 2573 circa
432 2509 637 2574 annuin
680 2518 895 2574 Domini
933 2521 1409 2590 nongentesimum
1435 2521 1830 2593 octogesimum

252 2619 500 2678 quartum
537 2629 551 2664 :
584 2611 938 2682 sepelivitque
985 2626 1109 2666 eam
1163 2611 1357 2668 beatus
1403 2610 1723 2668 Dunstanus
1771 2611 1829 2667 in

246 2703 474 2758 ecclesia
530 2701 721 2758 Sancti
773 2701 1020 2774 Dionysii
1070 2718 1236 2773 quam
1292 2702 1412 2773 ipsa
1462 2710 1826 2758 exstruxerat.

247 2789 394 2847 Hunc
429 2801 620 2847 autem
641 2792 825 2848 locum
845 2807 1090 2863 praesaga
1120 2801 1303 2848 mente
1329 2792 1480 2862 virgo
1501 2799 1689 2846 sancta
1710 2806 1831 2848 cre-

243 2885 336 2941 bro
362 2885 659 2954 inviserat,
671 2884 887 2941 dicens:
911 2903 930 2937 (
948 2883 1048 2940 Hic
1065 2884 1222 2940 locus
1243 2892 1327 2940 est
1346 2883 1610 2955 requietis
1635 2897 1823 2950 meae,»

240 2993 480 3049 eumque
505 2977 734 3033 assiduo
754 2976 1118 3049 lacryma‘rum
1143 2977 1316 3032 imbre
1345 2977 1602 3048 irrigans.
1629 2975 1690 3030 ln
1711 2975 1830 3046 ipso

240 3079 421 3124 autem
455 3069 604 3124 atrio
631 3067 953 3124 monasterii
976 3066 1401 3137 xenodochium,
1429 3067 1485 3122 in
1511 3083 1620 3138 quo
1647 3067 1830 3125 hodie-

237 3179 338 3234 que
370 3161 644 3218 tredecim
674 3176 941 3232 pauperes
967 3161 1315 3228 reiiciuntur,
1339 3161 1594 3217 instituit.

303 3253 353 3307 7.
381 3251 678 3322 Apparitio
707 3251 843 3321 ejus.
880 3250 1178 3322 Brit/agilia
1209 3250 1523 3320 baptismus.
1558 3279 1630 3289 —
1658 3249 1829 3307 Porro

238 3343 524 3399 tricesimo
573 3341 642 3396 ab
672 3341 827 3396 obitu
865 3357 968 3398 suo
996 3340 1115 3409 die,
1156 3340 1408 3412 apparuit
1447 3340 1600 3411 virgo
1645 3349 1835 3396 sancta

237 3435 400 3489 matri
435 3450 556 3490 suae
587 3433 872 3501 Wlftrudi,
909 3432 1156 3490 formosa
1178 3433 1335 3489 valde
1357 3442 1410 3490 et
1432 3433 1646 3502 hilaris,
1672 3442 1836 3504 atque

235 3521 451 3580 lumine
474 3525 620 3581 sicut
640 3524 968 3581 vestimento
1005 3525 1205 3581 amicta
1235 3533 1289 3581 et
1319 3527 1622 3597 splendida,
1671 3526 1837 3582 dixit-

232 3634 338 3687 que
369 3616 458 3671 illi
491 3632 554 3672 se
580 3615 713 3688 Regi
749 3633 852 3670 suo
897 3617 1036 3672 bene
1075 3618 1298 3672 charam
1334 3618 1387 3672 in
1425 3619 1598 3689 gloria
1633 3621 1836 3691 sempi-

235 3718 389 3763 terna
435 3727 452 3762 :
495 3706 871 3778 Satanamque
924 3707 1099 3778 ipsam
1146 3725 1333 3765 coram
1382 3711 1476 3765 illo
1524 3727 1834 3779 accusasse,

233 3801 328 3855 sed
376 3809 713 3856 sanctorum
757 3800 1133 3870 apostolorum
1183 3801 1504 3872 patrociniis
1540 3819 1600 3860 se
1629 3805 1837 3860 contri-

235 3893 382 3947 visse
434 3900 609 3962 caput
669 3891 828 3962 ejus,
883 3900 938 3948 et
958 3908 1123 3948 cruce
1169 3893 1386 3949 Domini
1432 3893 1561 3950 Jesu
1604 3912 1730 3951 eum
1780 3913 1840 3953 se

234 3980 637 4053 prostravisse,
681 3990 846 4052 atque
869 3997 939 4038 ex
960 3982 1054 4037 illo
1078 3983 1468 4054 triumphasse.
1511 3983 1712 4041 Eodem
1737 3989 1838 4042 tri-

235 4075 454 4132 cesimo
496 4075 587 4130 die
621 4082 752 4130 nata
771 4083 857 4130 est
884 4090 953 4130 ex
984 4075 1371 4132 illustrissimis
1410 4078 1712 4146 parentulis
1756 4078 1842 4134 in-

236 4169 480 4235 fantula,
529 4167 600 4223 de
633 4183 742 4239 qua
773 4176 900 4223 ante
923 4168 1042 4240 ejus
1069 4168 1278 4224 obitum
1307 4179 1496 4240 rogata
1525 4169 1683 4226 beata
1713 4169 1842 4227 Edi-

239 4261 354 4327 tha,
385 4270 453 4316 ut
479 4275 605 4316 eam
631 4275 664 4316 e
693 4275 854 4318 sacro
895 4259 1047 4316 fonte
1075 4261 1406 4331 susciperet,
1457 4261 1741 4332 respondit
1783 4278 1843 4320 se

241 4359 660 4422 suscepturam,
703 4351 1161 4422 quemadmodum
1205 4351 1438 4407 Domino
1466 4352 1644 4410 visum
1679 4352 1838 4411 foret.

243 4442 350 4498 Sed
393 4459 529 4499 cum
567 4443 684 4513 ipsa
738 4443 892 4514 prius
929 4452 1057 4500 nata
1103 4452 1250 4501 esset
1270 4444 1430 4512 ccelo,
1472 4461 1636 4517 quam
1663 4447 1841 4518 puella

1928 604 2116 660 ctitate
2140 603 2308 657 vitam
2339 618 2494 660 suam
2518 604 2711 659 finivit.

1997 693 2050 748 8.
2100 691 2313 748 Editlue
2354 695 2590 763 corporis
2645 696 2885 750 elevatio.
2931 727 2998 737 ——
3042 697 3176 754 Post
3227 699 3519 759 decessum

1928 793 2134 840 sancta:
2179 784 2389 840 Edithte
2441 785 2699 842 tredecim
2746 788 2944 857 elapsis
2994 793 3316 858 annis,an
3354 794 3513 849 beato

1927 874 2212 930 Dunstano
2241 875 2654 946 archiepiscopo
2683 879 2964 947 apparuit,
2991 879 3179 936 dicens
3212 899 3223 934 :
3271 900 3288 932 ι
3325 881 3480 937 Remi

1928 967 2148 1022 niscens
2172 965 2437 1023 Dominus
2481 968 2896 1026 miserationum
2945 987 3192 1039 suarum,
3217 977 3516 1045 assumpsit

1927 1074 2036 1128 me,
2064 1059 2352 1132 placetque
2377 1059 2633 1116 ineilabili
2661 1061 2892 1116 bonitati
2915 1063 3061 1119 illius
3081 1073 3142 1119 ut
3161 1067 3306 1134 apud
3335 1067 3506 1120 homi.

1927 1171 2026 1212 nes
2052 1155 2108 1210 in
2140 1155 2373 1212 salutem
2417 1154 2656 1211 fidelium
2699 1156 2816 1226 ejus
2865 1158 3073 1214 honore
3107 1159 3342 1226 aﬂiciar,
3381 1177 3508 1214 cum

1929 1249 2019 1304 ille
2045 1261 2133 1303 me
2154 1246 2300 1318 apud
2342 1248 2618 1319 angelicos
2645 1249 2793 1303 cives
2813 1249 2866 1302 in
2903 1251 3056 1306 caelis
3084 1251 3385 1307 honorarit.
3433 1251 3514 1314 lto

1926 1355 2058 1412 ergo
2085 1337 2428 1407 Wiltoniam,
2461 1339 2755 1410 divinaque
2782 1339 2937 1410 jussa
2960 1356 3274 1410 capessens,
3313 1359 3513 1412 corpus

1927 1445 2111 1487 meum
2139 1445 2170 1486 e
2203 1438 2347 1486 terra
2372 1429 2600 1486 elevato.
2628 1428 2707 1486 Ne
2731 1431 2968 1500 dubites,
2994 1447 3095 1487 nec
3117 1433 3240 1488 .ullo
3267 1443 3319 1488 te
3339 1435 3514 1504 phan-

1929 1531 2158 1579 tasmate
2205 1522 2389 1578 deludi
2419 1530 2578 1593 putes
2601 1563 2618 1589 ,
2665 1521 2771 1578 hoc
2822 1523 2970 1578 enim
3010 1523 3258 1581 veritatis
3289 1525 3394 1579 erit
3438 1523 3515 1579 si-

1925 1633 2097 1690 gnum
2145 1617 2292 1688 quod
2336 1626 2534 1688 praeter
2579 1615 2755 1673 oilicia
2817 1618 3187 1674 membrorum
3218 1620 3421 1689 quibus
3458 1620 3514 1673 in

1927 1709 2155 1781 puellari
2182 1709 2402 1766 levitate
2449 1709 2620 1764 abusa
2673 1724 2816 1776 sum,
2858 1719 2988 1780 puta
3036 1713 3344 1776 oculorum,
3399 1725 3514 1766 ma—

1928 1815 2121 1869 nuum,
2162 1799 2393 1870 pedum,
2443 1799 2714 1869 reliquum
2761 1814 2962 1870 corpus
2996 1815 3176 1856 meum
3222 1801 3298 1857 uti
3335 1800 3513 1856 illiba-

1928 1905 2068 1960 tum,
2120 1892 2193 1947 ita
2221 1899 2276 1947 et
2310 1891 2688 1961 incorruptum
2737 1891 3000 1948 invenies.
3053 1891 3320 1948 Libidinis
3367 1892 3516 1947 enim

1927 1993 1983 2042 et
2016 1985 2253 2056 crapulae
2274 1999 2471 2055 expers
2487 1999 2702 2055 semper
2727 1982 2826 2040 fui.
2859 1982 3116 2040 Pollicem
3137 1999 3356 2056 quoque
3377 1985 3517 2040 dex-

1926 2088 2025 2135 tra:
2060 2093 2277 2147 manus,
2305 2091 2417 2148 quo
2453 2075 2588 2132 mihi
2615 2075 2838 2132 assidue
2867 2086 3071 2133 sancta:
3093 2077 3277 2132 crucis
3298 2077 3516 2148 signum

1928 2170 2204 2240 impressi,
2241 2170 2474 2225 illaesum
2534 2168 2743 2224 videbis
2767 2208 2783 2236 ,
2825 2176 2886 2223 ut
2936 2177 3194 2239 appareat
3229 2167 3518 2224 clementia

1929 2261 2147 2317 Domini
2184 2261 2240 2315 in
2287 2268 2444 2331 parte
2489 2268 2727 2327 servata,
2761 2268 2816 2316 et
2859 2269 3084 2330 paterna
3138 2262 3425 2332 castigatio
3462 2261 3517 2316 in

1929 2359 2086 2422 parte
2119 2358 2426 2421 assumpta.
2467 2369 2486 2402 ι
2537 2349 2854 2406 Dunstanus
2897 2365 3029 2420 ergo
3071 2366 3196 2405 cum
3235 2351 3378 2421 apud
3419 2351 3518 2405 Sa-

1927 2458 2051 2499 rum
2075 2457 2245 2514 prope
2272 2442 2594 2523 Wiltoniam
2623 2449 2991 2512 pernoctaret,
3013 2457 3111 2512 per
3132 2443 3313 2497 visum
3341 2450 3521 2496 trans-

1930 2535 2104 2591 fertur
2144 2535 2199 2590 in
2249 2535 2537 2591 ecclesiam
2595 2533 2872 2590 Wiltoniaa
2903 2549 3080 2604 usque
3119 2534 3190 2589 ad
3245 2535 3517 2589 tumulum

1930 2634 2136 2683 sanctae
2168 2625 2398 2698 virginis
2445 2646 2458 2682 :
2509 2635 2566 2682 et
2613 2641 2742 2684 ecce
2778 2627 2923 2682 videt
2968 2625 3212 2698 angelica
3275 2627 3520 2683 claritate

1929 2728 2181 2775 sanctum
2247 2718 2564 2791 Dionysium
2609 2718 2770 2774 altari
2810 2717 3103 2784 assistere,
3147 2726 3203 2773 et
3253 2718 3518 2788 virginem

1929 2810 2184 2868 Editham
2217 2811 2342 2868 luce
2372 2819 2428 2866 et
2471 2808 2710 2867 candore
2737 2809 3115 2880 conspicuam,
3143 2809 3400 2865 dilectum
3428 2824 3520 2878 pa-

1931 2911 2151 2960 tronum
2178 2903 2332 2960 hisee
2351 2903 2684 2975 compellare
2709 2901 2890 2958 verbis
2915 2919 2928 2956 :
2963 2920 2981 2952 ‹
3014 2900 3154 2968 Scis,
3178 2899 3358 2966 Pater,
3383 2899 3516 2970 quid

1930 2999 2000 3056 de
2024 3013 2114 3056 me
2143 2997 2344 3054 divina:
2369 2997 2556 3069 gratia:
2579 2997 2823 3068 placeat;
2867 3007 2926 3050 tu
2951 3009 3081 3067 ergo
3112 2993 3313 3050 summi
3334 2990 3521 3049 consi-

1929 3091 1990 3146 lii
2034 3091 2328 3160 interpres,
2370 3097 2426 3146 et
2461 3090 2660 3147 divina:
2685 3088 2982 3146 voluntatis
3028 3088 3223 3159 legate,
3262 3087 3390 3142 huic
3429 3085 3520 3140 ad-

1853 3195 1900 3259 C
1927 3196 2101 3248 venat,
2130 3195 2240 3253 qua
2255 3180 2360 3236 fide
2378 3187 2433 3236 et
2459 3179 2783 3235 auctoritate
2807 3178 2986 3248 ipsum
3019 3177 3126 3232 huc
3150 3174 3518 3241 invitaverim,

1935 3287 2166 3342 expone.
2206 3289 2226 3324 ι
2263 3271 2498 3328 Sanctus
2543 3269 2838 3343 Dyonisius
2889 3269 2966 3324 ait
3004 3287 3018 3323 :
3057 3287 3074 3319 ι
3104 3267 3519 3333 Animadverte,

1935 3361 2127 3430 frater,
2160 3362 2428 3418 visionem
2457 3377 2623 3432 quam
2663 3374 2836 3430 nuper
2859 3359 3063 3424 vidisti,
3090 3373 3274 3414 veram
3303 3371 3425 3412 esse
3455 3356 3524 3411 do

1936 3453 2105 3526 hujus
2130 3455 2341 3510 dilecue
2369 3452 2606 3508 dominae
2631 3451 3018 3508 declaratione.
3059 3451 3228 3522 Digna
3261 3457 3344 3505 est
3374 3449 3522 3503 enim

1935 3561 2103 3616 quam
2149 3543 2436 3616 terrigenae
2471 3553 2830 3610 venerentur,
2881 3558 3003 3613 qure
3063 3543 3202 3596 inter
3249 3540 3526 3596 caelicolas

1935 3638 2137 3694 meruit
2167 3636 2421 3692 coronari
2447 3654 2460 3702 ;
2497 3636 2722 3705 dignum
2754 3643 2838 3689 est
2880 3635 3086 3688 honore
3115 3635 3219 3687 hoc
3271 3649 3470 3702 corpus
3501 3675 3515 3695 ,

1937 3730 2044 3784 hoc
2079 3729 2341 3798 templum
2368 3726 2653 3796 virginalis
2698 3725 2994 3795 pudicitia},
3047 3725 3101 3779 in
3149 3741 3260 3794 quo
3305 3733 3521 3779 amator

1936 3819 2268 3892 virginitatis
2343 3818 2592 3889 regnavit
2639 3815 2907 3872 Dominus
2957 3815 3068 3871 Rex
3123 3816 3330 3886 gloriae.
3391 3816 3526 3885 Ejus

1937 3912 2102 3968 etiam
2143 3910 2366 3967 Christo
2391 3908 2707 3981 gratissima
2737 3907 2994 3980 suffragia
3034 3909 3358 3962 mortalibus
3397 3915 3528 3963 sunt

1938 4003 2268 4061 necessaria.
2303 4022 2321 4054 ι
2354 4001 2432 4057 lta
2455 4017 2585 4073 ergo
2619 4001 2780 4056 tertio
2813 3998 2997 4056 Nonas
3039 3999 3359 4056 Novembris
3397 4016 3524 4054 ror-

1937 4113 2042 4168 pus
2063 4103 2310 4152 sanctum
2341 4111 2373 4151 e
2420 4103 2566 4150 terra
2600 4094 2834 4162 levatur,
2860 4102 2914 4148 et
2944 4094 3150 4159 omnia,
3196 4093 3340 4149 sicut
3383 4108 3526 4164 prte—

1939 4186 2144 4243 dictum
2172 4193 2310 4254 erat,
2339 4185 2710 4240 inveniuntur.

2010 4280 2064 4335 9.
2092 4279 2394 4335 Monachus
2419 4279 2644 4350 quidam
2667 4277 2994 4345 Glasconim,
3019 4279 3250 4336 Edulfus
3279 4281 3525 4346 nomine,

1941 4372 2225 4428 collectam
2264 4380 2466 4427 temere
2504 4371 2558 4426 in
2589 4387 2780 4442 rugam
2809 4387 2839 4427 a
2882 4387 3108 4443 corpore
3148 4383 3338 4429 saneto
3373 4376 3524 4430 tuni-

1941 4480 2064 4520 cam
2115 4464 2424 4536 praescidit,
2487 4463 2760 4536 simulque
2819 4473 3067 4520 sanctum
3117 4482 3316 4537 corpus
3381 4467 3536 4522 ferro

237 4535 700 4632 ιξιξιιάοτηείίειξθ
738 4544 824 4632 cf“
857 4536 1038 4607 Puella
1082 4536 1150 4592 ad
1195 4538 1604 4632 CCCleSifimtei
1647 4547 1838 4595 8³1³0ιο
1866 4548 1916 4610 Ι)
1939 4535 2246 4626 percussit;
2278 4557 2566 4613 confestim
2605 4535 2830 4629 sanguis
2853 4559 2976 4614 inde
3000 4535 3276 4630 copiosus,
3303 4561 3528 4632 perinde

239 4626 434 4690 Elfego
463 4626 616 4681 illam
645 4627 975 4697 baptizante,
1015 4636 1070 4684 et
1102 4643 1320 4684 cereum
1361 4629 1411 4685 ei
1458 4629 1718 4686 offerente
1756 4639 1839 4686 at-

239 4735 349 4790 que
381 4719 608 4774 dicente
634 4737 648 4773 :
683 4737 702 4770 ε
730 4719 950 4790 Accipe,
978 4720 1177 4791 puella,
1201 4719 1536 4792 lampadem,
1564 4737 1690 4778 cum
1727 4738 1838 4793 qua

242 4813 495 4867 introeas
529 4811 600 4866 ad
648 4813 869 4882 nuptias
902 4812 1119 4868 Domini
1152 4832 1164 4867 :
1195 4831 1215 4866 ι
1255 4813 1438 4870 subito
1469 4814 1630 4886 quasi
1651 4823 1840 4872 sancta

241 4905 446 4963 Editba
473 4907 626 4962 illam
649 4908 886 4977 puellam
917 4915 1135 4963 tenente
1159 4909 1454 4979 palmulam
1487 4910 1838 4966 tenerrimam

243 4998 560 5068 porrigens,
617 5012 836 5052 cereum
891 4999 1136 5068 suscepit
1187 5015 1252 5056 ac
1299 5000 1493 5056 tenuit.
1543 4999 1669 5056 Mox
1711 5017 1840 5057 vero

243 5098 476 5144 sanctus
523 5087 819 5159 episcopus
879 5087 1102 5162 Elfegus
1138 5090 1405 5147 intellexit
1456 5092 1838 5149 admirandum

247 5179 352 5234 hoc
375 5195 501 5236 esse
525 5180 724 5235 divina:
745 5181 1029 5237 electionis
1045 5183 1392 5254 praesagium,
1415 5193 1578 5254 atque
1597 5186 1839 5256 parenti-

247 5272 352 5326 bus
372 5273 571 5343 puella:
600 5291 613 5326 :
655 5291 671 5323 ι
705 5271 858 5328 lianc
885 5273 1208 5329 infantulam
1235 5273 1339 5330 soli
1365 5274 1476 5330 Deo
1502 5276 1840 5346 desponsan-

245 5363 375 5416 dam
415 5363 640 5429 nutrite,
665 5374 718 5419 et
753 5375 877 5435 post
899 5367 1337 5435 ablactationem,
1363 5369 1694 5424 monasterio
1715 5385 1836 5426 eam

247 5455 466 5512 tradite.
511 5473 529 5507 ›
563 5455 641 5510 Ea
665 5458 845 5527 puella
871 5457 1152 5530 Brithgina
1175 5460 1324 5531 (l59)
1356 5461 1624 5533 appellata
1653 5473 1759 5531 est,
1785 5474 1840 5519 et

319 5673 371 5741 (ι
388 5672 476 5748 59)
501 5671 754 5748 Brimqu
782 5683 1009 5748 vocatur
1031 5676 1099 5730 ah
1126 5672 1468 5748 Harpsfeldio
1487 5681 1540 5734 in
1563 5679 1757 5736 Saeculi
1786 5700 1837 5747 κ,

252 5759 374 5811 cap.
411 5744 642 5817 l0,__ubi
691 5744 1008 5801 Theoderici
1059 5744 1343 5817 cujusdam
1383 5750 1719 5805 curationem
1773 5744 1840 5808 ad

257 5821 462 5870 sancta:
487 5814 696 5871 Editha:
744 5818 1014 5872 tumulum
1043 5814 1146 5874 sub
1185 5819 1284 5875 hac
1322 5820 1596 5878 abbatissa
1643 5823 1841 5880 factam

1940 4656 2000 4702 ut
2029 4648 2167 4702 solet
2191 4663 2258 4702 ex
2284 4664 2421 4702 vena
2454 4648 2648 4715 incisa,
2694 4650 2966 4720 prorupit,
2996 4660 3158 4720 atque
3188 4652 3242 4706 in
3271 4661 3449 4706 vestes
3473 4661 3530 4708 et

1939 4740 2316 4812 pavimentum
2368 4741 2627 4795 manavit.
2662 4740 2910 4797 Territus
2965 4742 3130 4797 frater
3180 4743 3529 4811 temerarius,

1939 4833 2148 4888 ferrum
2191 4848 2317 4888 cum
2355 4849 2511 4890 sacra
2537 4834 2727 4904 rapina
2754 4835 3069 4905 projiciens,
3095 4836 3149 4889 in
3175 4835 3370 4889 faciem
3393 4837 3525 4903 ruit,

1941 4925 2243 4982 admissum
2270 4925 2485 4982 facinus
2507 4927 2766 4998 lacrymis
2790 4929 3008 4997 expiare
3045 4929 3357 4994 contendit;
3396 4946 3523 4984 sur-

1947 5033 2080 5088 gens
2111 5017 2236 5072 inde
2267 5018 2479 5072 nullum
2511 5033 2741 5086 prorsus
2784 5032 3038 5073 cruorem
3084 5018 3238 5073 vidit.
3284 5017 3528 5090 Itemque

1945 5123 2102 5162 soror
2128 5107 2399 5176 quietiam,
2432 5115 2490 5162 ttt
2520 5118 2715 5162 conata
2744 5116 2828 5162 est
2855 5107 2922 5162 de
2961 5108 3091 5163 vitta
3139 5109 3283 5164 sacri
3329 5110 3526 5180 capitis

1945 5207 2152 5267 partem
2193 5199 2532 5264 abscindere,
2571 5199 2711 5252 miro
2757 5198 2920 5255 modo
2951 5200 3211 5270 impedita
3240 5212 3344 5270 est,
3377 5204 3528 5259 vitali
3608 5225 3614 5232 ·

1944 5287 2122 5358 capite
2148 5304 2204 5344 se
2228 5290 2530 5355 attollente,
2561 5297 2614 5343 et
2652 5290 2998 5346 temerariam
3039 5292 3240 5348 minaci
3281 5294 3532 5366 indigna-

1944 5381 2092 5438 tione
2116 5381 2440 5436 deteri-cute.

2017 5472 2102 5528 10.
2154 5473 2352 5529 Clerici
2403 5473 2682 5532 Pictorum
2737 5476 2792 5532 in
2844 5494 3009 5550 capsa
3068 5478 3534 5534 circumferebant

1944 5701 2336 5767 commemorat
2363 5705 2429 5744 ex
2462 5691 2732 5767 _i_i_l'llll0IIC
2789 5694 2830 5748 Τ
2836 5695 3029 5750 ullcnsi
3087 5695 3354 5767 Episcopo
3375 5736 3391 5763 ,
3413 5697 3541 5766 qui

1949 5771 2133 5828 postea
2163 5759 2272 5814 Lco
2300 5777 2436 5832 papa
2461 5762 2552 5818 lx,
3132 5759 3144 5767 -
3283 5759 3303 5766 -
3375 5759 3385 5763 -
