  <div class='ocr_page' id='page_1' title='image "/cluster/home/n/w/nwhite01/storage/ocr_20150623/155/hvd.32044015473838/063.png"; bbox 0 0 3990 6298; ppageno 0'>
   <div class='ocr_carea' id='block_1_1' title="bbox 423 342 569 399">
    <p class='ocr_par' dir='ltr' id='par_1_1' title="bbox 423 342 569 399">
     <span class='ocr_line' id='line_1_1' title="bbox 423 342 569 399; baseline 0 0"><span class='ocrx_word' id='word_1_1' title='bbox 423 367 425 370; x_wconf 41' lang='grc'><em>⁴</em></span> <span class='ocrx_word' id='word_1_2' title='bbox 461 342 569 399; x_wconf 75' lang='lat'><strong>“5</strong></span> 
     </span>
    </p>
   </div>
   <div class='ocr_carea' id='block_1_2' title="bbox 1391 341 2851 406">
    <p class='ocr_par' dir='ltr' id='par_1_2' title="bbox 1391 341 2851 406">
     <span class='ocr_line' id='line_1_2' title="bbox 1391 341 2851 406; baseline 0 -2"><span class='ocrx_word' id='word_1_3' title='bbox 1391 343 1819 406; x_wconf 81' lang='lat' dir='ltr'><strong>GOSCELINUS</strong></span> <span class='ocrx_word' id='word_1_4' title='bbox 1857 341 2415 401; x_wconf 78' lang='lat' dir='ltr'><strong>UANTUABIENSIS</strong></span> <span class='ocrx_word' id='word_1_5' title='bbox 2453 345 2851 404; x_wconf 79' lang='lat' dir='ltr'><strong>MONACHUS.</strong></span> 
     </span>
    </p>
   </div>
   <div class='ocr_carea' id='block_1_3' title="bbox 3642 346 3740 400">
    <p class='ocr_par' dir='ltr' id='par_1_3' title="bbox 3642 346 3740 400">
     <span class='ocr_line' id='line_1_3' title="bbox 3642 346 3740 400; baseline 0 0"><span class='ocrx_word' id='word_1_6' title='bbox 3642 346 3740 400; x_wconf 79' lang='lat' dir='ltr'><strong>HG</strong></span> 
     </span>
    </p>
   </div>
   <div class='ocr_carea' id='block_1_4' title="bbox 464 457 3743 533">
    <p class='ocr_par' dir='ltr' id='par_1_4' title="bbox 464 457 3743 533">
     <span class='ocr_line' id='line_1_4' title="bbox 464 457 3743 533; baseline 0.002 -21"><span class='ocrx_word' id='word_1_7' title='bbox 464 468 722 512; x_wconf 83' lang='lat' dir='ltr'><strong>sanctum</strong></span> <span class='ocrx_word' id='word_1_8' title='bbox 749 457 1128 516; x_wconf 81' lang='lat' dir='ltr'><strong>confessorem</strong></span> <span class='ocrx_word' id='word_1_9' title='bbox 1155 458 1394 528; x_wconf 78' lang='lat' dir='ltr'><strong>Juvium,</strong></span> <span class='ocrx_word' id='word_1_10' title='bbox 1429 471 1592 531; x_wconf 89' lang='lat' dir='ltr'><strong>atque</strong></span> <span class='ocrx_word' id='word_1_11' title='bbox 1617 460 1672 515; x_wconf 83' lang='lat' dir='ltr'><strong>in</strong></span> <span class='ocrx_word' id='word_1_12' title='bbox 1710 467 1913 515; x_wconf 78' lang='lat' dir='ltr'><strong>sanctae</strong></span> <span class='ocrx_word' id='word_1_13' title='bbox 1932 460 2048 515; x_wconf 90' lang='lat' dir='ltr'><strong>vir-</strong></span> <span class='ocrx_word' id='word_1_14' title='bbox 2079 466 2127 526; x_wconf 70' lang='grc' dir='ltr'><strong>Α</strong></span> <span class='ocrx_word' id='word_1_15' title='bbox 2154 470 2338 517; x_wconf 88' lang='lat' dir='ltr'><strong>autem</strong></span> <span class='ocrx_word' id='word_1_16' title='bbox 2379 461 2680 532; x_wconf 89' lang='lat' dir='ltr'><strong>respirans,</strong></span> <span class='ocrx_word' id='word_1_17' title='bbox 2726 462 2884 517; x_wconf 79' lang='lat' dir='ltr'><strong>laetus</strong></span> <span class='ocrx_word' id='word_1_18' title='bbox 2905 460 3141 527; x_wconf 76' lang='lat' dir='ltr'><strong>erubuit,</strong></span> <span class='ocrx_word' id='word_1_19' title='bbox 3172 475 3392 533; x_wconf 74' lang='lat' dir='ltr'><strong>suaeque</strong></span> <span class='ocrx_word' id='word_1_20' title='bbox 3419 458 3743 518; x_wconf 70' lang='lat' dir='ltr'><strong>temeritatis</strong></span> 
     </span>
    </p>
   </div>
   <div class='ocr_carea' id='block_1_5' title="bbox 463 548 2054 625">
    <p class='ocr_par' dir='ltr' id='par_1_5' title="bbox 463 548 2054 625">
     <span class='ocr_line' id='line_1_5' title="bbox 463 548 2054 625; baseline 0.005 -22"><span class='ocrx_word' id='word_1_21' title='bbox 463 548 608 620; x_wconf 91' lang='lat' dir='ltr'><strong>ginis</strong></span> <span class='ocrx_word' id='word_1_22' title='bbox 637 553 895 610; x_wconf 87' lang='lat' dir='ltr'><strong>coenobio</strong></span> <span class='ocrx_word' id='word_1_23' title='bbox 935 555 1237 611; x_wconf 82' lang='lat' dir='ltr'><strong>honoriﬁce</strong></span> <span class='ocrx_word' id='word_1_24' title='bbox 1266 555 1525 625; x_wconf 84' lang='lat' dir='ltr'><strong>suscepti,</strong></span> <span class='ocrx_word' id='word_1_25' title='bbox 1569 554 1626 609; x_wconf 93' lang='lat' dir='ltr'><strong>in</strong></span> <span class='ocrx_word' id='word_1_26' title='bbox 1678 554 1839 609; x_wconf 80' lang='lat' dir='ltr'><strong>altari</strong></span> <span class='ocrx_word' id='word_1_27' title='bbox 1881 555 2054 611; x_wconf 64' lang='lat' dir='ltr'><strong>beata:</strong></span> 
     </span>
    </p>
   </div>
   <div class='ocr_carea' id='block_1_6' title="bbox 461 639 2054 717">
    <p class='ocr_par' dir='ltr' id='par_1_6' title="bbox 461 639 2054 717">
     <span class='ocr_line' id='line_1_6' title="bbox 461 639 2054 717; baseline 0.005 -23"><span class='ocrx_word' id='word_1_28' title='bbox 461 639 676 698; x_wconf 72' lang='lat' dir='ltr'><strong>Edithaa</strong></span> <span class='ocrx_word' id='word_1_29' title='bbox 699 659 890 701; x_wconf 90' lang='lat' dir='ltr'><strong>sacras</strong></span> <span class='ocrx_word' id='word_1_30' title='bbox 911 647 1172 717; x_wconf 86' lang='lat' dir='ltr'><strong>reliquias</strong></span> <span class='ocrx_word' id='word_1_31' title='bbox 1222 646 1611 717; x_wconf 89' lang='lat' dir='ltr'><strong>deposuerunt.</strong></span> <span class='ocrx_word' id='word_1_32' title='bbox 1635 642 1886 715; x_wconf 86' lang='lat' dir='ltr'><strong>Cumque</strong></span> <span class='ocrx_word' id='word_1_33' title='bbox 1924 646 2054 702; x_wconf 90' lang='lat' dir='ltr'><strong>inde</strong></span> 
     </span>
    </p>
   </div>
   <div class='ocr_carea' id='block_1_7' title="bbox 460 733 2053 808">
    <p class='ocr_par' dir='ltr' id='par_1_7' title="bbox 460 733 2053 808">
     <span class='ocr_line' id='line_1_7' title="bbox 460 733 2053 808; baseline 0.003 -20"><span class='ocrx_word' id='word_1_34' title='bbox 460 733 720 792; x_wconf 88' lang='lat' dir='ltr'><strong>recedere</strong></span> <span class='ocrx_word' id='word_1_35' title='bbox 742 737 963 804; x_wconf 81' lang='lat' dir='ltr'><strong>vellent,</strong></span> <span class='ocrx_word' id='word_1_36' title='bbox 1015 747 1170 793; x_wconf 81' lang='lat' dir='ltr'><strong>tanto</strong></span> <span class='ocrx_word' id='word_1_37' title='bbox 1202 737 1440 808; x_wconf 86' lang='lat' dir='ltr'><strong>pondere</strong></span> <span class='ocrx_word' id='word_1_38' title='bbox 1485 735 1730 806; x_wconf 67' lang='lat' dir='ltr'><strong>reliquiae</strong></span> <span class='ocrx_word' id='word_1_39' title='bbox 1758 736 1865 792; x_wconf 70' lang='lat' dir='ltr'><strong>illa:</strong></span> <span class='ocrx_word' id='word_1_40' title='bbox 1893 738 2053 794; x_wconf 82' lang='lat' dir='ltr'><strong>altari</strong></span> 
     </span>
    </p>
   </div>
   <div class='ocr_carea' id='block_1_8' title="bbox 458 825 2055 897">
    <p class='ocr_par' dir='ltr' id='par_1_8' title="bbox 458 825 2055 897">
     <span class='ocr_line' id='line_1_8' title="bbox 458 825 2055 897; baseline 0.004 -18"><span class='ocrx_word' id='word_1_41' title='bbox 458 825 754 895; x_wconf 75' lang='lat' dir='ltr'><strong>inhaesere,</strong></span> <span class='ocrx_word' id='word_1_42' title='bbox 780 837 842 883; x_wconf 91' lang='lat' dir='ltr'><strong>ut</strong></span> <span class='ocrx_word' id='word_1_43' title='bbox 869 829 1019 884; x_wconf 91' lang='lat' dir='ltr'><strong>nulla</strong></span> <span class='ocrx_word' id='word_1_44' title='bbox 1051 829 1260 884; x_wconf 83' lang='lat' dir='ltr'><strong>ratione</strong></span> <span class='ocrx_word' id='word_1_45' title='bbox 1280 834 1506 897; x_wconf 83' lang='lat' dir='ltr'><strong>possent</strong></span> <span class='ocrx_word' id='word_1_46' title='bbox 1527 827 1790 882; x_wconf 79' lang='lat' dir='ltr'><strong>amoveri.</strong></span> <span class='ocrx_word' id='word_1_47' title='bbox 1827 827 2055 885; x_wconf 90' lang='lat' dir='ltr'><strong>Plorant</strong></span> 
     </span>
    </p>
   </div>
   <div class='ocr_carea' id='block_1_9' title="bbox 458 917 2054 991">
    <p class='ocr_par' dir='ltr' id='par_1_9' title="bbox 458 917 2054 991">
     <span class='ocr_line' id='line_1_9' title="bbox 458 917 2054 991; baseline 0.004 -19"><span class='ocrx_word' id='word_1_48' title='bbox 458 917 630 989; x_wconf 83' lang='lat' dir='ltr'><strong>igitur</strong></span> <span class='ocrx_word' id='word_1_49' title='bbox 659 920 901 988; x_wconf 65' lang='lat' dir='ltr'><strong>advenae,</strong></span> <span class='ocrx_word' id='word_1_50' title='bbox 932 921 1159 991; x_wconf 88' lang='lat' dir='ltr'><strong>ejulant,</strong></span> <span class='ocrx_word' id='word_1_51' title='bbox 1188 927 1366 975; x_wconf 88' lang='lat' dir='ltr'><strong>vestes</strong></span> <span class='ocrx_word' id='word_1_52' title='bbox 1389 918 1666 987; x_wconf 90' lang='lat' dir='ltr'><strong>scindunt,</strong></span> <span class='ocrx_word' id='word_1_53' title='bbox 1683 920 1912 990; x_wconf 86' lang='lat' dir='ltr'><strong>capillos</strong></span> <span class='ocrx_word' id='word_1_54' title='bbox 1940 924 2054 978; x_wconf 87' lang='lat' dir='ltr'><strong>vel-</strong></span> 
     </span>
    </p>
   </div>
   <div class='ocr_carea' id='block_1_10' title="bbox 457 1008 2051 1081">
    <p class='ocr_par' dir='ltr' id='par_1_10' title="bbox 457 1008 2051 1081">
     <span class='ocr_line' id='line_1_10' title="bbox 457 1008 2051 1081; baseline 0.004 -19"><span class='ocrx_word' id='word_1_55' title='bbox 457 1008 663 1077; x_wconf 88' lang='lat' dir='ltr'><strong>licant;</strong></span> <span class='ocrx_word' id='word_1_56' title='bbox 697 1011 917 1067; x_wconf 85' lang='lat' dir='ltr'><strong>tandem</strong></span> <span class='ocrx_word' id='word_1_57' title='bbox 945 1028 1003 1066; x_wconf 91' lang='lat' dir='ltr'><strong>re</strong></span> <span class='ocrx_word' id='word_1_58' title='bbox 1031 1012 1340 1080; x_wconf 88' lang='lat' dir='ltr'><strong>desperata,</strong></span> <span class='ocrx_word' id='word_1_59' title='bbox 1381 1010 1616 1081; x_wconf 86' lang='lat' dir='ltr'><strong>receptis</strong></span> <span class='ocrx_word' id='word_1_60' title='bbox 1641 1011 1857 1068; x_wconf 91' lang='lat' dir='ltr'><strong>duobus</strong></span> <span class='ocrx_word' id='word_1_61' title='bbox 1883 1014 2051 1070; x_wconf 83' lang='lat' dir='ltr'><strong>milli—</strong></span> 
     </span>
    </p>
   </div>
   <div class='ocr_carea' id='block_1_11' title="bbox 457 1098 2052 1170">
    <p class='ocr_par' dir='ltr' id='par_1_11' title="bbox 457 1098 2052 1170">
     <span class='ocr_line' id='line_1_11' title="bbox 457 1098 2052 1170; baseline 0.005 -16"><span class='ocrx_word' id='word_1_62' title='bbox 457 1098 566 1155; x_wconf 87' lang='lat' dir='ltr'><strong>bus</strong></span> <span class='ocrx_word' id='word_1_63' title='bbox 597 1101 906 1158; x_wconf 88' lang='lat' dir='ltr'><strong>solidorum</strong></span> <span class='ocrx_word' id='word_1_64' title='bbox 931 1117 962 1156; x_wconf 88' lang='lat' dir='ltr'><strong>a</strong></span> <span class='ocrx_word' id='word_1_65' title='bbox 989 1099 1259 1156; x_wconf 89' lang='lat' dir='ltr'><strong>Wlftrude</strong></span> <span class='ocrx_word' id='word_1_66' title='bbox 1301 1101 1602 1170; x_wconf 87' lang='lat' dir='ltr'><strong>abbatissa,</strong></span> <span class='ocrx_word' id='word_1_67' title='bbox 1631 1102 1688 1157; x_wconf 91' lang='lat' dir='ltr'><strong>in</strong></span> <span class='ocrx_word' id='word_1_68' title='bbox 1726 1119 1828 1160; x_wconf 87' lang='lat' dir='ltr'><strong>sua</strong></span> <span class='ocrx_word' id='word_1_69' title='bbox 1867 1105 2052 1162; x_wconf 86' lang='lat' dir='ltr'><strong>tristes</strong></span> 
     </span>
    </p>
   </div>
   <div class='ocr_carea' id='block_1_12' title="bbox 466 1190 672 1248">
    <p class='ocr_par' dir='ltr' id='par_1_12' title="bbox 466 1190 672 1248">
     <span class='ocr_line' id='line_1_12' title="bbox 466 1190 672 1248; baseline 0.019 -4"><span class='ocrx_word' id='word_1_70' title='bbox 466 1190 672 1248; x_wconf 88' lang='lat' dir='ltr'><strong>abiere.</strong></span> 
     </span>
    </p>
   </div>
   <div class='ocr_carea' id='block_1_13' title="bbox 456 1282 2054 1357">
    <p class='ocr_par' dir='ltr' id='par_1_13' title="bbox 456 1282 2054 1357">
     <span class='ocr_line' id='line_1_13' title="bbox 456 1282 2054 1357; baseline 0.007 -22"><span class='ocrx_word' id='word_1_71' title='bbox 456 1309 460 1312; x_wconf 91' lang='lat'><strong>-</strong></span> <span class='ocrx_word' id='word_1_72' title='bbox 536 1282 625 1337; x_wconf 76' lang='lat' dir='ltr'><strong>il.</strong></span> <span class='ocrx_word' id='word_1_73' title='bbox 658 1282 914 1340; x_wconf 76' lang='lat' dir='ltr'><strong>Cnutom’a</strong></span> <span class='ocrx_word' id='word_1_74' title='bbox 958 1283 1096 1353; x_wconf 78' lang='lat' dir='ltr'><strong>regis</strong></span> <span class='ocrx_word' id='word_1_75' title='bbox 1134 1283 1422 1340; x_wconf 79' lang='lat' dir='ltr'><strong>cachinnus</strong></span> <span class='ocrx_word' id='word_1_76' title='bbox 1455 1288 1693 1357; x_wconf 77' lang='lat' dir='ltr'><strong>punitus.</strong></span> <span class='ocrx_word' id='word_1_77' title='bbox 1717 1289 1940 1346; x_wconf 79' lang='lat' dir='ltr'><strong>Aldredi</strong></span> <span class='ocrx_word' id='word_1_78' title='bbox 1969 1291 2054 1346; x_wconf 80' lang='lat' dir='ltr'><strong>in-</strong></span> 
     </span>
    </p>
   </div>
   <div class='ocr_carea' id='block_1_14' title="bbox 461 1373 2054 1454">
    <p class='ocr_par' dir='ltr' id='par_1_14' title="bbox 461 1373 2054 1454">
     <span class='ocr_line' id='line_1_14' title="bbox 461 1373 2054 1454; baseline 0.007 -26"><span class='ocrx_word' id='word_1_79' title='bbox 461 1373 1042 1431; x_wconf 81' lang='lat' dir='ltr'><strong>vocatio.——Canutus</strong></span> <span class='ocrx_word' id='word_1_80' title='bbox 1089 1391 1187 1432; x_wconf 89' lang='lat' dir='ltr'><strong>rex</strong></span> <span class='ocrx_word' id='word_1_81' title='bbox 1233 1377 1291 1433; x_wconf 91' lang='lat' dir='ltr'><strong>in</strong></span> <span class='ocrx_word' id='word_1_82' title='bbox 1336 1393 1493 1434; x_wconf 87' lang='lat' dir='ltr'><strong>sacra</strong></span> <span class='ocrx_word' id='word_1_83' title='bbox 1545 1379 1866 1438; x_wconf 90' lang='lat' dir='ltr'><strong>Pentecoste</strong></span> <span class='ocrx_word' id='word_1_84' title='bbox 1909 1383 2054 1454; x_wconf 91' lang='lat' dir='ltr'><strong>apud</strong></span> 
     </span>
    </p>
   </div>
   <div class='ocr_carea' id='block_1_15' title="bbox 458 1463 2055 1532">
    <p class='ocr_par' dir='ltr' id='par_1_15' title="bbox 458 1463 2055 1532">
     <span class='ocr_line' id='line_1_15' title="bbox 458 1463 2055 1532; baseline 0.009 -14"><span class='ocrx_word' id='word_1_85' title='bbox 458 1463 758 1520; x_wconf 87' lang='lat' dir='ltr'><strong>Wltoniam</strong></span> <span class='ocrx_word' id='word_1_86' title='bbox 791 1465 936 1522; x_wconf 89' lang='lat' dir='ltr'><strong>inter</strong></span> <span class='ocrx_word' id='word_1_87' title='bbox 964 1467 1237 1525; x_wconf 90' lang='lat' dir='ltr'><strong>edendum</strong></span> <span class='ocrx_word' id='word_1_88' title='bbox 1263 1471 1457 1527; x_wconf 88' lang='lat' dir='ltr'><strong>crebro</strong></span> <span class='ocrx_word' id='word_1_89' title='bbox 1490 1473 1823 1530; x_wconf 90' lang='lat' dir='ltr'><strong>cachinnum</strong></span> <span class='ocrx_word' id='word_1_90' title='bbox 1852 1476 2055 1532; x_wconf 88' lang='lat' dir='ltr'><strong>sustol-</strong></span> 
     </span>
    </p>
   </div>
   <div class='ocr_carea' id='block_1_16' title="bbox 457 1545 2054 1628">
    <p class='ocr_par' dir='ltr' id='par_1_16' title="bbox 457 1545 2054 1628">
     <span class='ocr_line' id='line_1_16' title="bbox 457 1545 2054 1628; baseline 0.009 -20"><span class='ocrx_word' id='word_1_91' title='bbox 457 1553 598 1621; x_wconf 85' lang='lat' dir='ltr'><strong>lens,</strong></span> <span class='ocrx_word' id='word_1_92' title='bbox 646 1571 931 1628; x_wconf 85' lang='lat' dir='ltr'><strong>nunquam</strong></span> <span class='ocrx_word' id='word_1_93' title='bbox 955 1574 1015 1616; x_wconf 89' lang='lat' dir='ltr'><strong>se</strong></span> <span class='ocrx_word' id='word_1_94' title='bbox 1037 1545 1381 1617; x_wconf 76' lang='lat' dir='ltr'><strong>crediturum</strong></span> <span class='ocrx_word' id='word_1_95' title='bbox 1403 1563 1583 1620; x_wconf 88' lang='lat' dir='ltr'><strong>aiebat</strong></span> <span class='ocrx_word' id='word_1_96' title='bbox 1610 1563 1864 1620; x_wconf 90' lang='lat' dir='ltr'><strong>Editham</strong></span> <span class='ocrx_word' id='word_1_97' title='bbox 1885 1565 2054 1622; x_wconf 84' lang='lat' dir='ltr'><strong>filiam</strong></span> 
     </span>
    </p>
   </div>
   <div class='ocr_carea' id='block_1_17' title="bbox 455 1647 2053 1724">
    <p class='ocr_par' dir='ltr' id='par_1_17' title="bbox 455 1647 2053 1724">
     <span class='ocr_line' id='line_1_17' title="bbox 455 1647 2053 1724; baseline 0.008 -22"><span class='ocrx_word' id='word_1_98' title='bbox 455 1647 604 1718; x_wconf 90' lang='lat' dir='ltr'><strong>regis</strong></span> <span class='ocrx_word' id='word_1_99' title='bbox 623 1647 826 1722; x_wconf 87' lang='lat' dir='ltr'><strong>Edgari</strong></span> <span class='ocrx_word' id='word_1_100' title='bbox 854 1660 1104 1708; x_wconf 85' lang='lat' dir='ltr'><strong>sanctam</strong></span> <span class='ocrx_word' id='word_1_101' title='bbox 1133 1668 1276 1721; x_wconf 90' lang='lat' dir='ltr'><strong>esse,</strong></span> <span class='ocrx_word' id='word_1_102' title='bbox 1301 1654 1460 1724; x_wconf 87' lang='lat' dir='ltr'><strong>cujus</strong></span> <span class='ocrx_word' id='word_1_103' title='bbox 1478 1663 1632 1724; x_wconf 90' lang='lat' dir='ltr'><strong>pater</strong></span> <span class='ocrx_word' id='word_1_104' title='bbox 1667 1655 1879 1712; x_wconf 86' lang='lat' dir='ltr'><strong>libidini</strong></span> <span class='ocrx_word' id='word_1_105' title='bbox 1905 1673 2053 1714; x_wconf 88' lang='lat' dir='ltr'><strong>sem-</strong></span> 
     </span>
    </p>
   </div>
   <div class='ocr_carea' id='block_1_18' title="bbox 455 1744 2054 1813">
    <p class='ocr_par' dir='ltr' id='par_1_18' title="bbox 455 1744 2054 1813">
     <span class='ocr_line' id='line_1_18' title="bbox 455 1744 2054 1813; baseline 0.009 -19"><span class='ocrx_word' id='word_1_106' title='bbox 455 1753 555 1809; x_wconf 86' lang='lat' dir='ltr'><strong>per</strong></span> <span class='ocrx_word' id='word_1_107' title='bbox 590 1756 656 1796; x_wconf 87' lang='lat' dir='ltr'><strong>ae</strong></span> <span class='ocrx_word' id='word_1_108' title='bbox 691 1744 968 1813; x_wconf 75' lang='lat' dir='ltr'><strong>tyrannidi</strong></span> <span class='ocrx_word' id='word_1_109' title='bbox 1012 1746 1262 1802; x_wconf 86' lang='lat' dir='ltr'><strong>addictus</strong></span> <span class='ocrx_word' id='word_1_110' title='bbox 1312 1745 1524 1805; x_wconf 78' lang='lat' dir='ltr'><strong>fuisset.</strong></span> <span class='ocrx_word' id='word_1_111' title='bbox 1565 1749 1911 1809; x_wconf 85' lang='lat' dir='ltr'><strong>Contradixit</strong></span> <span class='ocrx_word' id='word_1_112' title='bbox 1954 1768 2054 1809; x_wconf 83' lang='lat' dir='ltr'><strong>au-</strong></span> 
     </span>
    </p>
   </div>
   <div class='ocr_carea' id='block_1_19' title="bbox 457 1832 2048 1911">
    <p class='ocr_par' dir='ltr' id='par_1_19' title="bbox 457 1832 2048 1911">
     <span class='ocr_line' id='line_1_19' title="bbox 457 1832 2048 1911; baseline 0.008 -26"><span class='ocrx_word' id='word_1_113' title='bbox 457 1837 571 1885; x_wconf 88' lang='lat' dir='ltr'><strong>tem</strong></span> <span class='ocrx_word' id='word_1_114' title='bbox 640 1832 718 1888; x_wconf 87' lang='lat' dir='ltr'><strong>illi</strong></span> <span class='ocrx_word' id='word_1_115' title='bbox 779 1833 1027 1892; x_wconf 89' lang='lat' dir='ltr'><strong>Ednotus</strong></span> <span class='ocrx_word' id='word_1_116' title='bbox 1061 1837 1540 1909; x_wconf 86' lang='lat' dir='ltr'><strong>archiepiscopus,</strong></span> <span class='ocrx_word' id='word_1_117' title='bbox 1572 1841 1665 1911; x_wconf 89' lang='lat' dir='ltr'><strong>qui</strong></span> <span class='ocrx_word' id='word_1_118' title='bbox 1694 1850 1810 1896; x_wconf 92' lang='lat' dir='ltr'><strong>tum</strong></span> <span class='ocrx_word' id='word_1_119' title='bbox 1841 1843 2048 1911; x_wconf 89' lang='lat' dir='ltr'><strong>aderat,</strong></span> 
     </span>
    </p>
   </div>
   <div class='ocr_carea' id='block_1_20' title="bbox 458 1922 2050 2006">
    <p class='ocr_par' dir='ltr' id='par_1_20' title="bbox 458 1922 2050 2006">
     <span class='ocr_line' id='line_1_20' title="bbox 458 1922 2050 2006; baseline 0.009 -30"><span class='ocrx_word' id='word_1_120' title='bbox 458 1922 756 1995; x_wconf 82' lang='lat' dir='ltr'><strong>statimque</strong></span> <span class='ocrx_word' id='word_1_121' title='bbox 779 1926 1009 1998; x_wconf 81' lang='lat' dir='ltr'><strong>virginis</strong></span> <span class='ocrx_word' id='word_1_122' title='bbox 1030 1929 1300 1983; x_wconf 89' lang='lat' dir='ltr'><strong>tumulum</strong></span> <span class='ocrx_word' id='word_1_123' title='bbox 1323 1931 1555 2000; x_wconf 89' lang='lat' dir='ltr'><strong>aperuit.</strong></span> <span class='ocrx_word' id='word_1_124' title='bbox 1581 1931 1675 1988; x_wconf 91' lang='lat' dir='ltr'><strong>llla</strong></span> <span class='ocrx_word' id='word_1_125' title='bbox 1699 1949 1831 1989; x_wconf 89' lang='lat' dir='ltr'><strong>vero</strong></span> <span class='ocrx_word' id='word_1_126' title='bbox 1855 1934 2050 2006; x_wconf 87' lang='lat' dir='ltr'><strong>cingu-</strong></span> 
     </span>
    </p>
   </div>
   <div class='ocr_carea' id='block_1_21' title="bbox 459 2012 2048 2096">
    <p class='ocr_par' dir='ltr' id='par_1_21' title="bbox 459 2012 2048 2096">
     <span class='ocr_line' id='line_1_21' title="bbox 459 2012 2048 2096; baseline 0.01 -30"><span class='ocrx_word' id='word_1_127' title='bbox 459 2012 676 2077; x_wconf 87' lang='lat' dir='ltr'><strong>lotenus</strong></span> <span class='ocrx_word' id='word_1_128' title='bbox 705 2032 764 2072; x_wconf 91' lang='lat' dir='ltr'><strong>se</strong></span> <span class='ocrx_word' id='word_1_129' title='bbox 786 2018 1023 2091; x_wconf 85' lang='lat' dir='ltr'><strong>erigens,</strong></span> <span class='ocrx_word' id='word_1_130' title='bbox 1056 2021 1113 2074; x_wconf 93' lang='lat' dir='ltr'><strong>in</strong></span> <span class='ocrx_word' id='word_1_131' title='bbox 1159 2022 1621 2079; x_wconf 90' lang='lat' dir='ltr'><strong>contumeliosum</strong></span> <span class='ocrx_word' id='word_1_132' title='bbox 1647 2040 1830 2096; x_wconf 81' lang='lat' dir='ltr'><strong>regem</strong></span> <span class='ocrx_word' id='word_1_133' title='bbox 1874 2025 2048 2096; x_wconf 90' lang='lat' dir='ltr'><strong>impe-</strong></span> 
     </span>
    </p>
   </div>
   <div class='ocr_carea' id='block_1_22' title="bbox 457 2104 2051 2185">
    <p class='ocr_par' dir='ltr' id='par_1_22' title="bbox 457 2104 2051 2185">
     <span class='ocr_line' id='line_1_22' title="bbox 457 2104 2051 2185; baseline 0.009 -26"><span class='ocrx_word' id='word_1_134' title='bbox 457 2113 577 2160; x_wconf 90' lang='lat' dir='ltr'><strong>tum</strong></span> <span class='ocrx_word' id='word_1_135' title='bbox 606 2104 787 2165; x_wconf 85' lang='lat' dir='ltr'><strong>faeere</strong></span> <span class='ocrx_word' id='word_1_136' title='bbox 828 2111 946 2168; x_wconf 88' lang='lat' dir='ltr'><strong>visa</strong></span> <span class='ocrx_word' id='word_1_137' title='bbox 972 2120 1074 2167; x_wconf 88' lang='lat' dir='ltr'><strong>est.</strong></span> <span class='ocrx_word' id='word_1_138' title='bbox 1106 2111 1246 2168; x_wconf 85' lang='lat' dir='ltr'><strong>Tum</strong></span> <span class='ocrx_word' id='word_1_139' title='bbox 1280 2114 1371 2170; x_wconf 89' lang='lat' dir='ltr'><strong>ille</strong></span> <span class='ocrx_word' id='word_1_140' title='bbox 1396 2130 1510 2185; x_wconf 76' lang='lat' dir='ltr'><strong>prae</strong></span> <span class='ocrx_word' id='word_1_141' title='bbox 1534 2126 1681 2172; x_wconf 90' lang='lat' dir='ltr'><strong>metu</strong></span> <span class='ocrx_word' id='word_1_142' title='bbox 1729 2125 2051 2173; x_wconf 84' lang='lat' dir='ltr'><strong>consterna-</strong></span> 
     </span>
    </p>
   </div>
   <div class='ocr_carea' id='block_1_23' title="bbox 457 2200 2048 2270">
    <p class='ocr_par' dir='ltr' id='par_1_23' title="bbox 457 2200 2048 2270">
     <span class='ocr_line' id='line_1_23' title="bbox 457 2200 2048 2270; baseline 0.009 -19"><span class='ocrx_word' id='word_1_143' title='bbox 457 2204 550 2254; x_wconf 87' lang='lat' dir='ltr'><strong>tus</strong></span> <span class='ocrx_word' id='word_1_144' title='bbox 599 2200 812 2270; x_wconf 89' lang='lat' dir='ltr'><strong>animo,</strong></span> <span class='ocrx_word' id='word_1_145' title='bbox 850 2202 1004 2258; x_wconf 90' lang='lat' dir='ltr'><strong>humi</strong></span> <span class='ocrx_word' id='word_1_146' title='bbox 1057 2219 1158 2260; x_wconf 90' lang='lat' dir='ltr'><strong>ceu</strong></span> <span class='ocrx_word' id='word_1_147' title='bbox 1206 2206 1476 2263; x_wconf 83' lang='lat' dir='ltr'><strong>exanimis</strong></span> <span class='ocrx_word' id='word_1_148' title='bbox 1525 2208 1753 2264; x_wconf 90' lang='lat' dir='ltr'><strong>corruit.</strong></span> <span class='ocrx_word' id='word_1_149' title='bbox 1805 2209 2048 2266; x_wconf 86' lang='lat' dir='ltr'><strong>Tandem</strong></span> 
     </span>
    </p>
   </div>
   <div class='ocr_carea' id='block_1_24' title="bbox 527 2356 2045 2439">
    <p class='ocr_par' dir='ltr' id='par_1_24' title="bbox 527 2356 2045 2439">
     <span class='ocr_line' id='line_1_24' title="bbox 527 2356 2045 2439; baseline 0.002 -20"><span class='ocrx_word' id='word_1_150' title='bbox 527 2356 676 2439; x_wconf 70' lang='lat'><strong>(169)</strong></span> <span class='ocrx_word' id='word_1_151' title='bbox 721 2358 1104 2439; x_wconf 66' lang='lat' dir='ltr'><strong>monacho</strong></span> <span class='ocrx_word' id='word_1_152' title='bbox 1129 2362 1532 2439; x_wconf 67' lang='lat' dir='ltr'><strong>Wintoniensis</strong></span> <span class='ocrx_word' id='word_1_153' title='bbox 1569 2366 1822 2439; x_wconf 73' lang='lat' dir='ltr'><strong>antistes,</strong></span> <span class='ocrx_word' id='word_1_154' title='bbox 1871 2366 2045 2439; x_wconf 77' lang='lat' dir='ltr'><strong>idem-</strong></span> 
     </span>
    </p>
   </div>
   <div class='ocr_carea' id='block_1_25' title="bbox 455 2430 2050 2501">
    <p class='ocr_par' dir='ltr' id='par_1_25' title="bbox 455 2430 2050 2501">
     <span class='ocr_line' id='line_1_25' title="bbox 455 2430 2050 2501; baseline 0.007 -20"><span class='ocrx_word' id='word_1_155' title='bbox 455 2441 562 2496; x_wconf 88' lang='lat' dir='ltr'><strong>que</strong></span> <span class='ocrx_word' id='word_1_156' title='bbox 587 2430 753 2485; x_wconf 90' lang='lat' dir='ltr'><strong>simul</strong></span> <span class='ocrx_word' id='word_1_157' title='bbox 777 2430 1160 2501; x_wconf 86' lang='lat' dir='ltr'><strong>Eboracensis,</strong></span> <span class='ocrx_word' id='word_1_158' title='bbox 1185 2442 1321 2490; x_wconf 90' lang='lat' dir='ltr'><strong>teste</strong></span> <span class='ocrx_word' id='word_1_159' title='bbox 1353 2435 1630 2493; x_wconf 85' lang='lat' dir='ltr'><strong>Willelmo</strong></span> <span class='ocrx_word' id='word_1_160' title='bbox 1677 2438 1733 2492; x_wconf 91' lang='lat' dir='ltr'><strong>in</strong></span> <span class='ocrx_word' id='word_1_161' title='bbox 1768 2430 1863 2492; x_wconf 87' lang='lat' dir='ltr'><strong>lib.</strong></span> <span class='ocrx_word' id='word_1_162' title='bbox 1890 2453 1949 2492; x_wconf 85' lang='grc' dir='ltr'><strong>ιιι</strong></span> <span class='ocrx_word' id='word_1_163' title='bbox 1973 2437 2050 2492; x_wconf 87' lang='lat' dir='ltr'><strong>De</strong></span> 
     </span>
    </p>
   </div>
   <div class='ocr_carea' id='block_1_26' title="bbox 2153 553 3742 630">
    <p class='ocr_par' dir='ltr' id='par_1_26' title="bbox 2153 553 3742 630">
     <span class='ocr_line' id='line_1_26' title="bbox 2153 553 3742 630; baseline 0 -22"><span class='ocrx_word' id='word_1_164' title='bbox 2153 553 2370 610; x_wconf 83' lang='lat' dir='ltr'><strong>veniam</strong></span> <span class='ocrx_word' id='word_1_165' title='bbox 2411 569 2688 623; x_wconf 85' lang='lat' dir='ltr'><strong>poscens,</strong></span> <span class='ocrx_word' id='word_1_166' title='bbox 2748 561 2996 610; x_wconf 84' lang='lat' dir='ltr'><strong>sanctam</strong></span> <span class='ocrx_word' id='word_1_167' title='bbox 3049 554 3316 630; x_wconf 84' lang='lat' dir='ltr'><strong>virginem</strong></span> <span class='ocrx_word' id='word_1_168' title='bbox 3367 555 3626 624; x_wconf 86' lang='lat' dir='ltr'><strong>deinceps</strong></span> <span class='ocrx_word' id='word_1_169' title='bbox 3686 555 3742 608; x_wconf 84' lang='lat' dir='ltr'><strong>in</strong></span> 
     </span>
    </p>
   </div>
   <div class='ocr_carea' id='block_1_27' title="bbox 2153 644 3744 716">
    <p class='ocr_par' dir='ltr' id='par_1_27' title="bbox 2153 644 3744 716">
     <span class='ocr_line' id='line_1_27' title="bbox 2153 644 3744 716; baseline 0 -18"><span class='ocrx_word' id='word_1_170' title='bbox 2153 644 2328 699; x_wconf 89' lang='lat' dir='ltr'><strong>multo</strong></span> <span class='ocrx_word' id='word_1_171' title='bbox 2372 645 2581 700; x_wconf 91' lang='lat' dir='ltr'><strong>honore</strong></span> <span class='ocrx_word' id='word_1_172' title='bbox 2615 644 2806 700; x_wconf 85' lang='lat' dir='ltr'><strong>habuit</strong></span> <span class='ocrx_word' id='word_1_173' title='bbox 2839 664 2853 700; x_wconf 90' lang='lat'>:</span> <span class='ocrx_word' id='word_1_174' title='bbox 2890 654 3120 715; x_wconf 90' lang='lat' dir='ltr'><strong>ortaque</strong></span> <span class='ocrx_word' id='word_1_175' title='bbox 3163 645 3490 716; x_wconf 85' lang='lat' dir='ltr'><strong>quandoque</strong></span> <span class='ocrx_word' id='word_1_176' title='bbox 3511 645 3568 698; x_wconf 92' lang='lat' dir='ltr'><strong>in</strong></span> <span class='ocrx_word' id='word_1_177' title='bbox 3601 644 3744 698; x_wconf 88' lang='lat' dir='ltr'><strong>mari</strong></span> 
     </span>
    </p>
   </div>
   <div class='ocr_carea' id='block_1_28' title="bbox 2155 735 3744 809">
    <p class='ocr_par' dir='ltr' id='par_1_28' title="bbox 2155 735 3744 809">
     <span class='ocr_line' id='line_1_28' title="bbox 2155 735 3744 809; baseline 0.001 -21"><span class='ocrx_word' id='word_1_178' title='bbox 2155 742 2492 804; x_wconf 88' lang='lat' dir='ltr'><strong>tempestate,</strong></span> <span class='ocrx_word' id='word_1_179' title='bbox 2518 750 2640 790; x_wconf 86' lang='lat' dir='ltr'><strong>eam</strong></span> <span class='ocrx_word' id='word_1_180' title='bbox 2657 736 2956 809; x_wconf 73' lang='lat' dir='ltr'><strong>invocavit,</strong></span> <span class='ocrx_word' id='word_1_181' title='bbox 2993 745 3048 790; x_wconf 92' lang='lat' dir='ltr'><strong>et</strong></span> <span class='ocrx_word' id='word_1_182' title='bbox 3095 737 3392 792; x_wconf 86' lang='lat' dir='ltr'><strong>serenitate</strong></span> <span class='ocrx_word' id='word_1_183' title='bbox 3427 735 3642 791; x_wconf 84' lang='lat' dir='ltr'><strong>reddita</strong></span> <span class='ocrx_word' id='word_1_184' title='bbox 3675 735 3744 790; x_wconf 85' lang='lat' dir='ltr'><strong>ad</strong></span> 
     </span>
    </p>
   </div>
   <div class='ocr_carea' id='block_1_29' title="bbox 2153 824 3745 898">
    <p class='ocr_par' dir='ltr' id='par_1_29' title="bbox 2153 824 3745 898">
     <span class='ocr_line' id='line_1_29' title="bbox 2153 824 3745 898; baseline 0.001 -19"><span class='ocrx_word' id='word_1_185' title='bbox 2153 835 2372 895; x_wconf 90' lang='lat' dir='ltr'><strong>portum</strong></span> <span class='ocrx_word' id='word_1_186' title='bbox 2396 833 2645 896; x_wconf 87' lang='lat' dir='ltr'><strong>optatum</strong></span> <span class='ocrx_word' id='word_1_187' title='bbox 2691 827 2919 898; x_wconf 85' lang='lat' dir='ltr'><strong>appulit.</strong></span> <span class='ocrx_word' id='word_1_188' title='bbox 2949 826 3220 883; x_wconf 83' lang='lat' dir='ltr'><strong>Aldredus</strong></span> <span class='ocrx_word' id='word_1_189' title='bbox 3267 841 3489 897; x_wconf 89' lang='lat' dir='ltr'><strong>quoque</strong></span> <span class='ocrx_word' id='word_1_190' title='bbox 3533 824 3745 880; x_wconf 84' lang='lat' dir='ltr'><strong>Ebora-</strong></span> 
     </span>
    </p>
   </div>
   <div class='ocr_carea' id='block_1_30' title="bbox 2154 915 3743 990">
    <p class='ocr_par' dir='ltr' id='par_1_30' title="bbox 2154 915 3743 990">
     <span class='ocr_line' id='line_1_30' title="bbox 2154 915 3743 990; baseline 0.001 -19"><span class='ocrx_word' id='word_1_191' title='bbox 2154 915 2339 972; x_wconf 87' lang='lat' dir='ltr'><strong>censis</strong></span> <span class='ocrx_word' id='word_1_192' title='bbox 2367 916 2516 989; x_wconf 82' lang='grc'><strong>(160)</strong></span> <span class='ocrx_word' id='word_1_193' title='bbox 2568 918 3046 990; x_wconf 88' lang='lat' dir='ltr'><strong>archiepiscopus,</strong></span> <span class='ocrx_word' id='word_1_194' title='bbox 3081 919 3140 973; x_wconf 91' lang='lat' dir='ltr'><strong>in</strong></span> <span class='ocrx_word' id='word_1_195' title='bbox 3175 919 3316 973; x_wconf 86' lang='lat' dir='ltr'><strong>mari</strong></span> <span class='ocrx_word' id='word_1_196' title='bbox 3361 917 3646 972; x_wconf 74' lang='lat' dir='ltr'><strong>Adriatico</strong></span> <span class='ocrx_word' id='word_1_197' title='bbox 3688 917 3743 972; x_wconf 90' lang='lat' dir='ltr'><strong>in</strong></span> 
     </span>
    </p>
   </div>
   <div class='ocr_carea' id='block_1_31' title="bbox 2153 1009 3744 1080">
    <p class='ocr_par' dir='ltr' id='par_1_31' title="bbox 2153 1009 3744 1080">
     <span class='ocr_line' id='line_1_31' title="bbox 2153 1009 3744 1080; baseline 0.001 -19"><span class='ocrx_word' id='word_1_198' title='bbox 2153 1022 2412 1080; x_wconf 88' lang='lat' dir='ltr'><strong>magnum</strong></span> <span class='ocrx_word' id='word_1_199' title='bbox 2449 1009 2734 1080; x_wconf 90' lang='lat' dir='ltr'><strong>conjectus</strong></span> <span class='ocrx_word' id='word_1_200' title='bbox 2785 1011 3081 1066; x_wconf 85' lang='lat' dir='ltr'><strong>discrimen</strong></span> <span class='ocrx_word' id='word_1_201' title='bbox 3106 1051 3124 1079; x_wconf 93' lang='lat'><strong>,</strong></span> <span class='ocrx_word' id='word_1_202' title='bbox 3173 1017 3425 1066; x_wconf 87' lang='lat' dir='ltr'><strong>sanctam</strong></span> <span class='ocrx_word' id='word_1_203' title='bbox 3472 1009 3744 1080; x_wconf 83' lang='lat' dir='ltr'><strong>virginem</strong></span> 
     </span>
    </p>
   </div>
   <div class='ocr_carea' id='block_1_32' title="bbox 2153 1097 3746 1171">
    <p class='ocr_par' dir='ltr' id='par_1_32' title="bbox 2153 1097 3746 1171">
     <span class='ocr_line' id='line_1_32' title="bbox 2153 1097 3746 1171; baseline 0.001 -19"><span class='ocrx_word' id='word_1_204' title='bbox 2153 1097 2448 1167; x_wconf 82' lang='lat' dir='ltr'><strong>invocavit,</strong></span> <span class='ocrx_word' id='word_1_205' title='bbox 2499 1115 2674 1170; x_wconf 90' lang='lat' dir='ltr'><strong>eaque</strong></span> <span class='ocrx_word' id='word_1_206' title='bbox 2701 1116 2830 1157; x_wconf 81' lang='lat' dir='ltr'><strong>mox</strong></span> <span class='ocrx_word' id='word_1_207' title='bbox 2856 1101 3144 1157; x_wconf 89' lang='lat' dir='ltr'><strong>visibiliter</strong></span> <span class='ocrx_word' id='word_1_208' title='bbox 3167 1101 3217 1156; x_wconf 91' lang='lat' dir='ltr'><strong>ei</strong></span> <span class='ocrx_word' id='word_1_209' title='bbox 3257 1114 3546 1171; x_wconf 88' lang='lat' dir='ltr'><strong>apparens,</strong></span> <span class='ocrx_word' id='word_1_210' title='bbox 3581 1118 3602 1152; x_wconf 74' lang='grc' dir='ltr'><strong>ι</strong></span> <span class='ocrx_word' id='word_1_211' title='bbox 3632 1097 3746 1170; x_wconf 87' lang='lat' dir='ltr'><strong>Ego</strong></span> 
     </span>
    </p>
   </div>
   <div class='ocr_carea' id='block_1_33' title="bbox 2153 1189 3746 1264">
    <p class='ocr_par' dir='ltr' id='par_1_33' title="bbox 2153 1189 3746 1264">
     <span class='ocr_line' id='line_1_33' title="bbox 2153 1189 3746 1264; baseline 0.003 -21"><span class='ocrx_word' id='word_1_212' title='bbox 2153 1202 2298 1255; x_wconf 92' lang='lat' dir='ltr'><strong>sum,</strong></span> <span class='ocrx_word' id='word_1_213' title='bbox 2328 1189 2524 1261; x_wconf 63' lang='lat' dir='ltr'><strong>inQuit,</strong></span> <span class='ocrx_word' id='word_1_214' title='bbox 2554 1190 2770 1259; x_wconf 85' lang='lat' dir='ltr'><strong>Editha,</strong></span> <span class='ocrx_word' id='word_1_215' title='bbox 2799 1211 2818 1245; x_wconf 74' lang='grc' dir='ltr'><strong>ι</strong></span> <span class='ocrx_word' id='word_1_216' title='bbox 2844 1201 2899 1249; x_wconf 87' lang='lat' dir='ltr'><strong>et</strong></span> <span class='ocrx_word' id='word_1_217' title='bbox 2927 1207 3092 1264; x_wconf 87' lang='lat' dir='ltr'><strong>quam</strong></span> <span class='ocrx_word' id='word_1_218' title='bbox 3120 1193 3359 1263; x_wconf 88' lang='lat' dir='ltr'><strong>primum</strong></span> <span class='ocrx_word' id='word_1_219' title='bbox 3378 1190 3746 1262; x_wconf 78' lang='lat' dir='ltr'><strong>tranquillitas</strong></span> 
     </span>
    </p>
   </div>
   <div class='ocr_carea' id='block_1_34' title="bbox 2153 1280 2537 1338">
    <p class='ocr_par' dir='ltr' id='par_1_34' title="bbox 2153 1280 2537 1338">
     <span class='ocr_line' id='line_1_34' title="bbox 2153 1280 2537 1338; baseline 0.008 -3"><span class='ocrx_word' id='word_1_220' title='bbox 2153 1280 2407 1337; x_wconf 89' lang='lat' dir='ltr'><strong>restituta</strong></span> <span class='ocrx_word' id='word_1_221' title='bbox 2433 1292 2537 1338; x_wconf 90' lang='lat' dir='ltr'><strong>est.</strong></span> 
     </span>
    </p>
   </div>
   <div class='ocr_carea' id='block_1_35' title="bbox 2226 1372 3742 1448">
    <p class='ocr_par' dir='ltr' id='par_1_35' title="bbox 2226 1372 3742 1448">
     <span class='ocr_line' id='line_1_35' title="bbox 2226 1372 3742 1448; baseline 0.001 -21"><span class='ocrx_word' id='word_1_222' title='bbox 2226 1372 2421 1429; x_wconf 63' lang='lat' dir='ltr'><strong>Praedo</strong></span> <span class='ocrx_word' id='word_1_223' title='bbox 2441 1375 2532 1429; x_wconf 82' lang='lat' dir='ltr'><strong>dat</strong></span> <span class='ocrx_word' id='word_1_224' title='bbox 2559 1391 2759 1446; x_wconf 74' lang='lat' dir='ltr'><strong>poenas.</strong></span> <span class='ocrx_word' id='word_1_225' title='bbox 2791 1408 2861 1418; x_wconf 79' lang='lat'>—</span> <span class='ocrx_word' id='word_1_226' title='bbox 2882 1375 3256 1447; x_wconf 87' lang='lat' dir='ltr'><strong>Usurpaverat</strong></span> <span class='ocrx_word' id='word_1_227' title='bbox 3276 1373 3503 1448; x_wconf 89' lang='lat' dir='ltr'><strong>quidam</strong></span> <span class='ocrx_word' id='word_1_228' title='bbox 3536 1382 3742 1430; x_wconf 82' lang='lat' dir='ltr'><strong>terram</strong></span> 
     </span>
    </p>
   </div>
   <div class='ocr_carea' id='block_1_36' title="bbox 2155 1466 3748 1539">
    <p class='ocr_par' dir='ltr' id='par_1_36' title="bbox 2155 1466 3748 1539">
     <span class='ocr_line' id='line_1_36' title="bbox 2155 1466 3748 1539; baseline -0.001 -17"><span class='ocrx_word' id='word_1_229' title='bbox 2155 1475 2359 1524; x_wconf 76' lang='lat' dir='ltr'><strong>sanctae</strong></span> <span class='ocrx_word' id='word_1_230' title='bbox 2383 1466 2613 1536; x_wconf 71' lang='lat' dir='ltr'><strong>Edithte,</strong></span> <span class='ocrx_word' id='word_1_231' title='bbox 2665 1478 2720 1525; x_wconf 93' lang='lat' dir='ltr'><strong>et</strong></span> <span class='ocrx_word' id='word_1_232' title='bbox 2760 1477 2936 1524; x_wconf 86' lang='lat' dir='ltr'><strong>morte</strong></span> <span class='ocrx_word' id='word_1_233' title='bbox 2983 1470 3214 1524; x_wconf 91' lang='lat' dir='ltr'><strong>obrutus</strong></span> <span class='ocrx_word' id='word_1_234' title='bbox 3261 1467 3381 1524; x_wconf 91' lang='lat' dir='ltr'><strong>sine</strong></span> <span class='ocrx_word' id='word_1_235' title='bbox 3421 1466 3748 1539; x_wconf 75' lang='lat' dir='ltr'><strong>pceuitentia</strong></span> 
     </span>
    </p>
   </div>
   <div class='ocr_carea' id='block_1_37' title="bbox 2153 1557 3745 1633">
    <p class='ocr_par' dir='ltr' id='par_1_37' title="bbox 2153 1557 3745 1633">
     <span class='ocr_line' id='line_1_37' title="bbox 2153 1557 3745 1633; baseline 0.001 -18"><span class='ocrx_word' id='word_1_236' title='bbox 2153 1557 2464 1616; x_wconf 88' lang='lat' dir='ltr'><strong>decesserat</strong></span> <span class='ocrx_word' id='word_1_237' title='bbox 2488 1576 2520 1617; x_wconf 94' lang='lat' dir='ltr'><strong>e</strong></span> <span class='ocrx_word' id='word_1_238' title='bbox 2541 1561 2674 1618; x_wconf 90' lang='lat' dir='ltr'><strong>vita.</strong></span> <span class='ocrx_word' id='word_1_239' title='bbox 2702 1561 2876 1619; x_wconf 86' lang='lat' dir='ltr'><strong>Paulo</strong></span> <span class='ocrx_word' id='word_1_240' title='bbox 2915 1570 3041 1633; x_wconf 91' lang='lat' dir='ltr'><strong>post</strong></span> <span class='ocrx_word' id='word_1_241' title='bbox 3081 1571 3265 1618; x_wconf 81' lang='lat' dir='ltr'><strong>autem</strong></span> <span class='ocrx_word' id='word_1_242' title='bbox 3309 1575 3543 1632; x_wconf 83' lang='lat' dir='ltr'><strong>surgens</strong></span> <span class='ocrx_word' id='word_1_243' title='bbox 3571 1558 3745 1616; x_wconf 86' lang='lat' dir='ltr'><strong>dixit:</strong></span> 
     </span>
    </p>
   </div>
   <div class='ocr_carea' id='block_1_38' title="bbox 2162 1648 3746 1722">
    <p class='ocr_par' dir='ltr' id='par_1_38' title="bbox 2162 1648 3746 1722">
     <span class='ocr_line' id='line_1_38' title="bbox 2162 1648 3746 1722; baseline 0.003 -19"><span class='ocrx_word' id='word_1_244' title='bbox 2162 1669 2181 1703; x_wconf 82' lang='grc' dir='ltr'><strong>ι</strong></span> <span class='ocrx_word' id='word_1_245' title='bbox 2225 1648 2559 1720; x_wconf 84' lang='lat' dir='ltr'><strong>Succurrite,</strong></span> <span class='ocrx_word' id='word_1_246' title='bbox 2593 1653 2777 1722; x_wconf 89' lang='lat' dir='ltr'><strong>amici,</strong></span> <span class='ocrx_word' id='word_1_247' title='bbox 2821 1654 3126 1722; x_wconf 86' lang='lat' dir='ltr'><strong>subvenite,</strong></span> <span class='ocrx_word' id='word_1_248' title='bbox 3163 1668 3356 1710; x_wconf 90' lang='lat' dir='ltr'><strong>omnes</strong></span> <span class='ocrx_word' id='word_1_249' title='bbox 3404 1653 3595 1709; x_wconf 79' lang='lat' dir='ltr'><strong>ﬁdeles</strong></span> <span class='ocrx_word' id='word_1_250' title='bbox 3621 1651 3746 1709; x_wconf 86' lang='lat' dir='ltr'><strong>Dei.</strong></span> 
     </span>
    </p>
   </div>
   <div class='ocr_carea' id='block_1_39' title="bbox 2154 1741 3750 1819">
    <p class='ocr_par' dir='ltr' id='par_1_39' title="bbox 2154 1741 3750 1819">
     <span class='ocr_line' id='line_1_39' title="bbox 2154 1741 3750 1819; baseline 0.002 -21"><span class='ocrx_word' id='word_1_251' title='bbox 2154 1741 2296 1801; x_wconf 87' lang='lat' dir='ltr'><strong>Ecce</strong></span> <span class='ocrx_word' id='word_1_252' title='bbox 2319 1754 2521 1802; x_wconf 67' lang='lat' dir='ltr'><strong>sancta:</strong></span> <span class='ocrx_word' id='word_1_253' title='bbox 2549 1745 2761 1803; x_wconf 63' lang='lat' dir='ltr'><strong>Edithm</strong></span> <span class='ocrx_word' id='word_1_254' title='bbox 2783 1747 3083 1819; x_wconf 87' lang='lat' dir='ltr'><strong>indignatio</strong></span> <span class='ocrx_word' id='word_1_255' title='bbox 3103 1745 3467 1804; x_wconf 89' lang='lat' dir='ltr'><strong>intolerabilis</strong></span> <span class='ocrx_word' id='word_1_256' title='bbox 3493 1746 3563 1801; x_wconf 89' lang='lat' dir='ltr'><strong>ab</strong></span> <span class='ocrx_word' id='word_1_257' title='bbox 3591 1744 3750 1801; x_wconf 87' lang='lat' dir='ltr'><strong>omni</strong></span> 
     </span>
    </p>
   </div>
   <div class='ocr_carea' id='block_1_40' title="bbox 2153 1836 3748 1909">
    <p class='ocr_par' dir='ltr' id='par_1_40' title="bbox 2153 1836 3748 1909">
     <span class='ocr_line' id='line_1_40' title="bbox 2153 1836 3748 1909; baseline -0.001 -17"><span class='ocrx_word' id='word_1_258' title='bbox 2153 1837 2310 1909; x_wconf 88' lang='lat' dir='ltr'><strong>plaga</strong></span> <span class='ocrx_word' id='word_1_259' title='bbox 2339 1839 2463 1894; x_wconf 72' lang='lat' dir='ltr'><strong>cceli</strong></span> <span class='ocrx_word' id='word_1_260' title='bbox 2488 1848 2543 1894; x_wconf 92' lang='lat' dir='ltr'><strong>et</strong></span> <span class='ocrx_word' id='word_1_261' title='bbox 2561 1847 2723 1895; x_wconf 71' lang='lat' dir='ltr'><strong>term</strong></span> <span class='ocrx_word' id='word_1_262' title='bbox 2752 1840 2894 1895; x_wconf 89' lang='lat' dir='ltr'><strong>hanc</strong></span> <span class='ocrx_word' id='word_1_263' title='bbox 2920 1837 3191 1895; x_wconf 80' lang='lat' dir='ltr'><strong>infelicem</strong></span> <span class='ocrx_word' id='word_1_264' title='bbox 3216 1839 3458 1895; x_wconf 89' lang='lat' dir='ltr'><strong>animam</strong></span> <span class='ocrx_word' id='word_1_265' title='bbox 3481 1836 3748 1905; x_wconf 82' lang='lat' dir='ltr'><strong>excludit,</strong></span> 
     </span>
    </p>
   </div>
   <div class='ocr_carea' id='block_1_41' title="bbox 2153 1929 3748 2004">
    <p class='ocr_par' dir='ltr' id='par_1_41' title="bbox 2153 1929 3748 2004">
     <span class='ocr_line' id='line_1_41' title="bbox 2153 1929 3748 2004; baseline -0.002 -18"><span class='ocrx_word' id='word_1_266' title='bbox 2153 1931 2348 2002; x_wconf 88' lang='lat' dir='ltr'><strong>suique</strong></span> <span class='ocrx_word' id='word_1_267' title='bbox 2370 1931 2513 2003; x_wconf 84' lang='lat' dir='ltr'><strong>juris</strong></span> <span class='ocrx_word' id='word_1_268' title='bbox 2537 1933 2848 1989; x_wconf 89' lang='lat' dir='ltr'><strong>invasorem</strong></span> <span class='ocrx_word' id='word_1_269' title='bbox 2877 1948 3149 2004; x_wconf 88' lang='lat' dir='ltr'><strong>nusquam</strong></span> <span class='ocrx_word' id='word_1_270' title='bbox 3176 1931 3480 1989; x_wconf 87' lang='lat' dir='ltr'><strong>consistere</strong></span> <span class='ocrx_word' id='word_1_271' title='bbox 3506 1929 3748 2002; x_wconf 86' lang='lat' dir='ltr'><strong>permit-</strong></span> 
     </span>
    </p>
   </div>
   <div class='ocr_carea' id='block_1_42' title="bbox 2150 2022 3749 2094">
    <p class='ocr_par' dir='ltr' id='par_1_42' title="bbox 2150 2022 3749 2094">
     <span class='ocr_line' id='line_1_42' title="bbox 2150 2022 3749 2094; baseline 0.001 -18"><span class='ocrx_word' id='word_1_272' title='bbox 2150 2022 2236 2088; x_wconf 88' lang='lat' dir='ltr'><strong>tit,</strong></span> <span class='ocrx_word' id='word_1_273' title='bbox 2266 2031 2321 2078; x_wconf 91' lang='lat' dir='ltr'><strong>et</strong></span> <span class='ocrx_word' id='word_1_274' title='bbox 2348 2039 2526 2094; x_wconf 90' lang='lat' dir='ltr'><strong>neque</strong></span> <span class='ocrx_word' id='word_1_275' title='bbox 2554 2024 2610 2078; x_wconf 89' lang='lat' dir='ltr'><strong>in</strong></span> <span class='ocrx_word' id='word_1_276' title='bbox 2639 2024 2747 2080; x_wconf 91' lang='lat' dir='ltr'><strong>hoc</strong></span> <span class='ocrx_word' id='word_1_277' title='bbox 2766 2039 2998 2094; x_wconf 91' lang='lat' dir='ltr'><strong>corpore</strong></span> <span class='ocrx_word' id='word_1_278' title='bbox 3029 2025 3250 2093; x_wconf 91' lang='lat' dir='ltr'><strong>durare,</strong></span> <span class='ocrx_word' id='word_1_279' title='bbox 3275 2037 3456 2094; x_wconf 90' lang='lat' dir='ltr'><strong>neque</strong></span> <span class='ocrx_word' id='word_1_280' title='bbox 3488 2022 3631 2076; x_wconf 88' lang='lat' dir='ltr'><strong>mori</strong></span> <span class='ocrx_word' id='word_1_281' title='bbox 3654 2037 3749 2078; x_wconf 90' lang='lat' dir='ltr'><strong>me</strong></span> 
     </span>
    </p>
   </div>
   <div class='ocr_carea' id='block_1_43' title="bbox 2153 2115 3714 2188">
    <p class='ocr_par' dir='ltr' id='par_1_43' title="bbox 2153 2115 3714 2188">
     <span class='ocr_line' id='line_1_43' title="bbox 2153 2115 3714 2188; baseline -0.001 -18"><span class='ocrx_word' id='word_1_282' title='bbox 2153 2115 2303 2170; x_wconf 83' lang='lat' dir='ltr'><strong>sinit.</strong></span> <span class='ocrx_word' id='word_1_283' title='bbox 2335 2134 2354 2169; x_wconf 72' lang='grc' dir='ltr'><strong>ι</strong></span> <span class='ocrx_word' id='word_1_284' title='bbox 2388 2115 2620 2172; x_wconf 83' lang='lat' dir='ltr'><strong>Reddita</strong></span> <span class='ocrx_word' id='word_1_285' title='bbox 2658 2124 2843 2172; x_wconf 87' lang='lat' dir='ltr'><strong>autem</strong></span> <span class='ocrx_word' id='word_1_286' title='bbox 2877 2124 3023 2172; x_wconf 90' lang='lat' dir='ltr'><strong>terra</strong></span> <span class='ocrx_word' id='word_1_287' title='bbox 3049 2131 3216 2188; x_wconf 88' lang='lat' dir='ltr'><strong>quam</strong></span> <span class='ocrx_word' id='word_1_288' title='bbox 3244 2115 3567 2182; x_wconf 84' lang='lat' dir='ltr'><strong>abstulerat,</strong></span> <span class='ocrx_word' id='word_1_289' title='bbox 3604 2123 3714 2168; x_wconf 72' lang='lat' dir='ltr'><strong>con</strong></span> 
     </span>
    </p>
   </div>
   <div class='ocr_carea' id='block_1_44' title="bbox 2151 2207 2939 2280">
    <p class='ocr_par' dir='ltr' id='par_1_44' title="bbox 2151 2207 2939 2280">
     <span class='ocr_line' id='line_1_44' title="bbox 2151 2207 2939 2280; baseline 0 -17"><span class='ocrx_word' id='word_1_290' title='bbox 2151 2207 2332 2265; x_wconf 82' lang='lat' dir='ltr'><strong>festim</strong></span> <span class='ocrx_word' id='word_1_291' title='bbox 2357 2207 2599 2264; x_wconf 89' lang='lat' dir='ltr'><strong>animam</strong></span> <span class='ocrx_word' id='word_1_292' title='bbox 2623 2207 2939 2280; x_wconf 81' lang='lat' dir='ltr'><strong>exspiravit.</strong></span> 
     </span>
    </p>
   </div>
   <div class='ocr_carea' id='block_1_45' title="bbox 2137 2367 3617 2440">
    <p class='ocr_par' dir='ltr' id='par_1_45' title="bbox 2137 2367 3617 2440">
     <span class='ocr_line' id='line_1_45' title="bbox 2137 2367 3617 2440; baseline 0 -20"><span class='ocrx_word' id='word_1_293' title='bbox 2137 2367 2501 2437; x_wconf 70' lang='lat' dir='ltr'><strong>pontificibus</strong></span> <span class='ocrx_word' id='word_1_294' title='bbox 2530 2367 2853 2440; x_wconf 82' lang='lat' dir='ltr'><strong>Anglorum.</strong></span> <span class='ocrx_word' id='word_1_295' title='bbox 2883 2367 3096 2426; x_wconf 89' lang='lat' dir='ltr'><strong>Floruit</strong></span> <span class='ocrx_word' id='word_1_296' title='bbox 3121 2368 3302 2427; x_wconf 91' lang='lat' dir='ltr'><strong>medio</strong></span> <span class='ocrx_word' id='word_1_297' title='bbox 3329 2367 3532 2424; x_wconf 68' lang='lat' dir='ltr'><strong>mulo</strong></span> <span class='ocrx_word' id='word_1_298' title='bbox 3557 2381 3617 2421; x_wconf 73' lang='grc' dir='ltr'><strong>ιι</strong></span> 
     </span>
    </p>
   </div>
   <div class='ocr_carea' id='block_1_46' title="bbox 453 2593 3718 2634">
    <p class='ocr_par' dir='ltr' id='par_1_46' title="bbox 453 2593 3718 2634">
     <span class='ocr_line' id='line_1_46' title="bbox 453 2593 3718 2634; baseline 0.003 -12"><span class='ocrx_word' id='word_1_299' title='bbox 453 2593 3718 2634; x_wconf 52' lang='lat' dir='ltr'>W</span> 
     </span>
    </p>
   </div>
   <div class='ocr_carea' id='block_1_47' title="bbox 1200 2825 2978 2940">
    <p class='ocr_par' dir='ltr' id='par_1_47' title="bbox 1200 2825 2978 2940">
     <span class='ocr_line' id='line_1_47' title="bbox 1200 2825 2978 2940; baseline 0 0"><span class='ocrx_word' id='word_1_300' title='bbox 1200 2825 1873 2940; x_wconf 72' lang='lat' dir='ltr'><strong>SANC&#39;I‘I</strong></span> <span class='ocrx_word' id='word_1_301' title='bbox 1946 2825 2978 2940; x_wconf 73' lang='lat' dir='ltr'><strong>LAUBENTII</strong></span> 
     </span>
    </p>
   </div>
   <div class='ocr_carea' id='block_1_48' title="bbox 1651 3038 2564 3100">
    <p class='ocr_par' dir='ltr' id='par_1_48' title="bbox 1651 3038 2564 3100">
     <span class='ocr_line' id='line_1_48' title="bbox 1651 3038 2564 3100; baseline 0.005 -5"><span class='ocrx_word' id='word_1_302' title='bbox 1651 3040 1959 3098; x_wconf 82' lang='lat' dir='ltr'><strong>EPISCOPI</strong></span> <span class='ocrx_word' id='word_1_303' title='bbox 1999 3038 2564 3100; x_wconf 76' lang='lat' dir='ltr'><strong>CANTUARIENSIS</strong></span> 
     </span>
    </p>
   </div>
   <div class='ocr_carea' id='block_1_49' title="bbox 755 3216 3432 3385">
    <p class='ocr_par' dir='ltr' id='par_1_49' title="bbox 755 3216 3432 3385">
     <span class='ocr_line' id='line_1_49' title="bbox 755 3216 3432 3385; baseline 0.003 -39"><span class='ocrx_word' id='word_1_304' title='bbox 755 3216 1795 3385; x_wconf 86' lang='lat' dir='ltr'><strong>ELOGIUM</strong></span> <span class='ocrx_word' id='word_1_305' title='bbox 1917 3217 3432 3358; x_wconf 79' lang='lat' dir='ltr'><strong>HISTOBICUM.</strong></span> 
     </span>
    </p>
   </div>
   <div class='ocr_carea' id='block_1_50' title="bbox 1196 3429 2994 3535">
    <p class='ocr_par' dir='ltr' id='par_1_50' title="bbox 1196 3429 2994 3535">
     <span class='ocr_line' id='line_1_50' title="bbox 1196 3429 2994 3535; baseline 0.005 -26"><span class='ocrx_word' id='word_1_306' title='bbox 1196 3455 1472 3527; x_wconf 52' lang='lat' dir='ltr'><strong>(Manum,</strong></span> <span class='ocrx_word' id='word_1_307' title='bbox 1502 3455 1638 3509; x_wconf 80' lang='lat' dir='ltr'><strong>Acta</strong></span> <span class='ocrx_word' id='word_1_308' title='bbox 1667 3429 1987 3512; x_wconf 69' lang='lat' dir='ltr'><strong>Sanctorum</strong></span> <span class='ocrx_word' id='word_1_309' title='bbox 2009 3456 2126 3510; x_wconf 85' lang='lat' dir='ltr'><strong>0rd.</strong></span> <span class='ocrx_word' id='word_1_310' title='bbox 2155 3455 2214 3513; x_wconf 92' lang='lat' dir='ltr'><strong>S.</strong></span> <span class='ocrx_word' id='word_1_311' title='bbox 2241 3457 2437 3514; x_wconf 82' lang='lat' dir='ltr'><strong>Bened.</strong></span> <span class='ocrx_word' id='word_1_312' title='bbox 2467 3457 2605 3516; x_wconf 65' lang='grc' dir='ltr'><strong>ὅπερ.</strong></span> <span class='ocrx_word' id='word_1_313' title='bbox 2635 3459 2699 3529; x_wconf 91' lang='lat' dir='ltr'><strong>ll,</strong></span> <span class='ocrx_word' id='word_1_314' title='bbox 2726 3477 2848 3535; x_wconf 82' lang='lat' dir='ltr'><strong>pag.</strong></span> <span class='ocrx_word' id='word_1_315' title='bbox 2880 3462 2994 3535; x_wconf 71' lang='lat'><strong>60.;</strong></span> 
     </span>
    </p>
   </div>
   <div class='ocr_carea' id='block_1_51' title="bbox 520 3762 3747 3844">
    <p class='ocr_par' dir='ltr' id='par_1_51' title="bbox 520 3762 3747 3844">
     <span class='ocr_line' id='line_1_51' title="bbox 520 3762 3747 3844; baseline 0.001 -15"><span class='ocrx_word' id='word_1_316' title='bbox 520 3775 572 3830; x_wconf 69' lang='grc' dir='ltr'><strong>ἰ.</strong></span> <span class='ocrx_word' id='word_1_317' title='bbox 614 3772 762 3829; x_wconf 86' lang='lat' dir='ltr'><strong>Beda</strong></span> <span class='ocrx_word' id='word_1_318' title='bbox 815 3779 866 3825; x_wconf 88' lang='lat' dir='ltr'><strong>et</strong></span> <span class='ocrx_word' id='word_1_319' title='bbox 913 3767 1216 3825; x_wconf 77' lang='lat' dir='ltr'><strong>Gotselinus</strong></span> <span class='ocrx_word' id='word_1_320' title='bbox 1238 3768 1316 3822; x_wconf 75' lang='lat' dir='ltr'><strong>de</strong></span> <span class='ocrx_word' id='word_1_321' title='bbox 1353 3765 1644 3821; x_wconf 79' lang='lat' dir='ltr'><strong>Laurentio</strong></span> <span class='ocrx_word' id='word_1_322' title='bbox 1671 3765 1944 3837; x_wconf 80' lang='lat' dir='ltr'><strong>scripsere.</strong></span> <span class='ocrx_word' id='word_1_323' title='bbox 1973 3796 2044 3807; x_wconf 89' lang='lat'><strong>——</strong></span> <span class='ocrx_word' id='word_1_324' title='bbox 2070 3769 2116 3832; x_wconf 86' lang='lat' dir='ltr'>C</span> <span class='ocrx_word' id='word_1_325' title='bbox 2146 3767 2468 3838; x_wconf 87' lang='lat' dir='ltr'><strong>productum</strong></span> <span class='ocrx_word' id='word_1_326' title='bbox 2497 3768 2550 3823; x_wconf 90' lang='lat' dir='ltr'><strong>in</strong></span> <span class='ocrx_word' id='word_1_327' title='bbox 2576 3762 2897 3840; x_wconf 82' lang='lat' dir='ltr'><strong>perpetuum</strong></span> <span class='ocrx_word' id='word_1_328' title='bbox 2929 3769 3105 3826; x_wconf 85' lang='lat' dir='ltr'><strong>rivum</strong></span> <span class='ocrx_word' id='word_1_329' title='bbox 3133 3769 3404 3839; x_wconf 78' lang='lat' dir='ltr'><strong>eﬂ&#39;uderit,</strong></span> <span class='ocrx_word' id='word_1_330' title='bbox 3435 3785 3547 3843; x_wconf 86' lang='lat' dir='ltr'><strong>qua</strong></span> <span class='ocrx_word' id='word_1_331' title='bbox 3572 3788 3747 3844; x_wconf 67' lang='lat' dir='ltr'><strong>paena</strong></span> 
     </span>
    </p>
   </div>
   <div class='ocr_carea' id='block_1_52' title="bbox 450 3857 2060 3930">
    <p class='ocr_par' dir='ltr' id='par_1_52' title="bbox 450 3857 2060 3930">
     <span class='ocr_line' id='line_1_52' title="bbox 450 3857 2060 3930; baseline -0.007 -6"><span class='ocrx_word' id='word_1_332' title='bbox 450 3865 651 3924; x_wconf 66' lang='lat' dir='ltr'><strong>Praeter</strong></span> <span class='ocrx_word' id='word_1_333' title='bbox 663 3862 1040 3920; x_wconf 89' lang='lat' dir='ltr'><strong>Venerabilem</strong></span> <span class='ocrx_word' id='word_1_334' title='bbox 1061 3860 1283 3927; x_wconf 91' lang='lat' dir='ltr'><strong>Bedam,</strong></span> <span class='ocrx_word' id='word_1_335' title='bbox 1306 3859 1364 3916; x_wconf 91' lang='lat' dir='ltr'><strong>S.</strong></span> <span class='ocrx_word' id='word_1_336' title='bbox 1390 3859 1672 3914; x_wconf 84' lang='lat' dir='ltr'><strong>Laurentii</strong></span> <span class='ocrx_word' id='word_1_337' title='bbox 1692 3857 1873 3914; x_wconf 90' lang='lat' dir='ltr'><strong>Vitam</strong></span> <span class='ocrx_word' id='word_1_338' title='bbox 1891 3873 2060 3930; x_wconf 68' lang='lat' dir='ltr'><strong>aeque-</strong></span> 
     </span>
    </p>
   </div>
   <div class='ocr_carea' id='block_1_53' title="bbox 451 3950 2046 4031">
    <p class='ocr_par' dir='ltr' id='par_1_53' title="bbox 451 3950 2046 4031">
     <span class='ocr_line' id='line_1_53' title="bbox 451 3950 2046 4031; baseline -0.007 -14"><span class='ocrx_word' id='word_1_339' title='bbox 451 3975 519 4017; x_wconf 79' lang='lat' dir='ltr'><strong>ac</strong></span> <span class='ocrx_word' id='word_1_340' title='bbox 551 3960 673 4031; x_wconf 90' lang='lat' dir='ltr'><strong>ejus</strong></span> <span class='ocrx_word' id='word_1_341' title='bbox 708 3955 1018 4013; x_wconf 85' lang='lat' dir='ltr'><strong>decessoris</strong></span> <span class='ocrx_word' id='word_1_342' title='bbox 1053 3952 1349 4025; x_wconf 84' lang='lat' dir='ltr'><strong>Augustini</strong></span> <span class='ocrx_word' id='word_1_343' title='bbox 1393 3951 1684 4021; x_wconf 86' lang='lat' dir='ltr'><strong>descripsit</strong></span> <span class='ocrx_word' id='word_1_344' title='bbox 1730 3950 2046 4006; x_wconf 87' lang='lat' dir='ltr'><strong>Gotselinus</strong></span> 
     </span>
    </p>
   </div>
   <div class='ocr_carea' id='block_1_54' title="bbox 450 4042 2046 4117">
    <p class='ocr_par' dir='ltr' id='par_1_54' title="bbox 450 4042 2046 4117">
     <span class='ocr_line' id='line_1_54' title="bbox 450 4042 2046 4117; baseline -0.006 -9"><span class='ocrx_word' id='word_1_345' title='bbox 450 4052 761 4108; x_wconf 83' lang='lat' dir='ltr'><strong>monachus</strong></span> <span class='ocrx_word' id='word_1_346' title='bbox 786 4048 1155 4114; x_wconf 81' lang='lat' dir='ltr'><strong>Bertinianus,</strong></span> <span class='ocrx_word' id='word_1_347' title='bbox 1181 4046 1274 4117; x_wconf 88' lang='lat' dir='ltr'><strong>qui</strong></span> <span class='ocrx_word' id='word_1_348' title='bbox 1291 4045 1346 4099; x_wconf 88' lang='lat' dir='ltr'><strong>in</strong></span> <span class='ocrx_word' id='word_1_349' title='bbox 1364 4044 1616 4116; x_wconf 88' lang='lat' dir='ltr'><strong>Angliam</strong></span> <span class='ocrx_word' id='word_1_350' title='bbox 1637 4060 1669 4099; x_wconf 92' lang='lat' dir='ltr'><strong>a</strong></span> <span class='ocrx_word' id='word_1_351' title='bbox 1697 4042 1755 4098; x_wconf 90' lang='lat' dir='ltr'><strong>S.</strong></span> <span class='ocrx_word' id='word_1_352' title='bbox 1785 4042 2046 4098; x_wconf 82' lang='lat' dir='ltr'><strong>Auselmo</strong></span> 
     </span>
    </p>
   </div>
   <div class='ocr_carea' id='block_1_55' title="bbox 447 4135 2042 4206">
    <p class='ocr_par' dir='ltr' id='par_1_55' title="bbox 447 4135 2042 4206">
     <span class='ocr_line' id='line_1_55' title="bbox 447 4135 2042 4206; baseline -0.008 -6"><span class='ocrx_word' id='word_1_353' title='bbox 447 4142 834 4200; x_wconf 85' lang='lat' dir='ltr'><strong>Cautuariensi</strong></span> <span class='ocrx_word' id='word_1_354' title='bbox 884 4140 1126 4197; x_wconf 90' lang='lat' dir='ltr'><strong>antistite</strong></span> <span class='ocrx_word' id='word_1_355' title='bbox 1163 4146 1444 4204; x_wconf 85' lang='lat' dir='ltr'><strong>evocatus,</strong></span> <span class='ocrx_word' id='word_1_356' title='bbox 1486 4135 1757 4192; x_wconf 71' lang='lat' dir='ltr'><strong>Ramesiaa</strong></span> <span class='ocrx_word' id='word_1_357' title='bbox 1781 4135 2042 4206; x_wconf 89' lang='lat' dir='ltr'><strong>primum,</strong></span> 
     </span>
    </p>
   </div>
   <div class='ocr_carea' id='block_1_56' title="bbox 445 4227 2044 4296">
    <p class='ocr_par' dir='ltr' id='par_1_56' title="bbox 445 4227 2044 4296">
     <span class='ocr_line' id='line_1_56' title="bbox 445 4227 2044 4296; baseline -0.006 -4"><span class='ocrx_word' id='word_1_358' title='bbox 445 4245 569 4292; x_wconf 86' lang='lat' dir='ltr'><strong>tum</strong></span> <span class='ocrx_word' id='word_1_359' title='bbox 613 4234 970 4291; x_wconf 82' lang='lat' dir='ltr'><strong>Doroberniae</strong></span> <span class='ocrx_word' id='word_1_360' title='bbox 1025 4228 1311 4296; x_wconf 88' lang='lat' dir='ltr'><strong>habitavit,</strong></span> <span class='ocrx_word' id='word_1_361' title='bbox 1365 4227 1458 4284; x_wconf 90' lang='lat' dir='ltr'><strong>ubi</strong></span> <span class='ocrx_word' id='word_1_362' title='bbox 1501 4228 1685 4283; x_wconf 83' lang='lat' dir='ltr'><strong>varias</strong></span> <span class='ocrx_word' id='word_1_363' title='bbox 1729 4237 2044 4284; x_wconf 88' lang='lat' dir='ltr'><strong>sanctorum</strong></span> 
     </span>
    </p>
   </div>
   <div class='ocr_carea' id='block_1_57' title="bbox 448 4319 2044 4396">
    <p class='ocr_par' dir='ltr' id='par_1_57' title="bbox 448 4319 2044 4396">
     <span class='ocr_line' id='line_1_57' title="bbox 448 4319 2044 4396; baseline -0.004 -14"><span class='ocrx_word' id='word_1_364' title='bbox 448 4326 671 4396; x_wconf 83' lang='lat' dir='ltr'><strong>scripsit</strong></span> <span class='ocrx_word' id='word_1_365' title='bbox 696 4324 873 4381; x_wconf 90' lang='lat' dir='ltr'><strong>Vitas.</strong></span> <span class='ocrx_word' id='word_1_366' title='bbox 909 4321 1175 4380; x_wconf 86' lang='lat' dir='ltr'><strong>Gotselini</strong></span> <span class='ocrx_word' id='word_1_367' title='bbox 1198 4320 1266 4376; x_wconf 90' lang='lat' dir='ltr'><strong>de</strong></span> <span class='ocrx_word' id='word_1_368' title='bbox 1292 4319 1590 4374; x_wconf 89' lang='lat' dir='ltr'><strong>Laurentio</strong></span> <span class='ocrx_word' id='word_1_369' title='bbox 1609 4319 2044 4376; x_wconf 90' lang='lat' dir='ltr'><strong>lucubrationem</strong></span> 
     </span>
    </p>
   </div>
   <div class='ocr_carea' id='block_1_58' title="bbox 451 4410 2044 4486">
    <p class='ocr_par' dir='ltr' id='par_1_58' title="bbox 451 4410 2044 4486">
     <span class='ocr_line' id='line_1_58' title="bbox 451 4410 2044 4486; baseline -0.003 -14"><span class='ocrx_word' id='word_1_370' title='bbox 451 4431 580 4472; x_wconf 89' lang='lat' dir='ltr'><strong>cum</strong></span> <span class='ocrx_word' id='word_1_371' title='bbox 621 4415 862 4486; x_wconf 90' lang='lat' dir='ltr'><strong>reperire</strong></span> <span class='ocrx_word' id='word_1_372' title='bbox 899 4429 1011 4470; x_wconf 91' lang='lat' dir='ltr'><strong>non</strong></span> <span class='ocrx_word' id='word_1_373' title='bbox 1051 4412 1287 4478; x_wconf 85' lang='lat' dir='ltr'><strong>licuerit,</strong></span> <span class='ocrx_word' id='word_1_374' title='bbox 1328 4410 1487 4481; x_wconf 88' lang='lat' dir='ltr'><strong>juvat</strong></span> <span class='ocrx_word' id='word_1_375' title='bbox 1511 4425 1635 4481; x_wconf 69' lang='lat' dir='ltr'><strong>quae</strong></span> <span class='ocrx_word' id='word_1_376' title='bbox 1661 4410 1727 4466; x_wconf 88' lang='lat' dir='ltr'><strong>de</strong></span> <span class='ocrx_word' id='word_1_377' title='bbox 1757 4411 1875 4481; x_wconf 90' lang='lat' dir='ltr'><strong>ipso</strong></span> <span class='ocrx_word' id='word_1_378' title='bbox 1901 4410 2044 4467; x_wconf 90' lang='lat' dir='ltr'><strong>idem</strong></span> 
     </span>
    </p>
   </div>
   <div class='ocr_carea' id='block_1_59' title="bbox 449 4500 2042 4573">
    <p class='ocr_par' dir='ltr' id='par_1_59' title="bbox 449 4500 2042 4573">
     <span class='ocr_line' id='line_1_59' title="bbox 449 4500 2042 4573; baseline -0.006 -8"><span class='ocrx_word' id='word_1_379' title='bbox 449 4517 642 4566; x_wconf 86' lang='lat' dir='ltr'><strong>auctor</strong></span> <span class='ocrx_word' id='word_1_380' title='bbox 661 4506 720 4562; x_wconf 88' lang='lat' dir='ltr'><strong>in</strong></span> <span class='ocrx_word' id='word_1_381' title='bbox 742 4505 982 4562; x_wconf 84' lang='lat' dir='ltr'><strong>Historia</strong></span> <span class='ocrx_word' id='word_1_382' title='bbox 1004 4503 1381 4560; x_wconf 83' lang='lat' dir='ltr'><strong>translationis</strong></span> <span class='ocrx_word' id='word_1_383' title='bbox 1399 4500 1457 4556; x_wconf 90' lang='lat' dir='ltr'><strong>S.</strong></span> <span class='ocrx_word' id='word_1_384' title='bbox 1482 4500 1794 4573; x_wconf 85' lang='lat' dir='ltr'><strong>Augustini,</strong></span> <span class='ocrx_word' id='word_1_385' title='bbox 1814 4517 1934 4572; x_wconf 90' lang='lat' dir='ltr'><strong>cap.</strong></span> <span class='ocrx_word' id='word_1_386' title='bbox 1954 4501 2042 4570; x_wconf 82' lang='lat' dir='ltr'><strong>l6,</strong></span> 
     </span>
    </p>
   </div>
   <div class='ocr_carea' id='block_1_60' title="bbox 448 4596 1310 4658">
    <p class='ocr_par' dir='ltr' id='par_1_60' title="bbox 448 4596 1310 4658">
     <span class='ocr_line' id='line_1_60' title="bbox 448 4596 1310 4658; baseline -0.009 0"><span class='ocrx_word' id='word_1_387' title='bbox 448 4598 904 4658; x_wconf 88' lang='lat' dir='ltr'><strong>commemoravit</strong></span> <span class='ocrx_word' id='word_1_388' title='bbox 931 4596 1021 4653; x_wconf 86' lang='lat' dir='ltr'><strong>hic</strong></span> <span class='ocrx_word' id='word_1_389' title='bbox 1050 4597 1310 4652; x_wconf 85' lang='lat' dir='ltr'><strong>inserere.</strong></span> 
     </span>
    </p>
   </div>
   <div class='ocr_carea' id='block_1_61' title="bbox 519 4685 2045 4762">
    <p class='ocr_par' dir='ltr' id='par_1_61' title="bbox 519 4685 2045 4762">
     <span class='ocr_line' id='line_1_61' title="bbox 519 4685 2045 4762; baseline -0.005 -14"><span class='ocrx_word' id='word_1_390' title='bbox 519 4692 798 4748; x_wconf 79' lang='lat' dir='ltr'><strong>Laurentii</strong></span> <span class='ocrx_word' id='word_1_391' title='bbox 861 4691 1008 4762; x_wconf 83' lang='lat' dir='ltr'><strong>facta</strong></span> <span class='ocrx_word' id='word_1_392' title='bbox 1053 4704 1118 4744; x_wconf 77' lang='lat' dir='ltr'><strong>ea:</strong></span> <span class='ocrx_word' id='word_1_393' title='bbox 1177 4687 1465 4743; x_wconf 81' lang='lat' dir='ltr'><strong>Gotselino.</strong></span> <span class='ocrx_word' id='word_1_394' title='bbox 1498 4717 1573 4727; x_wconf 87' lang='lat'><strong>——</strong></span> <span class='ocrx_word' id='word_1_395' title='bbox 1611 4706 1634 4739; x_wconf 71' lang='grc' dir='ltr'>σ</span> <span class='ocrx_word' id='word_1_396' title='bbox 1671 4685 1876 4754; x_wconf 87' lang='lat' dir='ltr'><strong>Quarta</strong></span> <span class='ocrx_word' id='word_1_397' title='bbox 1921 4693 2045 4742; x_wconf 89' lang='lat' dir='ltr'><strong>tan-</strong></span> 
     </span>
    </p>
   </div>
   <div class='ocr_carea' id='block_1_62' title="bbox 449 4775 2042 4853">
    <p class='ocr_par' dir='ltr' id='par_1_62' title="bbox 449 4775 2042 4853">
     <span class='ocr_line' id='line_1_62' title="bbox 449 4775 2042 4853; baseline -0.006 -12"><span class='ocrx_word' id='word_1_398' title='bbox 449 4785 577 4840; x_wconf 83' lang='lat' dir='ltr'><strong>dem</strong></span> <span class='ocrx_word' id='word_1_399' title='bbox 617 4783 728 4852; x_wconf 91' lang='lat' dir='ltr'><strong>die,</strong></span> <span class='ocrx_word' id='word_1_400' title='bbox 767 4796 894 4853; x_wconf 68' lang='lat' dir='ltr'><strong>quae</strong></span> <span class='ocrx_word' id='word_1_401' title='bbox 918 4788 1004 4837; x_wconf 87' lang='lat' dir='ltr'><strong>est</strong></span> <span class='ocrx_word' id='word_1_402' title='bbox 1046 4788 1242 4850; x_wconf 87' lang='lat' dir='ltr'><strong>quarta</strong></span> <span class='ocrx_word' id='word_1_403' title='bbox 1279 4777 1435 4846; x_wconf 88' lang='lat' dir='ltr'><strong>feria,</strong></span> <span class='ocrx_word' id='word_1_404' title='bbox 1483 4777 1643 4850; x_wconf 90' lang='lat' dir='ltr'><strong>quasi</strong></span> <span class='ocrx_word' id='word_1_405' title='bbox 1689 4775 1928 4848; x_wconf 85' lang='lat' dir='ltr'><strong>expediti</strong></span> <span class='ocrx_word' id='word_1_406' title='bbox 1975 4777 2042 4832; x_wconf 91' lang='lat' dir='ltr'><strong>ad</strong></span> 
     </span>
    </p>
   </div>
   <div class='ocr_carea' id='block_1_63' title="bbox 449 4869 2042 4933">
    <p class='ocr_par' dir='ltr' id='par_1_63' title="bbox 449 4869 2042 4933">
     <span class='ocr_line' id='line_1_63' title="bbox 449 4869 2042 4933; baseline -0.006 0"><span class='ocrx_word' id='word_1_407' title='bbox 449 4875 802 4933; x_wconf 87' lang='lat' dir='ltr'><strong>beatissimos</strong></span> <span class='ocrx_word' id='word_1_408' title='bbox 835 4871 1257 4929; x_wconf 88' lang='lat' dir='ltr'><strong>contubernales</strong></span> <span class='ocrx_word' id='word_1_409' title='bbox 1289 4881 1344 4926; x_wconf 91' lang='lat' dir='ltr'><strong>et</strong></span> <span class='ocrx_word' id='word_1_410' title='bbox 1371 4885 1718 4927; x_wconf 88' lang='lat' dir='ltr'><strong>successores</strong></span> <span class='ocrx_word' id='word_1_411' title='bbox 1741 4885 1872 4926; x_wconf 88' lang='lat' dir='ltr'><strong>suos</strong></span> <span class='ocrx_word' id='word_1_412' title='bbox 1895 4869 2042 4925; x_wconf 84' lang='lat' dir='ltr'><strong>Lau-</strong></span> 
     </span>
    </p>
   </div>
   <div class='ocr_carea' id='block_1_64' title="bbox 452 4960 2045 5034">
    <p class='ocr_par' dir='ltr' id='par_1_64' title="bbox 452 4960 2045 5034">
     <span class='ocr_line' id='line_1_64' title="bbox 452 4960 2045 5034; baseline -0.004 -13"><span class='ocrx_word' id='word_1_413' title='bbox 452 4966 692 5022; x_wconf 86' lang='lat' dir='ltr'><strong>rentium</strong></span> <span class='ocrx_word' id='word_1_414' title='bbox 724 4979 790 5020; x_wconf 88' lang='lat' dir='ltr'><strong>ac</strong></span> <span class='ocrx_word' id='word_1_415' title='bbox 822 4963 1086 5019; x_wconf 82' lang='lat' dir='ltr'><strong>Mellitum</strong></span> <span class='ocrx_word' id='word_1_416' title='bbox 1118 4961 1186 5018; x_wconf 91' lang='lat' dir='ltr'><strong>ad</strong></span> <span class='ocrx_word' id='word_1_417' title='bbox 1225 4961 1404 5034; x_wconf 89' lang='lat' dir='ltr'><strong>ipsum</strong></span> <span class='ocrx_word' id='word_1_418' title='bbox 1434 4961 1734 5032; x_wconf 89' lang='lat' dir='ltr'><strong>principem</strong></span> <span class='ocrx_word' id='word_1_419' title='bbox 1765 4960 2045 5034; x_wconf 77' lang='lat' dir='ltr'><strong>(Augusti-</strong></span> 
     </span>
    </p>
   </div>
   <div class='ocr_carea' id='block_1_65' title="bbox 453 5053 2045 5128">
    <p class='ocr_par' dir='ltr' id='par_1_65' title="bbox 453 5053 2045 5128">
     <span class='ocr_line' id='line_1_65' title="bbox 453 5053 2045 5128; baseline -0.002 -17"><span class='ocrx_word' id='word_1_420' title='bbox 453 5056 604 5128; x_wconf 80' lang='lat' dir='ltr'><strong>num)</strong></span> <span class='ocrx_word' id='word_1_421' title='bbox 646 5056 995 5113; x_wconf 80' lang='lat' dir='ltr'><strong>devehendos</strong></span> <span class='ocrx_word' id='word_1_422' title='bbox 1035 5070 1334 5112; x_wconf 71' lang='lat' dir='ltr'><strong>accessere.</strong></span> <span class='ocrx_word' id='word_1_423' title='bbox 1376 5053 1709 5110; x_wconf 87' lang='lat' dir='ltr'><strong>Laurentius</strong></span> <span class='ocrx_word' id='word_1_424' title='bbox 1750 5069 1876 5109; x_wconf 91' lang='lat' dir='ltr'><strong>cum</strong></span> <span class='ocrx_word' id='word_1_425' title='bbox 1925 5053 2045 5125; x_wconf 84' lang='lat' dir='ltr'><strong>ipso</strong></span> 
     </span>
    </p>
   </div>
   <div class='ocr_carea' id='block_1_66' title="bbox 2148 3860 3750 3936">
    <p class='ocr_par' dir='ltr' id='par_1_66' title="bbox 2148 3860 3750 3936">
     <span class='ocr_line' id='line_1_66' title="bbox 2148 3860 3750 3936; baseline 0.004 -22"><span class='ocrx_word' id='word_1_426' title='bbox 2148 3869 2400 3915; x_wconf 87' lang='lat' dir='ltr'><strong>arceatur</strong></span> <span class='ocrx_word' id='word_1_427' title='bbox 2421 3861 2602 3916; x_wconf 92' lang='lat' dir='ltr'><strong>omnis</strong></span> <span class='ocrx_word' id='word_1_428' title='bbox 2627 3860 2956 3916; x_wconf 87' lang='lat' dir='ltr'><strong>feminarum</strong></span> <span class='ocrx_word' id='word_1_429' title='bbox 2982 3878 3238 3920; x_wconf 89' lang='lat' dir='ltr'><strong>accessus</strong></span> <span class='ocrx_word' id='word_1_430' title='bbox 3268 3863 3337 3918; x_wconf 91' lang='lat' dir='ltr'><strong>ab</strong></span> <span class='ocrx_word' id='word_1_431' title='bbox 3357 3864 3588 3920; x_wconf 88' lang='lat' dir='ltr'><strong>ecclesia</strong></span> <span class='ocrx_word' id='word_1_432' title='bbox 3612 3881 3750 3936; x_wconf 74' lang='lat' dir='ltr'><strong>qua:</strong></span> 
     </span>
    </p>
   </div>
   <div class='ocr_carea' id='block_1_67' title="bbox 2113 3950 3751 4021">
    <p class='ocr_par' dir='ltr' id='par_1_67' title="bbox 2113 3950 3751 4021">
     <span class='ocr_line' id='line_1_67' title="bbox 2113 3950 3751 4021; baseline 0.005 -15"><span class='ocrx_word' id='word_1_433' title='bbox 2113 3955 2116 3958; x_wconf 57' lang='lat'><em>‘</em></span> <span class='ocrx_word' id='word_1_434' title='bbox 2147 3950 2268 4021; x_wconf 91' lang='lat' dir='ltr'><strong>ejus</strong></span> <span class='ocrx_word' id='word_1_435' title='bbox 2297 3952 2623 4021; x_wconf 88' lang='lat' dir='ltr'><strong>apostolatui</strong></span> <span class='ocrx_word' id='word_1_436' title='bbox 2653 3960 2930 4008; x_wconf 86' lang='lat' dir='ltr'><strong>exstructa</strong></span> <span class='ocrx_word' id='word_1_437' title='bbox 2959 3961 3014 4008; x_wconf 90' lang='lat' dir='ltr'><strong>et</strong></span> <span class='ocrx_word' id='word_1_438' title='bbox 3049 3963 3368 4011; x_wconf 89' lang='lat' dir='ltr'><strong>consecrata</strong></span> <span class='ocrx_word' id='word_1_439' title='bbox 3391 3963 3476 4011; x_wconf 93' lang='lat' dir='ltr'><strong>est</strong></span> <span class='ocrx_word' id='word_1_440' title='bbox 3510 3955 3566 4010; x_wconf 92' lang='lat' dir='ltr'><strong>in</strong></span> <span class='ocrx_word' id='word_1_441' title='bbox 3601 3957 3751 4014; x_wconf 79' lang='lat' dir='ltr'><strong>Sco-</strong></span> 
     </span>
    </p>
   </div>
   <div class='ocr_carea' id='block_1_68' title="bbox 2148 4042 3749 4120">
    <p class='ocr_par' dir='ltr' id='par_1_68' title="bbox 2148 4042 3749 4120">
     <span class='ocr_line' id='line_1_68' title="bbox 2148 4042 3749 4120; baseline 0.004 -22"><span class='ocrx_word' id='word_1_442' title='bbox 2148 4042 2242 4109; x_wconf 88' lang='lat' dir='ltr'><strong>tia,</strong></span> <span class='ocrx_word' id='word_1_443' title='bbox 2289 4051 2350 4098; x_wconf 91' lang='lat' dir='ltr'><strong>ut</strong></span> <span class='ocrx_word' id='word_1_444' title='bbox 2387 4059 2560 4114; x_wconf 88' lang='lat' dir='ltr'><strong>nuper</strong></span> <span class='ocrx_word' id='word_1_445' title='bbox 2597 4044 2784 4114; x_wconf 88' lang='lat' dir='ltr'><strong>regina</strong></span> <span class='ocrx_word' id='word_1_446' title='bbox 2821 4043 3017 4100; x_wconf 73' lang='lat' dir='ltr'><strong>Scotize</strong></span> <span class='ocrx_word' id='word_1_447' title='bbox 3046 4045 3245 4117; x_wconf 81' lang='lat' dir='ltr'><strong>inclyta</strong></span> <span class='ocrx_word' id='word_1_448' title='bbox 3275 4045 3577 4120; x_wconf 85' lang='lat' dir='ltr'><strong>Margareta</strong></span> <span class='ocrx_word' id='word_1_449' title='bbox 3607 4065 3749 4104; x_wconf 90' lang='lat' dir='ltr'><strong>cum</strong></span> 
     </span>
    </p>
   </div>
   <div class='ocr_carea' id='block_1_69' title="bbox 2147 4134 3751 4211">
    <p class='ocr_par' dir='ltr' id='par_1_69' title="bbox 2147 4134 3751 4211">
     <span class='ocr_line' id='line_1_69' title="bbox 2147 4134 3751 4211; baseline 0.003 -20"><span class='ocrx_word' id='word_1_450' title='bbox 2147 4134 2516 4191; x_wconf 88' lang='lat' dir='ltr'><strong>oblationibus</strong></span> <span class='ocrx_word' id='word_1_451' title='bbox 2567 4135 2774 4191; x_wconf 88' lang='lat' dir='ltr'><strong>aditum</strong></span> <span class='ocrx_word' id='word_1_452' title='bbox 2820 4145 3029 4192; x_wconf 88' lang='lat' dir='ltr'><strong>tentare</strong></span> <span class='ocrx_word' id='word_1_453' title='bbox 3077 4153 3232 4206; x_wconf 89' lang='lat' dir='ltr'><strong>ausa,</strong></span> <span class='ocrx_word' id='word_1_454' title='bbox 3274 4139 3456 4195; x_wconf 86' lang='lat' dir='ltr'><strong>subito</strong></span> <span class='ocrx_word' id='word_1_455' title='bbox 3491 4140 3562 4195; x_wconf 91' lang='lat' dir='ltr'><strong>sit</strong></span> <span class='ocrx_word' id='word_1_456' title='bbox 3604 4156 3751 4211; x_wconf 89' lang='lat' dir='ltr'><strong>per-</strong></span> 
     </span>
    </p>
   </div>
   <div class='ocr_carea' id='block_1_70' title="bbox 2147 4228 3751 4301">
    <p class='ocr_par' dir='ltr' id='par_1_70' title="bbox 2147 4228 3751 4301">
     <span class='ocr_line' id='line_1_70' title="bbox 2147 4228 3751 4301; baseline 0.004 -18"><span class='ocrx_word' id='word_1_457' title='bbox 2147 4243 2311 4284; x_wconf 89' lang='lat' dir='ltr'><strong>cussa</strong></span> <span class='ocrx_word' id='word_1_458' title='bbox 2341 4237 2504 4298; x_wconf 90' lang='lat' dir='ltr'><strong>atque</strong></span> <span class='ocrx_word' id='word_1_459' title='bbox 2528 4228 2767 4298; x_wconf 89' lang='lat' dir='ltr'><strong>repulsa,</strong></span> <span class='ocrx_word' id='word_1_460' title='bbox 2797 4228 2890 4283; x_wconf 85' lang='lat' dir='ltr'><strong>sed</strong></span> <span class='ocrx_word' id='word_1_461' title='bbox 2925 4229 3246 4286; x_wconf 88' lang='lat' dir='ltr'><strong>clericorum</strong></span> <span class='ocrx_word' id='word_1_462' title='bbox 3271 4246 3432 4301; x_wconf 85' lang='lat' dir='ltr'><strong>prece</strong></span> <span class='ocrx_word' id='word_1_463' title='bbox 3457 4233 3751 4289; x_wconf 85' lang='lat' dir='ltr'><strong>restituta.</strong></span> 
     </span>
    </p>
   </div>
   <div class='ocr_carea' id='block_1_71' title="bbox 2110 4316 3754 4394">
    <p class='ocr_par' dir='ltr' id='par_1_71' title="bbox 2110 4316 3754 4394">
     <span class='ocr_line' id='line_1_71' title="bbox 2110 4316 3754 4394; baseline 0.004 -21"><span class='ocrx_word' id='word_1_464' title='bbox 2110 4334 2115 4339; x_wconf 66' lang='lat'><em>‘</em></span> <span class='ocrx_word' id='word_1_465' title='bbox 2146 4316 2351 4374; x_wconf 90' lang='lat' dir='ltr'><strong>Verum</strong></span> <span class='ocrx_word' id='word_1_466' title='bbox 2392 4320 2510 4375; x_wconf 66' lang='lat' dir='ltr'><strong>haec</strong></span> <span class='ocrx_word' id='word_1_467' title='bbox 2547 4320 2655 4375; x_wconf 90' lang='lat' dir='ltr'><strong>loci</strong></span> <span class='ocrx_word' id='word_1_468' title='bbox 2690 4320 2988 4377; x_wconf 90' lang='lat' dir='ltr'><strong>artitudine</strong></span> <span class='ocrx_word' id='word_1_469' title='bbox 3032 4323 3308 4379; x_wconf 86' lang='lat' dir='ltr'><strong>exclusive</strong></span> <span class='ocrx_word' id='word_1_470' title='bbox 3349 4323 3754 4394; x_wconf 70' lang='lat' dir='ltr'><strong>praetermitto,</strong></span> 
     </span>
    </p>
   </div>
   <div class='ocr_carea' id='block_1_72' title="bbox 2146 4409 3139 4483">
    <p class='ocr_par' dir='ltr' id='par_1_72' title="bbox 2146 4409 3139 4483">
     <span class='ocr_line' id='line_1_72' title="bbox 2146 4409 3139 4483; baseline 0.002 -18"><span class='ocrx_word' id='word_1_471' title='bbox 2146 4411 2277 4466; x_wconf 83' lang='lat' dir='ltr'><strong>alibi</strong></span> <span class='ocrx_word' id='word_1_472' title='bbox 2319 4409 2432 4468; x_wconf 90' lang='lat' dir='ltr'><strong>Deo</strong></span> <span class='ocrx_word' id='word_1_473' title='bbox 2465 4413 2742 4483; x_wconf 88' lang='lat' dir='ltr'><strong>aspirante</strong></span> <span class='ocrx_word' id='word_1_474' title='bbox 2774 4414 3085 4469; x_wconf 82' lang='lat' dir='ltr'><strong>retexenda.</strong></span> <span class='ocrx_word' id='word_1_475' title='bbox 3119 4433 3139 4467; x_wconf 73' lang='grc' dir='ltr'><strong>ι</strong></span> 
     </span>
    </p>
   </div>
   <div class='ocr_carea' id='block_1_73' title="bbox 2214 4504 3756 4576">
    <p class='ocr_par' dir='ltr' id='par_1_73' title="bbox 2214 4504 3756 4576">
     <span class='ocr_line' id='line_1_73' title="bbox 2214 4504 3756 4576; baseline 0.003 -17"><span class='ocrx_word' id='word_1_476' title='bbox 2214 4504 2269 4559; x_wconf 75' lang='lat'><strong>2.</strong></span> <span class='ocrx_word' id='word_1_477' title='bbox 2307 4504 2483 4573; x_wconf 87' lang='lat' dir='ltr'><strong>Quam</strong></span> <span class='ocrx_word' id='word_1_478' title='bbox 2504 4505 2594 4561; x_wconf 92' lang='lat' dir='ltr'><strong>hic</strong></span> <span class='ocrx_word' id='word_1_479' title='bbox 2614 4506 2883 4576; x_wconf 91' lang='lat' dir='ltr'><strong>promittit</strong></span> <span class='ocrx_word' id='word_1_480' title='bbox 2904 4517 3094 4562; x_wconf 89' lang='lat' dir='ltr'><strong>auctor</strong></span> <span class='ocrx_word' id='word_1_481' title='bbox 3128 4505 3186 4562; x_wconf 86' lang='lat' dir='ltr'><strong>S.</strong></span> <span class='ocrx_word' id='word_1_482' title='bbox 3221 4505 3500 4564; x_wconf 80' lang='lat' dir='ltr'><strong>Laurentii</strong></span> <span class='ocrx_word' id='word_1_483' title='bbox 3527 4505 3756 4576; x_wconf 80' lang='lat' dir='ltr'><strong>Vitam,</strong></span> 
     </span>
    </p>
   </div>
   <div class='ocr_carea' id='block_1_74' title="bbox 2145 4595 3756 4665">
    <p class='ocr_par' dir='ltr' id='par_1_74' title="bbox 2145 4595 3756 4665">
     <span class='ocr_line' id='line_1_74' title="bbox 2145 4595 3756 4665; baseline 0.003 -15"><span class='ocrx_word' id='word_1_484' title='bbox 2145 4595 2316 4652; x_wconf 88' lang='lat' dir='ltr'><strong>edidit</strong></span> <span class='ocrx_word' id='word_1_485' title='bbox 2347 4597 2464 4651; x_wconf 91' lang='lat' dir='ltr'><strong>sine</strong></span> <span class='ocrx_word' id='word_1_486' title='bbox 2489 4597 2678 4665; x_wconf 89' lang='lat' dir='ltr'><strong>dubio,</strong></span> <span class='ocrx_word' id='word_1_487' title='bbox 2706 4607 2841 4654; x_wconf 87' lang='lat' dir='ltr'><strong>teste</strong></span> <span class='ocrx_word' id='word_1_488' title='bbox 2869 4597 3143 4654; x_wconf 85' lang='lat' dir='ltr'><strong>Willelmo</strong></span> <span class='ocrx_word' id='word_1_489' title='bbox 3173 4597 3650 4656; x_wconf 87' lang='lat' dir='ltr'><strong>Malmesburiensi</strong></span> <span class='ocrx_word' id='word_1_490' title='bbox 3687 4601 3756 4655; x_wconf 88' lang='lat' dir='ltr'><strong>in</strong></span> 
     </span>
    </p>
   </div>
   <div class='ocr_carea' id='block_1_75' title="bbox 2143 4686 3760 4763">
    <p class='ocr_par' dir='ltr' id='par_1_75' title="bbox 2143 4686 3760 4763">
     <span class='ocr_line' id='line_1_75' title="bbox 2143 4686 3760 4763; baseline -0.001 -21"><span class='ocrx_word' id='word_1_491' title='bbox 2143 4687 2240 4743; x_wconf 85' lang='lat' dir='ltr'><strong>lib.</strong></span> <span class='ocrx_word' id='word_1_492' title='bbox 2271 4686 2346 4743; x_wconf 88' lang='lat' dir='ltr'><strong>De</strong></span> <span class='ocrx_word' id='word_1_493' title='bbox 2367 4687 2561 4759; x_wconf 91' lang='lat' dir='ltr'><strong>pontif.</strong></span> <span class='ocrx_word' id='word_1_494' title='bbox 2593 4689 2751 4760; x_wconf 83' lang='lat' dir='ltr'><strong>Angl.</strong></span> <span class='ocrx_word' id='word_1_495' title='bbox 2781 4688 2869 4745; x_wconf 91' lang='lat' dir='ltr'><strong>his</strong></span> <span class='ocrx_word' id='word_1_496' title='bbox 2898 4690 3079 4746; x_wconf 84' lang='lat' dir='ltr'><strong>verbis</strong></span> <span class='ocrx_word' id='word_1_497' title='bbox 3113 4710 3129 4745; x_wconf 88' lang='lat'><strong>:</strong></span> <span class='ocrx_word' id='word_1_498' title='bbox 3165 4710 3183 4742; x_wconf 77' lang='grc' dir='ltr'><strong>ι</strong></span> <span class='ocrx_word' id='word_1_499' title='bbox 3213 4689 3352 4745; x_wconf 81' lang='lat' dir='ltr'><strong>Huic</strong></span> <span class='ocrx_word' id='word_1_500' title='bbox 3380 4690 3760 4763; x_wconf 72' lang='lat' dir='ltr'><strong>(Augustino)</strong></span> 
     </span>
    </p>
   </div>
   <div class='ocr_carea' id='block_1_76' title="bbox 2146 4775 3761 4850">
    <p class='ocr_par' dir='ltr' id='par_1_76' title="bbox 2146 4775 3761 4850">
     <span class='ocr_line' id='line_1_76' title="bbox 2146 4775 3761 4850; baseline 0.002 -16"><span class='ocrx_word' id='word_1_501' title='bbox 2146 4777 2416 4834; x_wconf 86' lang='lat' dir='ltr'><strong>successit</strong></span> <span class='ocrx_word' id='word_1_502' title='bbox 2454 4775 2784 4834; x_wconf 89' lang='lat' dir='ltr'><strong>Laurentius</strong></span> <span class='ocrx_word' id='word_1_503' title='bbox 2813 4779 2974 4834; x_wconf 87' lang='lat' dir='ltr'><strong>annis</strong></span> <span class='ocrx_word' id='word_1_504' title='bbox 3007 4778 3270 4850; x_wconf 89' lang='lat' dir='ltr'><strong>quinque,</strong></span> <span class='ocrx_word' id='word_1_505' title='bbox 3301 4779 3460 4850; x_wconf 86' lang='lat' dir='ltr'><strong>cujus</strong></span> <span class='ocrx_word' id='word_1_506' title='bbox 3501 4779 3761 4838; x_wconf 85' lang='lat' dir='ltr'><strong>virtutes</strong></span> 
     </span>
    </p>
   </div>
   <div class='ocr_carea' id='block_1_77' title="bbox 2145 4870 3750 4943">
    <p class='ocr_par' dir='ltr' id='par_1_77' title="bbox 2145 4870 3750 4943">
     <span class='ocr_line' id='line_1_77' title="bbox 2145 4870 3750 4943; baseline 0.001 -17"><span class='ocrx_word' id='word_1_507' title='bbox 2145 4879 2201 4926; x_wconf 93' lang='lat' dir='ltr'><strong>et</strong></span> <span class='ocrx_word' id='word_1_508' title='bbox 2220 4879 2542 4926; x_wconf 68' lang='lat' dir='ltr'><strong>cancrorum</strong></span> <span class='ocrx_word' id='word_1_509' title='bbox 2574 4871 2662 4941; x_wconf 91' lang='lat' dir='ltr'><strong>(de</strong></span> <span class='ocrx_word' id='word_1_510' title='bbox 2685 4871 2886 4942; x_wconf 80' lang='lat' dir='ltr'><strong>quibus</strong></span> <span class='ocrx_word' id='word_1_511' title='bbox 2917 4870 3060 4927; x_wconf 89' lang='lat' dir='ltr'><strong>Beda</strong></span> <span class='ocrx_word' id='word_1_512' title='bbox 3082 4886 3314 4930; x_wconf 86' lang='lat' dir='ltr'><strong>narrans</strong></span> <span class='ocrx_word' id='word_1_513' title='bbox 3343 4871 3580 4928; x_wconf 89' lang='lat' dir='ltr'><strong>breviter</strong></span> <span class='ocrx_word' id='word_1_514' title='bbox 3602 4887 3750 4943; x_wconf 85' lang='lat' dir='ltr'><strong>per-</strong></span> 
     </span>
    </p>
   </div>
   <div class='ocr_carea' id='block_1_78' title="bbox 2145 4961 3762 5034">
    <p class='ocr_par' dir='ltr' id='par_1_78' title="bbox 2145 4961 3762 5034">
     <span class='ocr_line' id='line_1_78' title="bbox 2145 4961 3762 5034; baseline 0.001 -16"><span class='ocrx_word' id='word_1_515' title='bbox 2145 4961 2364 5034; x_wconf 87' lang='lat' dir='ltr'><strong>stringit</strong></span> <span class='ocrx_word' id='word_1_516' title='bbox 2383 4963 2592 5031; x_wconf 91' lang='lat' dir='ltr'><strong>omnia,</strong></span> <span class='ocrx_word' id='word_1_517' title='bbox 2620 4963 2765 5018; x_wconf 68' lang='lat' dir='ltr'><strong>taadii</strong></span> <span class='ocrx_word' id='word_1_518' title='bbox 2791 4962 3000 5019; x_wconf 90' lang='lat' dir='ltr'><strong>scilicet</strong></span> <span class='ocrx_word' id='word_1_519' title='bbox 3027 4961 3291 5020; x_wconf 65' lang='lat' dir='ltr'><strong>offensam</strong></span> <span class='ocrx_word' id='word_1_520' title='bbox 3329 4962 3558 5034; x_wconf 89' lang='lat' dir='ltr'><strong>veritus)</strong></span> <span class='ocrx_word' id='word_1_521' title='bbox 3598 4962 3762 5020; x_wconf 76' lang='lat' dir='ltr'><strong>Got-</strong></span> 
     </span>
    </p>
   </div>
   <div class='ocr_carea' id='block_1_79' title="bbox 2148 5055 3766 5128">
    <p class='ocr_par' dir='ltr' id='par_1_79' title="bbox 2148 5055 3766 5128">
     <span class='ocr_line' id='line_1_79' title="bbox 2148 5055 3766 5128; baseline 0.001 -17"><span class='ocrx_word' id='word_1_522' title='bbox 2148 5055 2355 5111; x_wconf 85' lang='lat' dir='ltr'><strong>selinus</strong></span> <span class='ocrx_word' id='word_1_523' title='bbox 2375 5055 2596 5126; x_wconf 90' lang='lat' dir='ltr'><strong>quidam</strong></span> <span class='ocrx_word' id='word_1_524' title='bbox 2615 5066 2880 5128; x_wconf 87' lang='lat' dir='ltr'><strong>quantum</strong></span> <span class='ocrx_word' id='word_1_525' title='bbox 2905 5066 3145 5113; x_wconf 87' lang='lat' dir='ltr'><strong>veterum</strong></span> <span class='ocrx_word' id='word_1_526' title='bbox 3169 5055 3434 5112; x_wconf 83' lang='lat' dir='ltr'><strong>relatione</strong></span> <span class='ocrx_word' id='word_1_527' title='bbox 3452 5056 3766 5112; x_wconf 81' lang='lat' dir='ltr'><strong>addiscere</strong></span> 
     </span>
    </p>
   </div>
   <div class='ocr_carea' id='block_1_80' title="bbox 453 5138 3766 5221">
    <p class='ocr_par' dir='ltr' id='par_1_80' title="bbox 453 5138 3766 5221">
     <span class='ocr_line' id='line_1_80' title="bbox 453 5138 3766 5221; baseline 0.001 -17"><span class='ocrx_word' id='word_1_528' title='bbox 453 5148 592 5204; x_wconf 91' lang='lat' dir='ltr'><strong>duce</strong></span> <span class='ocrx_word' id='word_1_529' title='bbox 616 5149 926 5221; x_wconf 83' lang='lat' dir='ltr'><strong>Augustino</strong></span> <span class='ocrx_word' id='word_1_530' title='bbox 954 5148 1164 5219; x_wconf 90' lang='lat' dir='ltr'><strong>primus</strong></span> <span class='ocrx_word' id='word_1_531' title='bbox 1195 5148 1365 5216; x_wconf 91' lang='lat' dir='ltr'><strong>venit,</strong></span> <span class='ocrx_word' id='word_1_532' title='bbox 1415 5163 1542 5204; x_wconf 91' lang='lat' dir='ltr'><strong>cum</strong></span> <span class='ocrx_word' id='word_1_533' title='bbox 1587 5161 1699 5218; x_wconf 92' lang='lat' dir='ltr'><strong>quo</strong></span> <span class='ocrx_word' id='word_1_534' title='bbox 1743 5153 1801 5202; x_wconf 91' lang='lat' dir='ltr'><strong>et</strong></span> <span class='ocrx_word' id='word_1_535' title='bbox 1841 5145 2042 5201; x_wconf 89' lang='lat' dir='ltr'><strong>diaboli</strong></span> <span class='ocrx_word' id='word_1_536' title='bbox 2074 5138 2121 5194; x_wconf 81' lang='grc' dir='ltr'><strong>Ι)</strong></span> <span class='ocrx_word' id='word_1_537' title='bbox 2145 5149 2341 5220; x_wconf 92' lang='lat' dir='ltr'><strong>potuit,</strong></span> <span class='ocrx_word' id='word_1_538' title='bbox 2377 5148 2615 5219; x_wconf 88' lang='lat' dir='ltr'><strong>scripsit,</strong></span> <span class='ocrx_word' id='word_1_539' title='bbox 2661 5149 2831 5205; x_wconf 86' lang='lat' dir='ltr'><strong>miras</strong></span> <span class='ocrx_word' id='word_1_540' title='bbox 2877 5165 3104 5220; x_wconf 86' lang='lat' dir='ltr'><strong>prorsus</strong></span> <span class='ocrx_word' id='word_1_541' title='bbox 3129 5157 3183 5205; x_wconf 92' lang='lat' dir='ltr'><strong>et</strong></span> <span class='ocrx_word' id='word_1_542' title='bbox 3221 5149 3593 5221; x_wconf 78' lang='lat' dir='ltr'><strong>praedicandas</strong></span> <span class='ocrx_word' id='word_1_543' title='bbox 3636 5151 3766 5207; x_wconf 75' lang='lat' dir='ltr'><strong>ad-</strong></span> 
     </span>
    </p>
   </div>
   <div class='ocr_carea' id='block_1_81' title="bbox 451 5237 2045 5313">
    <p class='ocr_par' dir='ltr' id='par_1_81' title="bbox 451 5237 2045 5313">
     <span class='ocr_line' id='line_1_81' title="bbox 451 5237 2045 5313; baseline -0.002 -17"><span class='ocrx_word' id='word_1_544' title='bbox 451 5241 628 5297; x_wconf 87' lang='lat' dir='ltr'><strong>aciem</strong></span> <span class='ocrx_word' id='word_1_545' title='bbox 667 5242 881 5312; x_wconf 87' lang='lat' dir='ltr'><strong>primus</strong></span> <span class='ocrx_word' id='word_1_546' title='bbox 916 5241 1082 5313; x_wconf 88' lang='lat' dir='ltr'><strong>rupit,</strong></span> <span class='ocrx_word' id='word_1_547' title='bbox 1120 5241 1440 5312; x_wconf 90' lang='lat' dir='ltr'><strong>primusque</strong></span> <span class='ocrx_word' id='word_1_548' title='bbox 1483 5241 1553 5296; x_wconf 90' lang='lat' dir='ltr'><strong>ab</strong></span> <span class='ocrx_word' id='word_1_549' title='bbox 1591 5240 1711 5311; x_wconf 87' lang='lat' dir='ltr'><strong>ipso</strong></span> <span class='ocrx_word' id='word_1_550' title='bbox 1756 5238 1937 5294; x_wconf 88' lang='lat' dir='ltr'><strong>adhuc</strong></span> <span class='ocrx_word' id='word_1_551' title='bbox 1969 5237 2045 5293; x_wconf 88' lang='lat' dir='ltr'><strong>vi-</strong></span> 
     </span>
    </p>
   </div>
   <div class='ocr_carea' id='block_1_82' title="bbox 452 5331 2044 5406">
    <p class='ocr_par' dir='ltr' id='par_1_82' title="bbox 452 5331 2044 5406">
     <span class='ocr_line' id='line_1_82' title="bbox 452 5331 2044 5406; baseline -0.003 -17"><span class='ocrx_word' id='word_1_552' title='bbox 452 5344 613 5390; x_wconf 86' lang='lat' dir='ltr'><strong>vente</strong></span> <span class='ocrx_word' id='word_1_553' title='bbox 641 5335 928 5391; x_wconf 83' lang='lat' dir='ltr'><strong>ordinatus</strong></span> <span class='ocrx_word' id='word_1_554' title='bbox 963 5333 1380 5406; x_wconf 84' lang='lat' dir='ltr'><strong>archipontifex,</strong></span> <span class='ocrx_word' id='word_1_555' title='bbox 1423 5342 1484 5389; x_wconf 93' lang='lat' dir='ltr'><strong>ut</strong></span> <span class='ocrx_word' id='word_1_556' title='bbox 1518 5333 1798 5404; x_wconf 90' lang='lat' dir='ltr'><strong>quondam</strong></span> <span class='ocrx_word' id='word_1_557' title='bbox 1832 5331 1889 5387; x_wconf 90' lang='lat' dir='ltr'><strong>S.</strong></span> <span class='ocrx_word' id='word_1_558' title='bbox 1920 5331 2044 5386; x_wconf 84' lang='lat' dir='ltr'><strong>Cle-</strong></span> 
     </span>
    </p>
   </div>
   <div class='ocr_carea' id='block_1_83' title="bbox 454 5423 2038 5496">
    <p class='ocr_par' dir='ltr' id='par_1_83' title="bbox 454 5423 2038 5496">
     <span class='ocr_line' id='line_1_83' title="bbox 454 5423 2038 5496; baseline -0.001 -16"><span class='ocrx_word' id='word_1_559' title='bbox 454 5439 614 5481; x_wconf 91' lang='lat' dir='ltr'><strong>mens</strong></span> <span class='ocrx_word' id='word_1_560' title='bbox 638 5441 854 5481; x_wconf 90' lang='lat' dir='ltr'><strong>summo</strong></span> <span class='ocrx_word' id='word_1_561' title='bbox 878 5425 1039 5480; x_wconf 87' lang='lat' dir='ltr'><strong>Petro</strong></span> <span class='ocrx_word' id='word_1_562' title='bbox 1074 5426 1354 5496; x_wconf 87' lang='lat' dir='ltr'><strong>superstiti</strong></span> <span class='ocrx_word' id='word_1_563' title='bbox 1382 5425 1663 5481; x_wconf 86' lang='lat' dir='ltr'><strong>successit.</strong></span> <span class='ocrx_word' id='word_1_564' title='bbox 1695 5444 1715 5476; x_wconf 72' lang='grc' dir='ltr'><strong>ι</strong></span> <span class='ocrx_word' id='word_1_565' title='bbox 1754 5423 1822 5479; x_wconf 89' lang='lat' dir='ltr'><strong>Et</strong></span> <span class='ocrx_word' id='word_1_566' title='bbox 1855 5424 1997 5479; x_wconf 88' lang='lat' dir='ltr'><strong>infra</strong></span> <span class='ocrx_word' id='word_1_567' title='bbox 2024 5443 2038 5478; x_wconf 88' lang='lat'>:</span> 
     </span>
    </p>
   </div>
   <div class='ocr_carea' id='block_1_84' title="bbox 463 5516 2040 5586">
    <p class='ocr_par' dir='ltr' id='par_1_84' title="bbox 463 5516 2040 5586">
     <span class='ocr_line' id='line_1_84' title="bbox 463 5516 2040 5586; baseline 0.002 -18"><span class='ocrx_word' id='word_1_568' title='bbox 463 5535 482 5568; x_wconf 78' lang='grc' dir='ltr'>σ</span> <span class='ocrx_word' id='word_1_569' title='bbox 513 5516 588 5572; x_wconf 92' lang='lat' dir='ltr'><strong>De</strong></span> <span class='ocrx_word' id='word_1_570' title='bbox 627 5518 786 5573; x_wconf 86' lang='lat' dir='ltr'><strong>beato</strong></span> <span class='ocrx_word' id='word_1_571' title='bbox 827 5516 1122 5573; x_wconf 88' lang='lat' dir='ltr'><strong>Laurentio</strong></span> <span class='ocrx_word' id='word_1_572' title='bbox 1167 5517 1325 5573; x_wconf 91' lang='lat' dir='ltr'><strong>dulce</strong></span> <span class='ocrx_word' id='word_1_573' title='bbox 1364 5525 1508 5573; x_wconf 88' lang='lat' dir='ltr'><strong>esset</strong></span> <span class='ocrx_word' id='word_1_574' title='bbox 1551 5531 1858 5572; x_wconf 88' lang='lat' dir='ltr'><strong>memorare</strong></span> <span class='ocrx_word' id='word_1_575' title='bbox 1897 5529 2040 5586; x_wconf 88' lang='lat' dir='ltr'><strong>quo-</strong></span> 
     </span>
    </p>
   </div>
   <div class='ocr_carea' id='block_1_85' title="bbox 399 5608 2042 5680">
    <p class='ocr_par' dir='ltr' id='par_1_85' title="bbox 399 5608 2042 5680">
     <span class='ocr_line' id='line_1_85' title="bbox 399 5608 2042 5680; baseline -0.001 -15"><span class='ocrx_word' id='word_1_576' title='bbox 399 5647 402 5650; x_wconf 67' lang='lat'><strong><em>~</em></strong></span> <span class='ocrx_word' id='word_1_577' title='bbox 456 5609 626 5676; x_wconf 86' lang='lat' dir='ltr'><strong>modo</strong></span> <span class='ocrx_word' id='word_1_578' title='bbox 645 5617 922 5666; x_wconf 90' lang='lat' dir='ltr'><strong>mortuum</strong></span> <span class='ocrx_word' id='word_1_579' title='bbox 951 5610 1319 5676; x_wconf 88' lang='lat' dir='ltr'><strong>suscitaverit,</strong></span> <span class='ocrx_word' id='word_1_580' title='bbox 1355 5625 1519 5680; x_wconf 90' lang='lat' dir='ltr'><strong>super</strong></span> <span class='ocrx_word' id='word_1_581' title='bbox 1548 5608 1723 5665; x_wconf 88' lang='lat' dir='ltr'><strong>undas</strong></span> <span class='ocrx_word' id='word_1_582' title='bbox 1745 5609 1914 5664; x_wconf 84' lang='lat' dir='ltr'><strong>maris</strong></span> <span class='ocrx_word' id='word_1_583' title='bbox 1944 5624 2042 5679; x_wconf 82' lang='lat' dir='ltr'><strong>pe-</strong></span> 
     </span>
    </p>
   </div>
   <div class='ocr_carea' id='block_1_86' title="bbox 456 5701 2046 5776">
    <p class='ocr_par' dir='ltr' id='par_1_86' title="bbox 456 5701 2046 5776">
     <span class='ocr_line' id='line_1_86' title="bbox 456 5701 2046 5776; baseline 0.001 -20"><span class='ocrx_word' id='word_1_584' title='bbox 456 5701 622 5758; x_wconf 78' lang='lat' dir='ltr'><strong>dibus</strong></span> <span class='ocrx_word' id='word_1_585' title='bbox 649 5704 974 5769; x_wconf 90' lang='lat' dir='ltr'><strong>cucurrerit,</strong></span> <span class='ocrx_word' id='word_1_586' title='bbox 1009 5705 1134 5776; x_wconf 87' lang='lat' dir='ltr'><strong>igne</strong></span> <span class='ocrx_word' id='word_1_587' title='bbox 1155 5704 1221 5759; x_wconf 91' lang='lat' dir='ltr'><strong>de</strong></span> <span class='ocrx_word' id='word_1_588' title='bbox 1249 5703 1391 5759; x_wconf 61' lang='lat' dir='ltr'><strong>caelo</strong></span> <span class='ocrx_word' id='word_1_589' title='bbox 1431 5711 1656 5758; x_wconf 88' lang='lat' dir='ltr'><strong>evocato</strong></span> <span class='ocrx_word' id='word_1_590' title='bbox 1681 5703 1885 5757; x_wconf 89' lang='lat' dir='ltr'><strong>virtute</strong></span> <span class='ocrx_word' id='word_1_591' title='bbox 1915 5701 2046 5757; x_wconf 69' lang='lat' dir='ltr'><strong>Elim</strong></span> 
     </span>
    </p>
   </div>
   <div class='ocr_carea' id='block_1_87' title="bbox 459 5794 2044 5869">
    <p class='ocr_par' dir='ltr' id='par_1_87' title="bbox 459 5794 2044 5869">
     <span class='ocr_line' id='line_1_87' title="bbox 459 5794 2044 5869; baseline 0.001 -18"><span class='ocrx_word' id='word_1_592' title='bbox 459 5796 656 5869; x_wconf 87' lang='lat' dir='ltr'><strong>impios</strong></span> <span class='ocrx_word' id='word_1_593' title='bbox 685 5794 1120 5868; x_wconf 82' lang='lat' dir='ltr'><strong>conﬂagraverit,</strong></span> <span class='ocrx_word' id='word_1_594' title='bbox 1149 5797 1423 5868; x_wconf 84' lang='lat' dir='ltr'><strong>quomodo</strong></span> <span class='ocrx_word' id='word_1_595' title='bbox 1452 5796 1656 5852; x_wconf 83' lang='lat' dir='ltr'><strong>fontem</strong></span> <span class='ocrx_word' id='word_1_596' title='bbox 1697 5795 1864 5852; x_wconf 87' lang='lat' dir='ltr'><strong>aridis</strong></span> <span class='ocrx_word' id='word_1_597' title='bbox 1910 5795 2044 5852; x_wconf 85' lang='lat' dir='ltr'><strong>locis</strong></span> 
     </span>
    </p>
   </div>
   <div class='ocr_carea' id='block_1_88' title="bbox 2144 5241 3764 5312">
    <p class='ocr_par' dir='ltr' id='par_1_88' title="bbox 2144 5241 3764 5312">
     <span class='ocr_line' id='line_1_88' title="bbox 2144 5241 3764 5312; baseline 0.001 -17"><span class='ocrx_word' id='word_1_598' title='bbox 2144 5241 2344 5312; x_wconf 89' lang='lat' dir='ltr'><strong>jiciens</strong></span> <span class='ocrx_word' id='word_1_599' title='bbox 2391 5255 2533 5312; x_wconf 90' lang='lat' dir='ltr'><strong>quas</strong></span> <span class='ocrx_word' id='word_1_600' title='bbox 2587 5241 2802 5297; x_wconf 88' lang='lat' dir='ltr'><strong>oculata</strong></span> <span class='ocrx_word' id='word_1_601' title='bbox 2858 5242 2963 5296; x_wconf 82' lang='lat' dir='ltr'><strong>fide</strong></span> <span class='ocrx_word' id='word_1_602' title='bbox 3011 5250 3363 5312; x_wconf 84' lang='lat' dir='ltr'><strong>perspexerat</strong></span> <span class='ocrx_word' id='word_1_603' title='bbox 3415 5242 3679 5297; x_wconf 89' lang='lat' dir='ltr'><strong>virtutes.</strong></span> <span class='ocrx_word' id='word_1_604' title='bbox 3736 5263 3764 5296; x_wconf 74' lang='grc' dir='ltr'><strong>ι</strong></span> 
     </span>
    </p>
   </div>
   <div class='ocr_carea' id='block_1_89' title="bbox 2149 5330 3772 5404">
    <p class='ocr_par' dir='ltr' id='par_1_89' title="bbox 2149 5330 3772 5404">
     <span class='ocr_line' id='line_1_89' title="bbox 2149 5330 3772 5404; baseline 0.002 -18"><span class='ocrx_word' id='word_1_605' title='bbox 2149 5331 2306 5389; x_wconf 83' lang='lat' dir='ltr'><strong>Hunc</strong></span> <span class='ocrx_word' id='word_1_606' title='bbox 2328 5332 2592 5389; x_wconf 89' lang='lat' dir='ltr'><strong>Gotselini</strong></span> <span class='ocrx_word' id='word_1_607' title='bbox 2621 5333 2687 5388; x_wconf 91' lang='lat' dir='ltr'><strong>de</strong></span> <span class='ocrx_word' id='word_1_608' title='bbox 2709 5331 3004 5388; x_wconf 86' lang='lat' dir='ltr'><strong>Laurentio</strong></span> <span class='ocrx_word' id='word_1_609' title='bbox 3031 5331 3202 5388; x_wconf 80' lang='lat' dir='ltr'><strong>fetum</strong></span> <span class='ocrx_word' id='word_1_610' title='bbox 3226 5333 3434 5404; x_wconf 90' lang='lat' dir='ltr'><strong>legerat</strong></span> <span class='ocrx_word' id='word_1_611' title='bbox 3461 5330 3772 5401; x_wconf 84' lang='lat' dir='ltr'><strong>Molanus,</strong></span> 
     </span>
    </p>
   </div>
   <div class='ocr_carea' id='block_1_90' title="bbox 2148 5421 3774 5496">
    <p class='ocr_par' dir='ltr' id='par_1_90' title="bbox 2148 5421 3774 5496">
     <span class='ocr_line' id='line_1_90' title="bbox 2148 5421 3774 5496; baseline 0 -17"><span class='ocrx_word' id='word_1_612' title='bbox 2148 5425 2244 5496; x_wconf 89' lang='lat' dir='ltr'><strong>qui</strong></span> <span class='ocrx_word' id='word_1_613' title='bbox 2275 5425 2434 5481; x_wconf 90' lang='lat' dir='ltr'><strong>istius</strong></span> <span class='ocrx_word' id='word_1_614' title='bbox 2469 5423 2613 5480; x_wconf 82' lang='lat' dir='ltr'><strong>fetus</strong></span> <span class='ocrx_word' id='word_1_615' title='bbox 2652 5424 2935 5480; x_wconf 84' lang='lat' dir='ltr'><strong>exordium</strong></span> <span class='ocrx_word' id='word_1_616' title='bbox 2965 5422 3134 5478; x_wconf 86' lang='lat' dir='ltr'><strong>refert</strong></span> <span class='ocrx_word' id='word_1_617' title='bbox 3156 5423 3210 5478; x_wconf 91' lang='lat' dir='ltr'><strong>in</strong></span> <span class='ocrx_word' id='word_1_618' title='bbox 3241 5423 3379 5480; x_wconf 86' lang='lat' dir='ltr'><strong>Add.</strong></span> <span class='ocrx_word' id='word_1_619' title='bbox 3431 5423 3499 5478; x_wconf 90' lang='lat' dir='ltr'><strong>ad</strong></span> <span class='ocrx_word' id='word_1_620' title='bbox 3527 5421 3774 5479; x_wconf 79' lang='lat' dir='ltr'><strong>Usuar—</strong></span> 
     </span>
    </p>
   </div>
   <div class='ocr_carea' id='block_1_91' title="bbox 2147 5517 3774 5587">
    <p class='ocr_par' dir='ltr' id='par_1_91' title="bbox 2147 5517 3774 5587">
     <span class='ocr_line' id='line_1_91' title="bbox 2147 5517 3774 5587; baseline 0 -12"><span class='ocrx_word' id='word_1_621' title='bbox 2147 5519 2279 5575; x_wconf 88' lang='lat' dir='ltr'><strong>dum</strong></span> <span class='ocrx_word' id='word_1_622' title='bbox 2312 5519 2348 5573; x_wconf 77' lang='lat'><strong>2</strong></span> <span class='ocrx_word' id='word_1_623' title='bbox 2376 5518 2534 5574; x_wconf 85' lang='lat' dir='ltr'><strong>Febr.</strong></span> <span class='ocrx_word' id='word_1_624' title='bbox 2578 5517 2820 5572; x_wconf 76' lang='lat' dir='ltr'><strong>Dominis</strong></span> <span class='ocrx_word' id='word_1_625' title='bbox 2863 5517 3190 5571; x_wconf 75' lang='lat' dir='ltr'><strong>charissimia</strong></span> <span class='ocrx_word' id='word_1_626' title='bbox 3231 5525 3283 5571; x_wconf 84' lang='lat' dir='ltr'><strong>et</strong></span> <span class='ocrx_word' id='word_1_627' title='bbox 3326 5525 3583 5587; x_wconf 66' lang='lat' dir='ltr'><strong>paternae,</strong></span> <span class='ocrx_word' id='word_1_628' title='bbox 3627 5518 3774 5575; x_wconf 73' lang='lat' dir='ltr'><strong>el&#39;c.</strong></span> 
     </span>
    </p>
   </div>
   <div class='ocr_carea' id='block_1_92' title="bbox 2147 5608 3771 5681">
    <p class='ocr_par' dir='ltr' id='par_1_92' title="bbox 2147 5608 3771 5681">
     <span class='ocr_line' id='line_1_92' title="bbox 2147 5608 3771 5681; baseline -0.002 -14"><span class='ocrx_word' id='word_1_629' title='bbox 2147 5609 2490 5667; x_wconf 87' lang='lat' dir='ltr'><strong>Gotselinum</strong></span> <span class='ocrx_word' id='word_1_630' title='bbox 2519 5609 2759 5666; x_wconf 83' lang='lat' dir='ltr'><strong>Joannes</strong></span> <span class='ocrx_word' id='word_1_631' title='bbox 2785 5608 3122 5681; x_wconf 86' lang='lat' dir='ltr'><strong>Capgravius</strong></span> <span class='ocrx_word' id='word_1_632' title='bbox 3149 5609 3204 5664; x_wconf 90' lang='lat' dir='ltr'><strong>in</strong></span> <span class='ocrx_word' id='word_1_633' title='bbox 3225 5609 3610 5680; x_wconf 88' lang='lat' dir='ltr'><strong>compendium</strong></span> <span class='ocrx_word' id='word_1_634' title='bbox 3651 5627 3771 5665; x_wconf 85' lang='lat' dir='ltr'><strong>re-</strong></span> 
     </span>
    </p>
   </div>
   <div class='ocr_carea' id='block_1_93' title="bbox 2147 5701 3778 5774">
    <p class='ocr_par' dir='ltr' id='par_1_93' title="bbox 2147 5701 3778 5774">
     <span class='ocr_line' id='line_1_93' title="bbox 2147 5701 3778 5774; baseline 0.002 -17"><span class='ocrx_word' id='word_1_635' title='bbox 2147 5703 2313 5774; x_wconf 87' lang='lat' dir='ltr'><strong>degit.</strong></span> <span class='ocrx_word' id='word_1_636' title='bbox 2351 5701 2635 5757; x_wconf 79' lang='lat' dir='ltr'><strong>Suiliciunt</strong></span> <span class='ocrx_word' id='word_1_637' title='bbox 2671 5718 2792 5772; x_wconf 68' lang='lat' dir='ltr'><strong>qua:</strong></span> <span class='ocrx_word' id='word_1_638' title='bbox 2817 5718 2880 5758; x_wconf 81' lang='lat' dir='ltr'><strong>ex</strong></span> <span class='ocrx_word' id='word_1_639' title='bbox 2913 5702 3031 5772; x_wconf 88' lang='lat' dir='ltr'><strong>ipso</strong></span> <span class='ocrx_word' id='word_1_640' title='bbox 3057 5701 3337 5758; x_wconf 86' lang='lat' dir='ltr'><strong>Gotselino</strong></span> <span class='ocrx_word' id='word_1_641' title='bbox 3367 5702 3621 5774; x_wconf 85' lang='lat' dir='ltr'><strong>superius</strong></span> <span class='ocrx_word' id='word_1_642' title='bbox 3655 5703 3778 5761; x_wconf 73' lang='lat' dir='ltr'><strong>de-</strong></span> 
     </span>
    </p>
   </div>
   <div class='ocr_carea' id='block_1_94' title="bbox 2150 5794 2460 5850">
    <p class='ocr_par' dir='ltr' id='par_1_94' title="bbox 2150 5794 2460 5850">
     <span class='ocr_line' id='line_1_94' title="bbox 2150 5794 2460 5850; baseline -0.006 -2"><span class='ocrx_word' id='word_1_643' title='bbox 2150 5794 2460 5850; x_wconf 73' lang='lat' dir='ltr'><strong>l‘ibavimus.</strong></span> 
     </span>
    </p>
   </div>
  </div>
