3990 6298
513 376 617 434 M9

1783 378 1937 433 LUPI
1970 378 2424 439 PROTOSPATA
2433 385 2521 440 illi

3678 384 3784 447 120

509 492 605 545 bus
631 498 684 544 et
720 491 953 547 immicis
981 488 1203 561 Christi,
1233 494 1340 565 ipse
1364 509 1483 547 cum
1510 492 1719 547 Christo
1743 492 2097 559 coronandus,
2133 496 2432 566 A'paganis
2453 496 2747 553 antistitem
2770 512 2884 553 sua:
2903 507 3090 568 posset
3117 498 3372 555 Ecclesiae
3391 499 3639 556 reddere.
3676 494 3781 556 Ve-

507 581 706 653 pertuli
733 584 761 636 Ρ

580 671 632 726 7.
678 672 919 730 Ostensis
941 676 1112 748 plagis
1138 693 1307 747 regem
1334 677 1406 729 ad
1428 675 1587 744 ﬁdem
1613 673 1835 727 reducit.
1864 702 1933 713 —-
1958 693 1977 726 ι
2005 673 2102 732 His

508 762 657 817 beati
686 763 832 820 Petri
861 766 1088 838 ﬂagellis
1116 766 1356 822 simulet
1377 764 1851 822 exhortationibus
1884 766 2099 821 anima-

510 863 601 909 tus
629 854 871 912 famulus
890 856 1093 914 Christi
1117 855 1465 922 Laurentius,
1490 870 1619 911 mox
1648 870 1810 912 mane
1833 857 1979 915 facto
2003 874 2100 914 ve-

510 947 594 1002 nit
625 948 693 1004 ad
722 964 906 1020 regem
933 950 1157 1021 (scilicet
1181 947 1559 1017 Eadhaldum),
1602 957 1658 1004 et
1695 957 1902 1006 retecto
1933 952 2103 1007 vesti-

509 1047 718 1105 mento,
745 1042 970 1110 quantis
994 1047 1139 1096 esset
1163 1039 1482 1095 verberibus
1520 1040 1812 1106 laceratus,
1845 1043 1894 1097 ei
1922 1053 2102 1099 osten-

511 1130 610 1186 dit.
653 1130 760 1198 Qui
788 1133 1022 1188 multum
1052 1132 1301 1198 miratus,
1354 1139 1411 1186 et
1448 1132 1733 1203 inquirens
1771 1134 1898 1205 quis
1947 1144 2101 1191 tanto

508 1223 635 1279 viro
676 1225 813 1281 tales
842 1240 1009 1281 ausus
1050 1232 1192 1278 esset
1229 1223 1417 1295 plagas
1464 1224 1729 1298 inﬂigere,
1773 1236 1832 1283 ut
1871 1228 2099 1295 audivit,

508 1312 640 1381 quia
672 1329 836 1369 causa
862 1328 976 1369 suae
997 1312 1195 1369 salutis
1223 1315 1513 1386 episcopus
1547 1317 1618 1373 ab
1656 1318 1906 1389 apostolo
1938 1318 2102 1374 Chri-

510 1404 580 1460 sti
620 1414 770 1461 tanta
809 1413 958 1460 esset
986 1415 1260 1464 tormenta
1300 1408 1597 1482 plagasque
1624 1425 1937 1482 perpessus,
1969 1413 2103 1468 exti-

511 1497 652 1551 muit
676 1497 932 1567 multum,
976 1506 1141 1570 atque
1183 1502 1646 1559 anathematizato
1674 1504 1824 1559 omni
1876 1504 2102 1561 idolola-

508 1586 630 1641 triae
660 1586 832 1656 cultu,
860 1588 1113 1645 abdicato
1141 1592 1418 1647 connubio
1436 1607 1549 1647 non
1576 1594 1836 1665 legitimo,
1862 1595 2102 1666 suscepit

510 1675 675 1733 fidem
711 1678 942 1749 Christi,
978 1690 1033 1737 et
1065 1682 1373 1753 baptizatus
1415 1683 1673 1741 Ecclesiae
1724 1686 1888 1743 rebus
1927 1703 2102 1759 quan-

508 1780 629 1825 tum
686 1772 858 1829 valuit
904 1773 963 1829 in
1008 1775 1267 1832 omnibus
1324 1777 1613 1834 consulere
1658 1794 1724 1835 ac
1769 1777 1952 1835 favere
2003 1796 2101 1836 cu-

508 1862 673 1918 ravit.
707 1883 725 1916 ι

586 1957 641 2010 8.
697 1955 964 2011 Mellitum
994 1968 1045 2013 et
1070 1957 1287 2015 Iustum
1325 1976 1353 2015 ε
1389 1959 1570 2016 Gallia
1599 1972 1824 2016 revocat.
1847 1992 1919 2001 —-
1948 1982 1967 2015 ί
2000 1963 2100 2018 Μὶ-

512 2047 586 2103 sit
624 2049 790 2105 etiam
839 2051 893 2106 in
930 2051 1185 2123 Galliam,
1224 2063 1278 2109 et
1321 2055 1595 2111 revocavit
1633 2054 1894 2111 Mellitum
1924 2067 1976 2113 et
2002 2056 2098 2113 Ju-

513 2154 682 2214 stum,
711 2164 915 2220 eosque
958 2150 1028 2205 ad
1070 2166 1201 2208 suas
1230 2151 1505 2209 Ecclesias
1532 2153 1700 2209 libere
1733 2154 2099 2211 instituendas

509 2239 693 2295 redire
725 2242 999 2313 praecepit.
1036 2242 1142 2310 Qui
1187 2256 1311 2314 post
1349 2260 1555 2301 annum
1589 2261 1658 2301 ex
1696 2261 1807 2316 quo
1852 2246 2100 2303 abierant

510 2332 719 2388 reversi
763 2341 909 2389 sunt.
952 2333 1017 2389 Et
1038 2334 1229 2392 Justus
1269 2337 1487 2408 quidem
1538 2337 1606 2393 ad
1653 2338 1927 2394 civitatem
1962 2338 2100 2395 Roﬂi

510 2420 836 2496 (Rochester)
861 2424 950 2481 cui
966 2425 1257 2496 praefuerat
1276 2428 1434 2485 rediit
1458 2447 1475 2484 :
1504 2427 1767 2485 Mellitum
1791 2446 1923 2486 vero
1950 2429 2100 2486 Lon—

508 2513 805 2571 donienses
841 2516 1158 2591 episcOpum
1188 2519 1429 2592 recipere
1457 2521 1770 2589 noluerunt,
1800 2520 2102 2578 idololatria

510 2606 863 2675 pontiﬁcibus
915 2609 1091 2681 magis
1146 2611 1353 2667 servire
1407 2613 1725 2685 gaudentes.
1782 2611 1904 2669 Non
1954 2613 2102 2669 enim

509 2705 665 2754 tanta
689 2708 809 2755 erat
830 2700 881 2755 ei
913 2699 1255 2774 (Eadbaldo),
1288 2713 1493 2775 quanta
1536 2705 1679 2776 patri
1722 2705 1916 2777 ipsius,
1949 2705 2104 2777 regni

510 2796 777 2859 potestas,
828 2800 889 2847 ut
933 2792 1097 2849 etiam
1137 2794 1447 2852 nolentibus
1492 2811 1559 2851 ac
1606 2796 2108 2853 contradicentibus

2202 596 2513 643 rumtamen
2533 588 2650 658 ipse
2678 603 2804 644 cum
2836 604 2933 645 sua
2959 599 3118 662 gente
3144 607 3211 646 ex
3239 606 3350 662 quo
3386 591 3454 647 ad
3490 590 3783 647 Dominum

2202 693 2503 736 conversus
2530 690 2633 749 est,
2661 682 2866 739 divinis
2890 698 2951 738 se
2975 684 3182 739 studuit
3223 685 3538 755 mancipem
3580 699 3767 754 praeco

2200 773 2327 841 ptis.
2368 773 2616 845 Denique
2644 784 2701 832 et
2723 777 2779 832 in
2806 777 3140 834 monasterio
3167 778 3470 835 beatissimi
3511 779 3788 849 apostolo-

2199 878 2325 919 rum
2353 865 2636 937 principis,
2665 868 2953 924 ecclesiam
2994 877 3196 925 sanctae
3237 868 3334 927 Dei
3382 869 3680 943 Genitricis
3704 869 3788 927 fe-

2198 955 2296 1024 cit,
2334 972 2500 1027 quam
2530 960 2874 1016 consecravit
2900 962 3346 1034 archiepiscopus
3367 960 3625 1018 Mellitus.
3656 981 3679 1016 ι

2272 1050 2326 1107 9.
2365 1049 2512 1107 Idem
2553 1060 2746 1109 auctor
2780 1054 2945 1124 paulo
2984 1062 3110 1125 post
3154 1053 3213 1110 Β.
3262 1054 3541 1112 Laurentii
3575 1054 3789 1111 obitum

2198 1142 2517 1215 perstringit
2567 1144 2656 1201 his
2692 1146 2919 1202 verbis:
2955 1164 2974 1199 ι
3001 1145 3118 1203 Hoc
3160 1147 3309 1203 enim
3348 1158 3613 1221 regnante
3662 1163 3791 1220 rege

2200 1235 2394 1292 beatus
2434 1236 2880 1310 archiepiscopus
2921 1238 3249 1297 Laurentius
3288 1255 3518 1313 regnum
3564 1240 3793 1298 calcate

2201 1328 2540 1397 conscendit,
2570 1337 2734 1401 atque
2755 1330 2812 1385 in
2840 1331 3071 1387 ecclesia
3097 1340 3155 1388 et
3193 1333 3529 1389 monasterio
3556 1332 3616 1389 S.
3651 1348 3790 1406 apo-

2200 1420 2327 1476 stoli
2347 1418 2515 1489 Petri,
2538 1421 2696 1492 juxta
2715 1422 3173 1493 praedecessorum
3213 1439 3375 1480 suum
3418 1424 3790 1498 Augustinum

2201 1513 2449 1584 sepultus
2476 1523 2584 1581 est,
2612 1514 2703 1570 die
2729 1522 2928 1586 quarto
2963 1512 3244 1572 Nonarum
3278 1515 3728 1585 Februariarum,
3765 1535 3787 1571 ι

2200 1619 2397 1676 nempe
2418 1621 2565 1662 anno
2599 1605 2725 1671 619,
2748 1606 2829 1662 uti
2852 1607 3127 1679 colligitur
3150 1623 3218 1664 ex
3239 1607 3384 1665 Beda
3414 1609 3470 1665 in
3495 1610 3605 1666 tlne
3622 1610 3795 1681 hujus

2201 1699 2417 1769 capitis,
2447 1700 2579 1755 dum
2605 1699 2870 1757 Mellitum
2906 1699 3188 1757 Laurentii
3240 1717 3619 1759 successorem
3666 1711 3796 1774 post

2203 1790 2485 1861 regiminis
2512 1806 2688 1848 annos
2719 1792 2963 1863 quinque
2988 1793 3221 1850 atllrmat
3251 1794 3453 1851 abiisse
3491 1810 3641 1850 anno
3660 1795 3792 1851 624.

2134 1870 2175 1925 Β
2204 1880 2533 1939 Laurentius
2577 1898 2747 1954 prope
2778 1883 2836 1939 S.
2871 1884 3238 1957 Augustinum
3283 1887 3340 1941 in
3385 1886 3704 1942 suburbana
3729 1885 3793 1943 S.

2204 1970 2347 2027 Petri
2378 1973 2603 2030 basilica
2650 1976 2917 2046 sepultus,
2961 1978 3067 2032 tale
3116 1977 3318 2033 meruit
3345 1977 3704 2049 epitaphium,
3746 1977 3799 2034 si

2205 2062 2586 2135 Harphsfeldio
2619 2067 2894 2124 credimus
2927 2087 2941 2123 :

2278 2157 2383 2212 Hic
2411 2174 2589 2227 sacra,
2620 2158 2898 2228 Laurenti,
2934 2169 3057 2215 sunt
3085 2162 3241 2232 signa
3274 2162 3355 2216 tui
3374 2162 3722 2217 monumenti.

2280 2246 2362 2303 Tu
2397 2264 2600 2320 quoque
2622 2249 2891 2319 jocnndus
2915 2250 3084 2306 Pater
3113 2252 3435 2323 antistcsque
3461 2251 3725 2306 secundus

2276 2340 2388 2396 Pro
2408 2340 2601 2412 populo
2631 2340 2832 2397 Christi
2865 2342 3113 2412 scapulas
3138 2343 3456 2415 dorsumque
3475 2343 3694 2410 dedisti,

2274 2432 2511 2487 Artubus
2534 2432 2628 2487 hui
2646 2432 2666 2485 !
2687 2431 2878 2487 laceris
2898 2432 3067 2487 multa
3089 2434 3254 2488 vibice
3273 2433 3520 2489 mederis.

2206 2522 2413 2580 Verum
2456 2524 2515 2578 hi
2566 2538 2759 2579 versus
2807 2523 3036 2580 Leonini
3080 2525 3442 2595 posteriorem
3477 2525 3639 2596 longe
3665 2531 3786 2579 teta-

2204 2625 2313 2672 ιθιιι
2344 2614 2586 2686 sapiunt,
2619 2626 2673 2671 et
2697 2614 2932 2672 fortasse
2958 2617 3027 2672 ad
3054 2617 3240 2674 saeculi
3265 2632 3322 2672 ιι
3356 2617 3542 2685 tinem,
3571 2617 3803 2689 quando

2205 2722 2423 2762 sacrum
2464 2709 2585 2776 ejus
2626 2722 2828 2779 corpus
2856 2723 2967 2764 una
3000 2723 3126 2765 cum
3158 2709 3282 2766 aliis
3305 2709 3545 2766 levatum
3578 2717 3683 2776 est,
3712 2722 3792 2765 re~

2206 2796 2415 2853 ferendi
2455 2807 2601 2853 sunt.

518 2967 3786 3020 Μ

1904 3151 2040 3193 ΔΝΜ)
2076 3152 2263 3196 DOIINI
2301 3156 2390 3197 ικι.

776 3349 1493 3532 LUPUS
1578 3345 3540 3620 PBOTOSPATABIUS

1415 3836 2007 3954 NOTlTlA
2062 3835 2835 3954 HISTORICA

901 4079 1235 4151 (Mannum,
1270 4077 1463 4133 Rerum
1487 4076 1621 4133 Ital.
1647 4077 1872 4148 Script.,
1897 4086 1937 4135 t.
1972 4076 2038 4146 V,
2068 4093 2122 4150 p.
2158 4077 2248 4147 56,
2280 4077 2518 4137 Prooem.
2550 4079 2618 4137 ad
2648 4080 2865 4154 Lupum
2892 4081 3414 4157 Protospatarium.)

2036 4262 2368 4280 —*

595 4457 695 4513 Hic
716 4464 929 4526 auctor,
958 4469 1159 4526 genere
1183 4454 1413 4526 Apulus,
1457 4454 1513 4526 in
1549 4453 1717 4526 cujus
1742 4451 1982 4526 regionis
2011 4468 2103 4510 re-
2129 4459 2175 4522 (ζ
2206 4471 2292 4510 cos
2330 4471 2557 4526 rmpense
2603 4471 2659 4509 se
2697 4454 2936 4526 ostendit
2955 4471 3153 4509 amare.
3194 4453 3326 4509 Mihi
3371 4463 3551 4526 autem
3580 4453 3807 4525 Apulus

522 4531 628 4585 bus
653 4537 737 4584 est
773 4525 885 4582 fere
908 4523 1079 4597 totus,
1111 4523 1432 4597 Materensis
1457 4524 1593 4579 civis
1629 4523 1909 4597 nonnullis
1942 4540 2105 4597 repu-
2212 4535 2325 4590 est;
2349 4523 2514 4597 quam
2551 4526 2887 4597 gentemgdiu
2908 4525 3111 4597 Graecis
3133 4526 3392 4597 variaque
3412 4523 3644 4580 fortuna“
3658 4527 3803 4597 olim

516 4607 669 4656 tatus
720 4605 824 4664 est,
869 4612 934 4651 ex
978 4596 1070 4651 illa
1111 4595 1328 4651 dicendi
1382 4594 1558 4650 forma
1602 4594 1710 4665 rsibi
1768 4594 2031 4665 usurpata
2055 4596 2109 4650 in

519 4669 799 4737 Chronico
826 4666 895 4722 ad
929 4665 1231 4737 ηυξ-1095
1258 4666 1556 4735 persuasis,
1593 4664 1836 4737 Urbanus
1858 4664 1997 4737 papa
2026 4683 2111 4720 ve-

521 4740 603 4794 nit
628 4741 686 4794 in
725 4733 1238 4807 Materam.rNescio
1257 4733 1359 4791 cur
1400 4736 1506 4791 hoc
1545 4736 1737 4807 eodem
1785 4733 2108 4807 argumento

518 4825 634 4866 non
680 4809 833 4864 illum
868 4806 1561 4877 fecerintrAntiochenum,
1598 4805 1693 4877 qui
1729 4807 1797 4861 ad
1831 4805 1922 4861 an.
1970 4807 2109 4862 1098

519 4882 693 4960 dicat:
719 4877 1013 4960 Qhristiani
1033 4876 1280 4960 actitando
1300 4885 1546 4960 venerunt
1567 4876 1726 4960 usque
1745 4877 2106 4960 Antiochiam.

520 4951 594 5007 At
633 4949 984 5006 Latinissime
1015 4948 1244 5014 dictum,
1291 4948 1463 5002 venire
1498 4963 1597 5016 pro
1639 4948 1717 5001 ire
1757 4948 1948 5003 tritum
1990 4956 2103 5016 est;

522 5021 658 5077 illud
688 5021 892 5103 minus,
926 5021 1071 5103 quod
1089 5018 1414 5103 observavit
1438 5016 1747 5103 salmasius
1773 5018 1841 5072 ad
1880 5017 2107 5103 Hadria-

523 5108 659 5147 num
689 5088 985 5161 Spartiani,
1010 5089 1179 5144 redire
1199 5104 1305 5161 pro
1332 5090 1433 5157 ire,
1444 5088 1601 5161 _sicut
1621 5089 1835 5161 reddere
1862 5104 1965 5161 pro
1994 5098 2106 5161 tra-

522 5164 664 5218 dere.
693 5158 851 5230 A'pud
897 5158 1218 5230 praesentes
1240 5160 1405 5216 etiam
1443 5159 1608 5215 Italos
1646 5158 1831 5229 priora
1876 5159 1966 5214 illa
1993 5160 2103 5215 duo

521 5229 788 5288 vocabula
811 5229 952 5301 εωρε
972 5229 1233 5301 confundi
1257 5232 1342 5287 vel
1362 5230 1518 5301 pueri
1540 5239 1763 5301 norunt.
1790 5229 1897 5284 Alii
1920 5240 2102 5286 autem

524 5301 741 5372 Lupum
770 5299 1117 5356 crediderunt
1146 5299 1643 5372 Barensem,’quod
1670 5299 1762 5372 ille
1790 5301 2107 5372 simpliciter

524 5390 588 5426 ac
612 5370 1227 5443 quasiantonomasticos
1253 5372 1323 5426 ad
1346 5389 1439 5438 an.
1470 5370 1575 5426 886
1598 5379 1654 5443 et
1680 5370 1787 5443 890
1820 5370 1976 5443 Βατξὶ
2002 5371 2102 5440 dy-

524 5440 735 5497 nastam
758 5443 1048 5513 principem
1068 5452 1238 5498 uocat.
1261 5442 1345 5498 Ab
1367 5443 1453 5500 his
1477 5440 1705 5513 minime
1724 5440 2099 5513 dissentirem;

525 5513 591 5594 in.
612 5510 782 5570 rebus
803 5510 950 5594 enim
974 5511 1307 5594 Barensibus
1336 5514 1540 5594 multus
1567 5520 1658 5594 est
1681 5510 1890 5594 Lupus,
1923 5512 1968 5594 si
2000 5510 2103 5594 lla-

2212 4595 2484 4652 subditam
2510 4595 2954 4667 etcommistam,
2990 4596 3246 4667 pleraque
3282 4596 3497 4650 illorum
3526 4595 3807 4651 vocabula

2211 4667 2528 4736 quotidiano
2554 4666 2719 4721 etiam
2748 4667 2814 4737 in
2853 4681 3106 4722 sermone
3147 4666 3462 4737 usurpasse,
3487 4682 3552 4721 ac
3586 4675 3647 4720 ut
3676 4667 3804 4721 fieri

2209 4752 2306 4808 per
2341 4737 2631 4793 factionem
2682 4736 2840 4802 solet,
2894 4737 3183 4807 plerosque
3223 4736 3426 4808 Apulos
3464 4738 3629 4792 etiam
3671 4744 3809 4807 post

2209 4807 2407 4863 Saecula
2437 4808 2750 4863 Graecorum
2781 4821 3027 4862 amorem
3069 4807 3251 4862 animo
3272 4807 3544 4874 servasse,
3574 4822 3689 4861 non
3715 4815 3810 4863 est

2208 4877 2569 4935 diliitendum.
2596 4877 2799 4948 Verum
2832 4876 3070 4933 fueritne
3106 4894 3359 4944 rnunere,
3399 4894 3469 4932 an
3505 4887 3666 4948 gente
3710 4876 3804 4948 die

2208 4957 2330 5005 ctus
2363 4949 2723 5019 Protospata;
2760 4947 3037 5019 fueritque
3082 4963 3149 5002 ex
3187 4948 3359 5003 Graeci
3402 4947 3806 5019 protospalarii

2207 5020 2454 5075 muneris
2476 5017 2698 5074 nomine
2719 5019 2919 5090 gentile
2939 5017 3233 5090 deductum
3257 5035 3373 5074 sum
3396 5017 3545 5090 genti
3568 5033 3807 5090 nomen,

2207 5091 2472 5160 comperti
2498 5090 2576 5145 nil
2598 5088 2791 5145 habeo.
2823 5088 2959 5144 Illud
2990 5089 3137 5160 novi,
3177 5090 3233 5142 in
3258 5088 3629 5160 antiquissimi
3662 5102 3809 5157 ope-

2207 5162 2291 5232 ris,
2327 5157 2539 5232 lapidea
2579 5160 2836 5232 columna
2888 5159 3033 5232 apud
3076 5157 3473 5232 Brundusium,
3526 5157 3809 5213 referente

2209 5229 2466 5302 Scipione
2507 5229 2832 5302 Ammirato,
2855 5229 2958 5302 ubi
2980 5229 3046 5284 de
3067 5229 3356 5302 logotheta
3381 5237 3433 5302 et
3469 5234 3809 5302 protonota-

2206 5298 2321 5368 rio,
2347 5300 2679 5370 insculptum
2707 5299 2900 5355 litteris
2916 5298 3198 5370 sequioris
3223 5301 3321 5355 aavi
3344 5298 3533 5354 haberi
3560 5299 3669 5370 hoc
3691 5298 3812 5370 epi-

2206 5387 2455 5444 gramma
2483 5368 2861 5444 εξΡι-ριοδραιρ
2903 5368 3106 5439 Lupus,
3137 5370 3193 5423 ni
3230 5370 3449 5444 inverso
3489 5368 3809 5444 ordine_le-

2204 5439 2575 5523 gendumsit:
2603 5440 2782 5523 Lupus
2813 5439 3157 5521 Protospata,
3190 5448 3376 5523 utpote
3403 5439 3813 5523 iri-orbiculata

2205 5510 2492 5583 superficie
2519 5510 2876 5583 descriptum,
2904 5511 2959 5564 in
2984 5526 3088 5583 qua
3114 5525 3221 5583 non
3248 5510 3405 5583 facile
3433 5510 3639 5564 dixeris
3665 5510 3814 5579 quid

525 5583 617 5650 rii,
659 5598 771 5668 n‘on
806 5582 1093 5668 Beneventi
1125 5584 1378 5668 princeps
1408 5583 1603 5668 fuisset
1629 5581 1734 5668 Aio
1767 5577 1857 5637 ille
1890 5582 2101 5668 utrobi-
2201 5577 3038 5668 primumquid'secundum."Si
3075 5580 3121 5634 is
3142 5578 3245 5634 fuit
3271 5581 3370 5661 .hic
3407 5590 3616 5668 uoster,
3649 5577 3812 5661 ecrtc

525 5669 640 5738 que
673 5653 999 5738 descriptus.
1049 5653 1166 5709 Erit
1202 5654 1373 5738 igitur
1384 5654 1618 5738 ,Jdiccs,
1645 5653 2094 5738 .BeHeventanus.

2201 5649 2284 5708 vel
2315 5649 2511 5722 patria,
2524 5652 2609 5707 vel
2625 5652 2887 5722 incolatu,
2911 5650 3084 5705 aliave
3104 5651 3395 5722 occasione
3407 5649 3817 5722 Brundusiuus

527 5721 674 5795 Erit,
730 5721 930 5795 quibus
954 5794 959 5795 ί
983 5740 1047 5780 ea
1092 5721 1494 5795 argumentatio
1540 5724 1834 5793 probatur;
1883 5724 2097 5795 eritque
2198 5721 2506 5795 censemus
2550 5721 2827 5795 estLHmc
2855 5722 2921 5778 de
2963 5721 3202 5779 auctoris
3247 5736 3477 5793 genere;
3527 5721 3598 5778 de
3637 5729 3817 5777 aetate

526 5794 691 5850 etiam
713 5792 909 5867 genere
935 5792 1181 5864 (iuncus;
1204 5795 1329 5854 auia
1361 5809 1497 5864 saepe
1523 5792 1813 5865 armcissat,
1840 5811 1902 5850 ac
1947 5792 2096 5849 Grc:-

2197 5794 2409 5865 vidcoad
2437 5810 2529 5850 an.
2567 5792 2725 5859 1088.
