3972 6296
161 389 258 447 125

573 494 900 551 ANNALES
935 495 1018 550 BA
1027 493 1317 552 RENSES.

169 592 294 649 Iele
311 588 380 646 ad
410 589 595 660 ipsum
620 587 668 621 ³⁸
704 587 924 644 Curcua
947 602 1138 644 mense
1166 587 1329 654 Maio,
1353 587 1389 644 9
1417 587 1505 643 die
1537 587 1748 642 intran-

172 692 236 740 te.
293 681 358 737 Et
407 680 658 737 fecerunt
699 679 904 735 bellum
947 679 1004 734 in
1045 677 1231 733 Betete
1261 677 1398 748 (21),
1451 677 1544 732 ubi
1588 675 1748 731 multi

177 776 422 832 Balenses
481 773 819 829 ceciderunt.
881 769 949 826 Et
992 769 1188 826 lsmael
1249 769 1384 826 fecit
1437 769 1642 825 bellum
1690 767 1746 822 in

181 870 340 926 Monte
373 867 577 923 Peluso
606 881 734 922 cum
767 865 902 937 ipsis
925 863 1153 931 Graecis,
1183 871 1239 920 et
1269 862 1469 920 cecidit
1511 862 1623 917 illic
1645 859 1752 916 Pa-

181 977 336 1019 818110.

243 1051 389 1108 1015.
424 1049 543 1106 [loc
563 1064 711 1105 anno
733 1049 959 1105 obsessa
987 1055 1074 1105 est
1101 1047 1229 1103 Bari
1271 1063 1304 1102 a
1345 1055 1613 1117 catepano
1634 1044 1750 1116 (22)

99 1165 106 1170 ·
184 1143 363 1200 Basilio
391 1153 762 1214 cognomento
787 1141 1066 1208 Sardonti,
1095 1139 1387 1196 undecimo
1421 1138 1509 1194 die
1538 1144 1753 1194 astante

184 1255 350 1295 mense
387 1238 613 1309 Aprilis,
643 1246 700 1293 et
731 1235 1019 1306 completis
1057 1234 1251 1290 diebus
1273 1233 1557 1304 sexaginta
1579 1245 1752 1286 unum

180 1331 295 1388 fecit
335 1345 532 1402 pacem
585 1343 714 1386 cum
752 1328 910 1400 ipsis,
940 1336 998 1383 et
1028 1327 1150 1398 ipse
1197 1325 1423 1382 intravit
1465 1321 1752 1381 castellum

177 1421 306 1488 Bari,
330 1421 426 1476 ubi
451 1419 612 1477 sedes
636 1427 722 1475 est
747 1435 898 1474 nunc
921 1417 1238 1474 Grecorum
1265 1423 1586 1487 magnatum
1613 1411 1749 1485 (25).

236 1511 387 1567 1021.
417 1508 521 1566 llic
564 1508 694 1565 fecit
722 1509 978 1580 praelium
1017 1507 1253 1564 Basilius
1288 1505 1535 1564 Vulcano
1555 1505 1602 1538 ⁸⁸
1626 1520 1754 1564 cum

170 1603 413 1670 Francis,
443 1611 504 1657 et
533 1600 669 1657 vicit
697 1601 820 1656 illos
851 1600 910 1655 in
937 1599 1158 1656 civitate
1183 1597 1380 1655 Cauni.

231 1693 391 1748 1027.
425 1690 546 1748 Hoc
575 1705 724 1747 anno
765 1689 1050 1746 descendit
1077 1687 1202 1760 lspo
1243 1686 1497 1744 chitoniti
1533 1686 1652 1759 (24)
1697 1685 1756 1741 in

169 1784 367 1840 Italiam
423 1799 553 1840 cum
603 1782 847 1839 exercitu
891 1796 1114 1854 magno,
1169 1779 1224 1836 id
1274 1787 1362 1836 est
1414 1778 1754 1846 Bassorum,

1767 497 1822 560 Δ

2181 493 2416 553 Lm
2443 493 3097 555 νωθῆ-ΑΜ.

1848 585 2100 654 labriam,
2149 595 2204 642 et
2245 585 2345 643 ivit
2367 587 2681 646 Cosentiam
2708 568 3005 660 civitatem,
3042 599 3096 646 et
3138 605 3432 663 percussus

1847 687 1932 735 est
1961 679 2072 736 ictu
2110 678 2365 752 fulguris.

1921 772 2048 827 912.
2083 770 2442 843 Complentur
2476 773 2547 831 al)
2595 772 2747 828 obitu
2777 773 2953 830 sancti
2996 771 3213 830 Martini
3259 774 3364 832 500
3387 775 3433 808 “

1849 865 1979 920 anni
2005 865 2072 920 ⁸⁸.
2989 879 2992 882 ’
3254 888 3258 890 ~

1921 957 2047 1012 915.
2084 955 2395 1014 Coronatus
2420 965 2504 1014 est
2527 955 2924 1015 Constantinus
2950 958 3268 1030 imperator,
3289 957 3438 1016 illius

1850 1047 2062 1120 praelati
2089 1046 2310 1116 Leonis,
2335 1047 2431 1120 qui
2456 1049 2704 1121 regnavit
2727 1064 2856 1105 ann.
2885 1049 2974 1104 47.

1923 1141 2049 1198 916.
2095 1141 2363 1196 Exierunt
2414 1142 2652 1213 Agareni
2697 1157 2729 1196 a
2770 1141 3064 1198 Garaliano
3108 1141 3175 1209 ⁸⁸,
3205 1149 3261 1198 et
3309 1148 3441 1198 sunt

1853 1235 1985 1292 anni
2015 1233 2122 1290 550
2148 1250 2261 1306 quo
2283 1234 2624 1291 intraverunt
2648 1233 2995 1307 Langobardi
3019 1236 3074 1290 in
3099 1233 3308 1291 italiam
3335 1235 3440 1291 sub

1855 1327 2050 1382 Aiboin
2081 1342 2210 1399 rege
2234 1341 2456 1382 eorum.

1927 1419 2034 1478 9l9
2055 1419 2123 1474 ⁸⁸.
2157 1417 2458 1490 Explentur
2479 1418 2756 1490 octoginta
2775 1418 2823 1453 ⁸⁸
2865 1418 3017 1486 anni,
3047 1433 3116 1474 ex
3155 1433 3266 1490 quo
3304 1419 3444 1490 Aga-

1855 1514 1974 1571 reni
2003 1513 2332 1568 introierunt
2363 1513 2419 1567 in
2451 1511 2662 1567 italiam
2685 1511 2751 1567 ⁸⁷.

1928 1604 2056 1661 920.
2089 1603 2426 1659 Introierunt
2467 1601 2735 1675 Hungari,
2768 1601 2822 1657 id
2843 1611 2927 1658 est
2951 1600 3218 1670 Hunni“,
3245 1602 3300 1658 in
3329 1600 3441 1657 ita-

1856 1697 1988 1752 liam
2026 1711 2215 1752 mense
2237 1695 2544 1751 Februarii.

1889 1779 1893 1784 ’
1928 1788 2052 1844 921.
2093 1787 2304 1842 lnteriit
2328 1785 2792 1856 Ursileo'stratigo
2818 1785 2875 1840 in
2916 1785 3109 1857 proelio
3136 1785 3203 1842 de
3240 1781 3446 1842 Asculo

168 1877 598 1943 Gundalorum,
617 1875 946 1942 Turcorum,
971 1851 1368 1946 liurgarorum,
1393 1870 1750 1938 Vlachorum,

1900 1895 2042 1936 tense
2090 1879 2317 1951 Aprilis,
2382 1887 2438 1934 et
2481 1851 2841 1950 apprehendit
2881 1851 3151 1935 l‘ladulfus
3194 1877 3239 1910 ⁸⁹
3289 1875 3443 1948 Apu-

167 1969 523 2026 Iacedonum
551 1968 919 2039 aliorumque,
950 1975 1014 2023 ut
1039 1974 1263 2037 caperet
1303 1963 1550 2021 Siciliam
1573 1965 1644 2019 ".
1688 1962 1758 2019 Et

169 2060 391 2134 Regium
413 2068 734 2118 restaurata
759 2068 846 2116 est
871 2075 904 2115 a
925 2057 1175 2115 Vulcano
1195 2066 1482 2129 catepano.
1509 2055 1616 2113 Sed
1637 2070 1758 2126 pec-

171 2157 300 2214 eatis
319 2153 811 2228 prapedientibus,
837 2161 1088 2210 mortuus
1111 2152 1168 2208 iu
1193 2151 1436 2208 secundo
1469 2164 1616 2206 anno
1639 2148 1756 2221 (25)

175 2247 399 2305 Basilius
475 2250 807 2322 imperator;
865 2246 963 2320 qui
1023 2260 1219 2304 omnes
1285 2243 1492 2301 frustra
1551 2242 1757 2304 reversi

185 2348 306 2397 sunt
319 2341 386 2395 ⁸³.

257 2430 407 2488 1055.
461 2428 562 2487 llic
582 2430 644 2486 in
683 2429 978 2501 epiphania
1023 2427 1240 2486 Domini
1292 2427 1430 2484 obiit
1478 2426 1759 2483 Bisantius

183 2520 484 2591 episcopus,
513 2521 606 2592 qui
656 2518 764 2576 fuit
801 2518 1086 2590 piissimus
1118 2526 1274 2589 pater
1317 2517 1660 2584 orfanorum,
1705 2526 1761 2572 et

180 2611 426 2669 fundator
445 2622 654 2670 sancta:
681 2611 929 2668 ecclesia:
964 2609 1246 2678 Barensis,
1277 2619 1334 2666 et
1359 2618 1571 2666 cunctae
1604 2609 1759 2666 urbis

179 2713 352 2762 custos
396 2720 465 2760 ac
508 2703 791 2772 defensor,
833 2713 998 2774 atque
1035 2703 1297 2760 terribilis
1342 2711 1399 2758 et
1441 2701 1561 2758 sine
1608 2709 1759 2757 metu

179 2805 355 2852 contra
378 2810 580 2853 omnes
609 2794 850 2852 Graecos.
881 2793 949 2850 Et
973 2794 1180 2851 electus
1203 2803 1286 2850 est
1311 2793 1370 2848 in
1395 2792 1516 2865 ipso
1544 2793 1761 2864 episco-

181 2897 300 2960 patu
321 2889 390 2946 ab
411 2887 572 2944 omni
603 2888 810 2960 populo
852 2886 1114 2944 Romualt
1162 2885 1660 2959 prothospatarius.
1695 2883 1763 2940 Et

183 2982 234 3036 in
277 2996 465 3037 mense
497 2980 705 3052 Aprilis
743 2981 955 3038 vocavit
987 2995 1116 3036 eum
1160 2979 1230 3036 ad
1274 2994 1335 3036 se
1363 2979 1660 3050 imperator
1703 2977 1763 3034 in

183 3073 391 3129 exilium
416 3092 434 3142 ;
461 3081 523 3130 et
539 3073 737 3146 quinto
760 3071 889 3130 ldus
911 3071 1152 3130 intrante
1173 3071 1426 3146 Augusto
1443 3072 1654 3128 electus
1677 3078 1764 3128 est

186 3163 444 3223 Nieoiaus.

248 3258 399 3314 1040.
441 3257 546 3316 Hic
577 3274 726 3316 nono
747 3259 838 3316 die
863 3258 1107 3316 intrante
1133 3257 1383 3315 Januarii
1415 3257 1551 3314 obiit
1570 3254 1760 3313 Niobi-

2 3388 66 3452 ἦν,
188 3345 346 3452 lorus,
373 3349 471 3420 qui
495 3348 902 3419 et'Dulchiano,
937 3359 1242 3422 catepanus
1268 3349 1324 3405 in
1346 3348 1566 3407 civitate
1594 3347 1764 3403 Asco-

190 3439 256 3496 lo.
277 3439 340 3496 Et
357 3442 555 3514 quinto
579 3442 668 3500 die
691 3443 930 3500 intrante
949 3458 1142 3500 mense
1162 3442 1290 3498 Maii
1310 3441 1528 3498 occisus
1551 3448 1638 3496 est
1659 3438 1764 3494 Mi-

191 3531 332 3588 είιθει
351 3531 494 3590 Criti
510 3534 578 3602 ⁸³,
629 3535 726 3606 qui
767 3544 1000 3592 vocatur
1027 3533 1345 3602 Kirosi‘acti,
1395 3533 1501 3589 sub
1538 3531 1763 3589 castello

191 3620 394 3683 καιιιικ
423 3627 497 3682 ab
542 3627 676 3698 ipsis
705 3626 1071 3684 contentis“
1104 3626 1241 3698 (ss).
1283 3625 1351 3682 Et
1395 3625 1632 3697 septimo
1674 3624 1765 3681 die

193 3725 388 3774 astante
405 3727 680 3776 venerunt
703 3734 896 3776 omnes
916 3719 972 3775 in
994 3717 1213 3775 civitate
1241 3717 1367 3773 Bari
1397 3733 1524 3774 cum
1545 3717 1764 3790 Argiro,

6 3859 80 3912 iv
194 3806 292 3865 ﬁlio
301 3809 440 3866 Heli.
471 3809 630 3867 Tunc
649 3811 768 3882 ipse
783 3809 980 3884 Argiro
998 3809 1267 3867 saueiavit
1291 3809 1560 3868 Musondo
1579 3809 1648 3877 ⁸¹,
1670 3808 1768 3880 qui

193 3911 300 3956 erat
322 3903 533 3973 primus
555 3903 700 3958 inter
727 3917 846 3970 eos,
868 3911 923 3958 et
951 3902 1135 3974 ligatis
1163 3902 1442 3970 manibus,
1466 3901 1621 3958 misit
1637 3915 1766 3957 eum

191 3988 241 4045 in
266 4007 482 4049 canere
510 4008 638 4048 cum
659 3991 908 4049 Johanne
929 3991 1219 4048 Stonense.
1257 3991 1326 4048 Et
1350 4008 1546 4049 omnes
1579 3999 1767 4050 conte-

187 4081 283 4138 rati
308 4082 548 4155 dispersi
577 4091 729 4140 sunt.

1853 1973 1941 2028 leo
1961 1973 2008 2006 ιο
2047 1971 2184 2044 (s7).

1853 2065 1899 2125 ἶ
1924 2064 2033 2120 924
2055 2064 2123 2119 ⁸⁸.
2147 2062 2322 2135 Capta
2343 2071 2426 2120 est
2445 2061 2573 2120 Oria
2600 2079 2631 2118 a
2669 2061 2991 2118 Sarracenis
3013 2076 3200 2116 mense
3218 2059 3368 2125 Julii,
3390 2067 3449 2114 et

1856 2155 2251 2212 interfecerunt
2279 2164 2511 2212 cunctos
2533 2170 2736 2222 mares,
2760 2154 3006 2226 reliquos
3025 2168 3156 2209 vero
3173 2152 3450 2208 duxerunt

1855 2246 1912 2302 in
1941 2246 2210 2315 Africam,
2235 2262 2332 2303 eos
2355 2247 2753 2302 venundantes.

1927 2339 2054 2396 926.
2095 2338 2524 2412 Comprehendit
2569 2337 2802 2393 Michael
2872 2334 3102 2392 Sclabus
3157 2331 3446 2404 Sipontum

1857 2448 2049 2488 mense
2069 2430 2201 2488 Julii
2221 2431 2292 2486 ".

1927 2521 2052 2578 927.
2092 2521 2218 2578 Fuit
2239 2521 2514 2580 excidium
2557 2518 2780 2575 Tarenti
2800 2519 2848 2552 ⁸³
2875 2525 3172 2591 patratum,
3214 2524 3270 2573 et
3319 2532 3447 2588 per-

1857 2607 2025 2686 empti
2057 2622 2188 2672 sunt
2220 2629 2416 2671 omnes
2441 2613 2676 2670 viriliter
2705 2611 3038 2685 pugnando;
3083 2609 3280 2680 reliqui
3321 2622 3449 2663 vero

1858 2709 2127 2781 deportati
2148 2716 2278 2765 sunt
2315 2707 2372 2764 in
2413 2706 2676 2762 Africam.
2706 2704 2934 2772 Factum
2957 2703 3005 2737 ⁸⁸
3031 2712 3116 2759 est
3163 2701 3220 2756 in
3258 2715 3450 2757 mense

1860 2800 2098 2872 Augusti
2125 2801 2184 2856 in
2222 2799 2520 2856 festivitate
2549 2805 2754 2854 sancta
2781 2795 2986 2852 Mariae.

1931 2891 2057 2948 929.
2097 2889 2402 2948 NandOil‘us
2431 2891 2478 2924 "
2509 2898 2565 2947 et
2601 2888 2948 2947 Guaimarl“
2971 2885 3248 2960 principes
3275 2884 3450 2940 intra-

1859 2991 2061 3041 verunt
2081 2983 2138 3040 in
2160 2983 2415 3054 Apuliam
2442 2981 2578 3056 (28).
3151 3002 3160 3009 ·

1933 3076 2059 3135 956.
2097 3075 2380 3134 Venerunt
2401 3075 2647 3148 Hungari
2671 3074 2728 3130 in
2755 3073 3024 3146 Capuam.

1785 3205 1833 3270 ο
1935 3193 2062 3250 959.
2102 3191 2440 3250 Obscuratus
2487 3198 2574 3248 est
2620 3189 2706 3246 sol
2760 3197 2816 3245 et
2860 3193 3235 3260 apparuerunt
3275 3185 3448 3242 stellae

1860 3297 2051 3340 mense
2102 3281 2233 3340 Julii
2266 3283 2518 3340 adstante
2558 3280 2720 3338 tertia
2757 3279 2867 3349 die,
2913 3277 3051 3335 feria
3101 3279 3157 3347 5,
3203 3278 3339 3335 hora
3391 3277 3450 3346 5,

1859 3375 1994 3432 luna
2015 3375 2108 3432 29.

1935 3488 2061 3544 940.
2097 3486 2444 3544 Intraverunt
2470 3484 2718 3558 Bungari
2751 3483 2807 3540 in
2833 3481 3044 3540 italiam
3074 3496 3262 3537 mense
3287 3479 3447 3550 Apri-

1863 3581 1954 3638 lis.
2003 3579 2072 3636 Et
2098 3579 2152 3636 in
2185 3579 2306 3652 ipso
2339 3593 2488 3640 anno
2532 3577 2741 3634 factum
2767 3584 2851 3633 est
2885 3573 3140 3646 prmlium
3165 3573 3222 3627 in
3250 3569 3457 3625 Matera

1866 3689 1899 3749 a
1933 3673 2137 3732 Graecis
2186 3688 2312 3730 cum
2361 3669 2736 3744 Langobardis
2773 3656 2910 3724 cum
2967 3665 3196 3736 stratigo
3241 3661 3454 3734 lmoga-
3513 3673 3522 3680 ‘

1864 3768 2014 3840 lapto
2033 3766 2077 3799 "
2111 3764 2246 3838 (29).
2279 3763 2350 3821 Et
2380 3763 2593 3820 necavit
2613 3762 2660 3796 ⁸⁸
2685 3760 2798 3818 Pao
2818 3759 2863 3792 "
2890 3759 2946 3814 in
2976 3756 3137 3814 mari.

1939 3877 2065 3936 942.
2107 3873 2256 3934 Obiit
2291 3876 2339 3910 ⁸ο
2378 3873 2683 3932 Nandoll'us
2714 3872 2759 3907 ⁸⁸
2806 3870 3064 3946 princeps
3105 3867 3319 3926 decima
3366 3864 3456 3923 die

1871 3977 2088 4027 astante
2121 3967 2331 4026 mensis
2359 3967 2586 4040 Aprilis.

1942 4082 2072 4140 945.
2111 4080 2440 4140 Ceciderunt
2471 4077 2756 4136 Romanus
2782 4077 2828 4110 “
2859 4075 2974 4150 (50)
2997 4083 3056 4132 et
3095 4074 3142 4108 ⁸³
3179 4071 3300 4130 Ubo
3342 4069 3460 4143 (51)

1476 4256 1710 4316 VARIIE
1749 4253 2157 4315 LI'JCTIONES.

242 4431 293 4465 ⁸³
320 4425 448 4507 i561
469 4451 594 4493 sum
624 4438 674 4492 1.

788 4438 1148 4512 “unianoil.
1181 4440 1272 4496 sed
1306 4457 1354 4496 υ.
1382 4440 1530 4512 infra
1550 4455 1609 4512 7a.
1643 4438 1805 4512 1027.

1912 4438 1957 4472 "
1988 4439 2041 4496 la
2068 4438 2231 4511 quale
2258 4453 2440 4511 presa,
2465 4435 2638 4511 Regio
2660 4435 2853 4511 ΐιιέεεεζ
2870 4434 2952 4511 2.,
3031 4431 3077 4466 ⁸⁸
3107 4429 3156 4511 la
3184 4427 3368 4511 vigilia
3395 4425 3464 4511 de

171 4497 370 4562 sancto
400 4506 656 4564 Mai-tino.
690 4507 760 4564 Et
799 4510 1014 4566 vivente
1041 4511 1148 4566 ello
1178 4497 1518 4567 renuntio'lo
1545 4511 1776 4622 imperio
1804 4524 1834 4565 a
1865 4497 2116 4566 Romano
2141 4529 2156 4566 :
2183 4519 2239 4566 et
2259 4497 2446 4566 'dedeli
2470 4497 2578 4580 per?
2593 4507 2794 4580 maglie
2819 4503 2956 4561 Zohi
2985 4517 3086 4561 sua
3121 4497 3342 4572 tigliola.
3385 4497 3461 4622 δέ.

171 4569 388 4622 Limn:
413 4596 465 4622 Δ,
511 4578 670 4622 1099,
749 4579 797 4613 ³³
827 4582 907 4622 ita
947 4583 1156 4622 rnrn'nn
1185 4598 1198 4610 ο
1237 4582 1342 4622 agri
1385 4583 1408 4622 4
1482 4582 1550 4622 ,ιο
1628 4591 1734 4622 .nln
1775 4580 1829 4622 9.-
1941 4580 1988 4614 ⁸ο
2018 4580 2283 4622 (mmor-ali
2323 4581 2442 4622 nim:
2485 4579 2622 4622 νηρίί
2657 4595 2689 4622 9.
2721 4577 2854 4622 vinli
2889 4575 2944 4622 2-
3041 4573 3087 4606 ⁸⁸
3110 4568 3380 4622 musando
3446 4606 3460 4620 ο

165 4569 388 4675 {frum
413 4596 467 4634 α.
511 4578 674 4662 1029.
749 4579 797 4613 ³⁹
827 4582 1198 4666 itqcorrigo;
1237 4582 1345 4638 cati
1385 4583 1438 4638 1.
1482 4582 1550 4637 de
1598 4569 1734 4637 Cato
1775 4580 1832 4635 2.

234 4659 529 4685 nil-noon“
559 4650 583 4685 Ι
655 4647 698 4685 ν
746 4651 782 4685 ο
839 4667 1085 4685 nini-anulo
1118 4653 1152 4685 Χ
1210 4652 1274 4685 ΙΙ
1332 4653 1358 4685 ι
1463 4652 1511 4685 δι
1540 4652 1648 4685 [una
1689 4652 1832 4685 Αοηη

1220 4652 1295 4708 L1.
1325 4653 1380 4708 4.
1463 4652 1511 4685 ⁸³
1536 4652 1648 4708 lucc
1687 4652 1878 4707 desunt
1912 4651 1998 4708 1⁸.

1220 4722 1265 4757 ⁸⁷
1296 4724 1412 4780 haec
1436 4723 1636 4779 desunt
1675 4723 1700 4778 1
1737 4740 1793 4778 a.
1870 4721 1918 4754 ⁸³
1939 4721 1998 4778 1η

167 4643 214 4675 ⁸⁸
234 4643 532 4721 quingenti
559 4650 614 4704 1.
655 4647 718 4705 V.
746 4651 802 4707 2.
839 4643 1188 4770 quintam}.
1208 4652 1295 4708 L1.
1325 4653 1380 4708 4.

159 4713 451 4770 Annoaue
477 4721 670 4770 eodem
692 4723 746 4770 5-
823 4722 848 4754 ⁸
897 4723 968 4770 40
1033 4763 1046 4770 -
1077 4723 1131 4770 4-
1220 4722 1265 4757 ⁸⁷
1296 4724 1380 4770 har.

253 4733 451 4790 noque
477 4721 670 4776 eodem
692 4723 746 4778 5.
823 4721 872 4754 ⁸⁸
897 4723 968 4778 40
992 4721 1046 4778 2.
1077 4723 1131 4778 4.

1941 4580 1988 4614 ⁸⁸
2018 4580 2286 4639 conterati
2323 4581 2442 4638 cive
2471 4568 2624 4636 'rocti
2657 4568 2856 4634 evvinti
2889 4575 2944 4632 2.
3041 4573 3087 4606 ⁸⁸
3109 4568 3380 4627 ωῐιείωᾱο
3403 4568 3460 4639 2.

2086 4652 2134 4684 ιδ
2163 4637 2435 4721 gariliano
2459 4651 2515 4708 2.
2543 4651 2598 4706 4.
2623 4649 2924 4721 carigliano
2951 4647 3028 4721 5._
3093 4641 3141 4677 δ’
3169 4641 3294 4721 916.
3320 4639 3376 4721 s.
3402 4637 3460 4692 4.

1870 4721 1918 4754 ⁸³
1939 4721 2133 4778 hunnii
2157 4711 2208 4778 ἴ.
2299 4722 2346 4755 ⁸⁸
2373 4721 2664 4778 nandolfus
2703 4711 2969 4790 aiidulph.
2997 4717 3050 4772 5.
3068 4711 3461 4790 _pandu_lphu1n

158 4784 216 4865 ξε
301 4778 664 4865 'f'apuieium
689 4793 742 4848 5.
798 4863 811 4865 _
831 4793 880 4827 "
907 4793 1129 4865 925.1.
1165 4810 1233 4850 ea:
1257 4778 1404 4865 Ann.
1435 4778 1662 4849 Barens.
1753 4794 1758 4824 ¹

1900 4791 2071 4865 ηἰον1.
2166 4795 2213 4827 ³³
2240 4793 2450 4849 zarenti
2486 4794 2542 4865 5.
2629 4792 2676 4827 ³⁸
2700 4793 2766 4847 A.
2794 4791 2852 4848 id
2873 4778 2922 4865 '1‘.
2947 4778 3109 4865 2—4:
3137 4791 3222 4840 est
3263 4778 3370 4863 hIoc

157 4854 208 4938 ξ
233 4854 520 4938 _nadol?u_s
560 4864 614 4917 1.
664 4863 1020 4938 nandulphus
1050 4864 1109 4938 5.
1150 4864 1585 4938 ρειηάυιρὴιιεᾹ.
1611 4885 1627 4904 ο
1682 4863 1737 4938 ’ξ
1765 4854 2018 4938 graimali
2067 4865 2119 4920 1.

439 4933 746 5009 ³1110105.Δ
794 4935 843 4969 ⁸⁸
870 4930 1097 5009 negavit
1109 4930 1317 5009 eumip.
1342 4930 1398 4992 4.
1435 5005 1451 5009 _
1471 4935 1519 5009 '_'
1548 4934 1676 5009 μεθ
1701 4936 1758 5009 5.

1900 4936 1994 4992 .olo
2019 4930 2232 5007 preselo
2255 4936 2468 5009 anegho
2495 4934 2550 4988 in
2579 4930 2741 5009 mare
2765 4933 2868 5009 in;
2919 4930 2972 5009 f'
2993 4943 3044 5009 ρ

158 4926 205 4957 ⁸⁷
229 4928 356 4988 imo

2229 4865 2462 4920 abimele
2502 4863 2563 4918 1n
2615 4862 2902 4934 guaymari
2943 4860 2998 4914 2.
3027 4851 3381 4981 gluaymarius
3405 4849 3460 4903 4.

2229 4936 2468 4981 .ammhn
2495 4934 2550 4981 in
2579 4949 2731 4981 mare
2765 4933 2851 4981 1ο.
2927 4930 2972 4961 ⁸⁸
2993 4943 3044 4981 .0
3084 4944 3123 4981 ιι
3150 4926 3203 4980 1.
3289 4921 3332 4954 ⁸⁸
3359 4935 3462 4975 118'-

155 4996 356 5061 dolfus
384 4996 439 5060 1'.
464 5003 696 5063 naduli'o
727 5005 807 5064 ιι.
837 4996 1188 5079 nandulphus
1222 4996 1281 5065 5:
1309 5005 1742 5082 pandulphus,1.
1793 4996 1877 5041 ’⁸⁸
1898 4996 2132 5063 romano
2152 5007 2346 5077 sapius
2359 4996 2428 5060 2.
2459 5004 2673 5060 romani
2694 5004 2748 5059 5.
2823 5002 2870 5034 ⁸⁸
2896 4999 3037 5054 deest
3070 4999 3125 5052 5.

1724 5182 1958 5246 NOTE.

307 5338 367 5474 1)
407 5337 898 5424 Fortassesiteeto
914 5353 1087 5412 prope
1104 5337 1351 5397 Barium.
1381 5337 1554 5398 Pun.

307 5410 342 5465 2
407 5409 449 5465 1.
481 5427 536 5466 e.
565 5420 874 5474 capitaneo.

262 5409 367 5482 22)
407 5409 449 5482 1.
481 5427 536 5482 ei.
549 5412 874 5482 rcapitaneo.

307 5338 367 5474 1)
407 5338 670 5397 Fortasse
688 5338 898 5397 Biteeto
914 5353 1087 5412 prope
1104 5338 1351 5397 Barium.
1381 5338 1554 5398 Pun.

262 5410 342 5465 22
407 5409 449 5465 1.
481 5427 536 5466 e.
565 5412 874 5482 capitaneo.

261 5481 344 5536 25
406 5481 473 5536 A.
502 5481 634 5536 1071
668 5481 795 5538 Bari
816 5499 849 5539 a
879 5481 1280 5540 Northmannis
1302 5485 1468 5555 capta
1490 5490 1594 5540 est.

265 5554 342 5608 24
409 5551 452 5607 1.
483 5568 536 5607 e.
560 5557 878 5622 mari-mc,
909 5553 1294 5609 cubicularius.

265 5622 344 5746 275
407 5621 560 5680 Obiit
583 5622 842 5693 ,Basilius
881 5639 1029 5680 anno
1074 5623 1234 5693 1025,
1278 5624 1594 5682 Constantia

265 5551 372 5622 24)
409 5551 452 5622 1.
483 5568 536 5607 e.
560 5557 878 5622 κοιτωνίτης,
909 5553 1294 5609 cubicularius.

178 5621 368 5748 m£275)
407 5621 560 5680 Obiit
583 5622 842 5693 ,Basilius
881 5639 1029 5680 anno
1074 5623 1234 5693 1025,
1278 5624 1674 5682 Constantinus
1719 5641 1771 5680 a.

272 5765 370 5836 26)
405 5766 445 5822 1.
479 5784 531 5824 e.
561 5765 905 5823 concivihus.

273 5837 369 5911 27)
406 5839 450 5895 1.
466 5855 519 5896 e.
543 5837 850 5910 Landulfus
875 5839 1148 5911 Apuliam.
1169 5839 1470 5909 Cedrcnus,
1487 5836 1623 5911 ll,p.

1799 5349 1858 5415 D
1952 5336 2070 5482 (28;
2107 5334 2194 5393 Cl'.
2221 5333 2428 5418 Chron.
2456 5329 2696 5414 Salern.,
2725 5343 2775 5386 c.

1896 5480 1911 5482 _
1973 5409 2044 5464 29
2105 5407 2364 5482 Fueritne
2384 5401 2746 5482 Graacrhuius
2764 5399 2920 5455 ducis

1973 5396 2066 5471 29)
2105 5406 2364 5464 Fueritne
2384 5402 2558 5460 Graeci
2580 5400 2746 5471 hujus
2764 5398 2920 5455 ducis
2939 5413 3137 5454 nomen
3159 5411 3225 5454 ex
3246 5396 3468 5471 nomine

1878 5467 2107 5554 ductum
2135 5478 2501 5554 ὀμογὰλακτος,
2532 5467 2836 5554 sivedicas
2853 5485 3145 5543 agnomen,
3179 5467 3326 5540 quod
3365 5483 3465 5522 va-

1880 5551 1956 5608 let
1983 5539 2366 5614 collact'an'eus,
2397 5539 2506 5601 non
2533 5542 2757 5601 delinio.
2783 5539 2966 5614 Fair.

1885 5621 2086 5707 "(502‘
2103 5620 2243 5707 μεριξ
2272 5607 2588 5707 ᾳτὲεοοτυω
2611 5630 2663 5670 a.
2695 5613 2822 5682 944,
2851 5611 3005 5684 Dec.,
3032 5609 3340 5684 depositus,
3361 5607 3464 5665 ob-
3485 5689 3498 5694 η

1883 5693 1946 5752 iit
1965 5689 2025 5747 'a.
2052 5689 2322 5758 948,“.1υ1.

1957 5763 2073 5836 (51)
2113 5760 2270 5836 Hugo
2298 5778 2396 5820 rex
2422 5759 2590 5819 italia:
2618 5777 2670 5815 ει.
2703 5757 2831 5816 917.
