3990 6298
597 386 703 448 m
1014 473 1338 535 ANNALES
1376 470 1755 531 BARENSES.

664 570 826 627 1041.
865 569 970 630 Hie
992 574 1145 628 venit
1166 590 1198 629 a
1228 570 1413 626 Sicilia
1435 569 1490 622 in
1523 562 1849 620 Lombardia
1873 563 1918 595 “
1943 563 2176 621 Michael

589 664 1034 734 protospatarius
1050 673 1105 720 et
1129 673 1447 733 eatepanus,
1479 657 1572 727 qui
1599 664 1654 711 et
1676 654 1947 710 Dulkiano
1963 655 2171 728 junior.

589 754 778 812 Mense
806 752 1102 813 Novembri
1131 754 1353 811 intravit
1387 752 1440 806 in
1470 748 1627 813 Bari;
1657 748 1754 819 qui
1794 756 1850 804 et
1867 749 2035 820 jussit
2047 748 2093 781 "
2119 750 2175 803 in

589 846 838 918 patibulo
888 846 1059 903 furcae
1110 844 1339 917 appendi
1381 853 1619 912 quatuor
1661 840 1911 897 homines
1932 842 1979 873 “
2011 856 2178 913 super

589 954 814 996 murum
840 937 1241 996 Bottontinum.
1270 934 1455 990 Mense
1476 932 1670 989 Martio
1696 933 1912 991 decimo
1940 935 2177 1007 septimo

592 1031 836 1085 intrante
865 1028 1072 1086 factum
1092 1036 1178 1084 est
1203 1025 1454 1097 prmlium
1486 1021 1929 1081 Normannorum
1949 1032 2005 1080 et
2023 1025 2177 1081 Crte-

590 1132 789 1176 corum
826 1118 987 1190 juxta
1018 1116 1240 1172 ﬂuvium
1286 1114 1592 1170 Dulibentis
1611 1114 1817 1187 "(52).
1854 1113 1924 1170 Et
1963 1114 2177 1172 cecide-

588 1217 721 1264 runt
743 1208 819 1263 ibi
840 1207 997 1263 multi
1023 1204 1186 1260 Russi
1209 1213 1265 1259 et
1283 1201 1620 1275 Obscquiani
1644 1203 1690 1237 ⁸⁸
1727 1204 1863 1276 (55).
1901 1203 2022 1276 Ipse
2048 1219 2179 1263 vero

588 1296 862 1355 Dulkiano
886 1313 1011 1354 cum
1060 1295 1273 1366 reliquo
1321 1295 1589 1364 exercitu,
1618 1295 1715 1367 qui
1754 1306 2090 1353 remanserat
2110 1310 2178 1352 ex

589 1395 715 1466 ipso
722 1392 938 1465 prmlio,
958 1390 1142 1463 fugam
1156 1392 1498 1463 petieruntin
1512 1391 1753 1449 Montem
1768 1390 2022 1449 Pelosum
2037 1394 2175 1465 (54).

585 1483 792 1541 Deinde
814 1484 1058 1541 collectis
1087 1500 1277 1541 mense
1305 1484 1436 1541 Maii
1464 1485 1520 1541 in
1545 1501 1717 1541 unum
1743 1486 2004 1543 omnibus
2027 1486 2179 1543 Cra:—

589 1576 670 1632 cis
698 1575 845 1646 apud
868 1574 1109 1633 Montem
1136 1575 1398 1649 Maiorem
1421 1577 1582 1649 juxta
1606 1577 1811 1634 ﬂuenta
1832 1578 2037 1648 Auﬁdi,
2074 1580 2180 1635 ini-

584 1668 781 1723 tiatum
809 1676 896 1724 est
923 1670 1179 1739 praelium
1212 1679 1412 1741 quarto
1444 1670 1532 1727 die
1564 1671 1826 1739 intrante,
1870 1671 1965 1727 ubi
1997 1672 2179 1742 perie-

584 1770 717 1817 runt
743 1760 1253 1831 plurimiNatulichi
1296 1763 1411 1834 (55)
1447 1772 1502 1818 et
1521 1761 1858 1834 Obsequiani
1882 1764 1947 1832 °’,
1989 1763 2175 1833 Russi,

1832 375 1991 433 LUPI
2027 374 2583 434 PROTOSPATARII

2201 474 2253 535 Α

3252 414 3267 426 ε
3736 392 3832 452 188

2612 468 2847 524 LUPUS
2880 467 3521 530 PROTOSPATARIUS.

2278 579 2466 619 mense
2494 561 2799 630 Decembri,
2843 570 2897 618 et
2924 563 3204 634 perierunt
3237 562 3439 636 Ungari
3467 582 3656 645 atrege
3692 572 3831 633 Otto-7

2277 671 2346 712 ne
2373 657 2419 688 ’¹¹
2446 654 2581 726 (59).

2347 747 2473 804 946.
2513 747 2740 805 Factum
2769 756 2854 804 est
2881 748 3238 805 homicidium
3271 748 3325 804 in
3350 748 3492 805 Baro
3519 768 3699 813 mense
3735 757 3832 817 De.

2277 843 2513 899 cembris
2538 843 2603 898 ".

2348 934 2473 990 947.
2510 934 2847 990 lntroierunt
2888 933 3093 1007 Ungari
3138 935 3193 989 in
3239 934 3471 1003 Italiam,
3513 946 3567 992 et
3602 956 3836 1009 perrexe-

2277 1036 2409 1083 runt
2428 1042 2604 1097 usque
2631 1026 2932 1083 ldrontum.
2965 1026 3033 1082 Et
3052 1026 3337 1098 Platopodi
3357 1028 3566 1085 obsedit
3584 1033 3832 1092 civitatem

2277 1117 2581 1190 συνθηεηὶ
2609 1118 2677 1173 ’⁸.
2710 1117 2839 1174 Fuit
2854 1118 3051 1175 eodem
3075 1132 3225 1175 anno
3260 1119 3512 1177 interitus
3531 1120 3579 1153 "
3600 1122 3837 1181 bovum"

2278 1227 2377 1283 per
2402 1225 2620 1269 omnem
2652 1219 2878 1268 terram.

2350 1304 2478 1360 950.
2517 1302 2853 1361 Obsiderunt
2880 1302 3059 1362 (ἱταί
3084 1304 3349 1361 Ascolum
3379 1305 3448 1361 ’⁷.

2350 1396 2478 1453 951.
2515 1395 2861 1453 Malachiano
2880 1395 3014 1453 fecit
3047 1397 3319 1468 proelium
3366 1397 3424 1452 in
3447 1396 3697 1456 Calabria
3728 1416 3840 1460 cum

2282 1487 2624 1558 Sarracenis,
2652 1497 2709 1546 et
2724 1490 2926 1546 cecidit
2946 1490 2996 1524 ⁷⁸
3024 1490 3162 1561 (40).

2351 1581 2477 1638 956.
2514 1582 2627 1653 (41)
2654 1581 2868 1639 Incensi
2887 1588 3018 1639 sunt
3035 1580 3341 1638 Marantius
3366 1581 3601 1638 Clemeri
3619 1584 3667 1617 τ’
3681 1592 3734 1641 et
3750 1584 3841 1641 Ex.

2280 1674 2497 1731 cessula
2519 1673 2564 1707 ⁸⁸
2594 1675 2649 1728 in
2678 1672 2841 1730 Baro.

2358 1765 2486 1822 960.
2526 1764 2675 1821 Obiit
2698 1765 3101 1822 Constantinus
3134 1765 3458 1837 imperator,
3484 1766 3580 1837 qui
3622 1770 3846 1839 regnavit

585 1826 841 1909 Trachici
871 1852 1011 1925 (56),
1055 1826 1349 1921 Calabrici,
1390 1826 1767 1926 bongobardi,
1812 1826 2171 1925 Capitinates.
2206 1826 2252 1888 Β
2280 1875 2411 1915 ann.
2436 1858 2526 1925 47,
2564 1865 2621 1913 et
2663 1858 2905 1916 surrexit
2950 1826 3255 1925 Romanus,
3308 1826 3459 1915 Illius
3504 1826 3644 1929 ejus.
3677 1826 3847 1919 ἐιωῆ

514 1964 529 1976 ·
585 1942 656 1998 Ει
682 1943 922 2016 Angelus
942 1946 1228 2017 presbyter
1253 1945 1542 2016 episcopus
1566 1944 1840 2016 Trojanus
1860 1955 2024 2018 atque
2056 1945 2177 2003 Ste-

583 2035 803 2106 phanus
847 2036 1254 2093 Acherontinus
1297 2036 1589 2109 episcopus
1609 2036 1686 2103 ibi
1719 2036 1993 2095 interfecti
2023 2048 2173 2101 sunt.

583 2125 724 2185 Nam
752 2143 970 2200 nempe,
998 2136 1060 2184 ut
1083 2129 1290 2198 dictum
1316 2137 1404 2186 est
1431 2129 1502 2186 ab
1531 2130 1793 2187 omnibus
1822 2131 1920 2202 qui
1940 2131 2058 2188 haec
2078 2147 2178 2188 m-

583 2226 800 2286 verunt,
824 2225 919 2273 aut
939 2217 1052 2289 (57)
1075 2219 1262 2289 plures
1281 2235 1449 2291 quam
1477 2220 1587 2277 duo
1612 2221 1660 2253 ⁷⁰
1700 2221 1852 2277 milia
1874 2219 2178 2278 Normandi

584 2306 812 2364 fuerunt
834 2309 903 2377 τί,
927 2308 1103 2365 Graeci
1130 2325 1262 2366 vero
1292 2310 1480 2368 decem
1510 2321 1566 2368 et
1590 2321 1716 2368 octo
1736 2312 1911 2380 milia,
1935 2312 2179 2383 exceptis

586 2399 971 2457 servitoribus.
1022 2399 1161 2457 Hinc
1203 2401 1423 2459 rediens
1467 2402 1700 2459 Michael
1743 2403 2010 2461 confusus
2050 2404 2179 2460 cum

588 2493 804 2564 paucis,
840 2494 1049 2550 relictis
1077 2494 1357 2551 semivivis
1387 2511 1495 2580 pro
1507 2511 1708 2569 pavore
1734 2495 2179 2553 Normannorum

589 2586 938 2655 sevientium,
990 2589 1212 2660 scripsit
1247 2590 1317 2646 ad
1361 2589 1631 2661 Siciliam,
1683 2599 1740 2648 et
1774 2600 2044 2648 venerunt
2075 2591 2180 2663 ipsi

590 2678 781 2735 miseri
829 2678 1154 2738 Macedones
1193 2691 1250 2738 et
1290 2681 1579 2741 Pauliltani
1602 2693 1659 2740 et
1682 2684 2083 2753 Calabrenses;
2125 2693 2182 2742 et

587 2768 837 2825 collectis
871 2771 1099 2827 insimul
1132 2789 1259 2829 cum
1294 2774 1524 2846 reliquis
1556 2776 1612 2831 in
1637 2785 1838 2832 catuua
1869 2775 1984 2849 (58)
2027 2775 2183 2832 Mon-

590 2860 665 2916 tis
694 2860 883 2930 Pilosi,
914 2871 1050 2920 tunc
1086 2864 1371 2923 descendit
1414 2876 1712 2938 catepanus
1742 2868 1894 2927 ﬁlius
1933 2867 2182 2927 Budiano

590 2951 650 3006 in
675 2952 967 3024 Apuliam;
1007 2955 1238 3013 Michael
1266 2959 1430 3015 rediit
1450 2960 1519 3015 ad
1544 2958 1811 3029 Siciliam,
1831 2960 2061 3032 iubente
2079 2960 2185 3016 im-

591 3052 863 3113 peratore,
890 3047 1034 3117 unde
1058 3057 1299 3105 venerat.

2280 1954 2533 2027 proelium
2558 1955 2700 2010 inter
2729 1954 3067 2010 Adralistum
3089 1963 3145 2009 et
3172 1953 3390 2010 Ismael.

2350 2049 2477 2104 961.
2508 2047 2692 2104 Insula
2741 2046 2933 2103 Cretes
2977 2061 3303 2117 comprensa
3333 2055 3424 2103 est
3450 2062 3482 2101 a
3520 2046 3723 2105 Grecis
3756 2049 3850 2107 sub

2281 2139 2531 2197 Romano
2562 2138 2748 2195 Mense
2776 2138 2955 2194 Martii
2990 2138 3126 2210 (42),
3150 2148 3207 2194 et
3227 2140 3271 2172 ⁸⁸
3303 2138 3618 2194 Trahomen
3639 2141 3684 2174 ⁸·
3710 2152 3849 2212 capta

2280 2239 2367 2288 est
2394 2247 2426 2287 a
2454 2230 2797 2298 Sarracenis,
2842 2238 2899 2287 et
2931 2229 3265 2287 obscuratus
3289 2239 3376 2287 est
3412 2230 3519 2285 sol.

2350 2322 2477 2378 965.
2516 2320 2663 2377 Obiit
2684 2320 2936 2378 Romano
2961 2322 3280 2393 imperator,
3308 2332 3363 2377 et
3387 2321 3638 2377 elevatus
3660 2331 3741 2378 est
3771 2320 3852 2377 Ni.

2280 2415 2601 2486 chiphorus,
2628 2414 2725 2486 qui
2746 2415 2995 2487 regnavit
3012 2430 3144 2470 ann.
3178 2414 3239 2481 7;
3273 2422 3330 2470 et
3360 2414 3492 2470 Otto
3514 2430 3609 2471 rex
3646 2416 3853 2471 intravit

2281 2503 2536 2569 Romam,
2562 2514 2619 2560 et
2642 2504 2975 2561 obscuratus
3002 2512 3088 2560 est
3111 2504 3213 2559 sol.

2353 2590 2479 2647 965.
2516 2590 2766 2646 Introivit
2790 2590 3031 2664 Manuyli
3050 2590 3099 2624 ⁸³
3120 2589 3375 2662 patrltius
3416 2589 3475 2645 in
3506 2588 3772 2657 Siciliam,
3804 2598 3852 2646 et

2282 2694 2538 2740 mortuus
2561 2692 2649 2739 est
2676 2684 2750 2739 ibi
2772 2684 2909 2754 (45).

2508 2777 2757 2836 Introivit
2784 2775 3118 2834 Nichol‘orus
3147 2776 3417 2848 magister
3440 2777 3488 2809 ⁸⁸⁵
3516 2776 3575 2832 ἰη
3600 2777 3854 2833 civitatem

2283 2871 2433 2937 Bari,
2472 2879 2529 2926 et
2561 2878 2694 2927 sunt
2725 2868 2859 2926 anni
2900 2869 3007 2925 400
3039 2885 3107 2926 ex
3148 2884 3261 2941 quo
3290 2868 3640 2926 intraverunt
3671 2869 3857 2941 Lango-

2284 2964 2442 3019 bardi
2479 2964 2527 2996 ⁸⁸
2564 2964 2618 3018 in
2646 2962 2880 3018 Italiam.
3840 3004 3849 3011 κ

2358 3056 2483 3113 967.
2516 3056 2807 3112 Descendit
2831 3052 2958 3111 Otto
2982 3070 3077 3110 rex
3098 3062 3155 3109 et
3177 3069 3368 3121 senex,
3384 3051 3767 3125 paterOttonis
3785 3068 3857 3107 re.

663 3136 823 3243 1042.
866 3137 981 3195 IIoc
1006 3155 1151 3196 anno
1174 3141 1334 3243 tertia
1350 3141 1443 3243 die
1471 3142 1710 3243 intrante
1724 3142 2185 3243 menseSeptem-
2210 3179 2255 3243 Β
2289 3150 2392 3221 gis,
2423 3149 2516 3219 qui
2540 3149 2804 3220 pugnavit
2832 3163 2959 3204 cum
2994 3146 3359 3205 Bulcbassino
3390 3162 3522 3218 rege
3546 3143 3853 3201 Sarracenoe

592 3230 675 3285 bri
707 3229 1025 3288 Graecorum
1050 3235 1325 3290 exercitus
1349 3234 1751 3292 descenderunt
1776 3252 1846 3293 ex
1875 3235 2057 3295 Monte
2084 3237 2180 3293 Pi-
2214 3229 2255 3243 ’”
2286 3257 2410 3296 rum
2433 3251 2488 3297 et
2515 3239 2787 3297 interfecit
2805 3256 2933 3296 eum
2961 3240 3028 3296 “.

591 3321 736 3391 loso,
765 3332 819 3379 et
848 3322 1151 3380 Normanni
1173 3341 1242 3381 ex
1279 3327 1506 3384 castello
1534 3326 1798 3397 Siricolo;
1849 3330 1994 3388 inter
2039 3331 2181 3388 duos

595 3424 811 3472 montes
834 3416 1077 3472 inierunt
1095 3418 1411 3475 conﬂictum
1433 3420 1760 3488 maximum,
1784 3420 1839 3475 in
1859 3437 1970 3493 quo
1990 3437 2182 3479 omnes

598 3507 786 3563 miseri
824 3507 1147 3566 Macedones
1174 3506 1520 3580 ceciderunt,
1556 3521 1612 3568 et
1650 3515 1811 3584 pauci
1859 3515 1927 3570 de
1972 3515 2184 3587 reliquo

594 3611 979 3657 remanserunt
1012 3604 1277 3662 exercitu.
1301 3601 1381 3660 Ibi
1405 3604 1605 3676 quippe
1627 3605 1872 3677 Bugiano
1896 3606 2056 3664 vivus
2087 3621 2184 3663 ca—

597 3701 744 3763 ptus,
770 3703 825 3749 et
852 3704 1102 3766 portatus
1132 3704 1217 3753 est
1248 3712 1346 3768 per
1371 3704 1542 3754 totam
1573 3698 1827 3769 Apuliam
1874 3713 2050 3769 usque
2078 3698 2183 3755 Be»

600 3788 822 3843 neventi
844 3789 1101 3858 patriam.
1124 3788 1285 3858 Nam,
1307 3797 1371 3846 ut
1392 3792 1547 3847 aiunt
1573 3790 1838 3848 veraciter
1857 3791 1952 3862 qui
1971 3790 2029 3846 in
2064 3790 2187 3861 ipso

596 3878 744 3934 bello
769 3880 978 3935 inventi
1022 3889 1171 3950 sunt,
1202 3880 1504 3939 Normanni
1534 3883 1883 3956 septingenti,
1912 3892 1968 3939 et
2010 3881 2187 3939 Graeci

595 3971 785 4027 decem
810 3973 962 4028 milia
992 3973 1601 4033 fuerunt.Postmodum
1620 3985 1843 4047 peracto
1859 3976 2003 4032 bello
2026 3975 2188 4033 tertio

592 4063 709 4135 iam
732 4064 901 4136 dicto,
935 4066 1179 4125 inierunt
1216 4079 1440 4142 pactum
1464 4084 1594 4128 cum
1618 4069 1757 4143 ipsis
1776 4068 2051 4127 Franchis
2067 4067 2187 4124 lla-

2357 3333 2484 3390 969.
2526 3332 2778 3389 Introivit
2801 3331 2930 3388 Otto
2951 3348 3049 3389 rex
3082 3332 3139 3388 in
3169 3332 3426 3403 Apuliam
3458 3345 3649 3388 mense
3679 3329 3857 3392 Martii,

2285 3435 2343 3481 et
2369 3425 2583 3481 obsedit
2609 3426 2885 3482 civitatem
2916 3424 3043 3480 Bari
3063 3425 3134 3490 ⁸⁷,
3158 3433 3214 3480 et
3257 3424 3311 3479 in
3352 3424 3468 3478 alio
3488 3439 3637 3478 anno
3661 3418 3863 3476 intravit

2291 3515 2347 3570 in
2367 3514 2681 3570 Calabriam
2705 3530 2896 3571 mense
2922 3513 3213 3581 Octobris;
3244 3522 3300 3570 et
3327 3515 3415 3571 sol
3447 3516 3773 3570 obscuratus
3790 3517 3862 3564 est

2288 3606 2347 3663 in
2376 3618 2566 3662 mense
2600 3604 2918 3662 Decembris
2949 3606 3085 3677 (44).

2362 3696 2487 3753 970.
2510 3690 2739 3752 Occidit
2761 3695 3020 3754 Simischi
3034 3694 3440 3753 “Nichiforum
3470 3695 3860 3756 imperatorem,

2284 3798 2347 3846 et
2372 3788 2617 3844 elevatus
2645 3796 2730 3845 est
2756 3788 2865 3843 ille.

2363 3880 2489 3937 972.
2517 3880 2787 3953 Pugnavit
2814 3882 2943 3936 Atto
2973 3880 3041 3947 ⁸⁸³,
3066 3880 3213 3937 Illius
3239 3878 3656 3936 Transamundi
3686 3879 3732 3915 ”
3765 3874 3864 3947 (45)

2292 3974 2750 4041 marcise“,cum
2771 3972 2843 4027 40
2871 3972 3095 4029 milibus
3125 3971 3588 4029 Sarracenorum.
3619 3967 3867 4043 Caytus"

2292 4082 2486 4122 eorum
2515 4064 2778 4123 Bucoboli
2810 4065 3139 4133 vocabatur;
3174 4073 3231 4121 et
3253 4064 3386 4121 vicit
3413 4063 3550 4121 Atto
3580 4063 3630 4097 ”
3667 4076 3787 4119 eum
3810 4055 3870 4113 60

1903 4220 2141 4282 VARIE
2176 4220 2474 4281 LECTION
2482 4220 2582 4278 ES.

669 4356 717 4428 9‘
735 4364 797 4428 et
809 4354 976 4428 polin
1008 4354 1205 4428 Apulia
1232 4355 1290 4411 2.
1334 4372 1628 4428 perperam.
1718 4355 1766 4428 ξ’
1785 4353 2111 4428 quiAejussit
2148 4355 2199 4428 1..
2222 4424 2244 4428 _
2292 4352 2338 4386 “

588 4427 724 4499 iecit
759 4424 1075 4499 Ρξαεξιιῃεξ
1114 4427 1169 4499 ί⁸⁸
1196 4424 1352 4483 molli
1383 4424 1543 4499 G'reci
1582 4426 1748 4499 [iussi
1783 4424 1840 4482 et
1876 4424 2273 4499 Obs_equapi_2.
2361 4424 2603 4499 “febseq

1446 4497 1494 4530 "
1530 4498 1670 4553 inter
1696 4498 1847 4553 cives
1884 4496 2089 4551 addunt
2125 4497 2161 4550 4
2198 4495 2261 4549 It

2072 4566 2120 4600 ’⁸
2157 4567 2211 4622 5.
2261 4566 2315 4620 4.
2348 4565 2555 4620 addunt
2586 4580 2604 4618 :
2638 4564 2802 4619 Anno
2834 4563 2960 4619 955.
2997 4563 3280 4619 descendit
3315 4561 3611 4618 Marianas
3636 4558 3876 4631 patritius

595 4497 644 4533 ⁷⁸
667 4506 863 4554 octone
890 4498 945 4552 2.
970 4497 1024 4552 5.
1051 4498 1254 4554 Othone
1280 4499 1335 4554 4.

596 4568 798 4626 troitus
819 4569 871 4622 5.
897 4569 953 4624 4.
1030 4569 1074 4601 ⁷⁷
1109 4576 1165 4625 et
1189 4569 1547 4624 obtinuerunt
1573 4569 1778 4623 addunt
1819 4569 1855 4623 4
1894 4569 1979 4622 1ο.

2376 4350 2663 4423 principali
2694 4349 2952 4423 cietadini
2981 4348 3209 4423 Barensi
3231 4349 3287 4405 2.
3308 4351 3362 4423 ip
3401 4348 3451 4423 ξ’
3486 4346 3728 4405 Olibenti
3763 4358 3873 4423 eort-

2607 4422 2737 4477 uani
2756 4422 2812 4476 2.
2900 4421 2948 4455 "
2970 4429 3171 4491 quatro
3190 4422 3246 4476 2.
3321 4420 3367 4452 '”
3396 4419 3617 4491 furono,
3638 4416 3871 4491 morti‘2.

2388 4493 2437 4533 ⁷⁸
2462 4488 2787 4550 conversam
2822 4493 2877 4547 5.
2978 4488 3332 4548 “interritus
3357 4492 3410 4546 1.
3529 4490 3581 4523 ⁷⁸
3605 4490 3782 4545 bonus
3800 4488 3875 4541 in-

597 4640 655 4697 in
677 4637 950 4710 Apuliam.
1030 4639 1077 4672 ⁷⁹
1119 4639 1325 4695 demeri
1348 4639 1402 4694 2.
1435 4639 1666 4694 crcmeri
1703 4641 1764 4694 1⁸
1794 4639 1929 4694 cieri
1968 4637 2283 4710 (clericus?)
2310 4637 2364 4691 5.
2404 4636 2617 4710 cieri}.
2656 4635 2754 4710 Λθῗ
2792 4634 3150 4710 ιιιρξειιιιξλα.
3223 4634 3459 4710 “tertio
3489 4635 3566 4710 I._
3623 4629 3877 4710 “_titabo-'

597 4704 813 4788 men-5.
852 4711 907 4765 4.
950 4710 1266 4788 ctraboinen
1293 4710 1373 4764 1⁸.
1442 4710 1497 4788 ,⁸³
1528 4711 1732 4788 mannli
1765 4712 1815 4788 1.
1848 4704 2226 4788 manuelisn5.‘
2246 4704 2585 4788 manuyci'd.
2648 4705 2854 4788 “deest
2881 4705 2958 4788 1...
3014 4707 3059 4788 ’ξ
3084 4706 3232 4788 long.

596 4781 1062 4864 morthquaranta
1087 4781 1236 4836 milia
1259 4780 1456 4883 pagani
1483 4781 1611 4835 add.
1645 4782 1727 4836 1ο.
1752 4781 1824 4851 cf.
1861 4781 2007 4850 infra
2038 4798 2091 4834 a.
2123 4778 2249 4835 982.
2338 4778 2382 4810 ⁸⁷
2421 4776 2585 4833 irritu
2620 4784 2817 4832 conatu
2849 4776 3058 4831 addunt
3095 4776 3267 4860 4..1ι.

596 4852 701 4908 chv
721 4853 777 4907 2.
815 4852 1066 4907 smuscln
1106 4852 1160 4907 5.
1193 4852 1251 4906 4.
1370 4855 1388 4884 ³
1417 4861 1547 4908 anto
1574 4852 1624 4906 1.
1655 4862 1780 4908 acto
1810 4852 1865 4908 2.
1898 4852 2060 4907 actho
2088 4851 2143 4905 5.
2182 4857 2305 4906 asto
2330 4849 2384 4904 4.
2417 4857 2540 4904 octo
2572 4848 2655 4903 In.
2757 4847 2804 4880 ὀ
2834 4848 3183 4905 transmundt
3213 4848 3263 4903 I.

1417 4866 1547 4922 apto
1574 4866 1624 4906 1.
1655 4866 1780 4908 acto
1810 4866 1865 4908 2.
1898 4866 2060 4907 aetno
2088 4866 2152 4922 '5.
2182 4866 2305 4906 asto
2330 4866 2384 4904 4.
2406 4866 2540 4922 peto
2572 4866 2655 4922 ιιι.

593 4852 701 4925 chy
721 4853 777 4925 2.
795 4851 1066 4925 Asimisclii
1106 4852 1175 4925 5._
1190 4852 1251 4925 4.

3518 4703 3568 4736 ⁸⁸
3588 4712 3646 4759 et
3674 4697 3877 4755 furonvi

3343 4775 3391 4808 οε
3423 4772 3624 4832 simihi
3656 4773 3708 4827 1.
3738 4768 3879 4826 simi-

2757 4847 2804 4880 ”
2834 4847 3183 4905 transmundi
3213 4848 3263 4903 I.
3295 4848 3377 4902 1ο.
3478 4847 3527 4879 ⁸⁸
3574 4840 3874 4914 ωθηθθλ.

596 4918 881 4980 marchisii
911 4922 966 4978 5.
1009 4922 1065 4977 4.
1158 4923 1206 4955 ⁹²
1230 4937 1433 4995 caycus
1453 4918 1518 4978 '2.
1594 4922 1640 4956 ”
1664 4933 1787 4979 asto
1817 4924 1881 4979 11ι
1902 4923 1957 4980 4.
1982 4930 2107 4979 acto
2130 4920 2185 4977 2.
2216 4922 2379 4977 actho
2404 4918 2459 4976 5.
2488 4926 2614 4976 octo
2645 4920 2725 4974 1³.

2100 5077 2334 5136 NOTAE.

664 5205 780 5278 (52)
796 5204 1046 5278 __Videtur
1071 5221 1192 5263 esse
1220 5206 1476 5262 Auﬁdum
1505 5206 1740 5264 innuens
1764 5207 1915 5264 rivus
1934 5207 2183 5265 Olivcnto
2212 5212 2265 5273 D
2290 5210 2461 5265 Pan.

596 5276 767 5403 progc
795 5276 1111 5342 Venusiam,

667 5351 685 5403 l
726 5348 781 5403 5)
819 5347 1111 5403 Auxiliare:

667 5347 781 5428 (55)
819 5347 1127 5428 Aiixiliares
1153 5349 1573 5428 esse_videntur.

667 5417 781 5488 (54)
820 5417 976 5475 Mons
1003 5417 1217 5475 Pilosus
1246 5421 1316 5476 ab
1343 5420 1552 5475 oriente
1581 5417 1854 5476 Venusue.

667 5490 788 5625 (55)
824 5488 866 5544 l.
898 5505 974 5557 e.,
1004 5490 1296 5559 Anatolici;
1328 5492 1637 5548 orientales.

692 5560 760 5614 56
822 5559 862 5615 I.
893 5575 968 5625 e.,
1002 5560 1263 5619 Thraces.

692 5559 782 5625 56)
822 5559 862 5615 I.
893 5575 968 5628 e.,
1002 5560 1263 5619 Thraces.

666 5629 781 5699 (57)
819 5629 859 5686 Ι.
890 5646 964 5694 e.,
997 5632 1163 5686 haud.

669 5702 784 5771 (58)
840 5702 1051 5758 Catuna
1120 5702 1301 5759 adhuc
1366 5701 1663 5772 vulgat-iter
1723 5702 1867 5772 apud
1917 5700 2181 5758 Calabros

598 5770 807 5843 Catojo,
842 5772 999 5830 locus
1027 5790 1364 5830 cavernosos
1406 5770 1666 5842 palustris
1693 5770 1973 5829 et'subtus
2021 5787 2180 5827 mon-

598 5850 705 5901 tem
760 5844 996 5916 aliquem
1052 5845 1222 5912 situs,
1260 5845 1315 5899 in
1355 5860 1462 5915 qua
1505 5850 1750 5900 armenta
1800 5852 2173 5899 asservantur.

2386 5353 2455 5405 40
2518 5351 2603 5406 Cf.
2635 5351 2918 5403 Cedrenus
2949 5351 3013 5414 ll,
3046 5362 3099 5417 p.
3131 5351 3256 5402 558.

2384 5351 2478 5491 41)
2509 5420 2594 5491 Cf.
2626 5419 2871 5491 'I‘heoph.
2903 5417 3169 5491 eont._Vl,
3196 5418 3285 5491 50,
3318 5434 3371 5488 p.
3407 5417 3547 5473 455.

2383 5486 2475 5551 42)
2513 5490 2598 5547 Cf.
2637 5488 2746 5545 Leo
2777 5486 3000 5541 Diacon.
3041 5486 3103 5551 ll,
3128 5487 3249 5541 6-8.

2384 5552 2475 5627 45)
2518 5563 2602 5617 Cf.
2650 5561 2761 5615 Leo
2788 5557 2937 5613 Diac.
2970 5555 3062 5624 IV,
3089 5558 3140 5626 7,
3168 5558 3230 5624 8;
3259 5556 3556 5613 Cedrenus
3580 5556 3652 5625 ll,
3682 5571 3736 5627 p.
3768 5552 3882 5613 555.

2402 5676 2414 5688 .
2444 5627 2712 5697 (Zonaras
2738 5628 2878 5695 XVI,
2907 5627 3025 5697 24.)

2361 5698 2476 5775 (44)
2503 5704 2567 5775 A.
2594 5703 2721 5768 968,
2749 5701 2804 5775 d_.
2831 5700 2922 5755 22.
2955 5698 3205 5756 Decemb.

2362 5772 2473 5847 (i5)
2509 5772 2805 5846 Spoletani.

2385 5281 2475 5342 59)
2515 5279 2578 5334 Α.
2612 5279 2738 5335 955.
3330 5326 3333 5327 ,

2386 5351 2478 5417 40)
2518 5349 2603 5406 Cf.
2635 5347 2918 5403 Cedrenus
2949 5345 3013 5414 II,
3046 5362 3099 5417 p.
3131 5347 3256 5402 558.

2361 5290 2396 5687 ξ

2290 5584 2396 5690 564
