3990 6298
611 352 700 408 131
1854 343 2008 399 LUPI
2040 314 2595 403 rnorem)an

2223 464 2274 523 Α

1024 463 1349 521 ANNALES
1386 459 1767 519 BARENSES.

605 552 946 627 profectione
980 557 1036 611 in
1084 557 1417 629 Monopolim
1469 555 1691 624 iniquus
1732 550 1912 607 facere
1959 566 2071 607 non
2118 552 2192 607 ti-

605 648 762 706 muit.

681 741 840 797 1045.
873 740 989 797 Hoc
1013 756 1163 797 anno
1199 755 1387 796 mense
1429 735 1733 807 Septembri
1774 736 2056 792 descendit
2080 733 2193 790 Tu-

3780 346 3885 403 132

2623 457 2853 516 LUPUS
2888 456 3538 515 PROTOSPATARIIJS.

2301 552 2390 608 nis
2419 552 2474 606 in
2498 552 2760 621 Tarento,
2790 562 2845 609 et
2864 554 2939 609 ibi
2968 552 3164 609 cecidit
3192 552 3281 607 ille
3303 567 3428 608 cum
3458 549 3647 608 multis
3672 548 3885 607 Baren-

2299 645 2495 791 “19:12
2534 735 2700 793 Facta
2747 746 2832 794 est
2879 736 3052 793 fames
3077 752 3273 809 magna
3306 751 3404 807 per
3429 748 3649 791 omnem
3684 733 3755 767 ¹²⁸
3783 731 3887 788 ita-

608 832 771 888 bachi
803 833 1273 902 prothospatarius
1308 839 1361 885 et
1402 828 1613 883 Pardus
1644 828 1910 899 patricius
1946 836 2000 883 et
2037 825 2194 884 Nico-
2298 825 2425 881 liam
2461 827 2549 881 "’.

607 924 729 980 laus
764 925 1210 995 archiepiscopus
1248 922 1530 977 ldruntum
1574 936 1699 975 cum
1741 919 2090 993 Chrysubulo
2124 922 2190 955 “7

608 1026 663 1072 et
694 1015 981 1087 Simpatia.
1016 1017 1171 1071 Tunc
1205 1015 1323 1085 ipse
1368 1014 1595 1083 iniquus
1639 1014 1911 1070 Maniachi
1965 1016 2191 1085 paciﬁca

610 1107 801 1164 fraude
840 1110 921 1165 eis
954 1109 1166 1165 obviam
1209 1106 1418 1171 exiens,
1450 1107 1632 1161 statim
1660 1105 2028 1177 occidi'jussit
2070 1105 2196 1161 Par-

608 1200 738 1254 dum
775 1201 982 1271 gladio,
1032 1208 1086 1254 et
1130 1197 1373 1253 Tubaclti
1403 1199 1609 1253 retrudi
1635 1198 1690 1253 in
1717 1199 1986 1267 custodia,
2025 1214 2190 1270 quem

608 1309 797 1349 mense
829 1292 1077 1347 Octobris
1107 1290 1285 1346 occidi
1321 1291 1575 1348 similiter
1606 1289 1756 1347 fecit.

2370 916 2494 973 995.
2525 916 2826 973 Defunctus
2845 927 2932 973 est
2943 916 3057 973 Pao
3071 914 3618 986 uoarchiepiscopus,
3639 920 3695 965 et
3717 910 3867 981 Chry

2300 1018 2577 1066 sostomus
2598 1012 2843 1066 elevatus
2860 1020 2947 1066 est
2977 1011 3064 1065 ιη.

2372 1100 2497 1156 994.
2528 1099 2765 1158 Obsessa
2792 1112 2877 1158 est
2909 1102 3110 1158 Matera
3162 1116 3190 1155 a
3243 1110 3400 1172 gente
3451 1098 3887 1154 Sarracenorum

2300 1192 2479 1248 tribus
2527 1194 2831 1261 mensibus,
2863 1203 2917 1250 et
2944 1195 2999 1248 in
3027 1201 3228 1264 quarto
3254 1207 3441 1248 mense
3485 1187 3885 1260 comprehensa

2294 1294 2379 1341 est
2402 1286 2473 1341 ab
2491 1286 2593 1343 eis.

2365 1378 2490 1435 997.
2526 1379 2756 1437 Occisus
2777 1389 2862 1437 est
2886 1394 3074 1436 marco
3097 1380 3162 1411 ⁸⁸³
3180 1377 3501 1459 Theodorus
3529 1382 3794 1432 emortus
3814 1369 3883 1404 ⁸⁸⁸

605 1467 660 1521 ἰη
712 1468 931 1524 civitate
985 1465 1130 1524 Orize
1178 1484 1210 1524 a
1268 1468 1572 1540 Smaragdo
1627 1470 1694 1503 ⁸⁸⁵
1748 1478 1803 1525 et
1854 1467 2018 1525 Petro
2067 1472 2363 1541 germanis.

672 1558 796 1613 998.
830 1556 994 1614 Venit
1027 1559 1219 1616 Busitu
1255 1560 1432 1616 caitus
1455 1561 1524 1593 ¹³⁸
1549 1576 1674 1616 cum
1739 1560 2041 1633 Smaragdo
2074 1562 2301 1633 praefato
2343 1566 2398 1621 in
2444 1565 2644 1623 Barum
2690 1583 2880 1625 mense
2924 1568 3197 1635 Octobris,
3225 1577 3279 1623 et
3322 1565 3582 1639 praefatus
3618 1561 3781 1618 Sma-

600 1650 803 1721 ragdus
825 1666 994 1721 eques
1012 1651 1234 1707 intravit
1258 1650 1462 1707 Barum
1479 1651 1549 1684 "‘
1562 1668 1660 1723 per
1680 1652 1790 1707 vim
1815 1667 1844 1707 a
1869 1661 2026 1723 porta
2070 1653 2416 1725 occidentali,
2445 1668 2501 1714 et
2525 1659 2658 1715 exiit
2685 1658 2916 1727 iterum;
2953 1668 3086 1715 tunc
3113 1659 3303 1715 Busitu
3337 1656 3555 1729 cognita
3580 1654 3777 1709 fraude

599 1745 874 1800 discessit.

669 1834 796 1890 999.
818 1834 1111 1891 Descendit
1137 1834 1486 1891 Trachamoti
1517 1834 1585 1867 ¹³⁷
1611 1842 1910 1905 catepanus
1944 1833 2135 1902 ¹³⁸-¹³⁹,
2171 1835 2264 1907 qui
2290 1843 2346 1893 et
2367 1835 2684 1907 Gregorius,
2702 1845 2757 1891 et
2779 1834 2994 1917 obsedit
3017 1834 3293 1892 civitatem
3319 1832 3638 1905 Gravinam,
3654 1845 3713 1893 et
3732 1850 3880 1893 com-

600 1928 887 1998 prehendit
908 1928 1380 2000 Tbeophilactum.

2093 2063 2405 2078 ρ*

1766 2150 2014 2212 LUPUS
2052 2144 2790 2209 PROTOSPATARIUS.

670 2273 829 2328 Anno
866 2272 1022 2328 1000.
1056 2272 1126 2327 ab
1169 2271 1547 2329 incarnatione
1596 2271 1818 2329 Domini
1864 2271 2052 2327 indict.
2091 2270 2179 2324 15.
2215 2271 2261 2332 Β
2360 2266 2519 2322 1015.
2560 2266 2827 2337 Apparuit
2878 2268 3033 2323 stella
3064 2276 3291 2324 cometa:
3335 2284 3529 2325 mense
3568 2268 3879 2345 Februarii,

599 2375 794 2437 captus
836 2374 921 2421 est
979 2366 1269 2436 praedictus
1320 2364 1656 2437 Smaragdus
1682 2365 1751 2399 ⁸⁸⁸
1775 2381 1807 2421 a
1835 2362 2188 2420 Trachamoti

603 2474 793 2513 mense
814 2455 943 2511 Julii
964 2458 1047 2512 11.
1067 2458 1177 2524 dic,
1201 2464 1255 2512 ct
1282 2455 1336 2511 in
1368 2457 1489 2528 ipso
1516 2474 1663 2515 anno
1688 2459 1825 2515 obiit
1851 2474 1943 2513 rex
1969 2455 2098 2513 Otto
2120 2456 2187 2488 ’“

600 2548 657 2601 in
685 2548 880 2602 Roma.

672 2638 831 2692 1002.
865 2636 1091 2693 Obsedit
1119 2636 1248 2708 Sapi
1280 2646 1472 2710 eaytus
1494 2636 1697 2693 Barum
1728 2644 1939 2691 astante
1961 2634 2104 2690 Maio
2127 2634 2185 2691 2.

596 2730 686 2785 die
739 2745 913 2799 usque
974 2730 1042 2784 ad
1101 2738 1349 2785 sanctum
1409 2728 1614 2784 Lucam
1673 2744 1861 2783 mense
1902 2726 2185 2799 Octobris;

596 2828 841 2890 tuncque
898 2820 1128 2876 liberata
1182 2830 1268 2877 est
1321 2836 1420 2892 per
1487 2818 1712 2875 Petrum
1757 2820 1950 2876 ducem
2006 2820 2187 2877 Vene-

597 2922 802 2967 torum.
1822 2986 1825 2989 Α

670 3003 827 3058 1005.
844 3001 1189 3061 Obsederunt
1213 3002 1505 3061 Sarraceni
1526 3003 1767 3061 Montem
1796 3004 2102 3060 Caveosum
2121 3005 2185 3037 ’⁸⁸

600 3111 788 3153 mense
811 3096 991 3152 Martii
1017 3097 1105 3153 ⁸⁸³.

669 3185 829 3241 1005.
868 3185 1048 3241 Rediit
1078 3185 1413 3242 Durachium
1442 3186 1507 3219 ¹δ⁵
1536 3187 1592 3241 in
1616 3202 1817 3242 manus
1839 3186 2185 3257 imperatoris

599 3293 700 3350 per
728 3278 1099 3335 Theodorum.

670 3369 825 3427 1006.
870 3370 1159 3428 Descendit
1190 3371 1257 3404 M
1301 3370 1501 3442 Siphea
1542 3371 1610 3404 N
1637 3380 1938 3443 catepanus
1994 3386 2184 3426 mense

595 3460 750 3517 Julii.

668 3552 826 3608 1007.
846 3552 1145 3610 Defunctus
1170 3561 1255 3609 est
1279 3551 1539 3625 prchatus
1558 3560 1858 3623 catepanus
1880 3553 1935 3608 iu
1964 3552 2183 3610 civitate

602 3645 730 3701 Bari
754 3646 839 3701 “'.

671 3738 829 3794 1008.
887 3738 1178 3797 Descendit
1219 3739 1438 3797 Curcua
1486 3738 1555 3773 ""
1606 3740 1861 3811 patritius
1899 3741 1956 3795 in
1991 3756 2181 3797 mense

598 3826 748 3884 Maii.

668 3919 827 3977 1009.
860 3921 1071 3978 Cecidit
1102 3924 1357 3980 xmaxima
1398 3925 1517 3993 nix,
1576 3940 1645 3981 ex
1691 3941 1801 3996 qua
1832 3921 2183 3981 siccaverunt

594 4008 821 4065 arbores
849 4011 1035 4077 olivae,
1077 4020 1131 4067 et
1158 4013 1338 4084 pisces
1385 4024 1441 4072 et
1469 4015 1711 4071 volatilia
1764 4023 1983 4071 mortua
2028 4025 2177 4073 sunt.

594 4099 663 4156 Et
703 4101 761 4157 in
791 4118 981 4159 mense
1006 4103 1135 4159 Maii
1174 4107 1389 4179 incepta
1419 4119 1504 4165 est
1530 4108 1793 4179 rebellio,
1826 4119 1880 4166 et
1909 4110 1963 4165 in
1993 4126 2183 4165 mense

594 4192 827 4266 Augusti
873 4198 1408 4268 comprehenderunt
1462 4200 1751 4258 Sarraceni
1798 4203 1863 4236 ’δ’
1906 4203 2180 4260 civitatem

594 4284 865 4343 Cosentitc
883 4297 1044 4359 rupto
1070 4287 1271 4346 ftedere
1296 4292 1519 4348 nomine
1548 4294 1691 4366 cayti
1723 4292 1837 4349 Sati
1878 4295 1966 4349 ¹⁸⁰.

667 4378 827 4433 1010.
870 4377 1019 4436 Obiit
1044 4379 1281 4451 Curcua,
1305 4392 1361 4441 et
1387 4385 1672 4443 descendit
1690 4385 1931 4444 Basilius
1959 4398 2177 4460 catepao

596 4482 704 4523 nus
730 4467 1092 4528 Marsedonici
1141 4473 1209 4506 '“
1260 4490 1447 4532 mense
1494 4475 1713 4548 Martii;
1744 4487 1801 4534 et
1836 4478 2082 4537 Sillictus
2116 4482 2183 4513 ¹⁵²

597 4557 841 4615 incendit
873 4561 1023 4631 ipsos
1047 4563 1301 4622 homines
1322 4567 1376 4621 in
1407 4567 1629 4625 civitate
1658 4568 1826 4631 Trani
1856 4572 1943 4627 ³⁸³.

670 4649 829 4707 1014.
871 4651 1317 4714 VenitHenricus
1345 4658 1723 4732 “‘imperator
1744 4663 1976 4722 Romam
1990 4683 2183 4724 mense

596 4738 907 4812 Februarii,
932 4755 986 4801 et
1012 4746 1317 4806 Cassanum
1354 4752 1423 4784 ‘"
1450 4753 1734 4811 incensum
1760 4756 1815 4812 in
1848 4744 2037 4817 mense
2066 4746 2179 4815 Au-

598 4838 765 4909 gusti.

2289 2370 2344 2417 et
2360 2358 2583 2415 Samuel
2609 2375 2703 2415 rex
2732 2359 2888 2427 obiit,
2918 2368 2973 2415 et
2996 2361 3245 2430 regnavit
3266 2361 3411 2417 ﬁlius
3434 2362 3571 2433 ejus.

2360 2451 2519 2507 1016.
2558 2448 2788 2507 Occisus
2823 2459 2909 2506 cst
2937 2452 3054 2522 ipse
3083 2451 3227 2507 ﬁlius
3252 2452 3464 2522 praefati
3504 2452 3784 2513 Samuelis
3816 2457 3877 2491 m

2296 2556 2327 2596 a
2349 2559 2451 2600 suo
2476 2544 2829 2611 consobrino,
2862 2543 2974 2599 filio
3010 2544 3229 2611 Aronis,
3270 2554 3325 2600 et
3352 2547 3601 2618 regnavit
3636 2549 3778 2620 ipse.
3815 2549 3877 2607 Et

2286 2634 2485 2691 civitas
2510 2634 2721 2690 Salerni
2745 2636 2969 2691 obsessa
2994 2645 3076 2693 est
3105 2652 3135 2692 a
3168 2636 3489 2695 Sarracenis
3513 2657 3613 2712 per
3636 2658 3793 2699 mare
3826 2652 3876 2699 et

2286 2743 2385 2800 per
2407 2737 2608 2784 terram
2646 2729 2733 2783 1".

2361 2821 2520 2877 1017.
2563 2820 2710 2877 Obiit
2749 2822 2803 2877 in
2832 2821 3122 2879 Butruntio
3156 2823 3519 2883 Marsedonici
3562 2827 3630 2860 ’⁸⁸
3663 2837 3875 2900 catepa-

2287 2930 2415 2980 nus,
2451 2922 2506 2968 et
2555 2914 2607 2967 in
2653 2930 2844 2968 mense
2895 2913 3224 2971 Novembrio
3267 2915 3588 2973 interfectus
3621 2927 3715 2973 est
3750 2916 3871 2984 Leo,

2276 3003 2456 3058 frater
2476 3005 2691 3075 Argiro.
2724 3003 2789 3058 Et
2816 3005 2870 3059 in
2902 3006 3008 3061 hoc
3036 3021 3182 3061 anno
3198 3007 3479 3063 descendit
3506 3007 3777 3064 Turnichi
3812 3010 3872 3041 ¹⁸⁹

2287 3096 2534 3167 ratepani
2566 3111 2753 3151 mense
2778 3096 2924 3152 Maii.
2958 3097 3024 3153 Et
3050 3098 3177 3155 fecit
3201 3100 3453 3170 proslium
3481 3116 3607 3156 cum
3634 3100 3774 3157 Mele
3811 3102 3871 3133 ¹⁶⁸

2286 3187 2682 3243 etNormanuis
2701 3188 2809 3244 Leo
2835 3189 3063 3245 Patiano
3085 3191 3584 3248 exubitus.1terum
3612 3193 3673 3249 in
3693 3210 3872 3249 mense

2286 3281 2435 3337 Junii
2466 3283 2557 3336 22.
2602 3282 2688 3337 die
2717 3284 2973 3353 praelium
3021 3282 3152 3339 fecit
3192 3284 3453 3355 praefatus
3499 3284 3770 3342 Turnichi
3810 3287 3869 3318 ‘“

2286 3373 2555 3446 catepani,
2582 3381 2639 3428 et
2666 3373 2798 3428 vicit
2827 3373 3017 3429 Melem
3047 3384 3102 3430 et
3132 3374 3498 3444 Normannos,
3536 3385 3590 3431 et
3623 3386 3873 3435 mortuus

2285 3474 2373 3522 est
2424 3465 2653 3522 Patiano
2701 3466 2809 3533 ibi;
2860 3466 2927 3499 ιδ’
2976 3465 3254 3522 Condoleo
3312 3468 3595 3525 descendit
3646 3469 3707 3525 in
3758 3468 3872 3541 ipso

2287 3576 2452 3615 311110.

2209 3619 2257 3682 C
2361 3651 2520 3709 1018.
2558 3651 2852 3707 Descendit
2898 3650 3133 3707 Basilius
3178 3661 3496 3723 eatepanus,
3539 3652 3637 3724 qui
3671 3662 3729 3708 et
3765 3651 3868 3707 Bu-

2288 3746 2503 3817 gianus,
2527 3754 2581 3801 et
2607 3744 2862 3800 Abalanti
2902 3744 2970 3776 ¹⁶³
3009 3745 3272 3815 patricius
3303 3761 3492 3800 mense
3536 3744 3865 3801 Decembris.

2288 3838 2356 3895 Et
2390 3837 2642 3907 Ligarius
2675 3836 2983 3909 Tepoterici
3016 3838 3085 3871 ’⁸⁸
3116 3839 3241 3894 fecit
3279 3838 3533 3909 ρτωιίιιηι
3578 3838 3636 3893 in
3676 3837 3865 3905 Trane,

2286 3942 2341 3986 et
2367 3931 2584 3987 occisus
2610 3940 2693 3987 est
2723 3931 2796 3987 ibi
2820 3929 3146 3987 Joannatius
3166 3930 3661 4001 prothospatarius,
3690 3940 3745 3986 et
3766 3929 3869 3983 Ro-

2289 4022 2471 4077 moald
2502 4022 2567 4053 '"
2595 4031 2789 4093 captus
2814 4030 2919 4089 est,
2951 4030 3006 4077 et
3033 4022 3089 4076 in
3117 4020 3653 4091 Constantinopolim
3676 4022 3866 4092 depor-

2286 4124 2431 4169 tatus
2465 4122 2567 4169 est.

2358 4208 2516 4263 1019.
2560 4207 2711 4263 Fecit
2779 4207 3048 4278 proelium
3104 4205 3451 4276 supradictus
3508 4205 3758 4276 Bugiano
3816 4204 3864 4259 iu

2286 4317 2474 4355 mense
2509 4298 2762 4355 Octobris
2793 4316 2920 4355 cum
2959 4299 3187 4355 Francis
3220 4308 3276 4354 et
3314 4299 3463 4353 vicit.
3496 4296 3563 4353 Et
3590 4298 3698 4353 Mel
3740 4297 3869 4368 fugit

2285 4408 2409 4447 cum
2461 4392 2757 4463 aliquantis
2812 4389 3042 4446 Francis
3089 4390 3156 4444 ad
3202 4387 3533 4444 Enerichum
3576 4388 3867 4460 imperato—

2285 4500 2399 4540 rem
2409 4526 2420 4539 .

2357 4576 2518 4632 1020.
2564 4575 2973 4632 Descenderunt
3006 4574 3294 4631 Sarraceni
3325 4590 3450 4631 cum
3477 4573 3661 4648 Rayca
3700 4572 3787 4639 ιη,
3818 4581 3869 4626 et

2283 4670 2618 4727 obsederunt
2645 4669 2987 4726 Bisinianum
3021 4678 3077 4724 et
3113 4669 3593 4740 apprehenderunt
3620 4682 3782 4733 eam;
3818 4673 3868 4719 et

2284 4773 2535 4818 mortuus
2570 4772 2655 4818 est
2684 4762 2799 4831 ipse
2830 4762 3039 4817 admira
3070 4762 3134 4793 ¹⁶⁹
3167 4773 3222 4817 et
3246 4761 3402 4817 Melis
3425 4761 3535 4817 dux
3560 4760 3798 4830 Apulesz.

2359 4856 2516 4911 1021.
2559 4856 2765 4926 Captus
2804 4865 2887 4911 est
2916 4854 3121 4913 Dactus
3159 4855 3229 4890 ⁸⁸⁸
3250 4865 3303 4911 ct
3332 4855 3554 4910 intravit
3596 4854 3650 4909 in
3679 4852 3866 4908 civita-

1854 5026 2078 5084 VARIIE
2104 5027 2507 5085 LECTIONES.

672 5152 737 5184 ²²⁷
774 5152 1130 5225 cliyrisubulo
1165 5160 1216 5215 1.

603 5152 1266 5254 ..."I-f‘.‘21“%'b‘31‘1_‘.:--
1314 5161 1396 5254 .:"
1422 5169 1602 5254 teter
1622 5164 1769 5254 .5-.4-
1814 5166 1931 5254 ,ἐν
1947 5175 2003 5220 ει
2026 5167 2489 5254 munerarius
2506 5165 2730 5254 esset,
2752 5165 2902 5254 5.4.:
3064 5179 3171 5254 P93
3423 5164 3535 5254 ἐξεε
3559 5146 3865 5254 ἕξεἒέἕέῗὲᾸὲ

704 5239 903 5280 nearco
951 5228 1004 5280 2.
1051 5246 1269 5287 marcus
1314 5231 1367 5287 5.
1422 5237 1647 5290 marcho
1685 5237 1737 5290 4.
1814 5236 1882 5267 ¹³³
1911 5238 2199 5293 excubitus
2245 5239 2406 5292 2-4.

2506 5237 2572 5267 ’³⁵
2600 5235 2910 5305 smaralgdo
2938 5236 2989 5289 1.
3067 5233 3082 5235 ν
3105 5236 3170 5266 ¹³⁸
3198 5235 3393 5306 kaytus
3445 5235 3503 5289 2.
3553 5234 3783 5306 chaytus
3817 5233 3866 5285 5.

602 5293 670 5324 ¹³⁶
701 5295 753 5347 in
778 5296 911 5350 baro
937 5298 991 5352 2.
1072 5301 1136 5332 ⁵³⁷
1162 5304 1453 5358 tracmonti
1476 5307 1528 5359 5.
1550 5307 1716 5345 ¹³⁸οί³⁹
1739 5316 2039 5376 catapanus
2062 5318 2362 5362 constanter
2382 5308 2433 5363 2.
2516 5307 2582 5339 ¹¹⁵⁰
2610 5306 2667 5360 S.
2688 5307 2742 5360 in
2766 5293 3092 5361 uacamotto
3104 5306 3157 5360 5.
3198 5293 3321 5360 H"'0
3360 5316 3417 5361 to
3444 5307 3495 5361 1.
3567 5293 3871 5358 “’écaueo-

602 5378 723 5418 sum
751 5366 801 5419 1.
854 5366 920 5398 ⁸⁸³
942 5377 996 5423 et
1016 5371 1151 5426 nihil
1181 5372 1525 5431 profecerunt
1550 5376 1751 5431 addunt
1770 5379 1821 5431 4.
1848 5379 1926 5431 1ο.
2010 5378 2076 5409 ¹³³
2103 5380 2336 5431 eraclius
2359 5381 2409 5431 1.
2493 5378 2562 5411 ³⁸⁸
2585 5378 2843 5431 descendi
2876 5377 2925 5430 1.
3008 5376 3075 5408 “°
3092 5376 3302 5431 xvobea
3424 5377 3478 5431 4.
3558 5374 3624 5409 ³⁸⁷
3652 5375 3786 5428 baro
3815 5372 3865 5426 2.

599 5378 723 5447 sum
751 5366 801 5419 1.
854 5366 920 5447 ξ⁸³
942 5371 1151 5447 et_nihil
1180 5372 1525 5447 profecerunt
1550 5376 1751 5431 addunt
1770 5379 1821 5432 4.
1848 5366 1926 5431 1'0.

604 5433 671 5465 W'
722 5436 935 5493 curcira
990 5441 1072 5495 1⁸.

602 5574 791 5632 riehus
829 5579 882 5634 2.
990 5583 1057 5615 ¹⁸⁵
1088 5600 1353 5642 cassanus
1386 5587 1609 5641 incensa
1636 5587 1797 5642 2—4.

566 5754 577 5759 -
601 5717 655 5769 «Ι.
690 5719 725 5772 i.
758 5720 792 5774 i.
823 5738 873 5776 a.
924 5727 1111 5780 desunt
1144 5728 1195 5782 5.
1231 5730 1283 5781 4.
1326 5730 1372 5782 1.
1412 5744 1462 5781 τι.

2010 5378 2076 5409 ¹³³
2103 5380 2336 5435 eraclius
2359 5381 2409 5433 1.

1211 5443 1276 5475 “'
1321 5448 1569 5500 saraceni
1616 5458 1920 5501 constanter
1963 5449 2013 5502 1.
2071 5450 2158 5503 ubi
2207 5452 2368 5504 etiam
2400 5449 2675 5504 normani.

605 5504 671 5585 ’ξ’
700 5510 1083 5567 marcedonico
1125 5514 1175 5568 1.
1200 5530 1253 5569 a.
1292 5516 1653 5571 mascedoniti
1695 5519 1750 5572 2.
1794 5520 2113 5573 macedonia
2146 5520 2198 5574 5.
2232 5521 2587 5576 mesardoniti
2614 5521 2668 5575 5.

605 5576 791 5632 rtehus
829 5579 882 5634 2.
990 5583 1057 5615 ¹⁸⁵
1088 5600 1353 5642 cassanus
1386 5587 1609 5641 incensa
1636 5587 1797 5642 2—4.
1904 5589 1971 5620 ³⁸³
1998 5605 2056 5645 re
2091 5591 2158 5644 de
2201 5590 2381 5645 Africa
2424 5592 2575 5645 addit
2610 5593 2668 5645 1a

606 5601 791 5632 rutilus
830 5601 882 5634 τ.
992 5601 1057 5615 ’ν’
1088 5601 1353 5642 cassanus
1386 5602 1609 5641 Incensa
1636 5601 1797 5642 2—4.
1904 5601 1971 5620 "°
1998 5605 2056 5645 re
2091 5601 2158 5644 de
2201 5601 2381 5645 At‘riea
2424 5601 2575 5645 addit
2610 5601 2695 5645 1a.
2802 5601 2865 5621 ’θ’
2890 5601 2945 5642 et
2993 5601 3105 5643 mm

606 5646 689 5701 1a.
770 5650 836 5681 ¹⁸⁸
862 5655 1212 5712 marsedoniti
1235 5658 1287 5711 2.
1321 5658 1678 5712 masardouiti
1706 5660 1757 5712 5.
1796 5660 2147 5715 mesardouiti
2178 5662 2231 5715 4.
2320 5662 2386 5694 ¹⁸⁹
2422 5662 2619 5716 turnici
2648 5662 2702 5715 2.
2783 5660 2850 5690 ¹⁶⁰
2883 5676 3029 5714 mese
3055 5660 3105 5714 1-

1546 5729 1611 5759 ¹⁶³
1652 5730 1904 5783 ababanti
1934 5732 2002 5784 '1.
2043 5732 2352 5787 abalautius
2378 5733 2431 5787 4.

2493 5378 2562 5411 ita
2585 5378 2843 5434 descendi
2876 5377 2925 5430 1.
3008 5376 3075 5408 “°
3092 5376 3302 5447 xypbea
3328 5372 3381 5431 5.
3424 5377 3478 5431 4.
3558 5374 3624 5409 ¹⁸⁷
3652 5375 3786 5428 baro
3815 5372 3865 5447 2.

2783 5448 2850 5479 "‘°
2904 5444 3255 5502 nominat“.
3302 5464 3357 5501 n.
3405 5464 3455 5503 c.
3491 5462 3538 5502 s.
3591 5447 3777 5501 desunt
3816 5444 3864 5495 5.

2760 5518 2828 5551 ¹⁸¹
2854 5518 3065 5573 silictus
3090 5519 3140 5572 1.
3233 5518 3300 5549 ¹⁵³
3327 5528 3484 5573 trane
3522 5517 3577 5571 2.
3675 5516 3745 5546 m
3771 5529 3863 5567 en—

2802 5534 2827 5549 "
2854 5534 3065 5573 smetus
3090 5534 3140 5572 ι.
3327 5534 3484 5573 trane
3522 5534 3577 5571 ι.
3676 5534 3745 5546 ὐ-
3771 5534 3860 5567 en-

2802 5589 2867 5621 ’⁵⁷
2890 5597 2945 5642 et
2993 5588 3129 5643 nihil
3171 5586 3521 5659 profecerunt
3566 5587 3768 5659 addunt
3812 5584 3860 5635 4.

3185 5659 3249 5690 ¹⁶¹
3272 5660 3476 5715 turniki
3497 5660 3551 5713 2.
3632 5657 3700 5689 ¹⁸’
3737 5665 3788 5710 et
3815 5668 3858 5705 (κ

2547 5732 2614 5764 ’⁸⁵
2644 5730 2915 5800 tcpoteriti
2947 5730 3109 5784 2—4.
3200 5730 3268 5762 ¹ε⁸
3292 5731 3535 5787 romoala
3568 5730 3618 5784 1.
3660 5729 3748 5784 ia.
3782 5740 3861 5779 ro-

603 5791 745 5843 tnoal
770 5793 821 5845 5.
904 5796 967 5825 ’⁸⁸
994 5797 1174 5851 ιἐξιίυιι
1216 5799 1291 5852 la.
1374 5798 1437 5830 ¹⁶⁷
1469 5800 1697 5853 ammira
1736 5801 1816 5853 Ia.
1864 5803 2035 5855 amira
2066 5803 2119 5856 2.
2148 5803 2311 5858 amita
2342 5805 2392 5858 5.
2475 5802 2540 5834 ’⁸⁸
2570 5791 2749 5857 dictus
2780 5802 2825 5854 1.
2853 5802 3035 5854 (lattus
3058 5801 3111 5853 2.
3145 5803 3198 5856 4.
3232 5802 3283 5855 5.
