3972 6296
213 386 319 445 157

1634 389 2045 454 CHRONICON.

3396 415 3502 472 138

216 504 595 573 Agarenorum
617 500 1048 572 multitudinem,
1072 509 1127 560 et
1156 501 1279 560 tulit
1299 503 1518 561 obsides
1542 505 1611 538 ²ί⁰
1640 521 1708 562 ex
1730 506 1811 563 ci-
1838 510 1885 572 Α
1914 508 2062 564 mite.
2098 507 2204 566 Sed
2253 507 2521 572 Robur-tus
2548 511 2678 581 dux,
2726 513 2902 586 ejecto
2924 515 3158 576 Petrono
3183 521 3286 593 3",
3335 526 3512 585 intro.

215 595 386 648 vitate
409 592 728 650 Panhormi.

289 685 448 740 1066.
491 684 762 743 Lofredus
803 687 873 720 ²⁶¹
909 702 1116 755 comes,
1152 687 1300 744 ﬁlius
1343 685 1606 757 Petronii,
1641 689 1816 746 voluit

219 774 298 830 ire
327 777 384 830 in
415 775 745 851 Romaniam
787 793 912 834 cum
940 779 1112 834 multa
1142 787 1322 851 gente,
1349 779 1447 836 sed
1497 781 1710 836 obstitit
1735 781 1814 838 illi

218 867 440 939 quidam
463 868 660 926 ductor
681 870 1000 928 (imorum
1023 871 1245 928 nomine
1267 871 1578 930 Mambrita.
1612 874 1679 929 Et
1707 875 1815 934 hoc

219 978 364 1017 anno
417 964 674 1036 princeps
727 963 997 1020 Ricardus
1047 964 1271 1020 intravit
1317 974 1521 1022 terram
1575 967 1813 1040 Campa-

219 1056 320 1112 nise
362 1057 456 1124 ²⁶³,
515 1057 841 1129 obseditque
889 1058 1222 1129 Ciperanum
1248 1099 1263 1124 ,
1301 1067 1360 1114 et
1402 1059 1815 1130 comprehendit

219 1161 357 1214 eam,
393 1157 452 1204 et
482 1149 817 1206 devastaado
844 1165 1019 1220 usque
1053 1149 1286 1205 Romam
1308 1151 1577 1220 pervenit.

285 1241 446 1297 1067.
493 1241 552 1297 In
587 1259 777 1300 mense
809 1243 938 1298 Maii
973 1254 1224 1300 mortuus
1247 1255 1334 1301 est
1355 1246 1750 1303 Constantinus
1777 1261 1812 1303 o

215 1331 395 1389 Ducos
429 1334 748 1405 imperator,
799 1345 854 1392 et
905 1335 1148 1404 Michail,
1191 1337 1339 1394 ﬁlius
1381 1339 1522 1409 ejus,
1570 1339 1813 1410 suscepit

215 1426 528 1497 imperium.
567 1427 632 1482 Et
662 1428 769 1484 hoc
805 1444 952 1484 anno
981 1429 1238 1500 apparuit
1263 1429 1419 1486 stella
1466 1430 1728 1497 cometis;
1757 1438 1814 1486 et

214 1535 396 1576 eomes
432 1519 789 1577 Normannus
816 1521 1088 1579 Robertus
1116 1521 1244 1578 fecit
1267 1523 1468 1580 bellum
1499 1538 1626 1580 cum
1653 1524 1812 1580 Aral-

213 1610 278 1666 do
304 1611 374 1642 ’“
402 1626 533 1682 rege
564 1612 886 1683 Anglorum,
935 1623 990 1669 et
1016 1613 1148 1669 vicit
1189 1612 1463 1670 Robertus
1486 1614 1577 1683 ηδ,
1620 1615 1716 1686 qui
1755 1624 1812 1672 et

213 1701 386 1759 factus
419 1713 508 1760 est
526 1720 624 1760 rex
648 1720 814 1776 super
841 1713 1056 1776 gentem
1079 1706 1404 1779 Anglorum.

277 1796 436 1852 1068.
481 1795 544 1851 In
587 1796 655 1851 16
680 1797 772 1852 die
815 1798 1022 1855 mensis
1061 1797 1345 1855 Februarii
1388 1798 1663 1857 Robertus
1697 1801 1810 1858 dux

1917 600 2016 656 ivit
2049 601 2106 656 in
2141 600 2316 672 ipsam
2338 602 2612 664 civitatem
2641 605 2698 661 in
2741 609 3125 679 puriﬁcatione
3152 627 3356 674 sancta:
3391 617 3510 677 Ma-

1916 707 2032 748 nae.

1988 781 2146 838 1076.
2187 781 2630 858 Comprehensus
2675 801 2762 848 est
2787 793 3010 864 quidam
3048 812 3220 868 nepos
3261 801 3508 865 Africani

1914 875 2060 946 regis
2096 891 2128 931 a
2169 873 2425 949 Rogerio,
2467 879 2638 938 fratre
2661 884 2818 941 ducis
2858 885 3082 944 Roberti
3121 892 3211 960 ³⁷⁷,
3243 895 3340 964 qui
3368 911 3510 966 prat-

1913 977 2034 1024 erat
2086 967 2314 1039 Siciliae,
2351 988 2476 1028 cum
2525 975 2630 1030 150
2671 977 2903 1035 navibus
2959 980 3015 1036 in
3067 982 3285 1042 civitate
3321 985 3506 1045 Maza-

1914 1059 1995 1116 ria
2045 1063 2135 1117 "3.
2194 1063 2263 1119 Et
2307 1064 2413 1121 hoc
2466 1082 2612 1122 anno
2663 1069 2813 1124 dedit
2859 1072 3119 1142 prazfatus
3173 1078 3284 1133 dux
3335 1079 3507 1138 ﬁliam

1915 1168 2072 1210 suam
2101 1154 2215 1227 (66)
2238 1171 2440 1213 nurum
2469 1159 2540 1191 ’τ’
2566 1159 2876 1231 imperatori
2905 1163 3432 1242 Constantinopolis.

1985 1246 2144 1302 1077.
2185 1245 2422 1305 Obsessa
2455 1259 2540 1306 est
2566 1253 2760 1310 civitas
2793 1253 3006 1312 Salerni
3041 1275 3072 1314 a
3105 1260 3344 1320 Roberto
3365 1265 3506 1324 duce

1911 1336 2376 1409 Normannorum,
2415 1351 2470 1398 et
2497 1345 2889 1415 comprehensa
2912 1358 2996 1404 est
3023 1351 3093 1406 ab
3114 1368 3199 1409 eo.

1986 1433 2143 1490 1078.
2184 1433 2419 1492 Obsessa
2448 1446 2532 1492 est
2557 1436 2810 1508 Neapolis
2837 1457 2868 1495 a
2898 1439 3136 1499 Ricardo
3155 1446 3420 1518 principe,
3449 1459 3506 1506 et

1912 1525 2140 1584 minime
2166 1529 2600 1599 comprehensa;
2636 1539 2690 1586 et
2718 1529 2989 1590 Robertus
3026 1537 3136 1592 dux
3161 1538 3374 1595 obsedit
3399 1541 3505 1597 Be-

1912 1625 2226 1686 neventum,
2250 1619 2344 1676 sed
2373 1620 2492 1691 ejus
2526 1621 2777 1678 obsessio
2809 1623 3071 1696 dissipata
3103 1637 3187 1684 est
3207 1644 3239 1684 a
3265 1628 3501 1690 Rodull‘o

1910 1705 2106 1780 Pipino
2129 1711 2346 1768 comite.
2380 1711 2447 1768 Et
2486 1713 2592 1770 hoc
2613 1729 2760 1770 anno
2791 1715 2928 1772 obiit
2948 1718 3205 1788 prtefatus
3233 1720 3501 1782 Ricardus

1911 1817 2183 1874 princeps.

214 1889 418 1946 obsedit
439 1889 724 1947 civitatem
750 1892 974 1952 nomine
991 1891 1526 1964 Montempillosum;
1552 1894 1646 1950 ubi
1666 1897 1803 1952 nihil
1837 1884 1880 1944 Β
1980 1895 2138 1953 1079.
2179 1897 2406 1956 Intravit
2429 1896 2699 1957 Petronus
2735 1901 2792 1958 in
2820 1901 3054 1959 Trancm
3074 1922 3087 1972 ;
3111 1914 3165 1961 et
3187 1910 3384 1963 darum
3409 1924 3503 1965 re-

212 1983 520 2054 proﬁciens,
555 2000 682 2039 eum
713 1985 906 2056 paucis
940 1985 1077 2042 abiit
1095 1983 1389 2055 Obianum,
1418 1995 1476 2042 et
1496 1987 1638 2058 cepit
1657 2003 1800 2044 eam.

211 2073 270 2129 Et
301 2091 367 2130 ex
400 2075 708 2132 traditione
755 2076 1044 2148 cujusdam
1098 2075 1363 2134 Cotifredi
1419 2079 1642 2135 intravit
1685 2079 1804 2150 ipse

208 2167 308 2223 du
333 2167 390 2222 in
415 2167 709 2238 praefatam
730 2168 1006 2225 civitatem
1029 2167 1437 2240 Montispillosi.

275 2282 426 2338 1069.
466 2282 528 2338 1n
562 2299 754 2339 mense
777 2283 1112 2354 Septembris
1137 2283 1400 2356 praefatus
1445 2284 1556 2341 dux
1589 2284 1800 2342 Bober-

220 2381 303 2430 tus
321 2373 386 2407 ¹⁶³
412 2376 633 2431 obsedit
661 2377 937 2432 civitatem
974 2376 1130 2446 Bari;
1163 2387 1218 2434 et
1245 2376 1492 2436 Romano
1517 2377 1797 2450 Diogenis,

220 2467 310 2536 qui
330 2483 448 2523 cum
471 2467 703 2540 prrefato
725 2467 946 2525 Michail
967 2470 1217 2543 privigno
1242 2485 1347 2527 suo
1381 2471 1597 2528 tenebat
1629 2470 1802 2542 impe-

212 2559 368 2626 rium,
423 2557 618 2617 fraude
663 2561 912 2632 praedicti
963 2561 1183 2618 Michail
1231 2563 1466 2636 privigni
1518 2565 1605 2621 sui
1654 2565 1799 2636 apud

205 2651 470 2723 quandam
500 2653 779 2710 civitatem
817 2653 1096 2711 Armenia:
1130 2655 1200 2688 ³⁸⁸
1225 2654 1340 2727 (65)
1368 2657 1798 2728 comprehensus

203 2753 251 2800 et
278 2755 516 2802 emeatus
536 2755 642 2804 est.

269 2836 420 2892 1070.
457 2837 650 2895 Mense
662 2837 910 2895 Januarii
933 2853 1191 2912 magnum
1211 2840 1569 2897 homicidium
1589 2840 1796 2898 factum

202 2928 356 2982 estin
402 2928 634 2984 civitate
668 2928 993 2997 Brundusii;
1040 2945 1170 2986 nam
1215 2929 1513 2987 Normanni
1551 2932 1797 2989 volentes

201 3028 311 3070 eam
337 3019 828 3088 comprehendere,
869 3019 1004 3074 tenti
1049 3028 1180 3076 sunt
1205 3036 1273 3076 ex
1313 3022 1394 3077 eis
1434 3022 1796 3095 quadraginta

203 3121 316 3164 cum
351 3110 480 3166 aliis
510 3125 708 3167 eorum
739 3110 1010 3183 ministris
1040 3113 1406 3184 quadraginta
1427 3115 1624 3182 tribus,
1649 3124 1704 3172 et
1725 3116 1794 3149 ⁸⁸⁷

204 3202 367 3272 capita
393 3203 650 3260 omnium
675 3204 1058 3276 praadictorum
1083 3205 1151 3260 ad
1180 3205 1564 3277 imperatorem
1593 3208 1792 3280 depor-

205 3300 302 3349 tata
325 3305 474 3352 sunt.

247 3385 418 3444 ‘1071.
461 3387 740 3448 Robertus
769 3390 881 3448 dux
915 3392 1141 3449 intravit
1169 3390 1672 3464 Brundusiapolim,
1705 3393 1777 3449 di.

203 3479 358 3536 missa
401 3492 532 3538 ante
579 3481 786 3540 Barum
829 3485 1147 3554 obsidione;
1195 3501 1323 3542 nam
1351 3487 1468 3556 ipse
1511 3485 1622 3540 dux
1662 3484 1787 3542 fecit

203 3570 307 3626 ﬁeri
337 3582 562 3644 pontem
591 3575 646 3630 in
679 3577 842 3643 mari,
865 3585 1142 3647 quatenus
1171 3577 1244 3610 ’⁸⁸
1269 3576 1622 3632 concluderet
1661 3591 1791 3647 por-

199 3672 306 3719 tum
333 3664 579 3735 praefatae
608 3667 762 3722 urbis
795 3665 941 3722 Bari.
993 3666 1109 3723 Hoc
1145 3667 1314 3724 etiam
1347 3681 1495 3722 anno
1538 3667 1665 3722 dolo
1691 3682 1790 3722 cu-

195 3755 401 3826 jusdam
431 3757 713 3830 Argirichi
757 3759 848 3827 ³⁸³,
881 3759 978 3815 ﬁlii
1004 3758 1292 3827 Joaunaci,
1339 3759 1558 3815 occisus
1582 3768 1666 3815 est
1691 3759 1780 3814 Bi-

195 3847 396 3904 santius
423 3859 797 3921 cognomento
821 3851 1138 3909 Guirdeliku
1165 3852 1236 3884 ⁸⁷⁸
1262 3852 1316 3906 in
1345 3851 1506 3907 Baro.
1542 3849 1609 3906 Et
1629 3853 1694 3883 "”
1728 3853 1784 3910 in

194 3937 259 3993 15
280 3940 368 3996 die
402 3942 616 3998 mensis
645 3941 852 4013 Aprilis
881 3943 1024 4015 cepit
1057 3943 1333 4000 Robertus
1361 3943 1474 3998 dux
1509 3942 1785 4001 civitatem

189 4025 330 4099 Bari,
371 4041 429 4088 et
475 4034 532 4089 in
580 4049 772 4091 mense
797 4033 924 4090 Julii
951 4037 1062 4092 dux
1100 4037 1394 4108 praedictus
1427 4037 1782 4099 transmeavit

186 4120 447 4180 Adriatici
475 4127 649 4183 maris
675 4127 901 4200 pelagus
927 4131 1274 4201 perrexitque
1295 4128 1537 4186 Siciliam
1561 4146 1686 4187 cum
1713 4122 1785 4187 58

183 4216 439 4274 navibus.

253 4307 418 4364 1072.
460 4308 650 4368 Mense
676 4311 922 4369 Januarii
959 4316 1030 4348 ⁸⁷³
1061 4315 1148 4372 die
1182 4315 1250 4371 10
1289 4315 1536 4372 introivit
1571 4315 1782 4374 Rober-

179 4403 271 4454 tus
294 4400 410 4457 dux
434 4403 492 4457 in
524 4402 900 4462 Panhormum
931 4408 1209 4486 civitatem
1238 4406 1456 4465 Siciliae.

247 4493 416 4550 1073.
455 4495 804 4555 Intraverunt
840 4501 1018 4570 primo
1061 4502 1132 4534 ’⁷³
1184 4498 1482 4558 Normanni
1532 4503 1586 4557 in
1642 4501 1778 4558 Tra-

172 4594 304 4640 ncm
331 4587 405 4618 ""
443 4589 500 4643 in
529 4599 724 4646 octava
752 4593 1056 4663 epiphanize
1123 4608 1248 4649 cum
1296 4593 1534 4650 Petrono
1579 4593 1647 4626 ’⁷⁸
1677 4608 1774 4649 co-

1904 1987 2146 2058 bellavit,
2171 1991 2346 2062 ejecto
2368 1993 2565 2050 exinde
2586 1995 2842 2064 praesidio
2863 1996 3039 2053 ducis.
3068 1996 3136 2052 Et
3155 1997 3500 2070 Bajalardus,

1903 2080 2050 2138 ﬁlius
2080 2081 2352 2141 Umfredae
2373 2084 2466 2152 ³⁸⁸,
2483 2086 2895 2156 comprehendit
2917 2088 3198 2144 Ascolum.
3223 2089 3290 2145 Et
3314 2091 3369 2146 in
3393 2092 3503 2147 hoc

1903 2186 2048 2228 anno
2070 2174 2278 2246 ejectus
2293 2186 2379 2234 est
2401 2179 2700 2249 imperator
2719 2180 3010 2250 praedictus
3023 2181 3241 2238 Michail
3257 2199 3288 2238 a
3306 2199 3499 2257 regno,

1901 2273 1955 2321 et
1983 2265 2254 2324 Botoniati
2285 2269 2352 2306 ²⁸¹
2382 2271 2605 2341 quidam
2637 2270 2817 2328 factus
2842 2273 3156 2344 imperator,
3187 2275 3284 2344 qui
3304 2275 3499 2332 abstu-

1901 2359 1964 2414 lit
1993 2359 2221 2430 praefato
2253 2361 2475 2419 Michail
2524 2379 2772 2430 uxorem,
2818 2373 2872 2419 et
2911 2365 3122 2420 abusus
3157 2374 3240 2421 est
3266 2380 3331 2421 ea
3357 2366 3494 2438 (67).

1899 2449 2015 2506 Hoc
2043 2466 2189 2508 anno
2212 2451 2317 2509 fuit
2341 2455 2650 2511 mortalitas
2672 2455 2958 2510 hominum
2987 2455 3043 2510 in
3072 2454 3296 2512 Matera.

1973 2546 2132 2604 1080.
2174 2546 2461 2604 Inventum
2483 2557 2568 2606 est
2587 2564 2788 2619 corpus
2811 2548 2956 2604 beati
2977 2547 3240 2606 Canionis
3255 2549 3310 2604 in
3327 2548 3499 2606 Ache-

1899 2641 2083 2696 runtia
2119 2640 2188 2674 ¹⁸²
2209 2642 2280 2697 ab
2313 2641 2555 2698 Arnaldo
2586 2642 3024 2714 archiepiscopo,
3052 2651 3105 2698 et
3136 2643 3279 2699 idem
3315 2645 3498 2700 archi-

1897 2735 2192 2805 episcopus
2231 2744 2555 2793 construere
2591 2735 2758 2806 ctepit
2800 2750 3005 2790 novum
3040 2735 3402 2806 episcopium,
3440 2737 3495 2792 id

1897 2836 1982 2883 est
2029 2829 2319 2885 ecclesiam
2370 2837 2574 2885 sancta:
2616 2827 2712 2884 Dei
2747 2826 2936 2884 Matris
2967 2826 3170 2884 Mariae.
3206 2827 3319 2884 Hoc
3347 2844 3495 2884 anno

1899 2921 2091 2978 civitas
2122 2913 2248 2978 Bari
2286 2938 2504 2980 reversa
2529 2931 2616 2980 est
2663 2923 2719 2978 in
2749 2931 3019 2994 potestate
3042 2923 3265 2980 Robcrti
3298 2924 3490 2994 ducis;

1897 3023 1952 3072 et
1972 3017 2117 3072 idem
2148 3017 2259 3073 dux
2287 3017 2502 3073 obsedit
2553 3017 2828 3072 civitatem
2856 3015 3100 3086 Tarenti,
3131 3027 3186 3074 et
3217 3018 3273 3074 in
3303 3035 3494 3078 mense

1897 3108 2100 3179 Aprilis
2149 3110 2560 3181 comprehendit
2609 3125 2764 3178 eam;
2827 3118 2881 3166 et
2915 3110 2986 3144 ’⁸³
3031 3111 3230 3168 iterum
3278 3112 3494 3170 obsedit

1897 3197 2321 3255 Castellanetam
2351 3199 2442 3269 ⁵⁸⁸⁵,
2475 3210 2528 3257 et
2562 3201 2707 3272 cepit
2735 3217 2878 3257 eam.
2913 3200 2978 3258 Et
3008 3202 3114 3258 hoc
3146 3218 3290 3258 anno
3319 3204 3492 3274 impe-

1895 3299 2046 3348 rator
2068 3291 2286 3347 Michail
2315 3291 2600 3356 descendit
2622 3295 2676 3349 in
2700 3294 2977 3366 Apuliam,
3011 3295 3306 3365 querendo
3331 3296 3492 3351 auxi-

1891 3384 2026 3440 lium
2056 3401 2086 3440 a
2113 3384 2354 3442 ﬂoberto
2381 3387 2520 3444 duce
2546 3396 2739 3444 contra
2769 3387 3044 3444 Botaniati
3075 3388 3144 3421 ’⁸⁸
3175 3388 3308 3461 (68).
3340 3388 3408 3445 Et
3432 3391 3491 3447 in

1891 3493 2080 3534 mense
2106 3477 2238 3534 Julii
2264 3478 2335 3534 26
2360 3479 2431 3512 ⁸⁸⁸
2459 3480 2548 3536 die
2579 3480 2828 3549 ejusdem
2857 3479 3065 3535 mensis
3095 3488 3350 3536 mortuus
3399 3491 3492 3538 est

1892 3569 2164 3626 Robertus
2183 3585 2372 3627 comes
2394 3571 2632 3626 eximius
2653 3570 2746 3636 ⁸⁸⁷,
2777 3578 2831 3626 et
2851 3569 3011 3640 ejecti
3034 3576 3165 3625 sunt
3185 3567 3491 3626 Normanni

1889 3661 1958 3718 de
1984 3663 2190 3718 Matera
2229 3663 2500 3730 secundo;
2533 3671 2589 3718 et
2628 3663 2794 3732 coepit
2825 3678 3056 3734 regnare
3097 3662 3362 3738 Lofrcdus
3387 3679 3489 3720 eo»

1891 3743 2028 3821 mes,
2054 3754 2200 3810 ﬁlius
2229 3754 2370 3824 ejus,
2402 3770 2502 3825 pro
2531 3769 2598 3810 eo
2628 3754 2684 3810 in
2713 3753 2937 3822 Matera,
2974 3756 3030 3810 in
3065 3756 3251 3830 vigilia
3281 3766 3490 3816 sancta

1889 3847 2075 3904 Maria:
2097 3862 2285 3902 mense
2313 3846 2566 3919 Augusti.

1961 3939 2120 3996 1081.
2162 3935 2432 3996 Robertus
2455 3939 2566 3995 dux
2605 3939 2829 3995 intravit
2857 3939 3126 3997 Tricarim
3166 3957 3355 4000 mense
3375 3940 3484 4000 Oc-

1885 4034 2082 4091 tobris.
2107 4032 2174 4089 Et
2203 4033 2259 4088 in
2282 4048 2470 4090 mense
2501 4031 2703 4103 Aprilis
2727 4032 2996 4090 Archirici
3026 4035 3265 4105 perrexit
3285 4036 3355 4091 ad
3382 4035 3486 4099 Mig-

1870 4127 2100 4182 'chalam
2138 4142 2322 4199 regem
2363 4125 2704 4192 Sclavorum,
2743 4125 3002 4197 deditque
3028 4126 3149 4197 ejus
3187 4126 3298 4184 ﬁlio
3324 4143 3482 4184 suam

1886 4220 2055 4276 ﬁliam
2091 4235 2340 4286 uxorem,
2387 4228 2442 4276 et
2494 4218 2766 4275 Robertus
2799 4219 2910 4275 dux
2955 4233 3068 4274 cun
3120 4219 3348 4290 praefato
3381 4219 3484 4275 Mi-.-

1885 4313 2072 4370 cbaele
2095 4313 2422 4384 imperatore
2445 4312 2688 4384 perrexit
2707 4311 3020 4379 ldrontum;
3056 4312 3356 4384 missisque
3380 4327 3483 4368 an-

1885 4414 1972 4462 tea
1998 4406 2227 4462 navibus
2265 4405 2322 4460 in
2373 4405 2552 4461 insula
2595 4403 2786 4459 Corifo
2814 4404 2906 4471 ⁸⁸⁸,
2952 4419 3076 4476 quae
3106 4403 3482 4475 apprehende-

1883 4508 2014 4554 runt
2055 4514 2197 4565 eam,
2249 4498 2343 4554 ubi
2387 4507 2443 4552 et
2475 4498 2593 4569 ipse
2620 4504 2746 4568 post
2775 4497 2845 4530 ³³⁸
2890 4497 3175 4568 paululum
3207 4512 3316 4552 una
3351 4512 3477 4553 cum

1883 4590 2212 4663 imperatore
2236 4590 2634 4658 translretavit,
2664 4598 3077 4661 posueruntque
3097 4590 3152 4646 in
3177 4605 3366 4648 mense
3387 4587 3481 4644 Ju-

1515 4695 1747 4810 γωδ
1786 4725 2199 4784 LECTIONES.

245 4835 322 4913 "f
349 4837 700 4913 obsidionem
729 4839 784 4913 4.
811 4841 894 4896 1⁸.
971 4842 1041 4875 ³⁸⁸
1077 4842 1336 4901 loﬁ‘redus
1365 4844 1419 4898 4.
1496 4843 1565 4875 '“
1591 4842 1875 4913 capitanize
1903 4843 1956 4897 3.
2034 4841 2105 4874 ³⁸³
2135 4842 2365 4898 arnaldo
2396 4843 2446 4898 1.
2490 4843 2570 4898 1ο.
2595 4844 2649 4898 4.

171 4901 342 4962 2-4.
442 4909 513 4940 ³⁵⁸
541 4911 830 4967 arthemia:
863 4913 915 4967 1.
960 4914 1208 4970 arthenie
1228 4915 1285 4969 2.
1336 4913 1538 4969 arteria
1569 4914 1622 4967 3.
1655 4901 1898 4969 arctenia
1935 4913 2018 4968 1a.

1577 4985 1648 5056 ’το
1673 4985 1940 5054 girdeliku
1963 4984 2019 5056 1.
2039 4982 2431 5056 guirdelithum
2454 4986 2506 5056 3,
2532 4985 2943 5056 guinderlichus
2971 4984 3026 5038 4.
3053 4982 3360 5056 guirdeliku
3385 4983 3470 5039 1³.

173 4973 599 5057 t._conan_tis_5._
708 4983 1372 5057 “'_arzerizi1.argirigi
1415 4985 1469 5057 3_.

2728 4842 2800 4876 ’⁸⁸
2825 4852 2969 4898 deest
2991 4841 3046 4897 2.
3077 4843 3129 4896 5.
3217 4840 3288 4873 ’⁸⁸
3317 4841 3470 4896 decu

2110 4913 2178 4985 1"
2207 4913 2413 4985 reliqua
2439 4916 2565 4968 anni
2589 4914 2778 4969 desunt
2811 4915 2862 4969 1.
2890 4915 2996 4985 18.7
3051 4913 3471 4985 '“Aqtlattltlsgo

175 5044 246 5138 ξ’
268 5050 544 5138 etr'Bari
561 5052 756 5138 desu_nt
779 5055 902 5138 με..
933 5056 1004 5138 ’ξ’
1020 5055 1162 5138 Ῑιιῐῄἰ
1183 5044 1244 5138 ς
1289 5044 1379 5138 ’δέ’
1401 5053 1525 5138 p10:
1550 5044 1809 5138 (plures?)
1961 5044 2198 5138 ’ζξΪΒπο
2222 5058 2302 5112 1⁸.
2335 5044 2573 5138 ιεωιιέέ.
2599 5064 2818 5138 taranto
2922 5044 3082 5138 trarii):
3093 5055 3146 5138 4:
3208 5054 3292 5138 _""
3316 5063 3476 5138 petro

177 5114 241 5191 ᾖ.
304 5121 380 5152 ³⁷⁸
409 5131 643 5191 patrono
680 5126 731 5180 1.
834 5127 902 5160 ³⁷⁷
931 5114 1076 5181 deest
1102 5126 1157 5180 2.
1190 5127 1244 5181 5.
1275 5127 1331 5182 4.

1436 5126 1506 5159 ’⁷⁸
1537 5126 1794 5181 marzaia
1829 5127 1882 5182 3.

1991 5127 2064 5158 ³⁷⁸
2094 5143 2321 5183 uxorem
2350 5128 2403 5182 3.
2479 5126 2550 5159 ²⁸⁰
2587 5125 2819 5182 umfredi
2843 5125 2896 5178 1.
3003 5124 3078 5183 ,²⁸¹
3130 5124 3380 5181 botamiti
3415 5125 3466 5181 1.

177 5185 246 5217 ³³³
277 5179 586 5250 ache'runta
618 5179 669 5250 1.
696 5179 818 5229 ³⁸³
841 5205 896 5254 et
914 5179 1444 5252 armaarma.
1519 5179 2002 5254 meummeum
2027 5198 2080 5253 1.
2102 5179 2717 5255 ἾδίῶεἶῆθωθιΙΙξΠ
2741 5179 2818 5228 ῖάέ
2844 5179 3060 5252 XXVII.
3085 5179 3156 5251 2."
3177 5179 3191 5181 ⁷
3214 5179 3470 5254 «rem

177 5265 532 5331 magnanimo
553 5274 610 5322 et
625 5267 832 5324 eximio
859 5269 941 5323 1-.
1019 5269 1089 5301 ³⁸⁸
1114 5267 1271 5325 corfu
1295 5269 1346 5323 1.
1425 5267 1496 5301 ³⁸⁸
1517 5268 1671 5339 prius
1706 5268 1759 5324 3.

1720 5381 1951 5443 ΝΟΤιΕ.

217 5563 231 5574 .
251 5494 364 5566 (65)
403 5499 560 5570 Apud
588 5499 822 5575 Z‘ahram
844 5501 1329 5575 Armeniaeurbem
1354 5500 1512 5575 1071,
1530 5501 1607 5575 24
1629 5501 1768 5575 A_ug.

183 5570 701 5644 “diligit-791'.
740 5574 906 5628 etiam
942 5572 1168 5644 Niceph.
1197 5572 1420 5630 Brienn.
1454 5570 1495 5632 l.
1522 5572 1625 5629 25⁸
1660 5570 1770 5629 Ζό-

189 5649 300 5691 nar.
331 5639 518 5708 XVIII,
552 5643 641 5708 14,
686 5643 772 5699 15.

256 5708 364 5780 (66)
384 5711 662 5784 jlelenam
711 5711 970 5784 sponsam
1030 5715 1390 5774 Constantino
1445 5715 1626 5771 Ducze.
1678 5714 1764 5772 Cf.

192 5779 336 5836 Anna
370 5782 651 5840 Comnena
672 5779 758 5842 ed:
804 5787 930 5844 Par.
975 5787 1016 5857 Ι,
1043 5805 1164 5862 pag.
1209 5788 1300 5857 25,
1325 5787 1416 5856 27,
1439 5787 1530 5844 28.
1566 5786 1767 5860 (Zona-

196 5862 276 5904 ras
293 5850 476 5921 XVIII,
509 5857 622 5921 17.)

196 5862 276 5904 ras
297 5862 476 5925 unt,
509 5862 596 5911 17.

495 5954 770 6014 ΡΑτιιοι..
808 5954 984 6018 CLV.

1930 5501 2060 5576 ·(67)
2095 5501 2438 5576 Nicephorus
2474 5499 2707 5576 Brienn;
2730 5497 2818 5567 ΙΙΙ,
2854 5498 3472 5576 24,?_§;_Anr_ta_(}om~

1874 5569 2017 5630 nena
2041 5569 2137 5644 ed.
2166 5569 2292 5628 Par.
2329 5572 2417 5641 Ill,
2441 5572 2636 5644 p.73;
2672 5571 2916 5628 Zonaras
2940 5569 3130 5639 XVIII,
3159 5571 3248 5644 18,
3273 5570 3360 5626 19.

1945 5645 2057 5716 (68)
2097 5643 2216 5700 Non
2259 5641 2459 5700 verum‘
2487 5641 2668 5716 fuisse
2708 5644 3095 5716 imperatorem
3129 5642 3246 5716 sed
3275 5655 3469 5716 mona-

1873 5709 2381 5788 chum'_quemdam,
2405 5715 2500 5788 qui
2523 5715 2642 5788 haec
2660 5709 2898 5788 ﬁnxerit,
2920 5713 3094 5788 tradit
3111 5712 3270 5788 Alma
3297 5709 3466 5788 Com-

1871 5803 2014 5844 nena
2047 5782 2099 5853 l,‘
2130 5803 2184 5859 p.
2234 5787 2326 5859 28,
2367 5782 2470 5857 ‘29;
2525 5785 2755 5845 Michael
2796 5784 3106 5841 patriarcha
3152 5782 3466 5856 Ephesinul

1872 5857 2156 5916 ordinatus
2180 5857 2333 5914 obiit.
