3990 6298
493 331 594 392 με
1749 324 2084 382 EPISTOLA
2119 325 2505 382 ENCYCLICA
3662 325 3763 382 tu

481 460 698 513 omnes,
723 459 863 516 quos
886 443 960 498 ibi
989 443 1334 511 invenerunt,
1362 444 1698 499 occiderunt.
1730 440 1926 494 Fertur
1973 457 2074 495 au—
2106 446 2153 504 Α
2182 440 2248 493 ad
2282 439 2458 493 solum
2492 452 2666 507 usque
2695 445 2978 507 perducta.
3011 437 3076 491 Et
3095 453 3153 491 in
3183 436 3288 492 hoc
3312 450 3458 491 anno
3478 435 3548 492 de
3577 451 3763 496 mense

478 543 589 590 tem
613 537 794 594 occisa
827 552 949 593 esse
973 537 1047 592 ibi
1067 536 1174 591 200
1197 537 1345 591 milia
1367 536 1670 591 hominum.
1706 529 1770 585 Et
1811 539 1943 586 tunc
1991 531 2071 586 le-
2180 527 2515 599 Septembris
2546 535 2797 583 mortuus
2828 537 2914 583 est
2935 528 3210 584 Goﬂridus
3237 543 3445 592 comes,
3467 536 3522 582 et
3541 529 3763 586 Alexius

477 637 750 683 vavcrunt
770 626 875 684 sibi
897 627 1183 683 christiani
1208 641 1390 698 regem
1412 619 1795 688 Gotofredum,‘
1813 621 1907 691 qui
1950 619 2071 676 fue-
2177 621 2266 688 ³⁷⁸,
2301 621 2446 676 ﬁlius
2469 621 2608 690 ejus,
2649 620 2872 675 intravit
2923 619 3225 687 Materiem,
3275 630 3331 677 et
3383 622 3669 692 superiora
3694 622 3762 656 ³⁷⁸

478 727 565 771 rat
591 713 898 776 Suevorum
950 721 1082 776 dux.
1136 717 1204 774 Et
1249 720 1316 773 de
1376 731 1564 772 mense
1601 713 1729 768 Julii
1780 714 2071 783 praedictus
2174 723 2459 782 cmperunt
2481 711 2716 767 habitari
2747 711 2816 744 ³⁷⁷
2846 727 2877 766 a
2912 710 3286 768 Montensibus
3333 712 3423 768 ³⁷⁸.
3467 711 3583 768 Hoc
3618 729 3762 770 anno

477 823 619 878 papa
666 810 924 870 Urbanus
970 814 1144 880 obiit,
1201 820 1256 866 et
1316 810 1521 866 electus
1570 807 1639 839 “'
1684 816 1771 862 est
1828 806 2070 863 Pascalis
2173 803 2602 860 obiitArnaldus
2626 804 3075 875 archiepiscopus
3096 806 3536 875 Acherontinus,
3567 817 3622 864 et
3651 807 3762 864 Ro-

483 912 551 966 pa
559 916 647 968 pa.
2173 896 2352 966 gerius
2375 910 2560 950 comes
2591 893 2792 950 Sicilia:
2814 896 2885 928 ³⁷⁸
2911 895 2964 949 in
2989 912 3176 953 mense
3196 895 3342 952 Junii
3373 899 3463 952 πο.

551 991 712 1046 1100.
741 993 991 1050 Mortuus
1016 1003 1100 1050 est
1135 989 1463 1047 Gotofredus
1513 988 1804 1060 prcedictus
1833 989 1902 1043 ab
1938 1002 2070 1043 urso
2244 987 2403 1041 “0‘2.
2444 985 2521 1042 De
2549 1003 2740 1043 mense
2761 986 3086 1045 Novembris
3144 990 3280 1045 obiit
3307 989 3618 1059 Stephanus
3662 988 3761 1045 ab-

481 1075 576 1145 "°,
609 1082 895 1150 egrediens
945 1099 976 1138 a
1002 1083 1144 1137 saltu
1193 1081 1284 1148 ’7’,
1335 1095 1502 1150 quem
1554 1088 1716 1134 antea
1749 1078 1817 1110 ³⁷²
1851 1081 1977 1132 cum
2001 1079 2070 1110 ³⁷³
2170 1079 2270 1135 bas
2304 1078 2668 1147 Materiensis,
2697 1089 2751 1135 et
2773 1080 3008 1153 Symeon
3031 1083 3201 1137 abbas
3229 1082 3495 1138 successit
3514 1082 3584 1136 ei.
3619 1080 3688 1136 Et
3708 1081 3762 1139 in

480 1164 699 1225 fortiter
720 1171 920 1229 feriens
949 1173 1034 1227 ³⁷⁸.
2171 1185 2361 1226 mense
2382 1171 2510 1225 Maii
2535 1172 2741 1230 electus
2771 1182 2855 1228 est
2899 1172 3096 1230 Petrus
3133 1173 3541 1230 Acherontinus
3582 1171 3763 1229 archi-

551 1260 710 1317 1101.
747 1263 1153 1334 Comprehensa
1186 1269 1272 1318 est
1301 1261 1552 1318 Ctesarca
1587 1278 1617 1317 a
1653 1261 1970 1318 christianis
2016 1271 2070 1318 et
2174 1261 2464 1334 episcopus
2495 1263 2585 1322 ἐι.

1759 1395 1995 1453 VARle
2036 1395 2434 1454 LECTIONES.

549 1488 617 1560 ἐξ
649 1488 894 1560 eleuatus
927 1492 980 1545 5.
1058 1491 1128 1523 ’το
1158 1506 1289 1547 ursa
1337 1491 1390 1546 5.
1469 1491 1537 1523 ³⁷¹
1569 1506 1620 1546 e.
1663 1506 1730 1546 ex
1755 1491 1864 1545 alto
1920 1490 1971 1544 1.
2049 1489 2118 1521 ’τ’
2150 1497 2276 1544 ante
2304 1490 2356 1545 1.
2434 1489 2505 1522 ³⁷³
2533 1490 2650 1560 ipse
2676 1489 2736 1543 2?
2761 1490 2817 1544 4.
2895 1488 2964 1522 ⁸⁷⁸
2986 1487 3208 1544 fer-ierat
3227 1488 3356 1544 2‘14.
3449 1487 3520 1520 ἠ
3540 1487 3767 1560 alexani

475 1557 573 1632 der
593 1558 646 1632 f2.
671 1559 723 1632 τι.
756 1559 919 1615 alexii
943 1562 995 1616 5.
1033 1631 1039 1632 γ
1103 1563 1172 1594 ³⁷⁸
1201 1578 1366 1632 super
1387 1577 1451 1616 ea
1479 1563 1530 1616 1.
1555 1561 1774 1632 superia
1801 1562 1857 1614 2.
1885 1574 2050 1632 supra
2072 1560 2135 1632 '5.
2156 1569 2311 1632 vacat
2333 1562 2387 1616 4.
2431 1568 2486 1615 et
2521 1557 2570 1615 εἰ
2593 1576 2642 1616 c.
2672 1560 2806 1632 luga.
2847 1575 2924 1632 in.
2971 1561 3160 1632 desunt
3186 1561 3301 1632 λα.
3356 1560 3532 1632 {patio
3550 1558 3760 1632 reljcto.

473 1627 546 1750 ἔτ
585 1628 948 1757 ιιιθὺίιιεὲνθιι
1026 1631 1095 1664 ³⁷⁸
1145 1649 1175 1687 a
1205 1627 1536 1688 montisibus
1558 1627 2075 1686 L'Amautensibus
2107 1630 2159 1684 5.
2261 1631 2328 1664 ³⁷³
2354 1632 2495 1686 deest
2532 1631 2580 1686 1.
2685 1630 2756 1662 ³⁸⁰
2787 1629 2901 1684 iulii
2933 1633 2988 1686 4.
3093 1630 3159 1662 ³⁸¹
3185 1627 3338 1684 Finis
3363 1627 3416 1684 5.
3441 1628 3595 1685 Finis
3620 1627 3762 1699 Lupi

519 1714 580 1754 re
606 1714 736 1757 osna
890 1743 899 1757 .
2291 1752 2295 1757 .

519 1714 810 1768 retospataz
845 1714 899 1757 4.

627 1849 3758 1899 Μ

1873 2065 2008 2106 ANNO
2036 2065 2223 2106 DOIINI
2252 2066 2342 2106 DIC.

1245 2230 2018 2360 EPISTOLA
2114 2231 3005 2364 ENCYCLICA

600 2501 1381 2660 MONAGIIORUM
1486 2500 1979 2661 ΜΔ]οΒιὸ
2095 2485 2816 2660 MONASTEBII
2923 2474 3642 2666 'l‘UlloNllNSlS

990 2799 1172 2910 DE
1258 2795 1742 2911 MORTE
1821 2795 2536 2910 BERNARDI
2625 2793 3219 2910 ABBATIS

1603 3020 1854 3093 (MABILL.
1885 3021 2082 3077 Annal.
2112 3022 2337 3088 Bened.,
2369 3020 2436 3090 ν,
2466 3019 2617 3093 668.)

543 3327 602 3381 in
613 3324 808 3449 Maiori
827 3323 1159 3380 Mouasterio
1181 3338 1246 3379 ex
1274 3323 1376 3379 hac
1402 3323 1713 3380 turbulenta
1743 3324 1854 3379 vita
1873 3325 1978 3406 hoc
1995 3338 2140 3380 anno
2165 3323 2349 3449 ῼ100)
2364 3324 2434 3380 ad
2453 3324 2992 3406 caelestemrequiem
3011 3327 3561 3449 migravitpiissimus
3581 3331 3767 3391 abbas

543 3413 685 3449 :rnar
723 3413 809 3449 us.
841 3405 1133 3449 nostouam
1179 3411 1398 3449 sacrum
1429 3396 1578 3449 hunc
1618 3397 1800 3449 locum
1850 3410 2011 3449 annis
2037 3410 2164 3449 amn
2208 3411 2276 3449 us
2320 3396 2633 3449 ouiudecrm
2674 3411 2770 3449 ner
2799 3398 2980 3449 varias
3007 3409 3097 3449 tur
3135 3415 3197 3449 as
3243 3403 3494 3449 rexisset-
3520 3402 3766 3449 eiu-mm

544 3344 808 3451 ΙΠΜἬΟΙῚ
827 3344 1159 3380 mouaswrto
1181 3344 1246 3379 CX
1275 3344 1376 3379 nac
1402 3344 1713 3380 lUl‘DUleﬂw
1743 3344 1854 3379 vna
1873 3344 1978 3380 HOC
1995 3344 2140 3380 anno
2165 3344 2349 3449 ill‘IUU)
2364 3344 2434 3380 nu
2453 3344 2734 3381 cwteswm
2749 3344 2992 3396 requiem
3011 3344 3561 3453 ωιῗὶηνιψηεειιῐιιιε
3581 3344 3766 3391 30033

477 3395 685 3475 Bernar
723 3413 809 3463 us,
828 3405 1133 3475 postquam
1179 3411 1398 3475 sacrum
1429 3396 1578 3475 hunc
1618 3397 1800 3475 locum
1850 3395 2011 3450 annis
2037 3410 2164 3464 amp
2189 3395 2276 3475 'us
2304 3395 2633 3475 quindecim
2674 3411 2770 3475 per
2799 3398 2980 3475 varias
2998 3409 3097 3475 tur
3135 3415 3197 3454 as
3229 3403 3497 3475 rexisset,
3520 3402 3766 3475 ejusque

473 3465 1154 3545 regularem_d_iscipl_inam
1190 3474 1243 3545 et
1264 3465 1570 3545 libertatem
1595 3474 1832 3545 _strenue
1857 3474 2259 3545 conservasset.
2303 3465 2650 3545 Encyclicam
2799 3467 2920 3536 ejus
2961 3469 3114 3523 obitu
3151 3471 3444 3540 epistolam
3481 3465 3768 3545 scripsit“!

466 3535 722 3593 de'more
753 3535 977 3608 Majoris
1002 3535 1318 3592 Monasterii
1343 3535 1560 3604 fratres,
1594 3536 1647 3590 in
1674 3552 1784 3607 qua
1812 3536 2066 3591 orbitatis
2089 3550 2204 3592 suae
2244 3535 2640 3592 intolerabilem
2669 3535 2916 3593 dolorem
2940 3535 3230 3597 testantur.

537 3719 807 3774 Omnibus
833 3717 1092 3774 Ecclesiae
1125 3715 1221 3772 Dei
1250 3716 1563 3786 ubicunque
1599 3713 1810 3772 diffusa
1841 3714 1969 3770 ﬁliis
1995 3722 2050 3770 et
2081 3718 2124 3777 Β
2153 3729 2288 3769 nosa
2317 3713 2500 3769 carnis
2536 3712 2870 3769 mortalitate
2893 3756 2909 3782 ,
2961 3714 3050 3770 cui
3101 3715 3240 3771 nihil
3273 3717 3569 3775 mundana:
3605 3735 3762 3777 con-

469 3812 708 3878 filiabus,
736 3810 951 3865 Domini
994 3809 1217 3866 servitio
1247 3808 1444 3864 dicat-is
1471 3816 1526 3862 et
1550 3809 1833 3863 conservis
1860 3810 1976 3863 suis
2001 3818 2055 3862 et
2158 3806 2392 3877 tagionis
2423 3805 2733 3871 inhaeserit,
2765 3815 2818 3861 et
2865 3806 3380 3876 probatissimorum
3431 3819 3770 3869 sanctorum

471 3902 956 3974 c'omparticipibus
999 3900 1136 3971 spei,
1164 3915 1287 3971 quae
1313 3907 1397 3955 est
1430 3899 1486 3953 in
1523 3898 1772 3966 Christo,
1803 3897 2055 3969 Majoris-
2155 3897 2419 3968 exemplis
2453 3907 2508 3952 et
2558 3897 2756 3953 divinae
2808 3897 3107 3968 Scriptura:
3149 3899 3480 3957 testimoniis
3537 3919 3768 3976 cogno-

469 3993 786 4050 Monasterii
815 3992 1012 4048 fratres
1034 3999 1241 4047 mutua:
1270 3991 1556 4047 charitatis
1577 3991 1634 4046 in
1664 3990 1922 4046 omnibus
1953 3991 2055 4045 bo-
2156 3989 2366 4057 vimus,
2413 3988 2463 4043 ei
2503 3988 2710 4058 aliquid
2758 4004 2972 4046 carnea:
3006 3990 3297 4062 rubiginis,
3336 3994 3487 4062 quod
3543 4010 3772 4068 purga-

467 4085 556 4141 nis
587 4085 1078 4155 participationem.
2157 4079 2314 4133 toriis
2361 4077 2671 4148 pcenalihus
2725 4077 2798 4134 sit
2846 4077 3198 4150 expiandum,
3246 4097 3316 4136 ex
3361 4092 3516 4152 parte
3562 4085 3773 4156 aliqua

542 4174 835 4242 Quoniam,
879 4173 1140 4244 Apostolo
1168 4171 1419 4238 docente,
1454 4185 1556 4227 nos
1594 4185 1786 4226 omnes
1813 4170 1910 4241 qui
1941 4169 2052 4226 Do-
2157 4170 2444 4226 inhaasisse
2477 4168 2857 4227 formidamus.
2908 4170 3048 4228 Hinc
3075 4180 3161 4228 est
3186 4173 3332 4244 quod
3359 4174 3599 4244 petimus
3631 4220 3647 4245 ,
3706 4178 3771 4234 in

471 4265 682 4320 minum
717 4264 905 4320 Jesum
955 4264 1301 4331 conﬁtemur,
1338 4264 1386 4318 si
1435 4262 1596 4318 fidem
1628 4271 1870 4318 nostram
1913 4262 2057 4317 male
2157 4279 2266 4334 quo
2296 4280 2328 4318 a
2365 4263 2523 4320 vobis
2568 4263 2673 4334 pia:
2715 4264 3119 4335 compassionis
3173 4265 3507 4336 adjutorium
3556 4277 3775 4339 postu-

467 4357 698 4412 vivendo
720 4373 828 4411 non
874 4355 1295 4422 'mortiticamus,
1341 4355 1588 4409 membra
1633 4353 1880 4424 corporis
1903 4354 2052 4425 ejus,
2157 4355 2366 4423 lamus,
2417 4354 2624 4410 scilicet
2676 4362 2740 4410 ut
2778 4370 2848 4410 ne
2895 4353 3036 4411 forte
3079 4365 3305 4426 propter
3342 4357 3583 4428 aliquam
3624 4374 3776 4415 car-

470 4448 617 4518 quod
653 4458 737 4503 est
763 4447 1024 4515 Ecclesia,
1047 4461 1170 4503 esse
1197 4447 1521 4514 didicimus;
1543 4461 1675 4502 cum
1705 4454 1888 4501 autem
1915 4446 2057 4517 pati-
2157 4462 2274 4502 nem
2310 4445 2620 4518 fragilitatis
2689 4447 2961 4502 maculam
3017 4447 3246 4519 januam
3312 4449 3501 4506 “lebita‘.
3543 4451 3778 4521 quietis

469 4548 562 4595 tur
593 4555 761 4594 unum
791 4539 1120 4604 membrum,
1169 4545 1366 4593 uetera
1406 4535 1777 4592 commcmbra
1806 4545 2057 4606 oportere
2157 4539 2226 4594 ad
2285 4547 2503 4608 tempus
2563 4538 2904 4609 purgationis
2961 4537 3011 4593 ei
3077 4539 3370 4612 contigerit
3431 4540 3774 4612 obfirmari,

470 4631 728 4701 compati,
775 4630 965 4686 eodem
996 4628 1330 4694 insinuante,
1377 4643 1488 4682 non
1517 4627 1855 4698 ignoramus.
1888 4625 2056 4684 Vobis
2155 4647 2256 4687 vos
2295 4631 2606 4686 orationum
2633 4638 2942 4686 vestrarum
2965 4630 3210 4687 clavibus
3243 4639 3299 4686 et
3343 4631 3561 4702 piarum
3589 4634 3780 4690 obla-

469 4721 860 4779 commembris
890 4719 1114 4786 nostris,
1142 4726 1204 4774 ut
1248 4717 1408 4772 nobis
1445 4715 1876 4788 compatiamini,
1914 4717 2058 4773 sicut
2156 4723 2368 4779 tionum
2400 4721 2725 4793 impulsibus
2779 4722 3080 4792 impetretis
3121 4721 3473 4779 festinantius
3519 4725 3778 4794 aperiri.

467 4815 612 4869 ratio
651 4813 938 4869 charitatis
958 4810 1225 4880 exposcit,
1268 4809 1521 4865 orbitatis
1561 4818 1764 4865 nostra:
1791 4809 2053 4880 importa-
2157 4813 2436 4887 Rogamus
2501 4813 2668 4868 etiam
2719 4822 2782 4867 ut
2833 4828 2936 4884 pro
2988 4813 3150 4869 nobis
3205 4829 3556 4871 communem
3623 4831 3782 4872 om-

469 4905 633 4962 bilem
664 4904 981 4975 passionem
1017 4901 1356 4956 nuntiamus.
1405 4899 1592 4955 Orbati
1624 4915 1815 4956 sumus
1851 4901 2056 4958 etenim
2157 4905 2310 4960 nium
2351 4902 2589 4959 exoretis
2635 4901 2972 4971 Creatorem,
3033 4912 3304 4974 quatenus
3361 4905 3431 4959 ad
3485 4905 3780 4978 benepla-

471 5007 626 5067 patre
681 5004 875 5050 nostro
927 4992 1240 5059 Bernardo,
1299 4992 1419 5047 viro
1492 4993 1784 5048 admodum
1829 5009 2056 5049 venera-
2088 5057 2124 5068 _
2159 4998 2328 5054 citum
2369 5010 2532 5052 suum
2572 4995 2787 5062 vivere,
2839 5003 2894 5050 et
2949 5011 3050 5051 nos
3103 5011 3292 5068 regere
3335 4995 3505 5054 faciat
3563 4996 3784 5058 Patris

473 5057 610 5152 bili,
658 5092 848 5155 utpote
891 5099 1047 5151 vere,
1092 5057 1241 5154 quod
1289 5082 1529 5154 primum
1575 5091 1698 5144 est.
1757 5083 2046 5150 catholico,
2081 5057 2125 5123 (ἶ
2157 5087 2398 5145 defuncti
2457 5057 2852 5142 successorem.
2878 5085 2947 5141 Et
2971 5057 3235 5158 quoniam
3278 5087 3404 5158 pius
3448 5087 3611 5144 Pater
3649 5057 3783 5147 no?

473 5178 640 5246 dulci,
690 5176 944 5246 sapienti,
985 5175 1098 5248 pio,
1147 5183 1204 5232 et
1248 5182 1309 5230 ut
1337 5175 1469 5246 quid
1510 5176 1578 5230 de
1615 5191 1682 5231 eo
1707 5179 1827 5232 sine
1867 5191 2050 5231 errore
2159 5189 2271 5236 ster
2292 5180 2378 5234 vir
2412 5185 2615 5234 sancta:
2648 5177 2954 5234 severitatis
2981 5176 3103 5245 fuit,
3127 5187 3182 5232 et
3215 5193 3325 5234 non
3368 5178 3547 5234 solum
3577 5181 3785 5242 verba

474 5269 680 5326 sentire
715 5268 961 5324 debeatis
1011 5268 1248 5324 breviter
1301 5267 1637 5338 pandamus,
1695 5278 1819 5324 actu
1869 5276 1926 5324 et
1959 5269 2056 5323 ha-
2157 5270 2504 5343 peccatricia,
2550 5270 2647 5326 sed
2703 5277 2759 5325 et
2791 5284 2927 5324 vana
2966 5277 3021 5324 et
3063 5269 3346 5337 scurrilia,
3380 5279 3436 5326 et
3480 5285 3786 5341 quaecun-

475 5363 592 5420 bitu
617 5355 760 5418 verae
799 5361 1080 5433 religionis
1114 5369 1170 5416 et
1194 5360 1497 5416 sanctitatis
1540 5361 1856 5416 reverendo.
1902 5359 2056 5416 Unde
2158 5378 2266 5434 que
2295 5362 2459 5418 modo
2491 5362 2706 5417 inutilia
2735 5376 2904 5418 exosa
2947 5357 3159 5428 habuit,
3191 5369 3246 5416 et
3295 5361 3367 5416 ab
3398 5361 3592 5418 auditu
3620 5377 3788 5435 suo,

474 5455 684 5526 absque
733 5452 1090 5508 dubitationis
1144 5452 1486 5508 haesitatione
1537 5452 1863 5508 conﬁdimus
1907 5452 2055 5523 quod
2157 5463 2426 5524 quantum
2471 5453 2678 5524 potuit,
2709 5450 2930 5522 rejecit;
2967 5452 3313 5507 sanctitatem
3354 5460 3595 5508 vestram
3620 5469 3787 5525 pre-

474 5547 527 5603 ci
555 5547 628 5602 sit
669 5543 964 5616 praeclarus
1016 5544 1215 5614 quietis
1259 5545 1412 5600 locus
1442 5545 1498 5598 in
1530 5554 1845 5600 sanctorum
1879 5545 2053 5601 beati-
2161 5561 2350 5601 camur
2373 5555 2433 5601 ut
2458 5561 2716 5600 versuum
2763 5544 2969 5600 naenias
3014 5551 3071 5600 et
3113 5543 3448 5612 derisiones,
3474 5559 3601 5616 qua;
3654 5560 3790 5618 po.

474 5638 579 5694 ﬁca
630 5646 918 5694 mansione
965 5645 1320 5708 praeparatus.
1375 5637 1480 5692 Sed
1525 5638 1786 5706 quoniam
1843 5638 2054 5692 nullum
2163 5639 2274 5694 tius
2329 5653 2495 5703 quam
2543 5636 2754 5708 prosint
2819 5636 3114 5708 defuncto,
3173 5635 3503 5694 facientibus
3570 5651 3794 5694 aceti-

476 5731 551 5784 ita
581 5731 973 5800 circumspecte
1010 5729 1094 5786 vel
1124 5729 1338 5785 climate
1362 5729 1545 5785 vivere
1579 5729 1636 5783 in
1663 5729 1827 5800 hujus
1851 5744 2052 5785 :erum-
2163 5730 2373 5786 mulant
2409 5731 2850 5796 damnationem,
2904 5729 2973 5785 ab
3017 5730 3121 5787 hac
3160 5729 3352 5787 charta
3388 5740 3791 5790 summovea-
