3990 6298
266 371 341 434 its
1340 371 1760 429 senxannus
1806 326 2130 427 Toren—
2151 370 2451 426 norma.

3405 377 3504 435 146

266 478 336 554 tis,
383 494 706 561 tantumque
788 494 1125 566 simpliciter
1195 493 1441 548 locorum
1514 499 1820 546 vestrorum
1853 492 1897 551 Α
1926 487 2086 543 Patre
2133 496 2187 543 et
2225 486 2429 558 Spiritu
2466 493 2660 542 sancto
2704 503 2848 544 unus
2887 487 3078 545 beatus
3112 500 3165 546 et
3187 491 3504 549 beatiﬁcans

266 577 449 647 nomina,
487 589 543 635 et
589 583 743 652 quid
787 601 899 655 pro
933 585 1194 642 defuncto
1228 583 1386 638 Patre
1424 591 1614 638 nostro
1643 590 1697 636 et
1725 597 1824 651 pro

267 668 376 724 nobis
412 667 655 728 feceritis
708 675 1010 733 adnotetis
1032 719 1048 744 ,
1100 684 1161 731 ut
1202 675 1331 746 quid
1374 674 1542 729 etiam
1587 688 1699 728 nos
1722 688 1823 743 pro

265 759 372 815 vobis
392 761 695 820 debeamus
747 765 945 823 facere
987 780 1415 839 cognoscamus,
1459 765 1646 834 sicque
1680 779 1821 834 prm-

263 859 420 919 ceptnm
469 856 719 922 apostoli
790 855 995 914 Jacobi
1046 857 1380 927 complentes
1436 875 1450 910 :

262 941 422 995 invicem
460 952 518 996 at
546 944 882 1016 salvemini,
936 948 1005 1003 ad
1058 933 1395 1004 Salvatorem
1442 954 1694 1002 nostrum
1717 961 1818 1001 nos

259 1033 406 1088 mutuis
465 1035 841 1095 orationibus
905 1039 1294 1110 pertrahamus
1365 1036 1656 1092 Dominum
1720 1050 1818 1091 no-

256 1131 378 1179 strum
409 1123 592 1182 Iesum
645 1127 960 1186 Christum
987 1173 1004 1199 ,
1053 1132 1149 1202 qui
1195 1131 1327 1186 vivit
1365 1138 1420 1186 et
1459 1137 1650 1200 regnat
1687 1144 1815 1184 cum

1925 582 2070 638 Deus
2095 595 2192 652 per
2217 581 2401 636 omnia
2433 581 2631 638 saecula
2665 582 3008 637 seculorum.
3037 583 3229 638 Amen.

1993 670 2138 728 Obiit
2176 681 2359 729 autem
2406 672 2495 728 hic
2544 673 2827 744 piissimus
2853 671 3013 727 Pater
3039 683 3227 729 noster
3255 692 3401 732 anno
3440 678 3502 732 al'

1923 760 2302 817 lncarnatione
2347 761 2565 817 Domini
2615 762 2773 829 1100,
2809 762 3106 818 indictione
3147 780 3266 830 vm,
3318 775 3503 834 epacta

1514 853 1679 911 Orate
1727 871 1822 924 pro
1921 869 2035 920 vn,
2071 866 2428 910 concurrente
2451 871 2548 922 vn,
2588 854 2768 910 idibus
2803 855 3029 925 Aprilis,
3074 855 3130 909 in
3158 855 3276 925 ipsa
3302 857 3494 911 hebdo-

1925 945 2085 1001 mada
2119 944 2363 1014 Pascha,
2418 946 2656 1002 Sabbato
2687 947 2834 1018 quod
2875 955 2960 1003 est
3001 949 3054 1001 in
3084 947 3258 1015 Albis,
3286 949 3343 1003 in
3389 950 3506 1020 ipso

1924 1036 2031 1091 diei
2065 1046 2291 1105 exortu,
2341 1047 2602 1109 tanquam
2649 1039 2744 1109 qui
2789 1039 2856 1094 de
2891 1038 3128 1095 tenebris
3161 1040 3504 1111 egrederetur

1925 1126 1995 1182 ad
2027 1127 2222 1182 lucem.

257 1238 3469 1288 Μ

1617 1360 1756 1402 ANNO
1794 1359 1978 1402 DOIINI
2017 1361 2105 1402 lC.

1554 1485 2199 1709 ΒΒΗΝΟ

785 1773 1309 1870 NOTITIA
1377 1771 1821 1866 HISTOR

1926 1775 2026 1866 ΞΑ
2099 1775 2225 1866 ΙΝ
2299 1773 2967 1868 BRUNONEM

1371 1923 1610 1995 (00mm,
1650 1921 1850 1994 Script.
1885 1923 2090 1979 Eccles.
2119 1924 2184 1994 ll,
2211 1926 2362 1999 958.)

277 2142 440 2200 Βιιιιιο
469 2143 725 2216 quidam
772 2145 889 2202 hoc
937 2160 1084 2201 anno
1131 2145 1271 2200 1100
1306 2145 1393 2201 vel
1428 2145 1566 2200 1110
1595 2144 1812 2211 claruit,
1848 2147 1891 2202 B
1918 2153 2033 2200 tum
2077 2155 2345 2212 cerneret,
2396 2161 2653 2216 reparare
2694 2143 2968 2216 jacturam
3010 2144 3257 2199 eamdem
3312 2145 3504 2201 voluit.

229 2238 282 2293 de
303 2253 398 2308 quo
420 2237 587 2309 plura
618 2239 784 2295 scire
814 2255 931 2295 non
974 2240 1147 2296 licuit.
1176 2239 1370 2296 Fuisse
1398 2240 1615 2295 videtur
1642 2239 1819 2295 aetatis

233 2329 437 2400 ejusdem
457 2346 589 2386 cum
616 2330 820 2388 Alulio
843 2332 947 2388 sub
967 2332 1148 2388 saeculi
1163 2348 1242 2386 xu
1269 2333 1485 2387 initium
1503 2374 1518 2399 ,
1538 2332 1633 2402 qui
1658 2332 1820 2387 ambo

235 2419 626 2476 Collectaneum
673 2421 1046 2477 Paterianum
1099 2438 1166 2477 ex
1211 2422 1493 2493 opusculis
1533 2421 1642 2476 divi
1688 2420 1821 2475 Gre-

242 2511 353 2582 gorii
369 2511 422 2566 in
447 2512 627 2568 libros
655 2511 971 2584 Scriptura:
1004 2515 1393 2584 compositum,
1439 2513 1641 2584 injuria
1681 2521 1820 2566 tem-

247 2616 411 2672 porum
430 2604 740 2673 perditum,
774 2620 1036 2676 reparare
1061 2606 1371 2662 voluerunt.
1403 2601 1480 2660 De
1501 2602 1686 2660 Alull‘o
1707 2605 1822 2659 haec

252 2692 386 2748 habet
413 2693 774 2751 Hermannus
808 2696 866 2750 in
890 2695 1140 2752 Historia
1179 2697 1586 2751 restanrationis
1631 2712 1820 2749 mona-

258 2784 380 2836 sterii
393 2781 570 2838 Sancti
590 2785 824 2840 Martini
859 2785 1204 2842 Tornacensis
1231 2795 1380 2842 tomo
1399 2785 1495 2840 XII
1524 2785 1819 2856 Spicilegii,

262 2889 388 2930 num.
413 2876 499 2943 38,
527 2893 654 2948 pag.
691 2877 800 2933 395
828 2886 886 2934 et
916 2879 1294 2950 sequentibus.
1326 2899 1344 2930 ι
1377 2877 1428 2934 Is
1451 2878 1690 2948 primum
1720 2877 1825 2933 cle-

261 2953 405 3033 ricus,
450 2967 648 3022 deinde
705 2969 1016 3025 monachus
1067 2969 1123 3024 in
1175 2968 1400 3040 praefato
1460 2969 1818 3036 monasterio,

260 3058 456 3113 ιιι-ηιαήί
484 3074 581 3114 seu
623 3061 863 3113 cantoris
892 3059 1130 3116 ollicium
1174 3060 1244 3115 47
1273 3061 1436 3116 annis
1479 3061 1672 3127 tenuit,
1699 3076 1820 3116 om-

191 3145 194 3148 ’
259 3162 441 3220 aesque
483 3151 655 3207 libros
678 3152 824 3208 beati
869 3151 1118 3224 Gregorii
1164 3153 1365 3224 sapius
1399 3153 1669 3223 relegens,
1695 3153 1820 3208 imi-

258 3243 386 3295 tatus
422 3239 720 3310 Paterium,
764 3243 1052 3300 universas
1076 3252 1187 3299 tam
1231 3243 1443 3300 Veteris
1483 3261 1650 3315 quam
1685 3243 1823 3301 Novi

259 3329 573 3390 Testamenti
617 3339 919 3390 sententias
962 3335 1032 3390 ab
1075 3350 1142 3390 eo
1178 3336 1456 3405 expositas
1503 3352 1821 3407 excerpens,

1924 2236 2079 2292 Unde
2113 2239 2242 2308 quia
2269 2238 2452 2307 operis
2474 2237 2745 2293 Pateriani
2777 2241 2872 2293 Seu
2896 2235 3231 2292 Collectanei
3258 2237 3310 2290 in
3340 2238 3514 2293 libros

1924 2328 2220 2400 Scriptura:
2271 2329 2510 2400 potiores
2557 2346 2685 2400 pars
2734 2330 2912 2399 prima
2964 2337 3174 2382 tantum
3229 2339 3510 2398 superstes

1921 2429 2084 2489 esset,
2119 2421 2322 2477 addidit
2342 2423 2531 2492 prima:
2551 2423 2679 2476 huic
2707 2421 2906 2476 Paterii
2939 2421 3151 2492 antiqui
3183 2422 3348 2492 parti,
3380 2438 3509 2492 par-

1921 2523 2004 2570 tes
2029 2513 2327 2569 secundam
2355 2522 2408 2570 et
2438 2514 2678 2580 tertiam,
2709 2514 2827 2584 ipso
2859 2514 3084 2569 nomine
3112 2514 3280 2569 etiam
3309 2513 3511 2569 Paterii

1922 2604 2130 2672 relicto,
2157 2603 2248 2659 hic
2271 2602 2456 2659 Bruno
2477 2605 2545 2660 de
2571 2619 2683 2675 quo
2706 2605 3020 2674 loquimur;
3054 2604 3199 2660 unde
3239 2607 3509 2677 contingit

1921 2706 1982 2752 ut
2017 2697 2073 2752 in
2115 2712 2249 2753 mss.
2303 2697 2562 2753 omnibus
2611 2696 3091 2763 bibliothecarum,
3141 2696 3344 2753 Paterii
3398 2713 3511 2753 crc-

1921 2789 2140 2857 dantur,
2190 2788 2317 2860 quia
2355 2789 2502 2845 illius
2541 2790 2764 2843 nomine
2814 2788 3206 2860 insigniuntur.
3243 2787 3508 2858 Spectant

1922 2892 2104 2938 tamen
2152 2883 2237 2937 ha:
2270 2889 2454 2952 partes
2485 2881 2723 2937 secunda
2759 2889 2814 2936 et
2857 2881 3013 2936 tertia
3056 2878 3256 2934 Paterii
3283 2880 3352 2934 ad
3376 2879 3510 2934 Bru-

1922 2991 2164 3042 nonem,
2222 2983 2282 3028 ut
2335 2988 2402 3028 ex
2443 2973 2673 3042 epistola
2729 2971 3003 3027 Brunonis
3051 2973 3120 3028 ad
3174 2971 3508 3027 Wernerum

1923 3067 2214 3137 quemdam
2245 3073 2660 3134 constat,quam
2676 3062 3014 3120 Bcnedietini
3036 3064 3292 3119 monachi
3322 3063 3509 3118 edide-

1924 3167 2054 3214 runt
2080 3157 2134 3212 in
2156 3157 2394 3213 editidne
2426 3155 2617 3211 ultima
2659 3154 2898 3226 Operum
2939 3155 3049 3211 divi
3085 3155 3328 3226 Gregorii
3358 3171 3512 3225 papa:

1923 3249 2210 3314 omnium,
2259 3248 2523 3314 Parisiis,
2571 3257 2807 3318 quatuor
2858 3246 3078 3302 in-l‘olio
3132 3247 3507 3302 voluminibus

1925 3355 2071 3394 anno
2103 3339 2240 3394 1705
2271 3338 2435 3404 facta,
2461 3347 2610 3392 tomo
2633 3336 2722 3405 ιν,
2752 3343 2917 3408 parte;
2943 3353 3001 3403 ιι,
3042 3336 3146 3392 sub
3170 3336 3510 3408 prmiationis

257 3432 355 3478 tres
382 3425 571 3484 exinde
593 3427 810 3483 codices
830 3428 1162 3499 composuit,
1187 3436 1242 3483 et
1272 3438 1529 3498 quartum
1563 3427 1632 3482 de
1667 3428 1824 3483 valde
1860 3490 1895 3500 Δ
1926 3428 2110 3496 ﬁnem,
2132 3445 2298 3500 quam
2320 3429 2471 3498 operi
2492 3428 2783 3483 Pateriano
2805 3444 2836 3482 a
2859 3443 2917 3483 se
2936 3428 3080 3482 edito
3104 3427 3504 3498 praemiserunt.

256 3515 462 3572 utilibus
502 3519 786 3575 sententiis
829 3490 1223 3589 supe'raddidit,
1267 3490 1456 3590 eisque
1499 3519 1823 3592 Gregorialis
1852 3490 1896 3552 Ο
1927 3520 2007 3576 Ex
2033 3490 2328 3591 hac-igitur
2356 3490 2620 3589 epistola,
2653 3528 2869 3573 constat
2899 3490 3175 3573 Paternum
3211 3534 3372 3588 quem
3410 3517 3513 3571 Be-

254 3619 437 3661 nomen
474 3608 692 3663 indidit.
730 3628 750 3662 ι
798 3607 926 3665 Haec
961 3607 1311 3666 Hcrmannus
1351 3611 1418 3665 de
1466 3610 1678 3678 Alulfo,
1729 3612 1826 3682 qui

251 3693 607 3768 ilregorialem
653 3715 992 3771 componens
1054 3701 1124 3757 ad
1184 3702 1545 3758 imitationem
1602 3702 1824 3771 Paterii,

249 3787 386 3844 illius
412 3792 589 3862 operis
605 3791 901 3863 iacturam,
919 3793 1004 3849 cui
1034 3794 1210 3864 prima
1237 3811 1365 3866 pars
1389 3803 1603 3851 tantum
1627 3811 1823 3866 super-

246 3890 430 3950 esset,
484 3885 749 3942 resarcire
802 3886 996 3942 voluit.
1054 3885 1205 3941 Alter
1252 3896 1436 3942 autem
1493 3887 1587 3959 qui
1641 3903 1824 3944 resar-

245 3972 447 4030 ciendze
467 3975 670 4033 Paterii
694 3978 924 4049 jactur-1e
969 3979 1211 4036 laborem
1250 3997 1412 4038 suum
1446 3983 1696 4051 contulit,
1722 3981 1825 4038 fuit

243 4060 334 4117 ille
368 4063 547 4122 Bruno
567 4067 634 4124 de
654 4085 766 4139 quo
788 4070 1084 4140 loquimur,
1113 4071 1208 4142 qui
1249 4088 1376 4128 cum
1415 4072 1822 4130 Collectaneum

243 4149 444 4210 Paterii
473 4156 527 4212 in
547 4159 719 4216 libros
750 4158 959 4216 Veteris
985 4177 1052 4217 ac
1078 4160 1217 4217 Novi
1240 4162 1576 4220 Testamenti
1596 4181 1664 4221 ex
1691 4165 1828 4221 Gre-

245 4243 389 4310 gorii
430 4245 580 4320 libris
621 4250 998 4320 conscriptum
1023 4259 1079 4306 et
1124 4250 1326 4323 injuria
1360 4254 1623 4324 temporis
1644 4254 1826 4326 perdi-

1925 3613 2186 3668 nedictini
2214 3610 2471 3666 monachi
2491 3610 2630 3665 Galli
2659 3611 2800 3664 velut
2829 3611 3126 3681 genuinum
3155 3617 3210 3664 et
3233 3611 3507 3680 integrqu

1925 3704 2322 3776 produxerunt,
2346 3717 2469 3758 esse
2492 3703 2772 3770 mutilum,
2796 3718 2861 3757 ac
2888 3711 3097 3772 partem
3127 3701 3509 3758 tantummodo

1926 3796 2162 3868 primam
2191 3796 2261 3852 ad
2300 3795 2580 3851 Paterium
2615 3795 2930 3866 pertinere;
2975 3803 3160 3865 partes
3200 3803 3381 3849 autem
3422 3808 3511 3849 se-

1927 3893 2164 3950 cundam
2195 3903 2250 3948 et
2278 3892 2493 3948 tertiam
2535 3907 2658 3947 esse
2699 3890 2865 3961 hujus
2894 3889 3188 3956 Brunonis,
3237 3889 3330 3960 qui
3367 3903 3514 3944 anno

1929 3979 2146 4034 circiter
2178 3977 2316 4033 1110
2345 3977 2620 4032 Paterium
2649 3976 2990 4032 deﬁcientem
3015 3975 3303 4046 supplevit,
3329 3975 3514 4044 illique

1925 4073 2064 4128 duas
2117 4079 2300 4143 partes
2328 4070 2549 4140 adjecit,
2594 4085 2716 4130 quae
2746 4079 3057 4138 temporum
3098 4067 3299 4139 injuria
3355 4066 3515 4122 veric-

1926 4169 2070 4216 rant.

264 4362 3483 4395 ΜΗ

993 4495 1713 4613 BRUNONIS
1798 4494 2737 4612 GREGORIALE.

688 4673 853 4745 (Vide
886 4673 1211 4748 Patrologia:
1242 4686 1367 4733 tom.
1396 4677 1660 4745 LXXIX,
1692 4678 1829 4750 Opp.
1855 4680 2028 4734 sancti
2049 4677 2289 4750 Gregorii
2318 4676 2500 4749 Magni
2527 4687 2653 4732 tom.
2700 4677 2762 4742 V,
2792 4678 2892 4732 col.
2923 4677 3072 4748 681.)

237 4796 3427 4852 im

1633 4946 1770 4987 ANNO
1807 4947 1992 4988 DOIINI
2033 4947 2102 4988 ιο

699 5067 1206 5222 BERN
1209 5065 1834 5229 ARDUb
1921 5070 2813 5230 TOLETAN
2825 5074 3058 5233 US

1661 5281 2128 5302 Ψ

1257 5357 1765 5453 ΝΟΤΙΤΙΑ
1831 5360 2478 5454 HISTORICA

1013 5507 1279 5580 (ΓΑιιιιιε.,
1307 5511 1638 5569 Bibliotheca
1662 5513 1848 5570 media:
1871 5523 1921 5569 et
1946 5514 2146 5584 inﬁma:
2172 5511 2510 5581 Latinitatis,
2532 5510 2740 5584 1,254.)

305 5645 638 5715 Bernartius,
667 5645 1116 5718 archiepiscopus
1140 5645 1456 5716 Toletanus,
1485 5649 1733 5704 interfuit
1757 5649 2004 5704 conciliis
2025 5644 2382 5718 Legionensi,
2394 5644 2837 5718 Nemausensiet
2864 5644 3210 5718 Gerundensi
3235 5661 3325 5700 an.
3349 5646 3510 5718 1001,

249 5713 384 5795 1096
425 5713 659 5795 «231997.
717 5713 926 5795 Auctor
972 5713 1300 5795 sermonum
1352 5713 1591 5795 quatuor
1621 5721 1677 5777 in
1727 5720 2086 5795 antiphonam
2108 5713 2312 5785 'Sulve,
2346 5717 2546 5789 Regina
2600 5716 3001 5784 misericordia,
3047 5715 3321 5779 editorum
3371 5713 3518 5773 interi:

249 5781 417 5860 Opera
443 5790 500 5846 S.
537 5788 801 5845 Bernardi
836 5786 1290 5845 Claraivallensis.
