3990 6298
501 337 600 423 εει

1915 332 2302 403 ΜΔΜΞΕΑΜ)

3641 349 3739 410 159.

497 465 532 506 a
581 448 744 506 malis
765 488 783 518 ,
827 464 952 521 quae
984 459 1138 509 tanto
1172 454 1404 513 validius
1437 451 1758 523 mprobant,
1787 458 1994 517 quanto
2018 448 2075 503 in
2103 455 2151 511 Α
2255 449 2471 522 Virgine
2495 460 2654 507 natus
2680 452 2778 522 sit,
2818 453 3085 513 destructa
3114 456 3542 531 philosophorum
3562 478 3736 521 come.

494 542 658 597 bonis
699 539 907 597 fuerint
951 543 1248 613 delectati;
1285 546 1406 601 ideo
1454 540 1661 598 accessi
1708 538 1967 611 propius,
2021 546 2078 594 et

493 647 593 704 per
642 641 699 689 te
748 633 928 704 ipsum
980 638 1213 706 cognovi
1260 636 1509 691 morbum
1556 641 1711 686 tuum
1749 648 1762 685 :
1794 629 2076 687 obtestans

494 732 684 780 utrum
730 723 807 779 ita
833 724 933 779 tibi
962 725 1019 779 in
1051 726 1397 797 perceptione
1434 723 1652 778 illarum
1680 719 2076 777 sententiarum

493 816 872 888 acquiesceres
899 826 961 873 ut
980 832 1077 873 eas
1102 816 1444 873 credentibus
1470 829 1578 869 non
1600 813 1931 885 intelligeres
1955 828 2077 868 esse

492 907 809 975 damnosas,
845 906 935 963 hic
968 908 1101 964 satis
1132 906 1414 963 temerarie
1437 906 1773 975 respondens
1796 905 2077 976 subjecisti

492 1001 707 1056 nescire
738 1009 790 1056 te
822 1001 1121 1071 quidquam
1146 1001 1200 1054 in
1227 999 1307 1055 eis
1324 1040 1339 1065 ,
1370 999 1515 1069 quod
1543 999 1777 1054 multum
1800 1010 1928 1056 tuus
1956 1000 2078 1075 ani-

492 1104 620 1145 mus
650 1098 1055 1160 aspernaretur.
1092 1087 1279 1159 Itaque
1319 1087 1509 1143 multis
1543 1103 1575 1143 a
1624 1096 1676 1144 te
1706 1089 1971 1145 conviciis
1994 1088 2076 1143 la-

492 1183 727 1239 cessitus
756 1182 1109 1238 furibundum
1140 1179 1551 1251 minantemque
1573 1180 1790 1252 reliqui.
1821 1180 2074 1251 Propone

493 1289 625 1345 ergo
649 1274 855 1346 aliquid
882 1272 1006 1328 inde
1030 1270 1098 1326 ad
1131 1278 1183 1326 te
1211 1270 1452 1327 scribere
1470 1314 1486 1339 ,
1517 1281 1578 1329 ut
1606 1271 1663 1326 in
1685 1286 1877 1328 eorum
1918 1270 2075 1327 libris

491 1373 549 1422 ct
569 1366 822 1422 sensibus
838 1365 904 1417 de
925 1377 1165 1432 quorum
1194 1378 1383 1419 errore
1411 1364 1730 1420 dissimulas
1748 1406 1763 1432 ,
1787 1362 2077 1420 manifeste

490 1466 793 1523 cognoscas
834 1450 1148 1505 haereticam
1203 1451 1528 1522 pravitatem
1575 1452 1864 1508 contineri.
1898 1451 2072 1507 Simul

488 1543 652 1598 etiam
675 1540 971 1598 arbitratus
993 1557 1115 1599 sum
1131 1543 1199 1599 de
1217 1542 1419 1598 domno
1438 1559 1574 1615 papa
1596 1542 1881 1616 Gregorio,
1907 1558 2073 1615 quem

487 1635 697 1707 polluto
723 1651 816 1691 ore
844 1635 1085 1705 laceras,
1123 1636 1328 1708 aliquid
1359 1636 1791 1706 adnectendum',
1828 1645 1886 1692 ut
1913 1651 2071 1694 reco-

488 1730 629 1800 gites
655 1728 788 1800 quia
814 1728 1100 1799 amplioris
1126 1727 1335 1799 peccati
1358 1744 1528 1785 causa
1548 1728 1689 1785 solet
1707 1743 1829 1785 esse
1878 1744 2069 1786 πωρο-

484 1821 623 1877 dens
648 1830 952 1891 peccatum.
1536 1813 1541 1817 ’

514 1906 515 1911 “
788 1910 1039 1968 CAPITIJ
1051 1910 1255 1968 LATIO
1295 1911 1765 1980 SEQUENTIUM.

485 2000 640 2058 CAP.
677 2000 721 2058 I.
759 2000 911 2068 Quod
955 2018 1059 2057 non
1103 2018 1280 2056 omnes
1328 2002 1758 2073 philosophorum
1802 2002 2070 2058 sententia:

555 2092 871 2163 abjiciendat
889 2092 1017 2160 sint,
1041 2091 1132 2147 sed
1156 2091 1296 2159 illis,
1322 2093 1377 2146 in
1402 2092 1591 2163 quibus
1613 2092 1816 2162 decepti
1838 2100 1993 2160 sunt,
2019 2101 2070 2146 et

558 2184 857 2255 decipiunt,
881 2193 931 2239 et
956 2184 1021 2239 de
1042 2183 1366 2256 Pythagorea
1386 2186 1646 2239 sententia
1668 2185 1934 2240 de’anima
1957 2185 2071 2240 val-

554 2274 619 2330 de
640 2274 973 2330 detestanda.

483 2365 637 2426 CAP.
674 2365 739 2422 lI.
777 2366 856 2422 De
900 2354 1165 2435 Platone,
1238 2376 1289 2423 et
1309 2366 1423 2437 ejus
1490 2366 1810 2434 involucris,
1840 2395 1843 2398 ν
1878 2368 2067 2439 quibus

553 2458 784 2513 ostendit
806 2473 870 2512 ea:
891 2457 1077 2529 quibus
1100 2466 1298 2511 constet
1326 2458 1529 2526 aninta,
1553 2466 1603 2512 et
1624 2458 1762 2529 quod
1785 2457 1839 2511 in
1859 2456 2068 2511 distan-

557 2552 635 2604 tia
655 2559 887 2620 penetret
909 2565 1118 2621 corpus.

483 2639 639 2698 CAP.
678 2638 767 2696 Ill.
806 2637 885 2697 De
928 2639 1151 2697 diversis
1195 2638 1469 2694 sententiis
1523 2637 1952 2710 philosophorum
2006 2640 2071 2695 de

556 2731 759 2785 anima.

482 2820 769 2880 CAP."IV.
812 2820 965 2888 Quod
1004 2821 1062 2882 in
1082 2821 1434 2876 mensurando
1459 2820 1652 2888 solem,
1680 2828 1731 2875 et
1757 2819 1974 2887 lunam,
2017 2829 2069 2875 et

552 2910 932 2966 hdbitabilibus
968 2910 1192 2965 maculis
1222 2910 1421 2981 decepti
1461 2911 1599 2978 sint,
1636 2919 1685 2965 et
1725 2911 1773 2964 si
1805 2911 1923 2982 quis
1945 2910 2068 2966 inde

555 3003 829 3059 Macrobio
855 3003 1167 3071 crediderit,
1195 3004 1254 3058 in
1281 3003 1385 3073 ﬁde
1405 3002 1565 3074 facile
1588 3002 1937 3073 periclitetur.

481 3095 636 3153 CAP.
678 3093 748 3152 V.
793 3094 947 3162 Quod
968 3095 1254 3151 secundum
1280 3095 1590 3166 Apostolum
1616 3096 1750 3150 talia
1791 3095 2067 3166 probanda

553 3196 699 3257 sunt,
721 3196 774 3251 et
798 3187 868 3242 ad
895 3186 1233 3251 sobrietatem
1258 3184 1578 3243 Christiana:
1604 3186 1798 3259 regula:
1821 3203 2063 3242 resecan-
2091 3173 2137 3236 C

552 3280 649 3343 da,

481 3372 638 3432 CAP.
676 3371 766 3428 VI.
802 3372 882 3427 De
907 3389 1009 3429 non
1034 3388 1167 3435 sana
1190 3388 1373 3435 eorum
1394 3372 1747 3443 confessione,
1777 3371 1914 3428 etde
1937 3388 2066 3428 casu

558 3464 805 3537 Origenis
821 3506 836 3532 ,
862 3464 953 3536 qui
974 3480 1028 3519 se
1050 3465 1209 3521 nimis
1230 3481 1410 3520 eorum
1432 3464 1767 3536 dogmatibus
1790 3464 1990 3535 affecit.

480 3554 638 3615 CAP.
675 3556 786 3613 VII.
826 3556 905 3611 De
923 3566 1106 3611 sancto
1129 3556 1363 3628 Spiritu,
1387 3566 1438 3611 et
1457 3555 1571 3627 ejus
1594 3573 1728 3611 sana
1751 3565 1802 3611 et
1822 3556 2067 3611 modera-
2128 3566 2131 3567 '

554 3661 610 3707 ta
649 3652 930 3722 doctrina,
963 3650 1102 3724 quod
1130 3651 1378 3722 superbos
1419 3649 1662 3718 deserat,
1709 3658 1758 3703 et
1792 3647 2083 3713 immundo,

553 3741 781 3814 Spiritui
805 3744 1145 3801 dissecandos
1166 3744 1460 3815 permittat.

479 3835 638 3915 CAP.
681 3837 819 3894 VIII.
858 3837 1013 3905 Quod
1047 3837 1342 3912 philosophi
1367 3836 1832 3911 partriarcharum
1852 3834 2064 3890 benedi-

552 3932 814 3989 ctionibus
842 3930 1036 4004 privati
1058 3929 1193 3986 nihil
1227 3933 1383 4003 digne
1413 3930 1475 3985 de
1509 3929 1792 3984 Trinitatis
1816 3927 2063 3998 mysterio

551 4027 747 4082 sentire
771 4026 1074 4080 meruerint.

480 4118 633 4177 CAP.
675 4117 766 4173 IX.
808 4116 962 4184 Quod
989 4133 1023 4171 a
1053 4113 1260 4186 Spiritu
1288 4114 1523 4186 maligno
1549 4113 1686 4167 talia
1708 4122 1827 4166 orta
1848 4113 1992 4175 sint,
2014 4118 2065 4165 et

549 4211 827 4275 divisionis
850 4217 1035 4263 auctor
1056 4206 1419 4262 idololatriam
1443 4204 1625 4260 multis
1644 4202 1967 4274 argumentis
1991 4212 2067 4256 te-

553 4304 752 4358 suerit.

481 4394 634 4451 CAP.
673 4393 742 4449 X.
784 4391 934 4459 Quoa
964 4391 1069 4462 ipsi
1095 4398 1219 4444 sunt
1250 4387 1496 4460 .Egyptii
1527 4404 1560 4440 a
1582 4385 1732 4440 nobis
1755 4385 2066 4456 dcprwdan-

552 4488 639 4553 di,
684 4496 734 4542 et
758 4487 895 4557 quod
926 4484 1075 4540 nobis
1101 4481 1431 4538 eloauiorum
1464 4479 1735 4535 thesauros
1763 4487 1813 4532 et
1845 4486 2062 4531 ornatus

550 4579 873 4650 paraverint.

480 4670 634 4728 CAP.
674 4669 765 4725 XI.
809 4668 886 4724 De
908 4666 1039 4734 Deo,
1062 4682 1214 4737 quem
1235 4666 1483 4719 habemus
1495 4661 1737 4733 loquendi
1759 4661 2059 4728 materiam,

548 4772 599 4820 et
626 4763 691 4817 de
719 4770 859 4816 recta
885 4758 1212 4828 confessione
1235 4797 1250 4822 ,
1274 4765 1323 4809 et
1352 4754 1617 4809 creatione
1640 4752 1945 4824 angelorum
1968 4792 1984 4819 ,
2010 4760 2061 4807 et

550 4855 858 4921 hominum,
891 4854 1037 4908 circa
1062 4864 1285 4921 quarunt
1324 4862 1508 4902 casum
1539 4846 1804 4903 sententia
1845 4843 2060 4900 Domini

551 4944 965 5007 misericorditer
993 4928 1281 5010 temperata
1310 4946 1407 4992 est.

480 5036 635 5097 CAP.
673 5034 793 5090 XII.
838 5032 911 5088 De
932 5030 1204 5104 prwceptis
1236 5026 1543 5094 obediendi,
1578 5025 1765 5097 quibus
1791 5025 1944 5080 homo
1973 5041 2056 5080 re-

550 5135 775 5198 paratur
798 5131 1112 5193 contemptor
1146 5120 1414 5186 mandati,
1437 5134 1555 5189 qua:
1583 5118 1846 5188 reparatio
1875 5116 2059 5172 multis

551 5220 723 5275 modis
747 5217 1026 5286 designata
1054 5213 1158 5279 sit,
1194 5212 1271 5265 ita
1299 5218 1355 5264 ut
1388 5225 1539 5267 casus
1569 5208 1808 5280 priorum
1846 5216 2059 5278 patrum

551 5312 621 5367 ad
662 5307 1044 5380 designandam
1111 5302 1527 5374 magnitudinem
1571 5300 1763 5372 gratia:
1818 5300 2062 5371 permissi

551 5404 691 5468 sint,
722 5401 858 5457 sicut
889 5396 1093 5473 David,
1124 5396 1188 5451 de
1230 5395 1381 5465 cujus
1423 5408 1606 5465 genere
1655 5392 1860 5452 Auctor
1901 5391 2064 5451 venite

550 5501 708 5548 natus
730 5502 828 5547 est.

478 5585 632 5643 CAP.
670 5583 811 5640 XIII.
852 5583 929 5639 De
960 5582 1226 5653 prophetis
1247 5581 1380 5635 duos
1422 5580 1676 5635 adventus
1722 5577 2058 5634 orwvidenti-

552 5678 677 5745 bus,
715 5693 778 5731 ac
800 5674 1245 5730 desiierantibus.
1316 5692 1324 5699 ’
2065 5721 2068 5724 .

479 5769 632 5826 CAP.
672 5768 811 5824 XIV.
855 5766 1007 5834 Quod
1051 5765 1311 5822 ordinatis
1340 5782 1456 5837 quea
1503 5766 1768 5836 oportuit,
1801 5763 1953 5836 .Iteus
1992 5762 2057 5837 de

2094 4531 2142 4591 ι)

2247 542 2482 611 quentia.
2982 608 2993 619 ί

2176 628 2330 685 CAP.
2368 629 2486 686 XV.
2526 631 2642 699 Quo
2673 642 2925 703 proventu
2960 644 3117 691 natus
3136 638 3226 692 sit.

2173 719 2328 776 CAP.
2366 715 2507 778 XVI.
2548 723 2627 779 De
2646 723 2757 780 Deo
2778 734 2906 780 nato
2926 727 3066 797 quod
3090 729 3268 782 omnis
3295 730 3485 784 veritas
3507 730 3739 807 Scriptu-

2168 852 2171 855 ι
2248 829 2432 868 rarum
2460 815 2526 868 ab
2557 817 2737 870 eodem
2762 829 2947 887 aperta
2971 819 3078 886 sit,
3104 829 3153 874 et
3179 820 3244 875 de
3269 822 3606 881 suscitatione
3629 832 3741 886 ani-

2248 922 2455 959 marum
2473 948 2487 970 ,
2514 914 2563 960 et
2592 906 2838 963 doctrina
2869 908 3212 965 humilitatis.

2174 996 2328 1053 CAP.
2369 996 2534 1052 XVII.
2570 997 2648 1052 De
2664 999 3007 1070 simplicitate
3029 1000 3180 1056 Petri
3202 1004 3461 1072 apostoli,
3488 1014 3536 1061 et
3564 1010 3740 1065 merito

2243 1089 2369 1159 ﬁdei
2399 1106 2527 1144 suae.

2173 1176 2326 1234 CAP.
2343 1176 2550 1233 'XVIII.
2585 1186 2665 1234 de
2704 1178 2906 1234 duobus
2952 1184 3301 1237 sacramentis
3344 1187 3740 1255 regenerationis

2248 1278 2298 1325 ct
2323 1271 2623 1341 refectionis
2654 1281 2776 1327 ante
2806 1274 3104 1343 passionem
3132 1275 3188 1328 in
3215 1257 3376 1330 Ctena
3398 1277 3673 1334 institutis.

2171 1359 2325 1416 CAP.
2361 1361 2504 1419 XIX.
2543 1362 2696 1429 Quod
2726 1365 2782 1419 in
2820 1382 2972 1419 cruce
2996 1364 3126 1420 Iesu
3166 1364 3368 1422 Christi
3399 1367 3471 1421 sit
3511 1371 3740 1428 remissio

2241 1464 2606 1526 peccatorum,
2656 1467 2706 1513 et
2755 1457 3043 1529 redemptio
3095 1459 3368 1527 omnium,
3418 1469 3469 1515 et
3512 1462 3741 1532 priorum

2241 1557 2568 1604 sanctorum.

2175 1634 2331 1694 CAP.
2371 1636 2491 1695 XX.
2532 1639 2607 1695 De
2626 1640 2798 1712 gloria
2819 1642 3219 1696 resurrectionis
3237 1683 3252 1710 ,
3278 1642 3329 1697 et
3351 1643 3494 1713 quod
3518 1643 3744 1716 discipu-

2242 1729 2284 1785 li
2299 1773 2315 1799 ,
2351 1748 2456 1786 non
2482 1733 2552 1787 ad
2571 1733 3051 1804 philosophandum
3067 1776 3081 1803 ,
3107 1735 3200 1790 sed
3222 1735 3295 1790 ad
3315 1735 3483 1790 vitam
3502 1745 3743 1794 mternam

2096 1806 2145 1867 Β
2242 1826 2667 1882 annuntiandam
2706 1836 2971 1882 vocentur.

2168 1913 2323 1972 CAP.
2365 1915 2506 1973 XXI.
2549 1918 2627 1974 De
2652 1918 2880 1973 aduentu
2912 1918 3144 1990 Spiritus
3162 1961 3178 1987 ,
3207 1926 3261 1974 et
3282 1919 3415 1991 quid
3438 1919 3494 1973 iu
3521 1920 3597 1975 eis
3622 1922 3740 1991 effc-

2239 2011 2399 2080 cerit,
2424 2020 2476 2065 et
2495 2011 2632 2083 quod
2661 2012 2719 2066 in
2740 2011 3090 2082 praesentibus
3126 2028 3227 2066 non
3256 2012 3326 2065 sit
3347 2012 3627 2085 perfectio,
3660 2012 3745 2071 sed

2239 2102 2507 2158 inchoatio
2530 2103 2895 2161 beatitudinis.

2169 2192 2323 2250 CAP.
2362 2194 2529 2250 XXII.
2573 2195 2727 2262 Quod
2758 2196 2983 2251 breviter
3019 2196 3084 2251 de
3132 2196 3249 2250 istis
3298 2196 3507 2251 dictum
3547 2199 3652 2264 sit,
3691 2208 3749 2252 ut

2242 2287 2554 2342 ostendatur
2580 2299 2837 2360 quantum
2863 2287 3155 2358 periculum
3176 2289 3245 2341 sit
3277 2289 3607 2360 acquiescere
3629 2290 3746 2344 illo-

2243 2393 2361 2432 rum
2388 2379 2700 2449 scripturis,
2731 2379 2820 2450 qui
2860 2378 2993 2432 nihil
3022 2379 3085 2433 de
3107 2393 3388 2448 corporum
3414 2383 3746 2435 resurrectio-

2200 2476 2205 2483 ’
2242 2485 2306 2523 ne
2335 2478 2618 2536 noverunt,
2644 2479 2696 2524 et
2730 2469 2867 2541 quod
2894 2485 3076 2523 eorum
3102 2469 3346 2539 deﬁnitio
3370 2472 3641 2525 destructa
3678 2473 3745 2525 sit

2240 2569 2291 2615 et
2326 2560 2423 2614 hoc
2455 2561 2678 2631 spiritus
2700 2561 2851 2614 carni
2876 2559 3117 2614 subditus
3136 2576 3240 2614 non
3268 2562 3434 2633 capit.

2171 2649 2302 2706 CAP.
2333 2650 2524 2708 XXIII.
2567 2650 2721 2717 Quod
2772 2649 3043 2706 Teutonici
3091 2651 3308 2723 quidam
3340 2654 3406 2706 ab
3432 2653 3749 2721 obedientta,

2243 2752 2292 2800 et
2315 2744 2519 2799 unitate
2558 2744 2812 2799 Romana:
2853 2743 3112 2800 Ecclesiae
3147 2744 3482 2813 exciderint,
3525 2746 3751 2809 dicentes

2241 2853 2295 2891 se
2320 2852 2425 2890 non
2445 2836 2632 2891 habere
2657 2837 2957 2907 pontiﬁcem
2980 2837 3084 2890 nisi
3105 2835 3395 2892 Caesarem.

2170 2927 2299 2984 CAP.
2327 2927 2518 2993 XXIV.
2545 2928 2623 2983 De
2642 2927 2867 3000 epistola
2895 2927 2959 2982 ab
2989 2928 3064 2983 eis
3087 2937 3274 2982 contra
3294 2936 3544 2983 sanctum
3564 2945 3748 3000 papam

2244 3019 2554 3093 Gregorium
2576 3020 2745 3091 facta,
2773 3029 2823 3075 et
2852 3019 2990 3091 quod
3028 3020 3079 3075 ei
3116 3019 3359 3091 epistola:
3386 3036 3483 3092 per
3524 3022 3751 3093 gratiam

2242 3111 2342 3170 Dei
2376 3112 2793 3184 respondendum
2819 3113 2911 3167 sit.

2680 3198 2910 3256 CAPUT
2946 3200 3241 3257 PRIMUM.

2235 3291 2481 3349 Primum
2525 3293 2907 3350 discretionem
2960 3294 3258 3365 legentium
3315 3294 3582 3352 volumus
3634 3309 3750 3350 esse

2164 3385 2543 3455 prtemonjtam
2566 3398 2668 3439 nos
2687 3384 2742 3439 id
2754 3398 3098 3454 nequaquam
3116 3383 3184 3439 de
3199 3384 3553 3455 philosophis
3574 3399 3753 3440 susce-

2163 3474 2335 3546 pisse,
2366 3484 2427 3532 ut
2453 3490 2648 3535 omnes
2677 3489 2869 3531 eorum
2897 3473 3197 3531 sententias
3241 3475 3590 3531 damnabiles
3631 3491 3753 3530 sen-

2165 3567 2391 3635 tiamus,
2429 3582 2666 3640 quarum
2712 3566 2977 3637 quasdam
3014 3581 3116 3637 pro
3165 3582 3267 3622 sua
3308 3566 3617 3623 subtilitate
3666 3566 3751 3618 vix

2165 3667 2455 3732 penetrare
2480 3657 2801 3724 suﬂieimus,
2826 3658 3094 3732 quasdam
3143 3672 3274 3713 vero
3302 3672 3337 3714 a
3384 3657 3600 3714 sanctis
3627 3656 3756 3711 viris

2165 3759 2450 3823 susceptas
2485 3765 2594 3806 non
2617 3750 2953 3821 ignoramus.
2991 3744 3197 3809 Verum
3211 3748 3579 3809 temeritatem
3610 3758 3756 3806 tuam

2163 3844 2303 3901 velle
2328 3854 2696 3918 compescere,
2723 3846 2818 3917 qui
2850 3846 2929 3903 sic
2972 3861 3164 3901 eorum
3214 3846 3554 3901 subtilitates
3585 3859 3757 3901 βοω-

2165 3939 2414 4007 mendas,
2451 3947 2509 3994 ut
2533 3937 2867 3994 multifarios
2886 3951 3102 3991 errores
3130 3935 3411 4008 ﬁgmentis
3443 3935 3556 3991 illis
3580 3934 3756 4005 impli-

2166 4030 2304 4086 citos
2336 4045 2449 4085 non
2473 4029 2744 4084 attendas.
2785 4025 2973 4107 Neque
2999 4025 3167 4107 enim
3189 4026 3245 4080 in
3269 4025 3381 4082 illis
3408 4042 3593 4097 usque
3625 4025 3758 4080 adeo

2164 4120 2326 4191 primi
2383 4119 2622 4190 parentis
2666 4104 3059 4189 culpa‘dotem
3111 4104 3325 4172 natura:
3374 4117 3756 4181 damnaverat,

2164 4211 2299 4283 quin
2333 4210 2633 4266 secundum
2683 4209 2954 4264 humanas
2984 4208 3221 4263 rationes
3270 4208 3648 4278 quarumdam
3672 4222 3758 4261 re-

2165 4319 2290 4377 rum
2316 4301 2759 4368 communitates,
2789 4308 2845 4356 et
2870 4298 3269 4370 discrepantias
3293 4299 3597 4372 diligenter
3626 4297 3759 4354 satis

2167 4394 2563 4464 commodeque
2614 4393 3039 4464 distinguerent,
3088 4399 3359 4463 quantum
3413 4392 3589 4446 homo
3610 4390 3678 4445 de
3705 4402 3763 4445 sc

2168 4486 2290 4558 ipso
2314 4500 2647 4556 praesumere
2666 4492 2898 4555 poterat.
2924 4482 3039 4540 Sed
3061 4483 3191 4554 quia
3212 4482 3335 4539 sine
3365 4481 3584 4553 Spiritu
3617 4480 3759 4535 illius

2167 4582 2344 4641 erant,
2368 4575 2460 4645 qui
2493 4575 2643 4628 docet
2677 4590 2884 4628 omnem
2934 4574 3229 4641 veritatem,
3284 4572 3450 4642 cujus
3497 4571 3760 4643 sapientia

2166 4668 2383 4738 attingit
2410 4683 2444 4719 a
2471 4666 2574 4735 ﬁne
2626 4681 2787 4737 usque
2843 4665 2913 4720 ad
2965 4666 3121 4736 ﬁnem
3146 4666 3382 4735 fortiter,
3430 4682 3498 4720 ac
3529 4665 3760 4737 disponit

2167 4767 2357 4814 cuncta
2378 4758 2632 4824 suaviter,
2657 4773 2882 4813 necesse
2916 4766 3031 4812 erat
3054 4758 3195 4813 sicut
3218 4757 3505 4827 homines,
3552 4767 3610 4814 et
3643 4757 3762 4814 ideo

2167 4849 2479 4916 mendaces,
2514 4864 2612 4905 eos
2642 4848 2913 4903 interdum
2952 4847 3090 4903 fines
3114 4848 3365 4905 veritatis
3389 4848 3762 4929 excedere,et

2167 4935 2334 4993 semel
2381 4943 2636 5005 suscepto
2682 4933 2989 5004 patrocinio
3013 4931 3265 4990 falsitatis
3285 4949 3392 5012 per
3422 4933 3585 4993 varia
3608 4935 3763 4993 decc.

2160 5028 2411 5100 ptionum
2433 5032 2754 5098 argumenta
2791 5023 3016 5095 raptari.
3062 5022 3192 5086 Inde
3226 5022 3334 5085 fuit
3365 5026 3521 5097 quod
3563 5025 3765 5098 Pytha-

2164 5135 2326 5193 goras
2358 5119 2501 5174 inter
2521 5117 2732 5187 primos
2765 5117 2934 5172 duces
2958 5115 3123 5185 hujus
3151 5116 3501 5185 traditionis,
3536 5117 3763 5190 quibus—

2163 5213 2289 5268 dam
2318 5210 2521 5265 utiliter
2547 5207 2784 5265 inventis
2805 5214 2860 5263 ct
2877 5206 3093 5269 traditis
3113 5248 3128 5273 ,
3152 5221 3278 5263 cum
3328 5209 3567 5266 tandem
3593 5210 3763 5273 ratio-

2162 5303 2304 5359 nalis
2350 5301 2604 5359 animalis
2634 5308 2969 5363 scrutaretur
3012 5313 3298 5366 arcanum,
3331 5310 3391 5355 et
3423 5317 3557 5358 eam
3603 5309 3760 5363 natu-

2163 5411 2302 5462 ram,
2334 5410 2457 5465 quae
2514 5394 2634 5449 sine
2690 5400 2914 5448 auctore
2958 5399 3171 5449 natura:
3224 5392 3374 5448 male
3402 5394 3540 5453 sciri
3569 5401 3766 5470 potest,

2165 5487 2383 5543 mortali
2404 5486 2615 5542 ratione
2636 5484 2890 5556 persequi
2911 5492 2966 5540 et
2979 5484 3453 5555 comprehendere
3470 5486 3765 5550 niteretur,

2163 5578 2502 5633 exinanitum
2528 5576 2648 5647 ejus
2678 5574 2956 5646 ingenium
2986 5574 3054 5630 ad
3080 5583 3285 5629 tantam
3307 5585 3547 5635 demum
3576 5576 3767 5635 bestia-

2160 5671 2369 5725 litatem
2403 5669 2681 5725 redactum
2708 5675 2812 5731 est,
2849 5671 2909 5719 ut
2940 5665 3235 5749 humaqam
3265 5665 3527 5725 animam
3571 5654 3777 5738 perpc—I

2150 5772 2257 5818 .tua
2284 5762 2495 5817 ratione
2521 5761 2780 5817 donatam
2827 5758 3119 5830 aliquando
3146 5755 3599 5816 irrationabilem
3652 5758 3765 5817 ﬁeri
