3972 6296
173 378 258 436 153
1209 369 1454 428 OPUSG.
1495 368 1778 428 CONTRA
1813 369 2282 428 WOLFELMUM.

3279 380 3399 439 ’154

170 489 460 550 mentiretur.
485 485 560 543 Eo
591 485 796 543 scilicet
822 485 990 543 modo
1031 500 1144 557 quo
1173 501 1204 541 a
1235 486 1582 556 simplicitate
1610 485 1699 541 sui
1727 494 1770 550 Α
1801 485 2023 540 easdem
2074 487 2332 543 tenebras
2365 486 2775 570 quodammodo
2804 491 3162 550 elucidandas
3195 508 3387 553 susce-

170 586 341 641 dimota
374 580 634 636 voluntate
657 578 1044 650 incorporandi
1067 578 1137 634 ad
1171 577 1290 634 haec
1321 577 1511 633 intima
1540 577 1693 633 labe-

167 689 318 744 retur;
344 691 454 748 qua:
479 674 690 746 quidem
723 674 772 730 si
807 673 864 728 in
895 673 1076 744 primo
1105 688 1338 744 corpore
1364 671 1507 728 male
1539 671 1694 728 vive-

167 779 234 826 ret
261 771 307 824 in
333 767 570 839 praesenti
593 765 814 832 saeculo,
838 766 924 821 vel
951 766 1136 836 aliquo
1181 764 1508 820 seculorum
1541 763 1694 818 futu-

166 876 336 926 rorum,
367 873 590 929 quorum
618 857 886 912 inﬁnitam
921 857 1120 914 seriem
1165 857 1540 928 promittebat,
1565 871 1694 911 cor-

165 967 247 1023 pus
265 951 478 1006 deterius
497 949 802 1016 sortiretur,
828 957 882 1004 et
909 949 983 1004 ita
999 948 1375 1018 multiplicatis
1395 947 1694 1004 sceleribus

164 1043 218 1098 ad
237 1043 325 1098 hoc
348 1041 586 1097 ultimum
619 1041 916 1107 deveniret,
947 1050 1008 1096 ut
1025 1041 1124 1111 qui
1152 1049 1280 1096 ante
1303 1039 1484 1095 fuerat
1501 1041 1690 1107 homo,

165 1131 217 1186 ad
239 1129 590 1185 viviﬁcandum
613 1129 898 1199 quodlibet
924 1129 1293 1186 tardissimum
1318 1143 1540 1200 corpus,
1569 1129 1695 1184 hor-

165 1219 280 1275 ribili
303 1233 502 1275 carcere
535 1219 864 1274 truderetur.
897 1217 1038 1275 Ecce
1058 1219 1128 1276 ad
1155 1233 1321 1290 quem
1364 1226 1691 1289 proventum

166 1312 369 1368 sublimis
391 1313 668 1369 meditatio
690 1313 784 1369 illa
807 1321 1062 1380 evaserit,
1090 1313 1422 1384 qualemque
1447 1314 1691 1370 necessi-

165 1413 294 1459 tatem
313 1403 596 1460 secundum
623 1404 910 1461 stultitiam
959 1405 1144 1460 cordis
1167 1405 1255 1462 sui
1289 1405 1369 1460 illi
1401 1413 1688 1472 creaturae,

165 1511 259 1566 qua
277 1494 334 1550 ad
355 1494 658 1566 imaginem,
690 1502 746 1551 et
773 1495 1189 1551 similitudinem
1247 1495 1524 1552 Creatoris
1564 1510 1689 1552 om-

165 1589 283 1643 nium
305 1587 503 1643 condita
524 1597 609 1644 est
639 1589 883 1645 indicere
925 1605 1036 1644 non
1063 1589 1300 1660 expavit.
1331 1588 1450 1656 Dic,
1479 1604 1686 1660 quaeso,

165 1679 242 1734 sia
263 1679 499 1734 sententia
537 1679 639 1735 ista
686 1695 797 1735 non
825 1680 1080 1748 dissides,
1124 1681 1258 1752 quid
1285 1681 1534 1736 honestae
1571 1679 1688 1750 spei

165 1769 394 1840 concipere
444 1779 597 1841 potes
620 1814 638 1839 ,
699 1771 902 1842 quidve
958 1773 1028 1829 de
1077 1773 1301 1828 illorum
1351 1771 1688 1828 beatitudine

166 1871 408 1932 exspectas,
452 1864 544 1934 qui
594 1865 652 1919 in
683 1864 924 1934 perfecta
961 1881 1255 1936 corporum
1293 1873 1349 1920 et
1376 1865 1688 1920 animarum

168 1954 500 2010 resurrectione
534 1955 813 2025 duplicem
863 1957 1061 2012 stolam
1109 1964 1380 2026 recepturi
1413 1963 1564 2022 sunt,
1600 1969 1690 2010 se-

171 2045 350 2100 cundum
376 2061 434 2102 ea
459 2061 578 2117 qua:
625 2046 853 2103 interim
893 2049 1088 2106 oculus
1114 2048 1302 2106 videre
1329 2062 1440 2102 non
1467 2045 1686 2115 sullicit,

172 2147 245 2188 nec
264 2135 386 2191 auris
418 2137 621 2204 audire,
655 2153 787 2208 qua:
817 2138 1074 2195 videlicet
1099 2139 1156 2194 in
1185 2138 1521 2194 abundantia
1555 2154 1686 2212 gra-

176 2228 294 2284 tieet
325 2231 489 2300 gloriae
533 2248 653 2288 sua:
705 2244 976 2305 praeparat
1003 2233 1148 2292 Deus
1190 2234 1545 2308 diligentibus
1589 2235 1686 2292 se?

181 2315 264 2374 lloe
282 2323 392 2377 enim
418 2339 578 2381 sensu
626 2326 1019 2397 philosophico
1047 2327 1143 2394 tit,
1193 2337 1255 2383 ut
1299 2336 1360 2383 tu
1405 2335 1462 2383 et
1503 2327 1688 2384 caeteri

188 2413 396 2482 conplices
412 2417 484 2471 tui
506 2417 561 2472 in
587 2433 769 2490 regno
791 2417 1092 2474 Teutonico
1125 2418 1434 2486 constituti,
1474 2418 1568 2490 qui
1616 2418 1688 2475 ab

184 2507 398 2573 apostolica
423 2509 566 2576 sede,
592 2518 650 2567 et
675 2511 987 2566 obedientia
1017 2511 1194 2567 sancti
1240 2526 1396 2584 papae
1439 2509 1687 2582 Gregorii

177 2594 448 2669 dissensistis,
471 2611 526 2658 et
545 2602 931 2658 obinnumera
954 2603 1156 2674 ﬂagitia
1167 2603 1535 2659 damnationis
1561 2617 1690 2658 sen-

175 2693 336 2746 tentiam
356 2694 656 2766 excepistzs,
720 2711 752 2751 a
797 2697 1051 2766 praesenti
1098 2711 1328 2768 corpore
1361 2696 1686 2767 separatim

171 2781 354 2843 futurum
388 2790 639 2846 sarculum
690 2804 892 2860 corpus
919 2789 1134 2860 turpius
1161 2788 1501 2855 subintretis,
1537 2788 1686 2860 quod

169 2886 258 2928 cum
303 2891 470 2935 rursus
514 2879 700 2935 ferina
741 2879 1070 2951 contagione
1108 2879 1414 2950 pollueritis
1438 2895 1534 2950 per
1562 2880 1686 2940 inll-

167 2964 272 3021 nitas
307 2969 492 3037 species
527 2958 960 3026 aniuiandornm
999 2985 1292 3040 corporum
1341 2970 1683 3040 prmcipitati,

165 3053 215 3108 ad
249 3055 460 3114 ultimum
506 3059 562 3114 in
616 3059 933 3116 visceribus
983 3067 1144 3115 terra:
1197 3075 1264 3115 ac
1313 3059 1552 3116 sordidis
1596 3061 1684 3116 lo-

163 3146 222 3201 cis
243 3150 447 3207 conclusi
463 3161 674 3209 acterna
705 3153 880 3208 salute
903 3153 958 3207 in
988 3159 1312 3224 perpetuum
1355 3153 1608 3210 carentis.

711 3243 944 3300 CAPUT
997 3244 1063 3300 ll.

214 3329 378 3390 Verum
403 3351 499 3393 nec
527 3337 582 3393 in
607 3346 862 3409 tempore
882 3338 977 3394 illo
1005 3353 1038 3393 a
1061 3337 1484 3395 succedentibus
1509 3338 1690 3410 philo-

161 3424 322 3492 sophis,
343 3428 428 3496 qui
448 3429 670 3498 dignius
691 3431 843 3486 dese
869 3429 1006 3502 ipsis
1050 3439 1360 3497 senserunt,
1391 3431 1688 3504 crudelitas

161 3523 208 3594 II.
244 3529 526 3605 credulitas]
584 3533 699 3589 ista
745 3533 1043 3604 approbata
1071 3541 1174 3599 est,
1217 3532 1312 3589 sed
1334 3549 1430 3603 per
1454 3533 1688 3592 leviores

159 3616 350 3676 insanias
371 3631 687 3695 temperata,
716 3625 859 3682 inter
885 3641 1024 3696 quos
1046 3624 1201 3681 Plato
1233 3626 1449 3682 acutius
1475 3627 1687 3684 caeteris

159 3719 299 3765 rerum
322 3713 605 3782 primordia
653 3725 1034 3786 perscrutatus
1081 3717 1539 3788 compositionem
1566 3719 1690 3774 ani-

159 3804 553 3872 quihusdam
597 3808 904 3866 involucris
938 3810 1318 3882 praegravavit,
1366 3819 1422 3865 et
1439 3826 1507 3866 ex
1539 3811 1687 3868 indi-

158 3891 278 3948 vidua
302 3903 351 3951 et
367 3898 578 3956 dividua
599 3901 869 3970 essentia,
891 3911 1088 3957 natura
1115 3902 1304 3958 eadem
1349 3910 1406 3958 et
1445 3903 1684 3970 diversa,

157 3995 246 4036 eam
264 3996 494 4046 constare
520 3990 824 4059 aﬂirmans,
878 3993 960 4048 sic
1009 3993 1276 4061 coelestia,
1309 4004 1366 4049 et
1405 3995 1686 4051 terrestria

157 4085 336 4146 corpora
355 4095 448 4151 per
466 4081 644 4152 ipsam
675 4084 942 4141 viviﬁcari
965 4095 1369 4142 commentatus
1390 4096 1496 4155 est,
1513 4095 1574 4143 ut
1593 4088 1685 4144 ille

156 4165 272 4236 vigor
287 4176 512 4244 perpetui
545 4177 694 4248 ignis
716 4191 816 4247 pro
851 4185 1050 4233 natura
1079 4192 1376 4248 corporum
1401 4195 1434 4234 a
1458 4195 1516 4235 se
1542 4180 1682 4234 vivi-

155 4255 385 4320 ﬁcatorum
405 4270 640 4340 propriae
658 4269 881 4326 virtutis
893 4269 1179 4340 dispendia
1204 4278 1498 4339 pateretur.
1524 4269 1684 4338 Quod

156 4346 406 4416 llacrobius
453 4361 798 4432 Ciceronem,
831 4363 1126 4435 Virgilium
1172 4371 1227 4420 et
1281 4363 1420 4420 alios
1456 4363 1682 4421 Latinos

156 4443 488 4522 Philosophiae
508 4455 816 4527 disciplinae
842 4465 1144 4513 sectatores
1166 4455 1407 4512 sensisse
1424 4465 1678 4524 testatur,

1712 3191 1764 3257 (ἶ

1795 577 1899 646 pit,
1930 576 2047 632 haec
2071 578 2508 635 animadvertere
2536 582 2771 650 poterit;
2796 583 3000 640 mirum
3020 591 3207 658 tamen
3255 587 3382 656 erit,

1796 666 1846 724 si
1876 683 1988 723 non
2016 669 2201 725 audita
2225 679 2562 727 contemnat.

2411 762 2642 818 CAPUT
2678 763 2768 820 Ill.

1865 851 2046 909 Habes
2074 851 2276 910 ibidem
2305 856 2644 913 coadunatos
2667 857 3056 932 Pythagoram,
3077 860 3380 931 Platonem,

1792 941 2180 1012 Xenocratem,
2208 946 2582 1016 Aristotelem,
2613 949 3035 1019 Posscdoninm,
3079 953 3382 1025 Hippocra-

1791 1044 1926 1105 tem,
1973 1036 2333 1106 Heraclitum,
2387 1039 2687 1110 Zenonem,
2735 1041 3131 1114 Democritum,
3182 1046 3378 1114 alium,

1793 1125 2151 1196 Heraclitum,
2183 1127 2515 1199 Crisolaum,
2569 1131 2906 1206 Hypantum,
2954 1137 3375 1207 Anaximenem,

1793 1218 2199 1291 Empedoclem,
2225 1221 2630 1291 Parmenidem,
2660 1225 3102 1298 Xenophontem,
3132 1230 3376 1298 Boetem,

1792 1319 1958 1382 atque
1987 1311 2305 1383 Epicurum,
2334 1329 2570 1384 quorum
2601 1316 2788 1386 plures
2839 1317 3072 1376 diversis
3119 1337 3374 1378 errorum

1791 1403 2078 1474 spiritibus
2099 1404 2261 1473 devii,
2280 1413 2336 1461 et
2357 1420 2523 1462 sensu
2545 1408 2728 1464 carnis
2753 1424 2868 1466 suae
2895 1409 3086 1478 inﬂati,
3112 1421 3374 1482 tanquam

1789 1509 1888 1566 per
1913 1496 2164 1568 quaedam
2198 1498 2433 1568 abrupta
2466 1498 2760 1569 dispertiti,
2815 1512 3006 1558 contra
3034 1518 3093 1560 se
3121 1503 3379 1561 dissonas

1789 1597 1844 1644 et
1868 1589 2272 1645 controversias
2290 1589 2590 1646 sententias
2612 1589 2670 1645 in
2689 1592 2887 1648 animae
2907 1609 3021 1649 suae
3040 1593 3250 1664 judicio
3261 1594 3380 1650 edi-

1789 1680 2006 1736 derunt.
2039 1679 2288 1748 Quorum
2323 1679 2499 1750 Plato,
2525 1683 2673 1753 quod
2699 1683 2767 1738 ad
2788 1699 2978 1740 verum
3010 1687 3145 1743 satis
3166 1687 3380 1743 videtur

1788 1772 2068 1841 accedere,
2091 1773 2334 1829 animam
2371 1773 2618 1830 definivit
2639 1776 2936 1832 essentiam
2962 1792 3022 1832 se
3047 1787 3378 1839 moventem.

1789 1865 1935 1921 alius
1949 1880 2240 1921 numerum
2257 1881 2316 1922 se
2333 1873 2664 1934 moventem,
2679 1867 2820 1924 alius
2834 1868 3214 1937 entelechiam,
3229 1871 3380 1942 quod

1789 1959 2219 2030 interpretantur
2265 1960 2504 2030 corporis
2545 1959 2796 2030 formam,
2839 1959 2982 2016 alius
3010 1959 3380 2030 harmoniam,

1785 2051 1930 2108 alius
1954 2050 2154 2120 ideam,
2165 2051 2307 2107 alius
2324 2051 2644 2108 exercitium
2667 2051 2912 2122 quinque
2929 2067 3214 2120 sensuum,
3229 2053 3382 2121 jalius

1790 2149 2012 2199 tenuem
2057 2143 2332 2214 spiritum,
2360 2143 2501 2200 alius
2522 2143 2722 2210 lucem,
2769 2143 2911 2198 alius
2933 2143 3170 2200 stellaris
3191 2158 3384 2201 essen-

1789 2233 1880 2290 tia;
1907 2235 2224 2304 scintillam,
2279 2235 2422 2291 alius
2477 2235 2734 2306 spiritum
2781 2245 3102 2292 concretum
3141 2236 3380 2307 corpori,

1788 2327 1932 2382 alius
1956 2327 2208 2398 spiritum
2245 2327 2512 2384 insertum
2539 2327 2766 2395 atomis,
2807 2328 2949 2384 alius
2970 2329 3038 2385 de
3061 2330 3255 2400 quinta
3287 2346 3381 2386 es-

1787 2419 1985 2487 sentia,
2008 2420 2170 2476 alius
2191 2421 2398 2492 ignem,
2440 2420 2584 2478 alius
2624 2435 2830 2488 aerem,
2862 2420 3006 2478 alius
3030 2422 3380 2494 sanguinem,

1787 2509 1934 2565 alius
1964 2525 2032 2566 ex
2055 2517 2200 2566 terra
2231 2517 2288 2566 et
2309 2509 2454 2582 igne,
2479 2511 2623 2566 alius
2651 2525 2720 2566 ex
2763 2517 2912 2565 terra
2953 2519 3009 2567 et
3037 2527 3204 2583 aqua,
3238 2512 3381 2570 alius

1785 2618 1856 2659 ex
1905 2617 2052 2672 aere,
2085 2611 2144 2659 et
2184 2603 2310 2674 igne
2349 2611 2406 2658 et
2434 2602 2632 2674 spiritu
2679 2602 2923 2659 mistam.
2969 2601 3029 2659 ln
3078 2612 3194 2660 tam
3225 2605 3381 2661 varia

1784 2691 1952 2765 igitur
1971 2695 2241 2752 divisione
2263 2696 2556 2752 considera
2591 2695 2640 2752 si
2665 2706 2722 2761 te
2747 2711 2918 2751 unum
2955 2696 3212 2753 omnibus
3243 2713 3380 2754 sano

1787 2801 1957 2844 sensu
1981 2789 2400 2845 accommodare
2450 2775 2652 2860 possis,
2701 2804 2766 2845 ac
2788 2789 2838 2845 si
2883 2789 3196 2848 consentire
3223 2799 3381 2860 potes

1786 2879 2029 2935 animam
2053 2888 2206 2936 tuam
2229 2880 2356 2951 jure
2383 2881 2709 2954 sanguinem
2737 2883 3069 2955 nuncupari,
3102 2884 3194 2940 dic
3213 2899 3370 2955 rogo,

1785 2989 1908 3044 quae
1918 2974 2182 3030 caelorum
2192 2990 2358 3047 regna
2369 2977 2684 3046 exspectes?
2707 2975 2821 3033 Hoc
2831 2977 2979 3034 enim
2992 2977 3156 3033 modo
3171 2985 3230 3032 tu
3244 2992 3380 3034 con-

1785 3074 1959 3135 stans,
1969 3067 2194 3138 sanguis
2205 3075 2260 3124 ct
2270 3083 2420 3135 caro,
2436 3083 2565 3139 mgn
2571 3083 2664 3123 um
2680 3067 2774 3123 Dei
2785 3068 3066 3140 possidere
3077 3083 3188 3124 non
3200 3077 3376 3139 potes.

2413 3158 2645 3215 CAPUT
2683 3159 2774 3216 ιν.

1862 3249 2020 3318 Quod
2067 3258 2252 3307 autem
2301 3251 2370 3307 de
2417 3251 2654 3322 sphaera,
2680 3258 2737 3306 et
2763 3250 3014 3319 orbibus,
3061 3259 3118 3308 et
3167 3251 3379 3308 caelesti

1789 3343 2100 3411 harmonia,
2127 3343 2195 3400 de
2231 3341 2414 3399 fallaci
2442 3359 2703 3400 mensura
2735 3345 2868 3400 solis
2901 3354 2956 3400 et
3000 3345 3165 3413 lunae,
3191 3353 3248 3401 et
3277 3359 3378 3400 or-

1788 3437 1875 3493 bis
1905 3445 2084 3504 terrm,
2117 3436 2186 3492 de
2225 3446 2462 3507 quatuor
2502 3437 2896 3494 habitabilibus
2923 3439 3158 3494 maculis
3181 3440 3238 3493 in
3269 3439 3379 3494 cir-

1789 3529 1939 3585 cuitu
1970 3528 2173 3584 terreni
2202 3528 2390 3598 puncti
2435 3529 2738 3586 secundum
2784 3525 2944 3585 tidem
2995 3530 3075 3585 tui
3115 3529 3378 3587 Macrobil

1788 3620 2104 3676 constitutis
2128 3661 2142 3686 ,
2175 3629 2229 3676 et
2259 3620 2328 3676 de
2369 3619 2644 3690 antipodis
2667 3663 2682 3689 ,
2720 3637 2818 3677 seu
2863 3622 3124 3679 Antoecis
3154 3637 3252 3694 per
3279 3639 3376 3680 eas

1787 3710 2280 3768 incommeabiliter
2326 3711 2608 3782 dispositis
2661 3711 2981 3781 aﬂirmatur,
3019 3713 3074 3768 in
3101 3723 3372 3785 quantum

1786 3804 2090 3876 periculum
2133 3804 2266 3860 talia
2313 3805 2588 3873 dicantur,
2641 3821 2836 3876 parum
2886 3807 3019 3862 mihi
3075 3809 3377 3866 attendisse

1787 3897 2009 3954 videris.
2046 3895 2315 3968 Suscepto
2342 3897 2490 3953 enim
2517 3899 2706 3966 semel,
2735 3908 2971 3969 quatuor
3009 3900 3376 3958 habitationes

1787 3988 2075 4044 hominum
2103 4003 2247 4055 esse,
2273 4002 2508 4059 quorum
2536 3988 2604 4044 ad
2631 4003 2690 4043 se
2717 3987 2948 4044 invicem
2973 3991 3121 4045 nulla
3156 3991 3377 4062 penitus

1785 4080 1962 4152 possit
1989 4095 2112 4136 esse
2146 4096 2247 4150 per
2286 4089 2541 4136 naturam
2593 4082 2938 4138 commeandi
2988 4082 3230 4148 licentia,
3261 4083 3374 4151 dic,

1784 4187 1904 4244 age,
1935 4174 2214 4242 quomodo
2262 4186 2453 4227 verum
2507 4172 2632 4238 erit,
2675 4173 2821 4242 quod
2851 4182 3039 4230 sancta
3073 4182 3129 4228 ct
3155 4181 3378 4244 aposto-

1783 4265 1890 4322 lica
1919 4265 2322 4321 rationabiliter
2375 4263 2666 4320 conﬁtetur
2715 4263 2980 4334 Ecclesia,
3033 4265 3376 4324 Salvatorem

1781 4357 2054 4423 videlicet,
2111 4370 2209 4426 per
2236 4355 2446 4426 primos
2473 4354 2662 4412 Patres
2696 4357 2766 4412 ab
2795 4357 2949 4427 ipsis,
2984 4367 3042 4414 ut
3070 4359 3145 4415 ita
3174 4361 3376 4430 dicam,

1781 4448 1950 4520 hujus
1979 4447 2167 4504 mundi
2209 4447 2499 4505 cunabulis
2548 4449 2940 4520 praesignatum
2981 4460 3040 4506 et
3069 4467 3102 4506 a
3142 4453 3379 4522 patria-rs

157 4535 262 4593 sicut
285 4545 616 4604 manifestius
664 4563 998 4619 cognoscere
1045 4549 1248 4619 poterit
1271 4549 1363 4620 qui
1389 4557 1682 4604 tractatum
1715 4541 1760 4596 D
1784 4540 1904 4596 chis
1941 4549 1996 4596 et
2032 4540 2315 4612 prophetis
2338 4550 2738 4611 consequenter
2767 4541 3068 4599 multifarie
3102 4553 3157 4599 et
3187 4545 3376 4600 multis

157 4627 244 4695 eius
262 4631 327 4689 De
357 4641 553 4694 somnio
579 4640 848 4712 Scipionis
883 4641 1069 4698 videre
1105 4642 1338 4698 curabit.
1373 4639 1475 4697 Hic
1500 4641 1685 4712 itaque

155 4719 263 4777 sicut
294 4741 380 4794 per
415 4730 788 4789 introductum
843 4733 1178 4804 discipulum
1225 4748 1385 4788 suum
1419 4731 1685 4788 Timaeum

157 4821 508 4888 commemorat,
535 4833 596 4877 ut
642 4839 740 4894 per
781 4824 1031 4894 quaedam
1079 4823 1239 4894 quasi
1269 4823 1625 4880 deliramenta
1653 4839 1685 4880 a

157 4911 348 4966 numeris
396 4922 565 4971 tracta
631 4917 1074 4974 consideratione
1133 4918 1384 4974 eamdem
1440 4918 1682 4972 animam

156 5000 380 5064 quodlibet
402 5006 702 5064 animatum
731 5023 936 5080 corpus
962 5010 1289 5066 indistanter
1319 5016 1606 5080 penetrare
1626 5019 1682 5066 et

157 5087 378 5150 viviﬁcare
404 5100 752 5170 ostenderet,
803 5118 932 5157 cum
981 5103 1048 5158 de
1079 5101 1192 5158 Deo
1227 5101 1530 5158 fabricante
1555 5103 1679 5158 ani-

156 5189 267 5235 mam
303 5185 627 5259 loqueretur,
678 5193 1065 5264 praedictarum
1115 5193 1482 5250 essentiarum
1523 5209 1680 5251 com-

157 5271 410 5335 mistionem
459 5281 788 5341 fermentum
839 5287 1150 5356 appellans;
1179 5285 1446 5353 Primam,
1478 5285 1678 5357 inquit,

156 5372 201 5409 es
219 5368 336 5421 empti
357 5371 606 5438 fermnto
624 5386 827 5446 partem
877 5376 1026 5445 tulit,
1055 5378 1177 5432 hinc
1207 5379 1436 5448 sumpsit
1459 5377 1681 5448 duplam

157 5455 312 5508 Ραηεπι
335 5458 541 5528 prioris,
579 5464 792 5517 tertiam
830 5480 950 5520 vero
983 5463 1294 5519 Itemioliam
1325 5467 1592 5533 secundm,
1628 5473 1684 5522 et

159 5534 235 5591 alia
254 5548 496 5616 quaedam,
525 5567 650 5622 quae
668 5569 768 5624 pro
795 5555 971 5612 nihilo
991 5557 1061 5612 ad
1100 5557 1426 5618 memoriam
1453 5558 1683 5614 reduce-

160 5637 318 5702 “mus.
362 5642 616 5710 quoniam
650 5646 764 5717 ipsa
815 5663 931 5705 suae
976 5649 1332 5706 obscuritatis
1387 5650 1682 5707 insolentia

161 5722 350 5813 nimum
367 5735 622 5798 auditoris
645 5741 974 5799 obtundant.
1004 5743 1062 5798 Si
1092 5743 1218 5813 quis
1251 5759 1384 5799 vero
1403 5760 1465 5799 ea
1493 5744 1683 5804 audire

161 5811 391 5895 “sidera,
425 5830 490 5886 ab
521 5834 712 5922 eodem
740 5835 989 5905 Platone,
1031 5811 1149 5894 sive
1182 5854 1214 5894 a
1256 5837 1554 5909 Macrobio,
1581 5841 1677 5912 qui

1786 4622 2128 4692 evidentibus
2150 4635 2331 4692 modis
2353 4635 2785 4708 praiﬁguratum,
2810 4638 3028 4694 tandem
3056 4639 3110 4692 in
3139 4639 3378 4708 plenitu-

1784 4727 1914 4783 dine
1937 4727 2222 4796 temporis,
2253 4725 2620 4783 ineﬂ‘abilibus
2649 4728 2975 4784 humilitatis
3007 4737 3063 4784 et
3091 4729 3378 4784 charitatis
3445 4727 3458 4748 ‘

1787 4834 1904 4876 suae
1935 4818 2195 4890 operibus
2238 4819 2520 4889 cognitum
2547 4834 2612 4875 ac
2639 4819 3016 4886 clariﬁcatum,
3056 4821 3110 4874 in
3143 4819 3377 4874 salutem

1788 4911 1959 4967 totius
1990 4910 2218 4966 humani
2253 4911 2470 4983 generis
2519 4910 2826 4978 advenisse,
2857 4910 2905 4966 si
2933 4911 3038 4965 tria
3089 4909 3378 4965 hominum

1788 5018 1986 5075 genera
2037 5012 2262 5074 excepta
2319 5012 2468 5072 sunt,
2530 5019 2656 5074 quae
2713 5003 3007 5073 praedictus
3064 5001 3377 5058 Macrobius

1787 5103 1984 5168 praeter
2006 5095 2150 5154 hanc
2167 5096 2521 5152 habitabilem
2547 5111 2713 5166 quam
2749 5094 3044 5150 incolimus
3073 5095 3376 5152 secundum

1788 5203 2054 5245 zonarum
2083 5189 2208 5245 coeli
2237 5197 2294 5244 et
2336 5197 2500 5244 terra;
2541 5186 2860 5257 temperiem
2906 5201 3070 5258 posse
3098 5203 3222 5244 esse
3246 5204 3376 5258 per-

1785 5281 2002 5348 suadet,
2030 5281 2098 5336 ad
2143 5296 2268 5351 quae
2308 5288 2474 5335 tantae
2503 5277 2846 5334 salubritatis
2871 5279 3063 5334 notitia
3090 5279 3377 5351 pervenire

1787 5389 1897 5430 non
1927 5373 2100 5446 potuit
2129 5374 2152 5428 ?
2178 5371 2283 5430 Ubi
2311 5380 2416 5439 est,
2462 5371 2612 5442 quod
2649 5371 2742 5427 ille
2772 5370 2948 5428 ﬁdelis
2973 5388 3138 5444 quem
3167 5373 3378 5428 invenit

1784 5465 2052 5522 Dominus
2075 5467 2257 5522 virum
2289 5465 2593 5522 secundum
2623 5479 2719 5521 cor
2747 5480 2931 5534 suum,
2955 5466 3014 5520 in
3055 5464 3252 5536 spiritu
3282 5479 3384 5519 ve-

1782 5559 1966 5617 ritatis
2012 5560 2214 5616 clamat
2246 5577 2258 5614 :
2285 5557 2422 5613 Ante
2473 5567 2807 5628 conspectum
2857 5560 3090 5630 gentium
3127 5559 3376 5614 reuelauit

1772 5651 2048 5722 justitiam
2081 5667 2236 5706 suam
2288 5650 2453 5707 Deus.
2493 5651 2560 5706 Et
2603 5651 2804 5708 ibidem
2839 5671 2852 5707 :
2891 5651 3148 5708 Videbunt
3193 5665 3374 5710 omnes

1783 5745 1910 5815 ﬁnes
1941 5753 2096 5800 terra:
2129 5742 2366 5800 salutare
2390 5744 2490 5800 Dei
2526 5746 2717 5812 nostri,
2756 5745 2804 5800 si
2831 5745 3002 5816 aliqui
3037 5746 3173 5801 tinea
3214 5754 3376 5802 term

1783 5847 1910 5894 sunt
1945 5839 2014 5920 ab
2036 5839 2378 5908 hominibus,
2406 5839 2714 5914 inhabitati,
2749 5839 2818 5896 ad
2840 5856 3001 5912 quos
3047 5855 3215 5897 sonus
3239 5854 3373 5914 pro-
