3990 6298
1965 364 2374 425 MANEGALDI

3713 379 3803 438 l56

543 499 839 573 piratarum
869 505 925 552 et
950 497 1325 567 apostolorum
1354 501 1663 550 nostrorum
1687 486 2010 558 prohibente
2034 500 2133 540 na-
2160 490 2210 547 Α
2235 482 2501 555 Origenes
2518 497 2753 554 magnus
2782 481 2869 537 vir
2904 482 2961 537 in
2985 481 3251 549 Ecclesia,
3293 491 3347 538 et
3374 483 3673 544 divinorum
3700 495 3804 550 elo.

545 596 671 645 tura
722 603 821 659 per
874 587 1284 644 inaccessibiles
1334 595 1622 654 aquarum,
1676 576 1941 649 frigorum
1986 575 2139 632 calo-

544 695 741 736 rumve
770 680 1065 736 distantias
1094 679 1331 734 transire
1364 670 1647 743 nequivit?

1166 764 1396 825 CAPUT
1434 764 1498 818 ν.

620 862 891 935 Equidem
939 862 1046 933 legi
1100 862 1217 916 hazc
1262 868 1466 922 tecum,
1513 861 1587 921 et,
1614 860 1683 907 ut
1719 851 2000 917 recordor,
2032 844 2143 907 ire-

548 964 782 1027 quenter
832 954 1015 1009 dicere
1064 952 1306 1008 solebam
1354 948 1472 1002 haec
1521 946 1597 1001 ita
1631 946 1829 1002 debere
1858 945 2053 1015 accipi,
2083 951 2144 998 ut

550 1048 765 1118 sphera:
813 1052 1033 1101 tantum
1081 1038 1271 1097 notitia
1307 1040 1629 1105 haberetur,—
1669 1053 1779 1094 non
1818 1046 1880 1092 ut
1916 1036 2144 1092 veritate

553 1138 770 1194 munita
813 1134 1184 1199 crederentur,
1235 1130 1364 1201 quia
1397 1130 1698 1186 secundum
1728 1130 1974 1201 Apostoli
2003 1144 2141 1200 pra:-

550 1238 773 1300 ceptum
794 1228 977 1284 omnia
1011 1224 1292 1296 probanda
1323 1232 1473 1292 sunt,
1495 1231 1721 1295 etpuro
1755 1224 1955 1279 mentis
1976 1223 2145 1278 intui-

552 1329 610 1377 tu
639 1314 998 1376 examinanda
1027 1333 1041 1382 ;
1070 1315 1335 1387 quoniam
1379 1316 1525 1371 sicut
1545 1316 1601 1371 in
1629 1315 1718 1372 his
1745 1330 1869 1386 quae
1891 1302 2144 1371 sensibus

548 1412 797 1481 subjecta
826 1415 975 1475 sunt,
1001 1408 1077 1463 ita
1124 1422 1348 1479 quoque
1393 1408 1449 1462 in
1490 1408 1971 1476 intellectualibus,
2002 1423 2143 1479 prte-

549 1501 737 1559 sertim
765 1499 820 1553 in
844 1499 1113 1567 scientiis,
1139 1509 1252 1554 tam
1281 1499 1467 1554 multa:
1495 1506 1549 1554 et
1570 1499 1737 1556 varia
1760 1499 1970 1569 species
1992 1506 2142 1565 sunt,

547 1599 612 1648 ut
636 1590 743 1646 nisi
772 1591 1006 1662 spiritus
1039 1591 1262 1662 pietatis
1312 1591 1477 1658 adsit,
1510 1590 1673 1660 cujus
1710 1590 1899 1661 regula
1941 1589 2148 1660 dit-iga:-

548 1700 694 1752 mnr,
726 1681 825 1740 cor
858 1683 1103 1739 hominis
1150 1694 1382 1755 pravum
1426 1694 1481 1737 et
1519 1681 1877 1738 inscrutahile
1909 1694 2145 1751 pronum

547 1775 624 1833 sit
649 1775 937 1832 verisimili
960 1775 1174 1831 ratione
1204 1774 1443 1842 seduci;
1475 1782 1532 1829 et
1555 1774 1662 1829 nisi
1688 1772 1985 1829 sobrietate
2003 1786 2144 1843 qua-

2240 576 2499 645 quiorum
2548 573 2816 629 mirabilis
2858 582 3142 641 tractator,
3180 574 3462 630 tremendo
3504 575 3593 631 Dei
3620 580 3807 649 judicio

2240 666 2473 723 evadere
2493 681 2602 721 non
2623 666 2852 734 meruit;
2882 666 2974 721 sed
3011 681 3137 722 cum
3169 674 3294 737 post
3319 665 3520 722 multos
3543 678 3805 745 tractatus,

2240 772 2383 829 quos
2426 758 2629 813 utiliter
2648 766 2703 814 et
2730 758 3062 814 excellenter
3102 758 3169 814 ad
3200 759 3463 813 honorem
3499 771 3693 818 sanctae
3717 765 3809 823 Ee-

2241 850 2424 907 clesize
2450 850 2645 917 edidit,
2680 851 2751 906 ad
2782 848 3068 907 enodanda
3114 850 3339 905 demum
3376 849 3597 911 Cantica
3644 870 3811 914 acces-

2242 942 2425 1009 sisset,
2476 943 2731 1008 asseruit,
2789 941 3029 996 Patrem.
3053 957 3085 997 a
3132 940 3294 1007 Filio,
3347 940 3651 1014 Filiumque
3690 964 3719 1001 a
3757 948 3808 1005 S.

2245 1033 2452 1106 Spiritu
2475 1048 2585 1089 non
2617 1033 2809 1090 videri.
2848 1034 3004 1101 Quod
3034 1033 3095 1088 Β.
3127 1031 3491 1105 Hieronymus
3513 1035 3569 1089 in
3588 1040 3813 1107 epistolis

2243 1125 2362 1182 suis
2385 1126 2719 1197 signiﬁcans,
2743 1138 2797 1182 et
2820 1127 2956 1181 tanti
2986 1125 3231 1181 doctoris
3258 1140 3451 1180 casum
3482 1127 3709 1197 graviter
3736 1132 3813 1188 in-

2244 1219 2554 1292 gemiscens
2583 1238 2595 1274 :
2632 1217 2906 1290 Origenes,
2950 1218 3151 1288 inquit,
3186 1233 3317 1271 cum
3352 1218 3409 1271 in
3444 1218 3571 1273 aliis
3618 1231 3810 1279 ceteros

2243 1314 2475 1381 vicisset,
2513 1315 2570 1367 in
2597 1312 2819 1369 Cantica
2845 1313 3174 1366 canticorum
3195 1327 3250 1365 se
3273 1311 3419 1366 vicit.
3455 1309 3626 1382 Cujus
3647 1314 3814 1371 lauda-

2244 1407 2353 1462 bile
2377 1404 2658 1479 ingenium
2688 1405 2932 1476 quandiu
2963 1403 3230 1460 charitate
3249 1402 3388 1459 duce
3423 1404 3667 1474 incaluit,
3686 1416 3736 1463 et
3756 1408 3814 1465 ab

2246 1497 2561 1569 apostolicae
2595 1496 2860 1552 doctrinae
2888 1495 3096 1551 lumine
3125 1510 3235 1550 non
3272 1498 3520 1563 recessit,
3565 1512 3658 1568 per
3684 1499 3816 1556 dire-

2246 1598 2394 1644 ctum
2435 1589 2710 1660 gradiens,
2760 1588 3102 1644 altitudinem
3156 1586 3498 1657 spiritualem
3534 1588 3818 1649 intellectus

2247 1681 2541 1737 salubriter
2580 1680 2706 1735 aliis
2737 1680 3095 1747 ministravit;
3129 1679 3219 1734 ubi
3248 1694 3381 1735 vero
3415 1674 3817 1751 profunditatém

2248 1771 2531 1843 sapientius
2574 1778 2647 1827 et‘
2674 1772 2923 1827 scientize
2960 1771 3056 1828 Dei
3096 1770 3727 1842 incomprehensibilem,
3772 1786 3819 1832 et

550 1867 681 1925 dam
725 1867 1093 1940 intelligentia
1123 1866 1449 1934 refrenetur,
1504 1866 1808 1937 aliquando
1862 1866 1917 1920 in
1973 1866 2145 1921 altum
2180 1864 2222 1925 Β
2249 1864 2459 1919 homini
2490 1879 2587 1935 per
2616 1878 2675 1921 se
2718 1863 2871 1920 fatuo
2916 1880 3023 1920 non
3061 1873 3347 1935 potestate,
3387 1865 3505 1931 sed,
3529 1864 3820 1938 dignatione

550 1960 695 2016 elata
744 1959 867 2030 ipso
909 1958 1129 2014 tandem
1161 1966 1378 2014 tumore
1420 1958 1475 2013 in
1508 1958 1837 2014 immensum
1869 1965 2148 2014 crescente

552 2059 865 2122 rumpatur,
918 2051 1251 2122 quandoque
1302 2062 1435 2106 vero
1482 2050 1840 2106 sinistrosum
1882 2049 2057 2120 nimis
2080 2050 2150 2105 ad

550 2143 673 2198 ima
712 2142 1012 2216 devergens
1042 2142 1099 2197 in
1128 2142 1383 2198 tenebras
1432 2141 1700 2200 fatuitatis
1746 2144 2147 2215 subme‘rgeturi

554 2233 886 2292 Providebat
939 2237 1042 2292 hoc
1102 2235 1322 2292 animus
1374 2235 1643 2307 Apostoli,
1686 2236 1927 2307 Spiritus
1975 2234 2150 2291 sancti

551 2329 726 2401 gratia
754 2327 1081 2395 illustratus,
1109 2328 1205 2399 qui
1248 2328 1391 2383 inter
1425 2329 1645 2400 regulas
1673 2328 1797 2383 fidei
1826 2343 1969 2399 quas
1992 2328 2152 2383 nobis

548 2418 853 2477 imitandus
891 2418 1147 2492 praeﬁxit,
1187 2434 1541 2491 summopere
1569 2420 1874 2486 admonuit,
1907 2435 2011 2476 non
2031 2418 2151 2490 plus

549 2528 735 2583 sapere
799 2529 962 2585 quam
1012 2518 1238 2583 oportet,
1290 2512 1381 2567 sed
1439 2504 1621 2583 sapere
1673 2513 1746 2567 ad
1789 2512 2149 2578 sobrietatem,

553 2603 793 2661 Proinde
828 2618 957 2660 cum
987 2604 1195 2676 aliquid
1244 2605 1415 2660 menti
1462 2614 1668 2660 nostra
1713 2602 1956 2661 occurrit
2000 2603 2150 2674 quod

556 2697 681 2769 ipsa
716 2698 802 2753 sui
857 2696 1196 2753 sublimitate
1249 2688 1414 2769 atque
1463 2697 1848 2768 probabilitate
1893 2697 2149 2763 delectat,

555 2790 831 2846 habemus
850 2790 1242 2861 quadraturam
1273 2790 1604 2846 Christianae
1649 2789 1935 2855 doctrinae,
1984 2802 2151 2859 quam

559 2881 860 2938 intellectis
885 2891 940 2937 et
979 2882 1217 2953 cognitis
1256 2882 1413 2952 juxta
1460 2896 1668 2953 ponere
1703 2882 1987 2948 debemus,
2022 2890 2075 2936 et
2106 2882 2155 2938 si

554 2974 687 3045 quid
714 2973 783 3028 de
809 2973 1261 3029 meditationibus
1308 2975 1519 3030 nostris
1554 2974 1874 3041 excesserit,
1912 2973 1979 3028 ad
2026 2987 2155 3028 nor-

558 3078 708 3120 mam
738 3062 1168 3119 illiusfestiuato
1192 3064 1403 3134 judicio
1437 3078 1707 3120 resecare.
1742 3062 1821 3119 lta
1845 3074 1898 3119 et
1927 3064 2156 3120 damna»

548 3152 755 3210 'bilium
785 3168 1039 3209 errorum
1085 3154 1394 3226 periculum
1431 3155 1684 3223 devitari,
1713 3163 1767 3209 et
1794 3156 2153 3227 phil050pho-

2250 1957 2572 2027 capabilem,
2616 1956 2862 2028 profanis
2894 1956 3211 2013 Graecorum
3246 1956 3615 2029 dogmatibus,
3640 1959 3820 2029 quibus

2248 2063 2310 2103 se
2336 2045 2593 2103 fortassis
2615 2047 2771 2117 prius
2805 2047 2970 2103 nimis
3013 2047 3291 2115 all’eeerat,
3324 2048 3680 2105 commiscere
3713 2060 3821 2107 ten-

2248 2140 2407 2207 tavit,
2443 2139 2586 2196 sicut
2612 2140 2833 2210 quando
2862 2140 2931 2195 de
2953 2141 3354 2197 resurrectione
3385 2148 3626 2197 tractans
3650 2143 3822 2199 solidi-

2252 2240 2419 2288 tatem
2455 2240 2510 2288 et
2543 2232 2826 2288 veritatem
2862 2233 3322 2304 resurgendorum
3352 2247 3646 2303 corporum
3673 2233 3824 2291 denev

2251 2324 2418 2399 gavit,
2480 2325 2799 2381 miseranda
2855 2323 3110 2380 humana:
3163 2324 3476 2397 fragilitatis
3524 2336 3706 2395 sorte,
3754 2328 3825 2385 vir
3932 2398 3933 2403 η

2248 2418 2509 2490 egregius
2522 2425 2577 2473 et
2599 2416 2850 2474 sublimis
2879 2418 3357 2485 consideratienis,
3389 2419 3554 2489 quasi
3586 2419 3652 2475 de
3688 2420 3825 2477 altis-
3932 2416 3935 2419 “

2251 2510 2388 2567 sima
2435 2511 2652 2582 specula
2679 2512 2868 2582 lapsus
2904 2511 3231 2583 gravissime
3252 2512 3486 2579 corruit,
3511 2512 3828 2583 exemplum-

2253 2616 2360 2671 que
2387 2602 2627 2672 posteris
2648 2600 2829 2657 factus
2853 2610 2958 2668 est,
2987 2618 3112 2657 cum
3137 2612 3343 2674 quanta
3370 2604 3677 2658 reverentia
3696 2612 3746 2658 et
3769 2603 3830 2658 ti-

2252 2708 2403 2749 more
2442 2694 2614 2749 divini
2641 2694 2857 2749 consilii
2884 2694 3151 2750 celsitudo
3180 2703 3233 2749 et
3267 2693 3619 2765 profunditas
3651 2703 3833 2767 myste-

2250 2787 2460 2841 rierum
2495 2785 2590 2841 Dci
2616 2786 2927 2858 attingenda
2965 2786 3055 2855 sit,
3085 2795 3141 2842 et
3170 2795 3231 2841 ut
3256 2787 3500 2858 quisque
3531 2787 3601 2843 de
3628 2803 3684 2843 se
3715 2789 3834 2844 sciat

2252 2878 2382 2947 quia
2425 2886 2635 2947 quanto
2663 2878 2907 2933 velocior
2943 2886 3031 2933 est
3074 2878 3273 2932 animae
3303 2893 3416 2933 sua
3452 2887 3657 2946 motus,
3701 2888 3834 2934 tanto
3932 2940 3935 2951 η

2253 2972 2496 3042 paratior
2530 2971 2609 3026 illi
2636 2984 2799 3026 casus
2834 2979 2940 3038 est,
2968 2971 3075 3026 nisi
3104 2986 3232 3026 cum
3273 2971 3494 3026 cautela
3538 2980 3593 3027 et
3646 2972 3831 3027 caelesti
3932 2962 3935 2971 ⁴

2254 3063 2510 3136 praesidio
2540 3072 2844 3118 moveatur.
2905 3062 3061 3130 Quod
3104 3061 3352 3118 Salvator
3392 3063 3683 3134 discipulis
3714 3062 3837 3118 indi-

2256 3167 2344 3213 cat
2373 3171 2497 3212 cum
2518 3165 2654 3210 ante
2693 3164 2990 3227 potestates
3023 3155 3236 3221 mundi,
3273 3171 3517 3225 quarum
3550 3156 3738 3212 timore
3764 3154 3835 3210 vel

557 3258 681 3301 rum
710 3244 927 3314 peritia,
977 3222 1106 3317 qua;
1145 3255 1411 3319 tanquam
1460 3248 1732 3318 superﬂua
1765 3222 2152 3319 quadam-im-
2180 3222 2225 3292 ο
2258 3264 2445 3305 amore
2472 3248 2539 3303 de
2568 3222 2772 3319 Spiritu
2802 3257 2993 3304 sancto
3026 3247 3185 3303 facile
3211 3222 3321 3303 labi
3356 3256 3609 3319 possent,
3637 3264 3739 3319 pra:
3763 3256 3837 3303 te-

557 3336 824 3392 mensitas
850 3338 1056 3394 nostris
1081 3339 1283 3395 studiis
1307 3347 1437 3410 apta
1464 3349 1568 3405 est,
1596 3342 1882 3397 commode
1921 3343 2156 3399 salubri-

562 3436 756 3498 terque
777 3428 998 3498 poierit,
1022 3427 1298 3484 famulari.
1325 3428 1395 3484 Ut
1418 3438 1600 3485 autem
1628 3430 2157 3488 indissimulabiliter

562 3533 865 3590 pernoscas
884 3538 1053 3593 quam
1075 3522 1444 3594 perniciosum
1468 3525 1538 3580 sit
1558 3539 1750 3583 eorum
1769 3526 1972 3582 imitari
1996 3528 2157 3584 ﬁdem

560 3627 799 3683 quorum
829 3614 1112 3686 ingenium
1142 3615 1505 3685 admiramur,
1539 3616 1725 3689 aspice
1752 3618 1886 3690 quid
1921 3630 2156 3691 praeten-

562 3704 658 3761 dat
697 3706 753 3761 in
792 3707 968 3778 prima
1003 3717 1161 3779 parte
1212 3710 1300 3765 sui
1346 3710 1742 3782 philosophica:
1787 3712 2157 3770 confessionis

559 3801 819 3867 assertio,
843 3818 1008 3872 quam
1034 3803 1109 3859 ab
1126 3803 1334 3860 eisdem
1352 3814 1643 3876 sumptam
1664 3802 1978 3863 Haerebius
2017 3808 2159 3864 libro

560 3906 668 3948 suo
700 3894 1081 3964 apponendam
1111 3896 1327 3952 curavit
1346 3897 1432 3952 bis
1453 3899 1656 3955 verbis.
1983 3890 1991 3896 ’

1171 3986 1422 4043 CAPUT
1441 3988 1530 4044 Vl.

640 4094 659 4129 ι
691 4076 858 4146 Deus,
887 4079 981 4149 qui
1017 4079 1196 4151 prima
1225 4097 1395 4137 causa
1424 4091 1480 4137 et
1507 4092 1613 4150 est,
1646 4090 1702 4139 et
1733 4094 1981 4151 vocatur,
2014 4101 2159 4141 unus

560 4166 835 4234 omnium,
856 4184 980 4239 qua:
1007 4178 1156 4238 sunt,
1183 4185 1414 4242 quaeque
1441 4173 1697 4230 videntur
1726 4191 1869 4245 esse,
1904 4177 2159 4247 princeps

559 4267 616 4315 et
660 4258 818 4330 origo
856 4268 969 4315 est.
996 4259 1098 4317 Hic
1145 4261 1290 4318 Deus
1333 4266 1815 4334 superabundante
1857 4267 2161 4337 majestatis

561 4346 898 4407 fecunditate
924 4352 995 4407 de
1026 4368 1086 4408 se
1111 4352 1348 4408 mentem
1376 4356 1631 4411 'ereavit.‘
1652 4355 1778 4413 Hac
1812 4372 1995 4425 mens,
2038 4373 2161 4428 qua:

560 4451 679 4507 νυῦς
710 4453 959 4513 vocatur,
992 4460 1102 4517 qua
1143 4454 1356 4516 patrem
1381 4447 1625 4519 inspicit,
1657 4440 1871 4521 plenam
1910 4438 2163 4506 similitu-

561 4536 748 4595 dinem
780 4547 961 4593 servat
991 4538 1263 4607 auctoris;
1296 4540 1480 4623 anima
1510 4557 1642 4597 vero
1678 4544 1747 4601 de
1781 4559 1840 4600 se
1871 4546 1988 4615 ipsa
2010 4552 2159 4600 creat

2258 3344 2521 3399 stimonio
2561 3342 2685 3398 fidei
2723 3342 2998 3398 sistendos
3041 3343 3352 3413 praemunit.
3397 3341 3590 3396 Nolite
3628 3343 3839 3413 cogitare
3928 3402 3933 3415 η

2252 3435 2518 3505 quomodo
2542 3443 2633 3488 aut
2662 3434 2789 3506 quid
2815 3433 3144 3506 loquamini;
3175 3451 3279 3490 non
3306 3435 3456 3490 enim
3492 3451 3585 3490 vos
3610 3435 3729 3490 estis
3761 3432 3840 3505 qui

2252 3526 2556 3599 loquimini,
2582 3526 2673 3585 sed
2713 3525 2951 3582 Soiritue
2979 3525 3169 3583 Patris
3191 3529 3349 3583 vestri
3386 3529 3489 3600 qui
3535 3526 3763 3599 loquitur
3793 3526 3841 3580 is

2256 3617 2423 3674 vobis.

2861 3710 3092 3767 CAPUT
3130 3711 3242 3768 VII.

2332 3802 2432 3859 llic
2458 3813 2542 3859 est
2567 3804 2656 3859 ille
2688 3803 2926 3875 Spiritus
2952 3806 3047 3878 qui
3087 3800 3392 3876 disciplinas
3418 3806 3616 3880 effugit
3649 3805 3839 3870 licium,
3930 3866 3931 3869 η

2256 3911 2423 3965 quem
2460 3908 2663 3967 corpus
2692 3898 2937 3967 peccatis
2973 3899 3251 3956 subditum
3297 3912 3413 3954 non
3451 3908 3715 3966 meretur,
3759 3896 3839 3970 qui
3930 3890 3931 3963 Ῐ

2258 3991 2406 4047 unde
2432 3991 2550 4046 vult
2571 3991 2795 4057 recedit,
2819 3998 2875 4046 et
2899 3992 3018 4047 sine
3044 3990 3361 4046 diliicultate
3382 3990 3496 4046 loci
3519 3999 3577 4047 et
3596 3990 3843 4060 temporis
3930 4050 3931 4059 χ

2258 4097 2591 4153 quocunque
2612 4083 2729 4137 vult
2754 4082 2922 4149 venit,
2953 4090 3008 4137 et
3027 4082 3375 4154 signaculum
3399 4082 3492 4137 sui
3514 4082 3740 4137 veniens
3766 4096 3843 4136 se—
3930 4074 3931 4147 Ῐ

2260 4190 2386 4230 cum
2437 4174 2595 4231 affert
2640 4194 2653 4229 :
2690 4176 2841 4247 quod
2888 4176 3035 4230 enim
3074 4175 3335 4246 suggerit,
3369 4183 3593 4231 rectum
3627 4182 3683 4231 et
3708 4174 3846 4246 plum
3929 4154 3931 4175 1

2259 4267 2548 4337 est;un
2574 4267 2793 4336 emittit,
2839 4267 3126 4322 robustum
3150 4276 3204 4321 et
3227 4280 3460 4334 sanum;
3490 4267 3643 4338 iptod
3670 4265 3848 4322 fructi-

2259 4354 2405 4423 ficat,
2436 4371 2603 4413 suave
2629 4366 2684 4413 et
2704 4357 3031 4427 jucundum.
3073 4354 3131 4411 In
3168 4371 3236 4413 eo
3270 4357 3420 4412 enim
3450 4368 3542 4413 est
3568 4357 3744 4429 gratia
3765 4370 3850 4411 ve-

2259 4447 2458 4517 ritatis,
2491 4464 2587 4519 per
2626 4448 2805 4519 ipsum
2840 4450 2999 4506 nobis
3033 4459 3120 4505 est
3165 4464 3291 4520 spes
3339 4450 3473 4506 vita:
3516 4460 3576 4506 et
3624 4448 3848 4505 virtutis.

2260 4539 2400 4596 Cum
2448 4540 2821 4597 habitaculum
2884 4540 3177 4596 infantium
3232 4540 3578 4612 ingreditur,
3630 4541 3853 4597 disertos

563 4628 873 4699 posteriora
912 4628 1235 4699 respiciens.
1287 4617 1502 4687 Rursus
1549 4634 1733 4689 anima
1786 4614 1907 4698 νοῦέ
1944 4643 2154 4705 patrem
2189 4614 2233 4670 D
2259 4633 2457 4701 reddit,
2481 4640 2682 4689 etcum
2708 4633 2925 4706 frigenti
2950 4642 3005 4689 et
3025 4633 3319 4689 tenebroso
3333 4634 3491 4689 cordi
3523 4628 3851 4705 supervenit.

476 4722 491 4743 '
561 4735 671 4793 qua
721 4721 969 4776 intuetur.
1003 4720 1268 4789 induitur,
1303 4738 1368 4778 ac
1394 4723 1657 4794 paulatim
1698 4727 2036 4797 regrediente
2077 4743 2158 4783 re-

562 4820 751 4884 spectu
782 4813 839 4868 in
866 4813 1130 4870 fabricam
1154 4830 1450 4885 corporum
1475 4817 1531 4871 in
1556 4832 1820 4889 corporea
1850 4820 1969 4889 ipsa
1996 4821 2157 4893 degea

563 4913 738 4963 Iterat.
772 4925 790 4958 ι
852 4903 1047 4961 Nonne
1097 4907 1144 4962 si
1190 4902 1389 4962 horum
1439 4910 1733 4965 verborum
1779 4914 2034 4969 sensibus
2066 4929 2157 4969 ac-

561 4997 856 5070 quieveris',
901 4998 1082 5054 denuo
1126 5000 1394 5061 suscitare
1429 5002 1633 5059 videris
1675 5006 1878 5063 multos
1914 5020 2152 5075 errores,

562 5092 658 5165 qui
699 5092 753 5146 in
789 5094 970 5164 primo
1005 5102 1151 5150 statu
1196 5094 1455 5154 Ecclesiae
1486 5090 1637 5171 vigili
1666 5101 1888 5156 solertia
1922 5089 2153 5158 Patrum

563 5174 802 5239 convicti
831 5193 888 5241 et
912 5185 1161 5242 suffocati
1186 5189 1352 5244 sunt?
1387 5188 1531 5246 inter
1561 5207 1699 5262 quos
1720 5192 1884 5248 Arius
1909 5194 2154 5263 inatqua-

562 5272 774 5329 litatem
798 5291 1158 5346 personarum
1192 5278 1245 5332 in
1279 5280 1626 5351 simplicitate
1653 5282 1953 5339 divinitatis
1988 5284 2153 5338 indu-

563 5365 658 5422 cit.
696 5365 1033 5431 Manichmus
1062 5378 1243 5426 autem
1270 5381 1477 5443 partem
1506 5374 1807 5430 divinitatis
1831 5376 2153 5447 degenerem

563 5455 864 5527 diabolum,
892 5461 1254 5533 eumdemque
1278 5464 1545 5519 malarum
1596 5474 1981 5521 creaturarum
2024 5482 2157 5522 con-

563 5549 796 5607 ditorem
822 5551 1071 5621 afﬁrmat,
1102 5569 1339 5625 quorum
1367 5555 1599 5611 nefanda
1630 5559 2157 5628 perversioquantu‘s

562 5651 777 5717 strages
817 5644 1194 5715 ﬂdei‘dederit,
1239 5656 1615 5719 quantumque
1650 5648 1887 5707 fructum
1935 5650 2158 5705 malitiae

561 5734 778 5805 iecerit,
834 5738 1018 5795 nullus
1068 5739 1164 5810 qui
1216 5741 1621 5798 ecclesiasticas
1683 5742 1946 5799 historias
2001 5744 2157 5818 legit,

564 5823 798 5901 ignorat.
865 5829 1040 5905 Cujus
1087 5833 1478 5907 philosophica:
1520 5836 1843 5908 muscipula:
1898 5838 2155 5911 laqueum

2257 4728 2519 4785 vitiorum
2549 4729 2733 4784 sedem
2768 4726 3024 4799 puritatis
3059 4727 3300 4782 tribunal
3329 4725 3486 4783 facit.
3528 4726 3591 4782 In
3629 4736 3856 4799 mamen-

2255 4823 2332 4879 tia
2364 4838 2462 4879 sua
2487 4822 2623 4877 nihil
2652 4820 2862 4878 fatuum
2886 4821 2971 4876 vel
2996 4819 3190 4875 inutile
3215 4834 3341 4875 esse
3363 4828 3590 4890 potest;
3625 4819 3761 4875 nihil
3781 4817 3854 4872 di-

2255 4916 2375 4986 ligit
2395 4915 2671 4986 singulare
2692 4916 2775 4970 vel
2794 4913 3101 4979 dissonum,
3125 4911 3203 4967 nil
3225 4911 3536 4968 immodera
3546 4919 3665 4967 tum
3688 4915 3852 4971 amat;

2261 5009 2379 5080 ipse
2415 5008 2563 5064 enim
2606 5008 2802 5063 modus
2835 5016 2891 5063 et
2940 5005 3405 5064 immensurabilis
3448 5019 3723 5061 mensura
3750 5009 3855 5065 est;

2262 5115 2426 5156 omne
2464 5100 2672 5155 donum
2716 5100 2766 5154 ci
2801 5099 3074 5156 sutliciens
3110 5108 3213 5167 est,
3263 5097 3394 5171 quia
3447 5098 3560 5154 etsi
3596 5091 3858 5153 desiderio

2263 5206 2387 5248 meo
2406 5200 2603 5263 parum
2629 5190 2845 5246 videtur
2869 5191 3015 5261 quod
3045 5206 3279 5258 mereor,
3313 5191 3368 5244 in
3398 5189 3757 5260 ple:.itudine
3792 5193 3862 5240 ιε·

2264 5298 2389 5338 men
2443 5282 2695 5353 corporis
2731 5278 3009 5347 Ecclesia},
3052 5294 3219 5350 quam
3257 5279 3372 5349 ipse
3413 5278 3577 5335 Deus
3611 5274 3858 5339 vivificat,

2258 5381 2431 5430 totum
2455 5374 2743 5444 possidens
2770 5372 2974 5428 nullius
2988 5371 3247 5443 egestatis
3274 5370 3623 5427 detrimento
3640 5367 3864 5427 confore

2257 5466 2378 5521 dor.
2421 5463 2521 5521 ilic
2548 5466 2732 5536 itaque
2770 5463 3009 5535 Spiritus
3030 5470 3437 5519 cum‘mentem’
3462 5462 3538 5518 de
3566 5477 3637 5518 se
3659 5471 3861 5533 prasa-

2260 5565 2496 5614 mentem
2541 5558 2741 5624 cernit,
2770 5557 2901 5628 quia
2927 5564 3138 5612 amator
3166 5555 3507 5612 humilitatis
3537 5565 3651 5622 est,
3682 5564 3866 5623 super-

2260 5650 2365 5707 bia:
2386 5651 2564 5707 locum
2589 5649 2909 5717 contemnit,
2937 5657 2992 5705 et
3017 5648 3146 5719 quia
3185 5648 3301 5719 ipse
3332 5662 3489 5703 unus
3509 5656 3569 5703 et
3596 5647 3766 5713 idem,
3790 5641 3864 5699 sic

2264 5744 2561 5817 gratiarum
2598 5759 2826 5801 suarum
2858 5743 3000 5800 dona
3024 5741 3367 5814 multiplicat,
3420 5749 3489 5797 ut
3540 5752 3735 5798 tamen
3777 5750 3867 5810 per

2264 5838 2703 5897 distributionem
2731 5836 2879 5893 illam
2908 5852 3076 5893 unum
3112 5836 3341 5912 simplex
3383 5843 3447 5893 et
3493 5851 3699 5895 verum
3725 5834 3864 5891 inso~
