3972 6296
142 364 224 424 {57
1155 339 1404 400 OPUSC.
1437 337 1660 397 cum

3231 341 3334 408 158

139 473 286 533 lubilis
315 464 572 525 eharitatis
602 476 794 532 corpus
830 458 1046 526 alliciat,
1082 457 1358 513 scissuras
1399 466 1454 512 et
1491 471 1654 512 scane
1683 456 1730 512 A
1757 453 1930 509 cendo
1967 452 2324 524 impietatem,
2363 447 2581 518 pietatis
2607 463 2781 520 spem
2822 449 2980 522 gerit,
3024 451 3170 512 laxat
3210 453 3336 526 iam

138 568 232 622 «lata
253 563 515 618 detestans.
554 554 668 622 Quo
701 553 761 608 fit
795 561 854 607 ut
891 551 1134 607 animam
1182 548 1519 605 sectionibus
1555 561 1652 600 va-

136 661 307 711 cantem
346 647 564 718 Spiritus
608 643 920 699 immundus
974 640 1216 707 invadat,
1255 654 1487 709 eamque
1536 638 1652 694 suis

135 741 430 816 qualitatibus
471 747 524 792 et
563 735 815 807 potentiis
859 732 1214 788 informatam
1269 729 1662 786 miserabiliter.

134 832 370 896 distrahat,
399 838 449 884 et
476 845 570 898 per
594 826 773 892 varios
803 840 1021 881 errores
1048 824 1380 894 discerptam
1420 822 1490 877 ad
1528 836 1654 892 per—

133 925 311 982 ditionis
341 921 603 976 interitum
641 919 917 991 perducat.

651 1008 879 1064 CAPUT
929 1006 1063 1064 Vill.

183 1107 276 1163 Hoc
295 1104 504 1176 contigit
528 1102 614 1158 bis
641 1102 708 1157 de
745 1101 945 1172 quibus
983 1100 1283 1171 loquimur,
1321 1113 1462 1169 quos
1506 1097 1656 1168 prior

131 1209 234 1256 tetas
255 1197 512 1270 gentilium
546 1195 903 1266 philosophos
931 1193 1239 1264 appellavit,
1283 1207 1517 1264 quorum
1554 1206 1654 1262 pa-

132 1302 216 1346 tres
242 1306 267 1343 a
289 1287 707 1359 patriarcharum
735 1283 1014 1340 lsraelitici
1063 1282 1248 1356 p0puli
1293 1297 1490 1354 genere
1532 1296 1657 1354 pro-

131 1378 328 1442 fluentes,
369 1374 721 1430 hereditariis
745 1373 1219 1432 benedictionibus
1254 1371 1476 1445 privati,
1527 1387 1657 1425 vera

131 1471 298 1525 Domini
338 1468 426 1524 Dei
472 1467 648 1524 nostri
698 1467 889 1522 notitia
935 1474 1250 1533 caruerunt,
1300 1463 1658 1533 eamdemque

131 1561 692 1634 ignorantiaejacturam
736 1558 862 1615 ﬁliis
905 1543 1023 1615 suis
1072 1558 1430 1630 reliquerunt,
1484 1556 1659 1610 donec

130 1669 273 1709 semen
309 1651 647 1706 benedictum
686 1650 860 1716 venit,
897 1649 986 1706 cui
1030 1646 1368 1704 haereditatio
1416 1645 1664 1718 gentium

131 1744 386 1798 debebatur.
422 1741 646 1797 Interim
681 1757 813 1814 ergo
843 1737 1079 1796 naturali
1109 1739 1251 1795 fame
1270 1737 1511 1812 torqueri
1541 1752 1656 1793 caa-

132 1843 299 1905 perunt,
326 1843 374 1890 et
397 1834 532 1890 sicut
575 1833 676 1904 qui
712 1849 909 1905 panem
958 1832 1014 1888 in
1058 1840 1236 1900 caute,
1281 1847 1375 1888 seu
1407 1831 1462 1886 in
1505 1830 1658 1886 silice

134 1927 398 1993 aurum,vel
419 1928 584 1983 solem
631 1928 686 1982 in
712 1927 962 1984 cavernis
1011 1936 1170 1983 terrm
1193 1934 1465 1996 quaerunt,
1497 1925 1569 1980 ita
1601 1924 1656 1979 in

135 2017 391 2087 inquirenda
417 2028 610 2074 natura
647 2034 856 2086 rerum,
897 2027 954 2074 et
987 2018 1364 2091 cognoscenda
1390 2018 1658 2072 universae

137 2109 305 2164 fabrica
341 2111 515 2165 mundi
549 2111 938 2178 subsistentia,
987 2119 1042 2166 et
1081 2111 1476 2168 elementorum
1525 2125 1658 2164 con-

141 2201 252 2256 cordi
273 2201 509 2257 discordia
543 2203 648 2258 alii
675 2203 948 2274 occupati,
1003 2203 1102 2258 alii
1143 2212 1325 2266 autem
1369 2203 1422 2256 in
1463 2217 1657 2257 causa-

143 2303 236 2341 rum
259 2291 569 2359 proventibus
613 2291 1028 2364 dignoscendis,
1068 2308 1209 2364 quos
1248 2291 1415 2346 indici
1448 2292 1548 2347 sibi
1578 2290 1659 2346 fa-

151 2379 224 2434 tali
259 2382 526 2438 necessitate
574 2400 688 2454 per
729 2400 1058 2440 concursum
1100 2386 1441 2456 planetarum
1500 2393 1554 2438 et
1584 2384 1658 2437 si-

153 2467 295 2524 derum
312 2473 472 2540 opiuati
503 2482 670 2542 sunt,
695 2473 780 2530 his
806 2477 965 2546 quasi
993 2475 1166 2530 deviis
1195 2475 1481 2546 disparati,
1512 2477 1658 2530 e'rca

141 2573 354 2616 summum
375 2564 566 2620 bonum
605 2563 820 2621 frustra
846 2569 1187 2638 consumptis
1234 2568 1422 2623 multis
1465 2569 1660 2624 stui‘ils

143 2662 403 2708 erraverunt.
437 2653 592 2721 Quod
631 2655 682 2712 si
709 2656 850 2712 inter
888 2673 984 2713 eos
1009 2659 1335 2714 exstiterunt
1373 2675 1514 2730 quos
1559 2677 1660 2730 pu-

142 2740 220 2794 rior
237 2742 516 2818 liberiorque
533 2748 690 2804 ratio
709 2749 1014 2805 stimularet
1034 2750 1236 2822 aliquid
1258 2766 1380 2806 esse
1402 2751 1661 2808 insisten-

137 2833 248 2900 dum,
269 2838 390 2906 quod
418 2840 712 2911 antiquius
736 2850 790 2896 et
825 2842 1021 2898 melius
1052 2843 1168 2914 ipsa
1211 2852 1458 2898 creatura
1497 2843 1656 2912 foret,

135 2923 252 2992 cujus
273 2929 486 2996 potentia
520 2931 705 2986 totius
735 2931 1029 2988 creationis
1055 2933 1390 2990 universitas
1419 2936 1660 2990 ambire-

135 3020 212 3080 tur,
237 3017 368 3086 cujus
403 3021 749 3089 providentia
782 3021 887 3076 sub
916 3022 1082 3078 certis
1108 3024 1442 3092 ponderibus
1476 3034 1529 3081 et
1558 3043 1661 3080 nu-

133 3107 255 3161 meris
271 3119 565 3167 cunctorum
579 3113 968 3185 existentium,
985 3115 1470 3188 eontingenterque
1481 3126 1660 3174 trans-

131 3201 322 3268 euntium
362 3205 524 3262 series
559 3213 914 3276 necteretur;
950 3217 1134 3264 tamen
1161 3225 1285 3264 cum
1309 3211 1378 3266 ad
1404 3211 1534 3265 illud
1573 3211 1656 3266 lu-

131 3305 220 3345 men
236 3292 602 3367 inaccessibile,
637 3300 785 3370 quod
805 3315 967 3358 omne
989 3301 1393 3358 firmamentum
1415 3319 1657 3358 omnem-

128 3397 203 3451 que
233 3387 467 3444 caelorum
512 3390 870 3447 altitudinem
919 3394 1152 3461 excedit,
1193 3403 1511 3464 perventum
1553 3404 1656 3462 est,

127 3475 356 3537 ineffabilis
377 3483 671 3541 Trinitatis
685 3488 1049 3542 venerandam
1068 3489 1513 3558 adorandamque
1529 3488 1660 3544 sim-

124 3567 381 3640 plicitatem,
406 3575 775 3646 ejusdemque
803 3577 1066 3649 simplicis
1105 3578 1407 3649 majestatis
1453 3579 1659 3633 trinum

125 3663 382 3729 mysterium
419 3668 630 3748 sentire
661 3669 972 3726 nullatenus
1000 3681 1338 3727 meruerunt.
1380 3667 1534 3726 Unde
1579 3670 1662 3727 fa-

122 3757 231 3806 ctum
265 3765 340 3810 est
367 3766 426 3812 ut
453 3760 562 3830 tria
589 3759 700 3815 sibi
733 3760 999 3831 principia
1042 3769 1328 3832 ponerent,
1375 3761 1656 3828 artificem,

123 3837 300 3914 formas,
321 3856 372 3902 et
393 3851 688 3906 materiam
716 3851 1107 3924 intelligibilem
1139 3869 1282 3920 esse,
1315 3853 1579 3909 mundum
1605 3854 1659 3908 in

122 3943 257 3989 mente
275 3937 446 3994 divina
481 3941 844 4008 eolloeantes,
873 3943 967 4013 qui
990 3944 1298 4014 exemplum
1330 3945 1496 4015 hujus
1531 3962 1660 4000 sen-

122 4019 206 4076 silis
242 4029 526 4084 secundum
570 4047 932 4086 numerorum
973 4034 1244 4090 rationem
1293 4045 1488 4091 cuncta
1539 4053 1662 4107 quae

120 4115 194 4169 sub
213 4121 444 4178 sensibus
469 4138 677 4178 casura
705 4133 882 4192 erant,
913 4125 968 4180 in
991 4142 1050 4182 se
1085 4126 1494 4198 intelligibiliter
1523 4145 1659 4186 con-

120 4203 296 4276 tineret;
339 4211 392 4266 in
436 4214 649 4284 quibus
690 4214 972 4286 principiis
1007 4217 1418 4290 omnipotentis:
1439 4217 1536 4274 Dei
1561 4220 1660 4274 de-

118 4299 349 4370 rogabant,
376 4304 515 4360 nihil
550 4322 624 4360 ex
655 4306 828 4361 nihilo
856 4307 970 4363 ﬁeri
1013 4308 1338 4366 sancientes.
1382 4308 1507 4365 Haec
1533 4307 1684 4368 sunt

120 4385 157 4437 in
179 4391 353 4458 quibus
389 4396 746 4452 addiscendis
775 4406 828 4454 te
865 4400 1094 4454 multam
1129 4415 1352 4472 operam
1397 4416 1658 4456 consum-

1752 544 1986 618 imperii,
2017 554 2075 600 ut
2101 543 2344 600 fautores
2369 540 2456 598 sui
2483 541 2538 596 in
2565 541 2860 613 quamdam
2885 553 3096 613 partem
3132 545 3198 602 ad
3234 548 3331 601 vir-

1752 648 1923 700 tutem
1949 654 2008 694 se
2035 637 2264 707 erigant,
2289 636 2344 691 in
2369 635 2538 691 altera
2558 643 2711 706 parte
2730 637 2948 706 premit,
2984 646 3045 692 ut
3080 637 3336 695 familiari
3347 621 3354 698 ξ

1752 731 1858 786 sibi
1889 728 2122 785 foeditati
2149 728 2488 799 subjaceant,
2521 735 2575 782 et
2603 741 2704 796 pro
2737 736 2980 797 tempore
3023 745 3186 784 suum
3216 731 3339 786 infi-

1752 823 1828 879 cit
1867 837 2059 877 eorum
2092 821 2296 876 bonum
2336 819 2754 885 miserandoquc
2794 820 2962 875 nimis
3006 823 3338 878 commercio

1751 915 1819 970 de
1839 915 2084 985 pretioso
2108 914 2287 968 alieno
2307 912 2571 968 vilitatem
2592 927 2708 966 sua:
2731 910 3073 968 confusionis
3095 913 3338 969 cireum-

1751 1011 1902 1082 tegit.
1940 1007 2060 1064 Non
2093 1008 2337 1063 locorum
2381 1003 2664 1076 angustiae,
2688 1019 2797 1059 non
2821 1005 3106 1078 longitudo
3130 1015 3340 1077 tempo-

1753 1103 1833 1160 ris
1863 1101 2259 1167 ineentivorum
2287 1098 2406 1168 ejus
2431 1096 2654 1166 spiculis
2681 1097 3008 1152 renituntur.
3049 1097 3108 1152 In
3145 1113 3359 1169 promi

1752 1207 1849 1265 ptu
1875 1203 2002 1252 sunt
2026 1193 2077 1250 ei
2112 1200 2322 1248 secreta
2354 1197 2583 1256 naturae,
2609 1188 2755 1242 illam
2788 1189 2961 1244 solam
2995 1205 3176 1246 arcem
3207 1191 3336 1246 sub—

1755 1290 1960 1345 intrare
1999 1295 2219 1344 veretur
2250 1283 2338 1340 cui
2365 1282 2615 1353 praesidet
2649 1281 2736 1337 ille
2763 1279 3000 1352 Spiritus
3040 1283 3137 1352 qui
3165 1281 3338 1354 diligit

1755 1381 2120 1437 sanctitatem.
2158 1376 2258 1432 Hic
2286 1383 2397 1432 tam
2424 1383 2616 1444 potens
2637 1383 2692 1430 et
2718 1372 2926 1442 efﬁcax,
2951 1389 3076 1430 eum
3101 1383 3348 1445 prostra-
3381 1390 3383 1393 ·

1755 1483 1868 1530 tam
1895 1482 1949 1530 et
1966 1473 2238 1544 iacentem
2265 1468 2535 1541 praedictae
2556 1466 2920 1539 generationis
2941 1481 3178 1526 massam
3202 1482 3340 1522 con-

1757 1567 2010 1637 spieeret,
2038 1564 2205 1635 cmpit
2229 1563 2286 1618 in
2315 1559 2503 1616 ruinas
2528 1574 2668 1630 quas
2693 1557 2894 1614 fecerat
2913 1557 3259 1626 debacchari,
3285 1566 3364 1623 et,

1757 1658 1902 1714 sicut
1919 1665 2004 1713 est
2027 1651 2370 1712 diseissionis
2402 1659 2578 1717 actor,
2620 1650 2912 1706 animalem
2962 1650 3239 1712 hominem
3281 1649 3342 1704 in

1755 1749 1908 1804 varia
1931 1747 2185 1821 dogmata
2210 1754 2264 1802 et
2297 1742 2601 1801 contrarias
2635 1750 2812 1798 sectas
2833 1740 3064 1810 partitus
3075 1750 3185 1798 est.
3213 1740 3344 1795 Inde

1688 1813 1731 1874 Β
1762 1813 2052 1906 Socratici,
2091 1836 2436 1910 Pythagorei,
2459 1833 2747 1900 Platonici,
2798 1841 2854 1888 et
2883 1832 3002 1910 alite
3043 1833 3347 1890 innumerae

1757 1933 2128 2004 professiones
2150 1929 2382 1986 diversis
2411 1926 2720 1983 tramitibus
2742 1925 3086 1991 aberrarunt,
3113 1931 3172 1978 et
3194 1938 3348 1978 erro-

1757 2043 1847 2084 res
1885 2029 2018 2083 suOs
2062 2022 2270 2097 argutis
2318 2019 2725 2081 inventionibus
2775 2017 3120 2087 adjuverunt.
3179 2014 3352 2072 Profi-

1757 2119 1934 2174 ciente
1986 2129 2205 2186 quoque
2261 2120 2315 2168 et
2354 2111 2718 2166 invalescente
2766 2105 2970 2162 diaboli
3017 2104 3350 2172 seminario,

1758 2209 2052 2264 subsecuta
2089 2214 2174 2261 est
2210 2211 2497 2274 poetarum
2549 2201 2730 2267 turba,
2775 2200 2869 2270 qui
2901 2206 3162 2269 tanquam
3184 2197 3370 2268 jocuo.

1757 2298 1962 2354 latores
1982 2295 2051 2351 ad
2083 2293 2306 2364 nuptias
2329 2291 2650 2347 idololatriae
2677 2297 3091 2355 concurrentes,
3119 2288 3347 2359 figmen-

1759 2389 1830 2444 tis
1860 2400 1913 2444 et
1947 2387 2288 2444 immodestis
2319 2383 2575 2442 laudibus
2603 2382 2816 2458 animas
2843 2395 2984 2436 vana
3015 2380 3348 2460 sectantium

1759 2481 2014 2536 oblectati
2050 2487 2212 2545 sunt;
2255 2493 2424 2533 causa
2456 2461 2603 2532 enim
2633 2484 2875 2546 quaestus
2909 2473 2982 2530 ad
3013 2472 3370 2532 adulandum.

1759 2581 1814 2626 et
1838 2571 2272 2627 maledicendum
2318 2569 2494 2639 parati
2517 2568 2812 2624 sceleratos
2842 2566 3120 2638 principes
3149 2573 3206 2620 et
3231 2563 3352 2620 vio-

1759 2657 1936 2737 lentos
1957 2665 2240 2735 praedones
2261 2662 2585 2728 deitieando,
2618 2669 2674 2716 et
2716 2660 3030 2736 inflatoru’m
3061 2659 3350 2735 verborum

1761 2757 1962 2814 tinnitu
2005 2766 2060 2813 et
2103 2755 2496 2813 sententiarum
2539 2753 2944 2819 ornatu,-nul‘la
2973 2753 3088 2808 veri
3117 2753 3354 2825 puritate

1760 2853 1994 2918 munito,
2039 2849 2218 2906 inutili
2249 2849 2530 2904 memoriae
2554 2857 2609 2902 et
2637 2846 2787 2902 inani
2821 2845 3011 2916 gloria:
3041 2845 3352 2914 serviendo,

1761 2944 1997 3000 obscena
2029 2951 2084 2998 et
2106 2943 2286 3019 turpia
2312 2941 2642 3012 quibusdam
2663 2939 2961 2996 involucris
2988 2939 3354 3010 adornarunt,

1760 3044 1815 3090 et
1847 3044 2012 3106 prout
2033 3043 2232 3090 natura
2260 3031 2829 3105 singulorumviguit,
2851 3031 2942 3086 alii
2966 3031 3226 3099 comoedi,
3256 3032 3378 3098 alii,

1763 3125 1939 3198 lyrici,
1968 3124 2209 3197 satyrici,
2243 3124 2475 3194 tragcedi
2518 3122 2692 3178 effecti
2723 3122 2911 3178 multis
2953 3123 3354 3194 pbantasmati-

1761 3215 1865 3270 bus
1912 3215 2128 3271 animas
2177 3213 2521 3286 peccantium
2567 3213 2934 3280 seduxerunt,
2989 3211 3354 3282 simpliciores

1761 3323 2000 3384 quoque,
2031 3295 2138 3382 qui
2156 3307 2421 3362 honorem
2451 3321 2565 3361 sua:
2590 3303 2923 3360 conditionis
2943 3303 3049 3360 sub
3077 3303 3378 3378 profunda-

1761 3410 1922 3458 nocte
1956 3400 2280 3473 ignorantia:
2311 3414 2420 3454 non
2471 3398 2844 3468 intelligebant
2867 3438 2883 3464 ,
2931 3397 3378 3467 comparabiles,‘

1760 3491 1874 3547 imo
1895 3491 2194 3546 deteriores
2216 3489 2481 3561 jumentis
2509 3504 2683 3566 usque
2709 3487 2774 3542 ad
2810 3488 3082 3544 culturam
3111 3487 3382 3559 lapidum'
3439 3481 3443 3484 ’

1761 3591 1815 3639 et
1843 3581 2246 3655 turpitudinum
2282 3588 2670 3637 eurvaverunt.

2385 3667 2615 3727 CAPUT
2651 3669 2718 3724 Χ.
3375 3715 3386 3734 ,

1830 3763 1926 3820 Isti
1969 3771 2100 3819 sunt
2148 3761 2387 3834 Egyptii
2433 3776 2573 3831 quos
2625 3759 2963 3830 dispensatio
3012 3759 3109 3815 Dei
3153 3767 3385 3834 sanetae.

1760 3853 2020 3912 Ecclesiae
2049 3833 2442 3925 depraedandos
2467 3851 2738 3922 exposuit,
2769 3867 3007 3930 quorum
3052 3833 3246 3920 spoliis.
3268 3849 3355 3906 fa-
3379 3903 3388 3922 ,

1761 3950 1900 4004 ciem
1932 3949 2118 4020 templi
2141 3947 2360 4004 Domini
2385 3946 2739 4011 adornamus,
2767 3954 2821 4000 et
2851 3943 3098 4002 naturale
3127 3945 3380 4012 donum,

1761 4041 1909 4114 quod
1945 4041 2059 4110 ipse
2089 4040 2143 4096 in
2175 4038 2429 4109 superbia
2457 4045 2511 4094 et
2538 4037 2803 4094 abusione
2841 4037 2909 4092 ad
2943 4036 3386 4098 damnationem.

1762 4148 1918 4188 suam
1946 4132 2318 4197 detinuerunt,
2353 4140 2628 4194 amatores
2659 4128 2986 4184 humilitatis
3012 4129 3068 4183 in
3093 4145 3228 4194 usus
3257 4129 3382 4184 de-.

1761 4223 1904 4280 bitos
1933 4228 2295 4288 retorserunt,
2340 4219 2479 4290 nihil
2507 4219 2574 4274 de
2619 4219 2735 4274 suis
2763 4217 2984 4288 juribus
3019 4234 3359 4288 praesumen-

1761 4329 1864 4385 tes,
1911 4319 1988 4374 nil
2035 4317 2372 4386 ascribentes
2419 4313 2553 4376 sibi,
2593 4328 2694 4370 nec
2737 4321 3047 4383 quaerentes
3088 4327 3210 4380 quae
3257 4327 3385 4372 sua;

1762 4419 1912 4478 sunt,
1943 4409 2037 4465 sed
2071 4408 2307 4480 gloriam:
2348 4404 2498 4478 regni
2545 4403 3175 4471 aeterniannuntiantes,
3221 4405 3386 4460 sim-.

117 4478 253 4574 psisse
275 4485 543 4554 gloriaris,
575 4502 704 4558 qua:
726 4495 904 4544 tecum
927 4490 1043 4560 ipse
1070 4491 1174 4562 legi
1203 4501 1256 4546 et
1286 4492 1424 4547 lecta
1452 4507 1519 4547 ex
1546 4507 1664 4547 ma-
1695 4493 1740 4554 ι)
1766 4501 1978 4574 pliciter
2002 4478 2318 4572 prudentes,
2361 4509 2412 4554 et
2456 4497 2750 4569 prudenter
2777 4497 3074 4568 simplices,
3110 4505 3366 4552 armatua

119 4569 227 4626 xima
267 4577 347 4630 sui
391 4588 550 4648 parte
591 4580 888 4650 reprobare
928 4584 1134 4638 curavi.
1191 4583 1475 4640 Habebam
1515 4586 1662 4650 enim

118 4659 394 4726 dillicultatis
414 4671 742 4741 plurimum,
767 4673 1016 4744 utilitatis
1038 4691 1254 4746 parum,
1279 4678 1472 4734 salutis
1502 4677 1658 4733 nihil.

118 4751 219 4810 Cum
236 4765 404 4817 tamen
430 4765 754 4835 experiendi
777 4782 944 4822 causa
974 4783 1239 4839 quorsum
1262 4771 1553 4826 evaderent
1582 4770 1664 4825 ins

119 4857 326 4921 sectarer,
370 4857 533 4926 quasi
581 4872 680 4928 per
705 4859 972 4929 quosdam
1016 4857 1294 4918 fumorum
1345 4863 1506 4918 orbes
1558 4863 1663 4917 im-

119 4941 282 4996 mensis
311 4947 582 5003 traetibus
609 4947 935 5016 involutum,
959 4933 1070 5021 quo
1104 4951 1324 5007 tandem
1345 4953 1544 5008 vellent
1563 4969 1662 5024 po-

119 5038 214 5084 llere
231 5032 553 5104 admirabar,
592 5039 702 5094 nisi
737 5041 866 5112 quia
897 5042 1218 5112 suspicabar
1245 5041 1489 5113 profecto
1515 5047 1661 5118 quod

119 5129 414 5194 nequaquam
438 5129 695 5186 veritatis
728 5132 936 5186 exitum
965 5133 1373 5204 promittebant.

686 5221 918 5278 CAPUT
955 5224 1047 5279 IX.

149 5299 295 5400 'Talia
324 5322 454 5368 sunt
494 5313 763 5371 nimirum
794 5316 942 5373 illius
967 5319 1175 5374 semina
1205 5319 1422 5392 qui'per
1471 5323 1665 5394 super-

123 5387 231 5492 biam
258 5398 361 5457 Deo
389 5420 494 5460 suo
515 5422 642 5462 esse
668 5408 866 5466 similis
891 5410 1182 5480 affectavit,
1218 5387 1467 5487 quicum
1491 5387 1665 5488 genti-

123 5479 221 5543 lium
241 5507 438 5552 mentes
478 5499 652 5555 semel
685 5501 790 5556 sibi
820 5503 1115 5572 permissas
1155 5479 1373 5576 invasit,
1411 5479 1665 5566 sublimia

125 5583 345 5653 Promisit,
368 5591 562 5646 eduxit
591 5591 644 5646 in
675 5593 866 5661 altum,
895 5598 1107 5666 paravit
1151 5615 1361 5656 casum.
1409 5599 1521 5656 Nec
1565 5619 1664 5673 ρο-
1695 5649 1699 5654 .

126 5675 304 5732 luerunt
328 5681 394 5735 ad
417 5681 695 5740 cavendas
725 5684 844 5755 ejus
871 5686 1028 5743 dolos
1049 5697 1103 5743 et
1125 5689 1273 5746 mille
1303 5694 1536 5748 nocendi
1572 5713 1662 5750 ar.-

126 5767 185 5816 “fS
220 5773 515 5829 mortalium
548 5777 713 5832 corda
751 5778 1014 5849 sufficere,
1049 5782 1178 5853 quia
1209 5783 1476 5842 interdum
1503 5787 1662 5856 indu-

1764 4610 1884 4656 ram
1911 4591 2234 4664 perfidiaain
2264 4591 2414 4646 cultu
2459 4588 2583 4644 fidei
2627 4589 3054 4666 transtulerunt,
3087 4595 3139 4641 et
3175 4586 3388 4664 scien-1

1765 4687 1896 4742 tiam
1930 4675 2170 4740 inflatam
2202 4693 2256 4739 et
2286 4691 2562 4744 mortuam
2597 4681 2789 4754 spiritu
2827 4680 3112 4736 eharitatis
3143 4679 3389 4746 animam

1765 4785 1984 4834 verunt.
2016 4776 2083 4831 lii
2113 4785 2242 4833 sunt
2285 4776 2352 4832 de
2392 4775 2594 4846 quibus
2631 4773 2699 4828 ad
2731 4789 2832 4829 nos
2860 4773 3066 4828 dictum
3091 4780 3174 4826 est
3205 4789 3217 4825 :
3245 4769 3390 4849 Alii;

1763 4871 2155 4937 laboraverunt,
2183 4878 2233 4924 et
2263 4884 2350 4923 vos
2381 4869 2437 4923 in
2465 4867 2881 4938 laboreseorum
2909 4863 3193 4919 introistis.
3228 4860 3388 4936 0mm;

1765 4963 1852 5018 nis
1881 4962 2148 5034 sapientia
2178 4975 2413 5032 quorum
2445 4959 2500 5014 in
2531 4958 2815 5046 altissimis
2859 4955 3222 5026 quaestionum
3249 4969 3357 5023 ρυ-

1765 5057 1868 5112 teis
1901 5057 2155 5113 devorata
2187 5063 2291 5122 est,
2327 5055 2384 5108 in
2419 5053 2622 5124 quibus
2653 5051 2776 5107 fons
2810 5065 2967 5120 aqua:
3007 5047 3256 5106 salientis
3300 5048 3388 5106 in.

1764 5151 1934 5206 vitam
1963 5158 2223 5205 aeternam
2259 5164 2290 5202 a
2319 5145 2798 5218 perscrutantibus
2823 5159 2930 5202 non
2960 5143 3216 5198 inventus
3249 5152 3390 5210 est,

1765 5242 1860 5298 sed
1889 5243 2123 5312 copiosa:
2153 5241 2444 5296 verborum
2485 5239 2707 5304 divitiae,
2751 5247 2806 5294 et
2847 5239 3192 5312 eloquiorum
3227 5239 3365 5317 thes

1691 5393 1694 5396 ,
1765 5335 1915 5390 sauri
1956 5334 2135 5402 nobis,
2174 5333 2376 5404 quibus
2413 5331 2642 5388 scientia
2687 5332 2883 5388 salutis
2933 5333 2987 5388 in
3026 5331 3358 5392 remissione
3391 5389 3394 5394 _

1696 5487 1700 5490 ,
1758 5434 2107 5498 peccatorum
2136 5441 2233 5497 per
2255 5426 2467 5480 viscera
2494 5424 2884 5481 misericordia:
2907 5425 3002 5480 Dei
3023 5425 3227 5482 donata
3249 5429 3364 5491 est,

1763 5519 2209 5588 commodissime
2232 5517 2540 5588 praeparati.
2564 5515 2751 5589 Itaque
2777 5519 3000 5590 laqueos
3022 5526 3082 5573 et
3092 5531 3366 5580 sensuum
3385 5553 3390 5560 ρ

1760 5609 2004 5676 fraudes,
2030 5625 2168 5680 quas
2191 5609 2342 5664 velut
2367 5624 2567 5664 aranea
2612 5610 2954 5666 tabescentes
2995 5618 3050 5665 et
3094 5609 3392 5670 interiora

1763 5716 1864 5756 sua
1902 5699 2286 5755 cxhaurientes
2327 5714 2466 5754 vane
2503 5700 2813 5755 conturbati
2850 5700 3140 5756 stultorum
3175 5699 3393 5754 imita-.

1766 5789 1902 5846 tioni
1936 5789 2324 5862 praetexe-bant,
2355 5797 2634 5863 tamquam
2661 5789 2982 5846 retiaculum
3007 5788 3210 5844 diaboli
