3990 6298
579 397 683 462 {59

2035 390 2438 450 MANEGALDI

3767 395 3863 452 160

570 518 912 581 rumpentes,
945 510 1180 567 cadaver
1216 508 1536 565 idololatria:
1577 507 1784 563 nudum
1818 507 2164 578 reliquimus,
2196 513 2239 570 Α
2270 490 2338 565 lis
2363 507 2589 564 effectus
2633 507 3006 566 irrevocabilis
3032 507 3401 566 damnationis
3426 507 3639 581 judicio
3663 511 3862 567 multa-

563 611 618 658 et
659 612 912 657 ornatum
953 602 1264 656 orationum
1310 609 1363 655 et
1407 596 1768 668 quarumdam
1809 598 2163 653 eonsuetudi-
2262 610 2433 656 retur.
2467 600 2749 658 Persuasit
2778 602 2983 672 itaque,
3013 611 3067 656 et
3096 602 3316 658 auditus
3343 611 3458 670 est;
3493 604 3781 676 pugnavit,
3811 613 3864 661 et

565 709 721 761 num,
762 709 874 764 quo
905 709 1039 748 vasa
1073 691 1416 748 contumeliae
1445 689 1607 758 longo
1637 697 1880 758 tempore
1917 689 2162 744 mortici-
2261 694 2410 749 vicit.
2441 691 2508 748 Et
2535 694 2661 749 licet
2685 693 2811 764 pius
2839 692 3106 750 Dominus
3134 693 3392 765 ﬁgmento
3423 710 3526 750 suo
3570 705 3770 765 praeter
3793 696 3862 750 li-

565 802 696 842 num
739 802 902 843 suum
930 786 1255 847 celaverant,
1305 779 1571 836 Salvatori
1605 787 1660 834 et
1693 779 2000 837 Liberatori
2041 779 2160 835 ani-

565 895 782 934 marum
812 888 1124 934 nostrarum
1154 873 1468 931 obtulimus.

1179 962 1408 1019 CAPUT
1445 961 1536 1017 XI.

634 1058 860 1116 Materia
892 1074 1042 1125 vero,
1069 1056 1212 1112 circa
1238 1070 1402 1124 quam
1447 1053 1837 1123 supellectilem
1861 1055 2157 1111 verborum

561 1155 941 1225 expendimus,
975 1152 1120 1205 idem
1159 1149 1248 1202 ille
1277 1146 1436 1202 nobis
1461 1155 1564 1214 est,
1609 1147 1676 1201 de
1715 1162 1828 1217 quo
1872 1164 2156 1218 nunquam

562 1247 698 1303 satis
740 1251 919 1316 potest
959 1257 1083 1297 esse
1127 1239 1272 1310 quod
1317 1238 1538 1307 dicitur,
1591 1237 1869 1309 Sapientia
1905 1240 2157 1297 videlicet

562 1338 658 1394 Dei
703 1337 898 1401 Patris,
949 1331 1439 1389 consubstantialis
1487 1339 1540 1387 et
1587 1341 1858 1388 coaeterna
1899 1332 1977 1386 illi
2025 1349 2154 1388 cum

562 1429 766 1500 Spiritu
807 1434 1018 1492 sancto,
1060 1441 1206 1480 unus
1249 1421 1396 1480 Deus
1439 1424 1790 1492 immortalis,
1839 1424 2154 1495 invisibilis,

558 1520 717 1590 cujus
744 1519 917 1576 solius
945 1518 1143 1572 honori
1174 1525 1229 1572 et
1257 1517 1444 1588 gloriae
1473 1526 1670 1573 cuncta
1699 1518 1960 1586 coelestia,
1983 1526 2157 1575 terre-

557 1611 714 1677 stria,
758 1619 812 1666 et
845 1608 1043 1676 infera,
1086 1607 1399 1662 voluntaria
1440 1608 1527 1662 vel
1571 1607 1743 1663 invita
1793 1607 2151 1663 famulantur.

557 1700 664 1768 Qui
709 1717 834 1757 cum
865 1702 1048 1757 omnia
1086 1714 1429 1772 quaecunque
1459 1698 1650 1766 voluit,
1691 1697 1818 1755 fecit
1843 1699 1898 1754 in
1930 1699 2073 1756 ccelo
2101 1707 2157 1755 et

559 1792 615 1848 in
645 1802 811 1860 terra,
845 1794 900 1848 in
930 1794 1068 1849 mari
1100 1801 1154 1848 et
1182 1793 1238 1848 in
1265 1793 1521 1848 omnibus
1556 1791 1772 1864 abyssis
1802 1792 1948 1848 circa
1983 1791 2152 1849 mise-

2258 785 2524 841 bertatcm
2545 785 2777 852 arbitrii,
2806 801 2915 856 qua
2936 801 3044 841 non
3073 801 3298 856 peccare
3318 793 3553 856 poterat,
3585 785 3863 841 cautelam

2259 877 2581 933 contulisset
2634 877 2922 944 mandati;
2989 878 3169 933 sciens
3230 885 3415 932 tamen
3478 877 3862 947 deceptibilem

2257 965 2451 1022 limum
2483 967 2702 1022 aliunde
2739 966 3032 1023 consilium
3063 967 3411 1038 superbiendi
3447 967 3752 1038 accepisse,
3791 950 3865 1021 ita

2257 1061 2404 1118 circa
2437 1061 2721 1133 deceptum
2749 1061 3012 1117 miserum
3048 1061 3356 1117 severitatis
3380 1077 3495 1116 sua:
3525 1059 3860 1115 sententiam

2256 1153 2600 1225 temperavit,
2630 1162 2906 1225 quatenus
2927 1162 2982 1208 et
3013 1169 3080 1209 ex
3106 1161 3377 1224 praecepto
3407 1167 3508 1208 suo
3551 1151 3864 1206 mortalita-

2259 1246 2328 1301 tis
2351 1257 2654 1302 neeessrtas
2681 1254 3005 1313 sorveretur,
3043 1254 3097 1301 et
3130 1254 3314 1300 tamen
3350 1242 3490 1298 infra
3528 1243 3732 1299 mortis
3767 1243 3866 1299 de-

2256 1338 2433 1394 bitum
2465 1353 2564 1409 per
2591 1338 2848 1394 meritum
2877 1337 3202 1393 obedientiae
3239 1336 3561 1406 resurgendi
3609 1334 3866 1406 acquire-

2256 1439 2409 1486 retur
2436 1428 2688 1498 facultas,
2719 1445 2843 1500 quae
2872 1429 3090 1485 interim
3113 1429 3313 1485 animae
3339 1428 3652 1500 praestanda
3682 1425 3864 1496 foret;

2256 1519 2411 1575 ﬁnito
2443 1534 2574 1576 vero
2619 1519 2906 1590 praesentis
2934 1519 3060 1574 vitae
3089 1517 3288 1590 spatio,
3325 1517 3543 1589 corpori
3573 1525 3627 1572 et
3663 1515 3867 1570 anima:

2259 1609 2462 1680 pariter
2489 1607 2847 1665 restituenda.
3325 1608 3358 1619 ’

2863 1697 3092 1755 CAPUT
3124 1697 3236 1753 XII.

2328 1789 2626 1848 Obediendi
2653 1791 2836 1862 itaque
2861 1791 3191 1847 documenta
3222 1787 3416 1860 primis
3451 1788 3701 1860 patribus
3731 1795 3867 1841 ante

557 1883 731 1939 rabile
774 1897 946 1954 genus
984 1883 1310 1949 humanum,
1357 1882 1697 1938 misericordi
1729 1883 2017 1953 prudentia
2060 1898 2153 1938 re»
2185 1883 2228 1944 Β
2256 1881 2430 1955 legem
2459 1881 2710 1952 praeﬁxit,
2747 1890 2803 1938 et
2839 1889 2902 1937 ut
2930 1897 3018 1938 res
3042 1896 3270 1952 magnas
3302 1879 3627 1951 compendio
3653 1877 3867 1933 transi-

559 1974 712 2030 flexit
751 1976 1018 2046 justitiam
1063 1975 1384 2042 voluntatis,
1421 1983 1476 2031 et
1520 1975 1788 2032 charitate
1834 1979 2158 2048 temperavit

559 2066 934 2123 fortitudinem
963 2068 1273 2138 potestatis.
1300 2065 1420 2122 Non
1452 2067 1510 2123 in
1543 2067 1726 2139 aliqua
1756 2078 1910 2140 parte
1941 2071 2026 2126 sui
2055 2071 2157 2127 ali-

558 2175 672 2231 quo
715 2159 876 2215 modo
905 2160 1264 2231 degenerans,
1295 2160 1438 2216 sicut
1467 2160 1675 2216 insulsa
1703 2151 2156 2234 philosophorum

557 2249 834 2306 confessio
863 2251 1156 2321 persuasit,
1186 2267 1468 2322 nunquam
1498 2252 1714 2319 deﬁcit;
1751 2269 1926 2324 neque
1961 2255 2158 2325 recipit

559 2339 768 2412 aliquid
797 2341 1165 2397 essentialiter
1192 2343 1338 2412 quod
1378 2343 1495 2414 ipse
1531 2342 1758 2414 incipiat
1789 2359 1910 2401 esse
1939 2355 1996 2401 et
2031 2353 2157 2402 ante

558 2445 669 2484 non
706 2430 895 2498 fuerit;
943 2431 1146 2502 ubique
1186 2440 1356 2500 totus,
1403 2442 1458 2488 et
1501 2434 1680 2489 nullas
1725 2435 1830 2490 loci
1873 2437 2156 2507 angustias

558 2521 868 2589 sustinens;
899 2537 1116 2593 semper
1141 2523 1402 2591 existens,
1429 2526 1522 2580 sed
1547 2526 1800 2581 conditor
1824 2535 2152 2598 temporum,

557 2619 744 2667 certus
776 2611 1005 2667 librator
1049 2614 1298 2669 omnium
1341 2630 1699 2670 numerorum
1741 2624 1795 2672 et
1825 2618 2150 2688 ponderum.

559 2701 638 2758 De
662 2718 771 2774 quo
798 2712 928 2760 tunc
956 2715 1102 2762 recte
1129 2707 1271 2777 sapit
1297 2707 1581 2763 rationalis
1608 2709 1794 2776 homo,
1826 2725 1952 2764 cum
1982 2710 2154 2779 perti-

558 2795 813 2850 mendam
845 2805 900 2851 et
925 2796 1255 2854 laudabilem
1303 2798 1467 2853 nimis
1505 2798 1679 2868 ipsius
1717 2799 2154 2869 magnitudinem

557 2888 924 2957 recognoscit.
953 2887 1126 2959 Cujus
1157 2887 1424 2958 sapientia
1451 2897 1504 2943 et
1528 2889 1869 2960 providentia
1903 2889 2155 2963 infatiga-

556 2977 741 3034 biliter
763 2987 817 3035 et
838 2981 957 3036 sine
981 2995 1167 3036 errore
1189 2996 1304 3036 non
1330 2981 1506 3037 solum
1534 2982 1930 3038 elementorum
1958 2983 2154 3039 distin-

556 3071 817 3139 ctionem,
853 3073 946 3128 sed
976 3089 1043 3129 ex
1071 3074 1354 3130 elementis
1393 3073 1764 3130 constantium
1801 3090 1987 3130 rerum
2023 3091 2155 3131 cau-

555 3164 700 3220 sales
729 3174 1028 3235 proventus
1061 3165 1203 3222 serie
1230 3167 1547 3222 admiranda
1594 3167 1888 3223 connectit.
1933 3167 2033 3224 Hic
2068 3177 2154 3225 est

557 3255 825 3312 Dominus
855 3266 1060 3325 noster,
1085 3266 1139 3313 et
1160 3272 1267 3313 non
1298 3267 1383 3314 est
1411 3259 1550 3314 alius
1576 3260 1643 3314 ad
1666 3251 1870 3331 ipsum,
1902 3261 1996 3332 qui
2023 3278 2147 3316 cum
2177 3245 2225 3312 C

557 3346 614 3403 in
646 3363 704 3404 se
731 3347 1006 3419 perfectus
1049 3347 1207 3418 foret,
1252 3365 1354 3406 nec
1397 3351 1559 3406 alieni
1605 3351 1810 3410 favoris
1849 3354 1934 3408 vel
1975 3353 2153 3410 laudis

555 3440 911 3512 indigentiam
939 3450 1240 3512 pateretur,
1287 3442 1589 3498 secundum
1625 3445 2025 3515 beneplacitum
2057 3463 2154 3502 vo-

553 3530 784 3587 luntatis
812 3547 926 3586 sua:
955 3532 1155 3587 cmlum
1177 3574 1192 3598 ,
1237 3540 1440 3588 terram
1482 3541 1537 3587 et
1583 3533 1838 3590 universa
1879 3552 2001 3606 qua:
2030 3535 2152 3592 coeli

553 3623 766 3681 ambitu
791 3625 1160 3691 continentur,
1178 3623 1445 3680 Dominus
1472 3623 1858 3681 universorum
1885 3627 1951 3682 de
1980 3627 2153 3682 nihilo

553 3715 818 3770 condidit.
850 3713 996 3770 Inter
1023 3731 1147 3786 quae
1176 3715 1250 3770 nil
1282 3717 1492 3787 aequale
1517 3718 1735 3787 quidem
1772 3719 1897 3785 sibi,
1950 3719 2044 3774 sed
2075 3720 2153 3774 si-

555 3806 707 3874 mile,
737 3807 1062 3862 rationalem
1098 3807 1347 3878 angelum
1390 3808 1617 3875 creavit,
1665 3818 1720 3864 et
1763 3809 2066 3875 hominem,
2095 3819 2155 3865 ut

555 3905 612 3954 et
639 3897 694 3954 in
722 3899 1036 3956 ccelestibus
1059 3898 1316 3955 invisibili
1345 3899 1457 3956 Deo
1474 3917 1571 3971 per
1592 3902 1878 3958 innumera
1895 3904 2156 3958 assis-ten-

559 3990 697 4046 tium
733 3991 1026 4062 spirituum
1067 3993 1286 4064 agmina
1327 4003 1530 4049 aeterna
1574 3994 1696 4050 laus
1735 3995 2152 4064 persolveretur,

557 4089 614 4140 et
641 4083 696 4138 in
725 4085 887 4141 terris
918 4086 987 4140 ab
1013 4085 1236 4140 homine
1267 4087 1569 4158 gratiarum
1597 4085 1956 4143 nihilominus
1985 4086 2157 4143 actio-

558 4190 660 4232 nes
700 4191 801 4247 pro
834 4176 1094 4234 facultate
1131 4178 1449 4234 transitoria
1489 4179 1900 4244 exhiberentur,
1943 4187 1997 4234 et
2037 4178 2155 4250 ipsa

558 4268 782 4324 laudum
829 4271 1095 4326 exhibitio
1136 4285 1238 4342 pro
1285 4271 1482 4327 affectu
1524 4286 1764 4340 expensa
1812 4271 2154 4326 laudantium

559 4360 664 4419 hoc
692 4369 900 4417 tantum
924 4363 1146 4419 laudato
1172 4363 1405 4419 Domino
1431 4372 1583 4435 grata
1606 4361 1766 4430 foret,
1790 4378 1901 4432 quo
1929 4363 1996 4417 ad
2022 4379 2156 4419 con—

558 4455 899 4525 sequendum
943 4454 1266 4512 aeternitatis
1305 4455 1592 4526 praemium
1637 4454 1986 4510 laudantibus
2023 4469 2154 4526 pro-

2259 1990 2474 2047 gamus,
2503 1989 2600 2045 per
2633 1973 3029 2030 Melchisedech
3062 1971 3416 2039 sacriﬁcium,
3456 1977 3553 2042 per
3577 1969 3866 2025 Abraham

2257 2065 2734 2123 circumcisionem
2775 2073 2829 2119 et
2871 2063 3324 2129 immolationem,
3367 2079 3465 2134 per
3501 2061 3672 2117 Jacob
3715 2058 3868 2115 tituli

2255 2157 2586 2213 erectionem
2617 2156 2671 2210 in
2697 2155 2926 2226 ﬁguram
2959 2155 3160 2210 summi
3193 2154 3482 2210 sacerdotii
3515 2153 3744 2223 verique
3771 2165 3869 2206 sa-

2256 2249 2481 2316 criﬁcii,
2524 2265 2646 2319 cum
2692 2264 2790 2320 per
2821 2247 3023 2303 Filium
3072 2263 3235 2304 suum
3272 2257 3578 2318 opportuno
3611 2256 3870 2316 tempore

2256 2339 2515 2397 Ecclesiae
2535 2339 2841 2396 exhibenda
2861 2349 3039 2407 erant,
3069 2338 3473 2410 praeoroinavit.
3499 2337 3603 2392 Per
3631 2337 3870 2412 Moysen

2255 2447 2475 2503 quoque
2513 2429 2781 2486 famulum
2808 2445 2968 2487 suum
3006 2431 3292 2503 prmceptis
3319 2439 3373 2486 et
3397 2430 3665 2502 legalibus
3693 2433 3865 2489 insti-

2257 2524 2390 2579 tutis
2423 2523 2697 2579 carnalem
2731 2524 2989 2594 populum
3017 2522 3394 2595 praegravavit,
3428 2533 3592 2579 tanta:
3614 2524 3864 2594 profun-

2254 2613 2440 2670 ditatis
2470 2613 2766 2686 mysteriis,
2791 2623 2852 2668 ut
2878 2613 2931 2668 in
2959 2614 3066 2670 illis
3091 2615 3348 2671 omnibus
3378 2616 3632 2672 humana:
3661 2617 3868 2674 salutis

2254 2714 2308 2761 et
2331 2706 2596 2761 adventus
2624 2705 2709 2762 sui
2725 2705 3000 2776 Sapientia
3015 2705 3112 2762 Dei
3140 2706 3318 2762 Patris
3344 2708 3660 2765 multifariis
3675 2711 3869 2767 modis

2255 2806 2597 2853 sacramenta
2633 2797 2893 2870 signaret,
2929 2807 2984 2854 et
3014 2799 3161 2855 illius
3193 2799 3379 2870 populi
3411 2802 3658 2857 actiones
3706 2803 3866 2857 veri-

2253 2897 2420 2945 tatem
2454 2890 2508 2946 in
2535 2889 2853 2947 novissimis
2880 2892 3221 2962 temporibus
3255 2892 3591 2963 agendorum
3621 2895 3880 2966 mystica

2252 2981 2665 3037 denuntiatione
2700 2983 3110 3040 concluderent.
3143 2983 3254 3039 Nec
3281 2985 3428 3040 enim
3474 2985 3621 3042 aliud
3649 2987 3872 3042 insistit

2252 3082 2364 3130 tota
2397 3074 2735 3129 tabernaculi
2761 3084 2815 3130 et
2845 3075 3292 3132 holocaustorum
3315 3075 3610 3147 descriptio
3639 3086 3693 3131 et
3718 3086 3872 3132 tem-

2253 3168 2326 3239 pli
2358 3167 2574 3223 Domini
2604 3168 2806 3234 cultus,
2836 3168 2940 3223 nisi
2974 3177 3034 3223 nt
3061 3169 3346 3240 praesentis
3373 3167 3630 3224 Ecclesiae
3657 3178 3871 3236 status,

2254 3273 2307 3318 et
2334 3263 2532 3318 futurae
2561 3262 2842 3334 figuretur.
2877 3261 3051 3317 Porro
3092 3271 3297 3332 quanta
3341 3277 3472 3317 cura
3521 3261 3631 3316 Deo
3668 3260 3874 3330 fuerit,

2254 3352 2531 3407 hominem
2565 3352 2906 3406 exsuscitare
2934 3351 3001 3406 ad
3028 3351 3312 3406 sciendum
3342 3361 3395 3406 et
3437 3351 3870 3422 intelligendum

2253 3443 2614 3515 reparationis
2645 3459 2760 3498 suae
2787 3454 3214 3510 sacramentum,
3243 3458 3354 3497 non
3381 3444 3673 3500 servientis
3703 3459 3876 3499 crea-

2253 3544 2390 3592 turae
2420 3545 2630 3592 secreta
2659 3535 2846 3590 rimari
2878 3551 2978 3591 nec
3013 3536 3259 3591 animum
3292 3536 3462 3591 sterili
3497 3536 3876 3594 meditatione

2254 3621 2483 3693 lassare,
2515 3628 2713 3684 intueri
2743 3629 2870 3684 licet
2891 3627 3054 3683 etiam
3087 3643 3154 3683 ex
3179 3628 3402 3682 casibus
3429 3627 3674 3682 virorum
3702 3629 3874 3698 prio-

2255 3720 2334 3774 ris
2370 3718 2578 3790 populi,
2609 3720 2752 3776 inter
2780 3734 2921 3790 quos
2952 3718 3189 3774 maxime
3221 3717 3390 3774 David
3421 3719 3635 3790 lapsum
3679 3721 3876 3776 sancti

2255 3811 2429 3867 nostri
2463 3811 2643 3866 altiori
2674 3811 2874 3866 intuitu
2908 3809 3338 3877 considerantes,
3372 3825 3632 3882 magnum
3668 3813 3878 3882 gratiae

2254 3903 2558 3959 revelandae
2583 3903 2917 3974 praeconium
2945 3902 3226 3958 continere
3267 3902 3517 3958 arbitrati
3557 3911 3712 3970 sunt,
3766 3919 3878 3960 nec

2257 3995 2375 4052 sine
2405 4009 2574 4050 causa
2605 3995 2687 4049 vel
2719 3994 2865 4061 ﬁdei,
2896 4010 3018 4064 quae
3049 3995 3104 4048 in
3133 3993 3464 4064 patriarchis
3493 3993 3737 4064 gloriose
3775 4012 3876 4051 re-

2255 4085 2429 4152 fulsit,
2455 4084 2930 4142 commendatione
2955 4083 3157 4139 factum
3192 4099 3316 4140 esse
3339 4083 3669 4153 intelligunt,
3710 4085 3900 4156 quod,

2255 4187 2380 4249 post
2405 4177 2656 4233 adulterii
2687 4176 2919 4244 crimen,
2961 4175 3048 4230 cui
3076 4175 3225 4230 nulla
3255 4191 3322 4230 ex
3349 4175 3487 4247 legis
3536 4175 3719 4230 littera
3778 4161 3898 4232 re?

2256 4270 2451 4326 missio
2478 4268 2811 4336 debebatur,
2856 4267 2922 4323 ad
2951 4268 3260 4338 exemplum
3305 4267 3702 4323 misericordiae
3741 4284 3879 4324 ser-

2253 4371 2416 4420 vatus
2455 4370 2557 4419 est.
2595 4361 2641 4416 A
2667 4361 2900 4416 Domino
2943 4361 3162 4432 quippe,
3189 4358 3282 4430 qui
3310 4375 3418 4414 non
3447 4360 3743 4431 impulsor,
3773 4362 3883 4417 sed

2255 4454 2540 4511 ordinator
2569 4455 2839 4509 malorum
2884 4460 2989 4520 est,
3034 4452 3328 4508 salubriter
3374 4453 3648 4521 provideri
3691 4453 3883 4510 dece-

559 4545 776 4602 fulsset.
806 4545 889 4602 Ab
915 4547 1236 4603 assiduitate
1279 4548 1437 4617 cujus
1467 4545 1644 4602 laudis
1677 4546 1829 4617 prior
1859 4546 1949 4601 ille
1982 4546 2152 4602 desti-
2183 4586 2232 4647 υ
2256 4547 2370 4614 bat,
2400 4555 2462 4601 ut
2490 4545 2584 4618 qui
2611 4562 2707 4617 per
2732 4545 2856 4600 ﬁdei
2887 4545 3142 4600 meritum
3171 4544 3238 4600 de
3263 4543 3374 4599 imo
3400 4543 3468 4600 ad
3496 4545 3649 4615 regni
3680 4546 3884 4602 subli—

559 4637 645 4706 tit,
691 4639 787 4710 qui
822 4640 1034 4696 cunctis
1083 4639 1374 4696 sublimior
1419 4637 1596 4694 factus
1638 4647 1789 4705 erat;
1842 4654 1950 4694 non
2003 4638 2151 4695 enim

557 4740 786 4803 cogente
813 4731 1129 4799 Conditore,
1176 4731 1271 4788 sed
1304 4732 1424 4802 ipso
1457 4730 1790 4786 abundantia
1823 4730 1908 4786 sui
1939 4731 2152 4786 arbitrii

557 4821 836 4891 abutente,
871 4831 925 4878 et
954 4823 1010 4877 in
1043 4822 1298 4893 superbia
1328 4821 1605 4888 efferente,
1643 4821 1905 4877 mentitus
1933 4830 2018 4877 est
2047 4820 2152 4877 sibi

557 4913 684 4986 ipsi,
715 4917 1133 4972 immoderatam
1163 4914 1410 4985 rapinam
1436 4913 1762 4984 aequalitatis
1788 4913 1882 4969 Dei
1910 4912 2152 4985 arripere

557 5009 974 5080 concupiscens.
1002 5005 1159 5063 Unde
1178 5007 1307 5078 quia
1333 5006 1602 5062 altissimo
1623 5004 1897 5062 Creatoris
1923 5006 2153 5063 consilio

557 5100 1054 5172 irrecuperabiliter
1093 5098 1274 5154 factus
1315 5106 1399 5154 est
1441 5113 1604 5154 casus
1637 5097 1778 5169 ejus,
1817 5097 1983 5168 coepit
2021 5097 2149 5152 uni-

557 5191 873 5250 versitatem
905 5191 1198 5248 creationis
1240 5191 1473 5246 circuire
1504 5204 1754 5260 quaerens
1782 5204 1946 5260 quem
1979 5187 2151 5244 ruinae

557 5302 674 5346 sua:
715 5283 1422 5356 ascisceret.|Pra3termisit
1461 5283 1702 5356 legiones
1743 5285 2037 5356 angelicas,
2085 5285 2153 5341 de

557 5391 795 5449 quarum
825 5375 1120 5432 stabilitate
1147 5375 1452 5443 difﬁdebat;
1484 5375 1911 5432 irrationabilem
1935 5385 2151 5433 creatu-

557 5482 677 5523 ram
714 5465 969 5538 neglexit,
1018 5467 1176 5538 cujus
1205 5467 1367 5523 ﬁnem
1412 5467 1821 5523 velocissimum
1859 5467 2147 5523 sentiebat.

559 5557 619 5615 In
657 5557 838 5614 solum
868 5558 1167 5626 hominem,
1201 5574 1398 5630 quem,
1439 5559 1554 5614 sive
1581 5567 1752 5614 staret
1782 5559 1896 5615 sive
1932 5561 2148 5616 labere-

560 5655 668 5715 tur,
703 5649 994 5706 mternitati
1022 5657 1380 5723 propagatum
1405 5648 1643 5717 videbat,
1669 5650 1858 5706 'totius
1894 5651 2148 5722 maligni-

560 5740 695 5798 tatis
731 5757 846 5798 suae
880 5753 1197 5813 argumenta
1241 5743 1527 5809 contorsit,
1576 5742 1704 5798 totis
1738 5743 1953 5799 nisibus
1999 5744 2051 5798 in
2085 5757 2152 5800 eo

559 5835 895 5896 contendens
924 5835 1213 5908 imaginem
1244 5837 1467 5893 abolere
1490 5835 1756 5902 Factoris,
1786 5844 1849 5891 ut
1878 5836 1964 5893 sui
1992 5837 2146 5893 simi-

2257 4643 2504 4698 mitatem
2529 4646 2870 4712 pervenerat,
2903 4655 3001 4710 per
3023 4637 3268 4695 libidinis
3293 4639 3508 4708 culpam
3533 4637 3599 4692 de
3629 4638 3884 4695 sublimi

2253 4734 2582 4805 dejiceretur
2633 4732 2690 4786 in
2739 4730 2932 4798 imum,
2983 4738 3038 4786 et
3077 4730 3284 4786 electus
3328 4728 3547 4784 Domini
3598 4731 3887 4799 specialis

2253 4828 2445 4884 vicinae
2467 4825 2656 4898 gratiae
2680 4824 3003 4897 prmdicator
3022 4823 3362 4893 experiretur
3385 4823 3438 4878 in
3457 4838 3514 4878 se
3540 4821 3662 4892 ipso
3688 4839 3888 4893 quan-

2252 4929 2370 4976 tum
2406 4919 2674 4990 indigeret
2707 4917 3018 4974 miserentis
3057 4914 3154 4971 Dei
3199 4915 3403 4971 auxilio
3443 4915 3612 4970 miser
3662 4915 3881 4972 homo.

2253 5012 2359 5081 Qui
2399 5011 2545 5068 enim
2587 5011 2654 5066 de
2699 5025 2864 5066 carne
2905 5024 3004 5066 sua
3045 5009 3311 5078 peccavit,
3357 5007 3596 5063 fructum
3645 5010 3888 5077 carnis,

2251 5103 2584 5159 Absalonem
2615 5100 2842 5167 scilicet,
2885 5108 3294 5172 persecutorem
3323 5098 3615 5166 sustinuit;
3662 5108 3723 5154 et
3773 5103 3889 5172 qui

2253 5193 2558 5252 obediendo
2616 5191 2728 5249 Deo
2783 5192 3058 5265 gloriosus
3109 5191 3430 5255 exstiterat,
3483 5189 3890 5259 superbientis

2253 5286 2436 5344 carnis
2463 5293 2684 5342 secutus
2713 5284 2993 5340 lasciviam
3025 5298 3091 5338 eo
3118 5297 3294 5354 usque
3323 5279 3736 5353 ignominiosus
3783 5283 3889 5339 fa-

2252 5387 2375 5435 ctus
2400 5385 2503 5445 est,
2532 5385 2592 5434 ut
2622 5392 2904 5432 servorum
2936 5375 3207 5446 lapidibus
3243 5375 3541 5444 impetitus,
3585 5383 3644 5429 et
3674 5373 3889 5432 laces-

2251 5471 2392 5528 situs
2421 5467 2743 5537 maledictis,
2776 5466 3016 5539 regalem
3045 5465 3362 5537 dignitatem
3394 5463 3661 5536 fugitivus
3685 5468 3851 5524 amit
3869 5497 3893 5511 ο

2254 5570 2409 5617 teret.
2463 5558 2666 5616 Verum
2718 5567 3008 5630 postquam
3059 5557 3115 5611 in
3163 5573 3224 5613 se
3274 5572 3528 5613 reversus
3580 5557 3652 5613 de
3704 5560 3891 5629 gravi

2254 5651 2498 5720 inferno,
2543 5652 2612 5707 ad
2655 5667 2818 5722 quem
2865 5650 3349 5724 propinquaverat,
3401 5649 3740 5707 humiliatus
3796 5651 3890 5708 ad

2253 5743 2642 5802 misericordia:
2685 5742 2918 5809 fontem,
2969 5743 3036 5798 de
3083 5757 3195 5813 quo
3238 5757 3382 5812 saepe
3427 5742 3585 5813 prius
3628 5749 3891 5812 potave-

2254 5843 2374 5905 rat,
2420 5836 2769 5906 pudibundos
2821 5836 3008 5896 oculos
3047 5831 3316 5902 elevavit,
3368 5843 3423 5890 ct
3463 5834 3531 5890 de
3577 5833 3892 5895 uxofundo
