3972 6296
116 345 197 406 tot
1063 303 1072 318 ’
1165 341 1410 400 opusc.
1453 341 1738 430 CONTRA
1781 339 2255 402 WOLFELMUM.

3250 355 3357 418 £62

111 461 266 522 cordis
291 458 535 518 eamavit
563 459 632 516 ad
659 457 1060 516 multitudinem
1092 458 1509 518 miserationum
1543 458 1660 529 Dei,
1690 462 1741 526 Α
1769 459 2016 535 inquam.
2045 469 2102 517 et
2128 461 2182 516 in
2210 460 2433 520 obtentu
2476 462 2626 524 illius
2664 467 2900 526 summis
2937 467 3228 528 desideriis
3261 485 3359 530 su.

110 557 188 628 qui
224 554 412 609 nullam
455 553 560 609 sibi
610 568 758 623 spem
803 568 897 622 per
933 551 1108 624 legem
1152 551 1420 608 indultam
1457 552 1659 610 sentic-

109 651 201 712 bat,
233 658 477 718 tanquam
512 644 736 716 signifer
766 645 1152 715 subsequentis
1188 643 1489 702 Salvatoris
1524 644 1655 701 eﬁ'e-

109 751 224 805 ctus,
253 739 497 793 haustum
529 736 715 808 gratia:
743 737 1098 807 peccantibus
1138 751 1198 792 se
1236 737 1653 807 propinaturum

110 830 376 903 promittit:
420 827 647 895 Docebo,
689 828 964 899 inquiens,
1014 829 1128 884 uias
1172 838 1292 884 tuas
1328 830 1559 902 iniquos,
1605 837 1657 885 et

109 926 232 994 impii
257 923 321 977 ad
346 935 391 977 te
418 931 804 990 convertentur,
826 932 887 978 ut
912 939 977 978 ex
1008 938 1073 979 eo
1101 923 1170 979 ad
1197 923 1520 980 vaticinium
1549 923 1658 980 Do-

108 1016 216 1070 mini
255 1013 464 1070 veniens
507 1011 787 1069 ardentior
829 1029 958 1069 reus
997 1014 1182 1081 ﬁeret,
1226 1029 1339 1086 quo
1379 1015 1448 1070 de
1494 1014 1658 1087 legali

109 1107 352 1161 severitate
384 1105 716 1176 redemptus,
766 1121 866 1162 nec
912 1104 1135 1162 infamis
1175 1122 1368 1179 regno,
1411 1123 1514 1164 nec
1541 1107 1656 1164 vita

107 1196 367 1266 privaretur
403 1195 633 1250 adulter.
683 1191 800 1251 Imo
843 1203 1007 1252 tanta:
1041 1197 1326 1268 dignitatis
1371 1197 1655 1272 privilegio

107 1303 182 1342 rex
208 1287 408 1343 humilis
433 1288 766 1354 cumulatur,
811 1297 873 1344 ut
905 1288 1176 1360 stupenda
1215 1289 1418 1346 divina:
1456 1291 1654 1363 digna-

109 1377 240 1436 tionis
276 1379 530 1435 miraculo
578 1379 891 1438 conﬁtentis
937 1397 1110 1454 genus
1147 1381 1486 1439 abundantia
1528 1381 1656 1439 ﬁdei

107 1471 432 1540 justiﬁcatum,
462 1481 520 1528 et
555 1472 730 1544 gratia
780 1471 1016 1544 Spiritus
1061 1474 1260 1544 sancti,
1307 1489 1470 1546 quem
1507 1474 1656 1532 idem

111 1561 324 1632 propheta
349 1561 412 1617 ad
439 1562 758 1620 innavanda
780 1565 992 1622 viscera
1019 1573 1074 1622 et
1099 1582 1196 1623 cor
1235 1583 1400 1624 suum
1431 1567 1650 1626 sincero

113 1651 264 1707 affectu
288 1663 626 1724 poposcerat,
656 1655 1035 1724 emundatum,
1065 1666 1254 1730 aptum
1301 1659 1456 1715 ﬁeret
1487 1658 1653 1716 mini—

113 1754 251 1799 strare
271 1745 573 1816 virginalem
609 1746 760 1804 illam
787 1759 1121 1816 creaturam,
1150 1767 1319 1823 quam
1347 1752 1501 1826 virga
1536 1754 1651 1811 Aa-

114 1850 189 1889 ron
213 1837 503 1893 contribulis
530 1838 660 1908 ejus
687 1839 810 1896 sine
838 1850 1056 1899 terreno
1083 1841 1329 1900 fomento
1358 1845 1560 1903 ﬂorens
1597 1855 1654 1904 et

115 1926 390 1985 lmctilicans
423 1929 652 1987 insolito
681 1931 948 1990 miraculo
978 1933 1325 2007 designaret,
1381 1945 1440 1994 et
1482 1937 1654 1996 lsaias

117 2020 258 2078 statim
281 2021 495 2078 evidenti
525 2023 761 2079 oraculo
790 2035 1312 2095 praemonstraturus
1351 2037 1490 2097 erat,
1529 2029 1653 2102 Spi-

118 2111 199 2165 ritu
222 2123 444 2183 operante
472 2114 828 2172 inefl'abiliter
853 2127 1243 2190 conoepturam
1269 2120 1439 2179 totius
1462 2121 1650 2194 propi-

124 2204 539 2274 tiationisfontem,
565 2217 636 2264 et
661 2216 834 2264 totum
871 2209 1100 2266 serviret
1138 2213 1348 2284 gratim,
1392 2214 1540 2285 quod
1583 2215 1652 2272 de

132 2296 284 2352 semine
297 2299 590 2376 pmuitentis
621 2309 777 2357 actor
796 2301 1150 2373 indulgentia:
1171 2313 1510 2362 nasceretur.
1537 2305 1654 2365 Hoc

136 2387 304 2444 verbum
329 2391 534 2460 bonum,
583 2392 704 2450 hoc
741 2407 882 2464 opus
919 2403 1193 2462 sanctum,
1223 2397 1332 2454 hoc
1370 2399 1651 2456 canticum

137 2491 289 2534 novum
311 2481 614 2553 Cythnrista,
651 2485 744 2555 qui
786 2500 1006 2556 pinnam
1041 2486 1178 2560 legis
1211 2499 1482 2558 evaserat,
1529 2499 1654 2548 tan-

130 2585 254 2640 quam
266 2572 356 2642 jam
376 2575 602 2646 junctus
639 2575 824 2633 futuro
842 2577 1066 2649 populo,
1095 2588 1152 2636 et
1173 2581 1335 2652 quasi
1365 2591 1492 2640 ante
1523 2583 1650 2638 tha-

129 2661 276 2732 lanium
311 2676 562 2736 perpetua:
591 2665 844 2740 Virginis
885 2669 1116 2738 saltans,
1159 2673 1428 2742 spirituali
1472 2674 1650 2745 jubilo

127 2754 377 2819 preeincbat
397 2776 410 2812 .
434 2756 807 2829 Suscepimus,
843 2758 1012 2827 Deus,
1043 2762 1466 2818 misericordiam
1500 2773 1650 2819 tuam

123 2839 164 2893 is
183 2845 314 2899 medio
337 2849 500 2919 templi
534 2849 649 2916 tui,
675 2859 731 2905 et
754 2849 860 2906 alia
888 2850 1128 2920 plurima
1155 2869 1280 2924 quae
1303 2855 1482 2926 magis
1513 2856 1652 2911 indi-

123 2945 213 2989 care
233 2933 450 2994 videntur
478 2940 713 3012 plenum
737 2941 1000 3012 gaudium
1026 2945 1266 3002 assecuti
1303 2961 1471 3020 quam
1497 2945 1644 3004 desi-

121 3023 303 3084 derantis
322 3029 586 3088 affectum.

640 3123 870 3182 CAPUT
909 3125 1050 3184 XIII.

164 3207 250 3267 Nec
277 3222 468 3286 tempus
497 3216 850 3274 remissionis
883 3227 1098 3276 tantum
1143 3219 1321 3277 sancti
1365 3221 1648 3292 prophetat

117 3305 410 3368 prenuntiare
434 3309 683 3365 contenti
715 3319 863 3378 sunt,
896 3311 993 3367 sed
1036 3311 1350 3368 alternatim
1396 3313 1467 3368 ad
1505 3314 1648 3371 duos

117 3389 320 3452 adventus
343 3398 457 3454 Filii
489 3401 588 3458 Dei
623 3401 812 3459 ﬁdeles
841 3403 1033 3471 oculos
1067 3413 1466 3474 retorquentes,
1497 3406 1648 3463 indi~

116 3494 206 3540 cant
237 3487 537 3550 humilitatis
581 3509 781 3562 unum,
830 3494 1064 3550 alterum
1110 3495 1486 3564 sublimitatis,
1531 3497 1647 3568 pri-

117 3591 224 3634 mum
249 3586 694 3655 mansuetudinis,
725 3588 1028 3644 secundum
1057 3589 1368 3659 potestatis.
1409 3588 1477 3645 Et
1515 3591 1648 3662 quia

117 3665 297 3726 humana
321 3677 568 3746 superbia
602 3678 940 3750 contemptui
969 3679 1170 3735 habere
1197 3680 1338 3735 solet
1361 3679 1509 3752 quod
1538 3682 1645 3737 hu-

117 3760 205 3816 mile
221 3775 313 3834 est,
338 3782 458 3823 cum
483 3777 697 3840 quanta
740 3770 1046 3826 reverentia
1090 3772 1405 3842 praecedens
1434 3774 1644 3844 suscipi

117 3851 276 3922 debeat,
300 3862 589 3917 ostendunt
615 3876 714 3932 per
739 3862 1204 3934 magniﬁcentiam
1231 3866 1642 3936 consequentis,

117 3953 155 3996 Ill
176 3946 346 4019 absque
371 3951 521 4007 omni
547 3951 890 4022 praejudicio,
924 3953 1021 4023 qui
1049 3952 1402 4026 indulgentiae
1426 3962 1646 4025 tempus

116 4043 454 4112 wntempserit,
485 4043 788 4100 terribilem
833 4045 891 4100 in
925 4045 1015 4101 die
1046 4045 1142 4102 irae
1176 4046 1502 4102 sententiam
1529 4063 1644 4106 me-

115 4138 266 4186 reatur.
287 4132 397 4210 lloc
423 4136 811 4208 evangelizans
838 4135 1032 4205 Isaias,
1061 4146 1117 4194 et
1142 4136 1410 4195 Jeremias
1433 4139 1644 4196 lamen-

117 4225 217 4289 lans,
238 4225 374 4294 prius
394 4228 740 4284 vocationem
765 4229 1008 4300 gentium
1036 4237 1092 4286 et
1118 4239 1435 4302 compactos
1463 4233 1646 4302 parie—

116 4310 233 4365 tesin
257 4330 410 4372 unum
446 4318 767 4391 angularem
809 4319 1047 4390 lapidem
1086 4319 1417 4392 signiﬁcant,
1448 4331 1502 4378 et
1536 4322 1642 4378 sub

115 4397 414 4464 destructione
440 4409 634 4481 populi
668 4418 726 4465 et
751 4408 1262 4482 Hierosolymitanae
1303 4413 1455 4469 urbis
1482 4429 1639 4470 com-

115 4493 249 4549 munis
271 4499 590 4568 captivitatis
617 4516 894 4557 aerumnas
927 4500 1295 4571 deplorantes,
1326 4512 1638 4560 manentem

115 4580 346 4656 cititateni,
392 4591 446 4647 in
499 4608 610 4664 qua
657 4609 760 4650 nos
810 4593 1106 4648 Dominum
1156 4594 1462 4665 majestatis
1510 4611 1638 4654 cum

117 4687 235 4760 fame
259 4691 430 4739 nostra
471 4685 586 4756 jam
636 4685 914 4746 sedentem
960 4685 1282 4756 aspicimus,
1330 4687 1637 4760 inquirunt.

118 4758 204 4819 “ac
224 4777 294 4825 est
315 4775 752 4844 repromissionis
779 4784 922 4830 terra
943 4783 999 4831 et
1027 4775 1175 4847 regio
1206 4758 1495 4846 vivorum;
1526 4794 1640 4836 non

117 4852 178 4910 illa
196 4860 240 4914 in
264 4878 359 4933 qua
393 4865 707 4938 frequenter
745 4867 993 4932 cecidere
1037 4867 1208 4923 multa
1245 4868 1437 4936 millia,
1482 4878 1539 4926 et
1581 4869 1640 4926 in

118 4962 192 5014 illa
226 4959 608 5028 prospiciebant
647 4956 791 5017 ﬁlios
827 4968 887 5028 et
929 4969 1156 5031 nepotes
1200 4976 1333 5018 suos
1379 4962 1640 5019 violentia

119 5052 272 5113 legum,
303 5047 459 5120 fame,
494 5052 690 5124 gladiis
715 5061 772 5108 et
799 5053 924 5109 aliis
948 5045 1144 5109 mortis
1172 5053 1464 5126 generibus
1491 5054 1638 5124 peri-

121 5136 243 5202 ‘lINS,
278 5141 361 5197 sed
395 5143 483 5198 illa
520 5145 588 5200 de
623 5160 731 5216 qua
773 5144 916 5200 inter
947 5144 1088 5201 alios
1129 5146 1423 5215 praedictus
1468 5145 1639 5202 David

121 5221 221 5280 clara
243 5233 450 5291 veritate
469 5236 769 5292 admiratur
788 5237 978 5294 dicens
999 5256 1012 5293 :
1043 5236 1220 5302 Quam
1239 5237 1436 5293 dilecta
1460 5237 1638 5292 taber-

124 5317 262 5372 ιαειια
285 5329 366 5377 tua
385 5363 400 5391 ,
438 5325 656 5382 Domine
687 5329 962 5383 uirtutum.
997 5326 1070 5382 Et
1099 5328 1237 5382 beati
1271 5329 1363 5398 qui
1394 5327 1639 5402 habitapt

124 5402 160 5454 iu
179 5407 300 5464 domo
318 5422 423 5483 tua,
451 5416 687 5485 Domine,
710 5418 978 5490 inﬁsascula
1001 5419 1320 5474 seculorum
1343 5418 1640 5474 laudabunt

127 5499 183 5556 l6;
206 5509 249 5553 et
285 5505 346 5559 ad
387 5523 550 5577 quem
583 5511 822 5566 animam
869 5525 1028 5566 suam
1078 5509 1323 5566 converti
1371 5510 1640 5578 hortatur,

127 5594 348 5659 [militum
375 5593 630 5657 Dominus
656 5601 990 5658 benefecerit
1031 5602 1104 5668 ei,
1147 5601 1296 5672 quod
1323 5610 1454 5658 tunc
1484 5601 1638 5658 futu-

132 5688 214 5765 tum
247 5683 491 5762 intelligit,
536 5709 658 5750 cum
703 5694 966 5765 eripietur
1009 5709 1042 5749 a
1084 5703 1295 5763 morte,
1338 5694 1570 5765 pedibus
1604 5710 1638 5751 a

133 5760 265 5844 bis“.
296 5789 344 5837 et
382 5760 569 5870 oculis
587 5803 616 5843 a
659 5760 918 5870 lacrvmis
960 5786 1224 5846 liberatis.
1264 5760 1635 5860 Aspiciebant,

1762 549 2062 621 spirabant.
2103 549 2308 607 Verum
2338 569 2464 608 cum
2492 553 2680 612 vident
2704 557 2981 614 desertum
3016 559 3208 616 mundi
3242 562 3356 632 ple-

1760 655 1891 696 num
1923 640 2403 712 amaritudinibus,
2439 653 2496 700 et
2529 647 2834 704 convallem
2863 650 3232 723 lacrymarum
3272 653 3356 708 in-

1759 730 2079 800 terjectam,
2126 727 2183 787 in
2218 741 2362 789 terra
2409 744 2640 793 terrente
2674 740 3118 811 repromissionis
3166 743 3354 812 positi,

1756 820 2080 876 validiorem
2109 829 2163 878 et
2191 824 2472 881 meliorem
2515 823 2738 900 Moysen
2785 829 3025 887 assiduis
3060 832 3356 903 gemitibus

1758 911 2126 983 implorabant
2153 913 2489 973 clamantes:
2526 916 2677 987 Veni,
2721 919 2968 988 Domine,
3001 931 3053 976 et
3096 923 3206 977 noli
3243 932 3356 977 ιαμ

1756 1003 1916 1070 dare;
1954 1002 2132 1059 excita
2161 1006 2450 1077 potentiam
2486 1017 2654 1077 tuam,
2687 1011 2993 1067 dominator
3033 1013 3196 1069 Deus.
3242 1013 3354 1070 Nec

1757 1103 1883 1151 ante
1928 1093 2259 1154 venerabilis
2309 1098 2445 1156 ordo
2504 1099 2720 1157 illorum
2783 1102 3008 1160 Patrum
3065 1105 3353 1162 vociferari

1757 1186 1983 1260 quievit,
2014 1188 2190 1247 donec
2233 1189 2470 1248 instante
2511 1194 2793 1252 nativitate
2817 1193 2945 1252 Jesu
2977 1198 3161 1270 magni
3195 1198 3353 1254 ducis

1755 1280 2178 1354 perurgentibus
2227 1283 2442 1354 gaudiis
2471 1286 2790 1355 exsultaret,
2840 1296 2896 1344 et
2940 1289 3148 1345 diceret
3176 1309 3190 1346 ;
3215 1289 3354 1347 Ecce

1757 1373 1966 1430 advenit
1988 1375 2294 1430 dominator
2323 1375 2484 1444 Deus,
2518 1387 2569 1434 et
2597 1397 2812 1452 regnum
2835 1381 2893 1436 in
2921 1397 3084 1437 manu
3125 1384 3262 1454 ejus,
3299 1392 3352 1441 et

1754 1453 1987 1536 potestas
2031 1475 2081 1522 et
2120 1468 2421 1538 imperium.
2463 1467 2560 1526 liis
2588 1472 2656 1526 'et
2683 1472 2807 1528 aliis
2836 1473 3036 1531 talibus
3080 1453 3356 1546 praepara-

1754 1556 1889 1614 bant
1914 1567 2128 1616 mentes
2156 1560 2459 1616 carnalium
2492 1563 2561 1618 ad
2590 1564 3002 1635 suscipiendum
3045 1565 3353 1626 Salvatoris

1755 1649 2017 1708 humilem
2047 1659 2228 1707 ortum
2259 1652 2485 1710 veridici
2512 1671 2902 1726 praecursores,
2951 1658 3226 1731 certisque
3264 1660 3347 1717 si-

1755 1741 1877 1813 gnis
1920 1750 1976 1798 et
2017 1744 2274 1814 potentia:
2308 1761 2422 1802 suae
2459 1746 2676 1804 indiciis
2713 1749 2977 1808 nascituri
3014 1749 3071 1806 in
3117 1753 3352 1810 salutem

1754 1833 2003 1890 omnium
2033 1837 2467 1907 magnitudinem
2503 1849 2854 1908 notaverunt,
2887 1859 2956 1898 ne
2984 1845 3227 1914 perﬁdus
3252 1844 3353 1902 Ju-

1752 1927 1942 1995 daeus,
1986 1935 2042 1984 et
2088 1944 2266 1985 vanus
2313 1931 2536 2002 gentilis
2585 1933 2960 1991 dissimularet
3009 1951 3352 2008 agnoscere,

1751 2032 1918 2089 quem
1971 2026 2051 2074 tot
2091 2017 2198 2075 sibi
2235 2020 2518 2094 praesagiis
2549 2032 2800 2080 cerneret
2832 2024 3156 2081 indicatum.
3197 2024 3354 2095 Quoo

1751 2125 1877 2166 rum
1912 2111 2306 2182 prophetarum
2339 2114 2541 2184 scripta
2585 2116 2632 2172 si
2677 2117 2980 2173 secundum
3032 2118 3353 2176 interiorem

1751 2201 2043 2272 degustare
2073 2202 2376 2271 curaveris,
2403 2204 2702 2274 experieris
2726 2205 2974 2276 profecto
3001 2223 3232 2264 summae
3254 2209 3354 2265 de-

1752 2293 1971 2349 mentiae
2015 2293 2134 2350 fore
2183 2295 2259 2352 ita
2309 2295 2566 2352 insistere
2613 2297 2908 2354 mundanae
2949 2299 3192 2356 scientiae
3233 2309 3354 2356 stu-

1751 2385 1925 2453 dium,
1957 2395 2158 2442 utnon
2189 2387 2404 2444 colatur
2427 2395 2484 2444 et
2508 2395 2724 2444 ametur
2751 2388 3078 2460 spiritalium
3105 2389 3350 2448 salubris

1749 2474 2097 2546 profunditas
2126 2474 2560 2548 Scripturarum.

2337 2565 2567 2626 CAPUT
2604 2566 2747 2625 XIV.

1823 2657 2102 2716 Ordinatis
2145 2659 2312 2731 igitur
2352 2668 2408 2715 et
2434 2660 2684 2716 decursis
2712 2659 2972 2717 omnibus
3000 2676 3124 2732 quae
3154 2660 3223 2718 ad
3253 2660 3348 2718 im-

1753 2747 2086 2804 sinuandum
2119 2749 2246 2804 novi
2293 2748 2537 2804 hominis
2567 2755 2751 2804 ortum
2791 2749 3092 2821 ﬁguraliter
3123 2759 3348 2821 oporte-

1751 2841 1846 2897 bat
1899 2841 2186 2912 praemitti,
2245 2843 2550 2900 secundum
2619 2843 3159 2915 praedestinationem
3217 2853 3348 2902 ante

1751 2937 1936 2992 omnia
1963 2937 2162 2993 saecula
2210 2937 2354 3008 apud
2383 2937 2762 2995 misericordis
2791 2937 2888 2994 Dei
2917 2939 3211 2996 consilium
3241 2940 3347 2995 ha-

1749 3028 1942 3096 bitam,
1987 3029 2045 3084 in
2090 3028 2428 3100 plenitudine
2479 3030 2742 3101 temporis
2791 3030 2935 3085 misit
2962 3029 3106 3086 Deus
3137 3028 3347 3085 Filium

1673 3143 1720 3208 ρ
1750 3136 1908 3176 suum
1940 3121 1998 3176 in
2039 3121 2194 3176 terris
2235 3121 2440 3192 factum
2463 3137 2530 3178 ea:
2563 3121 2804 3189 muliere,
2838 3122 3042 3192 factum
3084 3121 3180 3176 sub
3212 3121 3348 3193 lege,

1749 3221 1812 3269 ut
1840 3229 1950 3270 non
1976 3213 2156 3270 solum
2184 3227 2280 3270 eos
2306 3213 2403 3285 qui
2439 3214 2543 3271 sub
2569 3214 2690 3286 lege
2727 3222 2887 3270 erant
2913 3214 3227 3282 redimeret,
3247 3215 3346 3272 sed

1747 3305 1879 3375 quia
1905 3305 2182 3361 neminem
2203 3305 2385 3376 perire
2409 3305 2653 3374 volebat,
2673 3305 2952 3362 neminem
2979 3321 3012 3361 a
3040 3305 3346 3364 salvatione

1746 3397 2080 3454 excluderet.
2113 3396 2252 3453 Cum
2282 3407 2468 3454 autem
2496 3397 2682 3467 audis,
2731 3399 2877 3454 misit
2910 3388 3074 3466 Deus,
3112 3414 3224 3454 non
3259 3397 3348 3454 in-

1747 3491 1958 3562 telligas
2007 3489 2374 3561 majoritatem
2421 3490 2712 3558 mittentis,
2758 3506 2860 3547 nec
2902 3490 3057 3546 missi
3083 3491 3348 3547 mutatio-

1746 3597 1894 3650 nem,
1923 3582 2055 3653 quia
2087 3583 2353 3638 divinitus
2383 3597 2494 3638 non
2521 3582 2718 3653 recipit
2745 3582 3213 3647 vicissitudinem;
3244 3581 3342 3639 sed

1746 3677 1936 3748 accipe
1966 3678 2170 3732 bonam
2198 3676 2378 3732 Patris
2401 3677 2763 3742 voluntatem,
2787 3684 2841 3731 et
2867 3676 3017 3745 piam
3046 3674 3171 3729 Filii
3207 3675 3342 3730 obe-

1745 3767 2031 3834 dientiam,
2067 3767 2393 3837 completam
2429 3782 2529 3839 per
2574 3765 3065 3822 consubstantialis
3105 3763 3344 3848 Spiritus

1745 3855 2212 3926 cooperationem.
2243 3855 2303 3913 in
2350 3857 2516 3928 hujus
2549 3856 2950 3913 incarnationis
2979 3873 3145 3929 opere
3187 3856 3344 3934 side

1745 3953 1910 4009 modo
1925 3953 2148 4024 quaeris,
2163 3953 2352 4012 nescio
2372 3953 2506 4025 quid
2531 3953 2820 4010 commode
2837 3953 2948 4010 dici
2972 3955 3148 4026 possit
3171 3971 3342 4027 quam

1745 4045 1895 4117 quod
1936 4061 2004 4102 ex
2050 4045 2362 4116 inquirente
2390 4045 2618 4118 Virgine
2644 4054 2699 4102 et
2737 4046 3068 4118 archangelo
3109 4061 3343 4116 respon-

1743 4138 1904 4194 dente
1929 4137 2252 4208 percipitur,
2295 4138 2548 4195 videlicet
2583 4137 2732 4209 quod
2767 4138 3189 4209 superveniente
3217 4136 3344 4209 Spi—

1743 4230 1876 4296 ritu,
1903 4237 1959 4286 et
1983 4229 2347 4286 obumbrante
2373 4245 2497 4286 eam
2516 4229 2719 4286 virtute
2745 4229 3038 4298 Altissimi,
3070 4244 3197 4286 cum
3220 4229 3342 4286 vir-

1745 4321 1904 4393 ginea
1926 4337 2094 4378 carne
2110 4321 2372 4378 divinitas
2401 4322 2674 4390 uniretur,
2706 4330 2859 4378 tanta
2886 4321 3177 4378 efﬁcientia
3211 4336 3342 4378 san-

1745 4413 1970 4480 ctitatis,
2001 4421 2063 4469 ut
2098 4412 2273 4470 Filius
2293 4413 2411 4482 Dei,
2447 4421 2576 4471 ante
2606 4415 2793 4470 omnia
2823 4422 3074 4486 tempora
3101 4414 3247 4471 Deus
3267 4415 3340 4472 de

1668 4486 1717 4548 υ
1743 4501 1856 4560 Deo
1891 4503 2128 4574 genitus,
2172 4503 2241 4560 de
2291 4501 2516 4575 Virgine
2567 4504 2672 4561 sub
2718 4512 2966 4576 tempore
2994 4514 3336 4574 nasceretur,

1740 4594 2098 4663 cralibiliter,
2129 4610 2239 4651 non
2268 4593 2555 4651 eti’abiliter
2576 4594 2757 4653 factus
2779 4611 2930 4662 caro,
2963 4612 3074 4653 non
3102 4595 3339 4653 confusa

1741 4687 2068 4756 substantia,
2105 4688 2201 4744 sed
2243 4687 2359 4756 Dei,
2392 4696 2449 4744 et
2489 4687 2755 4754 hominis,
2796 4703 2907 4743 una
2951 4703 3212 4758 persona.
3245 4687 3339 4744 Sic

1740 4779 1900 4836 docet
1932 4777 2044 4835 Vas
2065 4781 2256 4850 gratiae
2275 4785 2567 4849 postquam
2593 4791 2838 4849 squamae
2857 4776 3103 4848 perﬁdiae
3127 4776 3198 4832 ab
3215 4775 3340 4847 ejus

1741 4871 1919 4928 oculis
1949 4870 2286 4938 ceciderunt,
2317 4870 2412 4941 qui
2441 4877 2634 4941 raptus
2677 4868 2748 4925 ad
2785 4869 3007 4925 tertium
3035 4867 3237 4924 cmlum
3268 4882 3336 4924 ea

1742 4963 1909 5020 etiam
1947 4977 2148 5018 arcana
2177 4961 2387 5018 audivit
2415 4976 2540 5033 quae
2571 4960 2784 5016 homini
2829 4959 2980 5031 loqui
3023 4973 3136 5015 non
3180 4959 3330 5014 licet.

1745 5052 1818 5110 Ut
1857 5054 2005 5111 enim
2040 5053 2308 5110 indicaret
2350 5068 2422 5109 ex
2466 5051 2706 5108 naturali
2752 5060 2808 5108 et
2853 5050 3023 5108 insito
3068 5049 3251 5107 Patris
3279 5057 3339 5106 et

1741 5143 1864 5202 Filii
1884 5143 2357 5215 simplicissimam
2377 5143 2668 5209 unitatem,
2681 5141 2911 5211 formam
2923 5139 3110 5195 Patris
3134 5138 3335 5197 Filium

1742 5235 2054 5306 appellavit,
2081 5235 2178 5290 ubi
2205 5233 2348 5290 nihil
2375 5232 2586 5303 rapina:
2615 5229 2914 5287 intervenit
2934 5239 3158 5302 propter
3183 5230 3338 5302 ejus-

1743 5327 1867 5384 dem
1922 5327 2230 5399 majestatis
2277 5325 2670 5397 :equalitatem.
2719 5320 2832 5380 Nec
2857 5329 3082 5394 propter
3103 5322 3336 5393 formans

1740 5420 1990 5486 verbum,
2025 5419 2175 5490 quod
2211 5418 2309 5474 tibi
2337 5415 2613 5488 signiﬁcat
2652 5415 2799 5487 apud
2825 5414 3100 5482 homines,
3125 5413 3331 5485 aliquid

1739 5527 1772 5568 a
1801 5511 2036 5568 formato
2061 5511 2341 5566 diversum
2367 5507 2572 5576 facias;
2602 5508 2660 5563 in
2696 5507 2941 5578 subjecta
2961 5506 3206 5564 sectione
3235 5519 3338 5560 ex-

1737 5604 1914 5660 tendit
1934 5619 2038 5660 nos
2072 5601 2400 5674 praedicator
2415 5601 2686 5670 veritatis,
2705 5610 2761 5658 et
2781 5615 2878 5672 per
2899 5599 3122 5656 verbum
3153 5596 3332 5653 sensi-

1738 5696 1942 5752 bilibus
1963 5694 2374 5751 commodatum
2419 5694 2504 5750 ad°
2533 5694 2860 5766 sapiendum
2898 5687 3171 5748 ineﬁ’abile
3197 5687 3331 5748 Vel:-

1738 5786 1870 5844 bum
1900 5786 2218 5852 mortalium
2240 5785 2577 5845 intellectum
2608 5785 2866 5856 traducit,
2889 5793 2952 5841 ut
2975 5782 3080 5840 ﬁde
3105 5779 3329 5852 capian‘
