3990 6298
626 340 732 420 res

2077 358 2479 417 MANEGALDI
2626 394 2637 401 -
3773 371 3862 433 illi

622 485 740 547 tur,
769 491 893 550 quat
930 478 1099 536 verbo
1130 479 1375 539 humano
1413 478 1657 539 enarrari
1683 491 1795 534 non
1818 483 2069 549 possunt.
2097 476 2202 544 Qui
2232 476 2280 537 Α
2308 476 2647 533 convenienti
2670 475 2783 533 Deo
2807 491 2902 548 per
2915 471 3195 549 Virginem
3219 474 3583 545 edito,utrum
3607 482 3715 555 ipse
3736 501 3864 562 esset

626 580 690 627 ut
716 569 1118 629 incarnationis
1144 574 1466 647 mysterium
1495 572 1560 627 ad
1604 569 1833 626 salutem
1871 570 2210 625 credentium

626 663 886 736 aperiret,
932 675 1333 735 consequenter
1370 662 1622 734 subjecit,
1664 661 1957 736 exinanivit
1998 660 2211 715 semeti-

626 763 872 827 psum,et
895 763 956 811 ut
976 756 1365 812 exinanitionis
1386 754 1611 809 verbum
1640 753 1785 808 circa
1816 751 2209 808 immutabilem

629 843 889 901 deitatem
917 858 1027 901 non
1058 843 1461 902 imminutionis
1489 843 1738 911 verbum,
1769 845 1865 901 sed
1893 843 2216 917 signiﬁcati-

629 949 761 991 vum
789 937 1122 1007 dignationis
1164 937 1495 1002 adverteres,
1528 934 1925 1006 circumspecte
1950 934 2210 1003 subdidit,

630 1025 861 1096 formam
872 1028 1008 1081 servi
1017 1028 1294 1097 accipiens.
1313 1024 1554 1097 Utraque
1571 1026 1736 1098 igitur
1756 1027 2013 1085 nativitas
2040 1029 2215 1085 admi-

628 1116 820 1173 rabilis
830 1125 930 1173 est.
946 1116 1003 1171 In
1024 1125 1252 1186 utraque
1264 1115 1865 1173 humanmiuventionis
1895 1128 2213 1190 argumenta

630 1204 908 1264 deﬁciunt.
932 1208 1116 1262 Prima
1162 1207 1311 1262 enim
1360 1216 1581 1279 propter
1615 1209 1879 1264 unitatem
1904 1209 2212 1278 Trinitatis,

629 1301 945 1372 angelorum
988 1306 1042 1353 et
1075 1299 1363 1354 hominum
1399 1301 1810 1374 supergreditur
1841 1302 2210 1371 intellectum;

628 1389 865 1445 secunda
894 1384 1115 1457 propter
1145 1388 1427 1446 insolitum
1471 1391 1732 1448 nascendi
1782 1392 2007 1448 modum
2047 1392 2216 1448 totius

624 1477 1020 1549 philosophicas
1068 1482 1304 1537 rationis
1346 1490 1575 1538 evacuat
1608 1482 2036 1539 ﬁrmamentum.
2069 1483 2217 1540 Con-

623 1568 793 1623 stanti
814 1584 1054 1640 namque
1080 1573 1474 1643 consequentia
1522 1575 1897 1646 proponebant
1922 1595 1936 1630 :
1966 1574 2025 1631 Si
2053 1592 2217 1648 pepe-

620 1660 718 1728 rit,
748 1677 874 1716 cum
899 1663 1019 1718 viro
1046 1666 1360 1721 concubuit.
1396 1666 1599 1723 Verum
1632 1677 1794 1724 natus
1819 1678 1906 1725 est
1937 1686 2073 1741 puer
2098 1669 2215 1727 for-

623 1750 716 1819 tis,
749 1754 975 1825 angelus
1020 1756 1256 1824 consilii,
1303 1758 1668 1829 philosOphus
1702 1760 2001 1828 castitatis,
2031 1770 2086 1818 et
2118 1778 2217 1833 per

624 1842 996 1898 venerandam
1028 1845 1097 1900 de
1123 1855 1383 1917 perpetua
1403 1845 1618 1920 Virgine
1646 1850 1987 1906 nativitatem
2014 1852 2212 1922 praedi-

625 1938 772 1986 ctam
798 1934 1231 2011 propositionem
1270 1939 1529 2007 cassavit,
1561 1954 1688 1995 cum
1731 1939 1800 1996 de
1833 1949 2007 1998 matre
2051 1952 2214 2001 natus

627 2020 701 2077 sit
723 2036 847 2093 quae
887 2023 1067 2080 virum
1113 2041 1223 2082 non
1271 2030 1547 2102 cognovit,
1579 2039 1634 2086 et
1668 2030 1792 2088 ideo
1821 2033 1970 2089 nulla
2000 2035 2213 2092 ratione

626 2124 752 2169 eum
782 2114 904 2171 viro
932 2117 1253 2173 concubuit.

1222 2204 1456 2263 CAPUT
1491 2207 1611 2267 XV.

696 2293 819 2363 Quo
848 2305 1030 2353 autem
1079 2290 1345 2370 proventu
1375 2319 1579 2360 novum
1620 2306 1768 2362 istud
1814 2323 1979 2379 super
2008 2318 2214 2369 terram

623 2383 828 2442 factum
856 2389 949 2453 sit,
997 2389 1287 2449 redeamus
1334 2392 1403 2449 ad
1455 2396 1781 2466 magistrum
1817 2402 2085 2470 gentium,
2116 2402 2213 2474 qui

624 2478 791 2549 hujus
821 2480 1020 2537 natalis
1049 2481 1301 2539 ell‘ectum
1332 2486 1626 2545 ostendens
1654 2507 1667 2543 :
1691 2486 1975 2559 Apparuit,
2013 2492 2211 2563 inquit,

623 2570 803 2640 gratia
835 2569 1133 2627 Saluatoris
1165 2576 1335 2629 nostri
1359 2575 1459 2631 Dei
1484 2574 1725 2633 omnibus
1750 2579 2070 2648 hominibus,
2094 2598 2216 2635 eru-

624 2660 775 2714 diens
796 2666 921 2729 nos,
952 2672 1013 2717 ut
1034 2663 1347 2738 abnegantes
1378 2668 1703 2739 impietatem
1730 2678 1780 2724 et
1814 2671 2100 2726 swcularia
2123 2672 2216 2727 de-

622 2751 842 2820 sideria,
866 2754 1040 2811 sobrie
1058 2765 1110 2811 et
1124 2756 1273 2828 juste
1306 2760 1540 2814 vivamus
1568 2762 1624 2815 in
1659 2761 1756 2815 hoc
1786 2762 2002 2830 saeculo,
2027 2779 2213 2833 exspe-

623 2848 829 2900 ctantes
857 2845 1065 2902 beatam
1107 2865 1251 2918 spem
1276 2859 1328 2905 et
1345 2852 1630 2907 adventum
1653 2853 1839 2924 gloria:
1880 2855 2058 2925 magni
2093 2855 2211 2911 Dei.

622 2933 814 3006 Itaque
845 2938 1135 2994 erudimur
1161 2939 1216 2995 in
1250 2942 1379 2997 novi
1408 2941 1652 2999 hominis
1676 2952 1823 3011 ortu,
1854 2952 1917 2998 ut
1943 2944 2214 3000 desideria

626 3026 835 3094 saeculi,
865 3042 989 3098 qua
1017 3030 1168 3085 salva
1201 3030 1405 3101 pietate
1428 3033 1604 3089 amari
1626 3048 1738 3089 non
1764 3042 2015 3104 possunt,
2041 3035 2214 3090 abne-

626 3122 849 3211 gemus,
870 3113 1516 3211 etsi-cutPatnessancti
1548 3119 1754 3189 prioris
1774 3115 1960 3191 populi
1987 3121 2091 3177 sub
2118 3119 2209 3176 de-
2242 3154 2284 3211 ϐ

627 3202 832 3259 siderlo
855 3206 1018 3275 primi
1039 3206 1306 3265 adventus
1328 3196 1744 3278 anhelaverunt,
1768 3210 1843 3266 ita
1867 3228 1992 3280 uos,
2016 3213 2215 3284 quibus

625 3294 742 3367 jam
766 3297 968 3354 veritas
1008 3299 1077 3355 de
1105 3307 1248 3357 terra
1279 3290 1539 3371 ortaest,
1569 3303 1674 3359 sub
1701 3305 2110 3375 exspectatione
2137 3321 2220 3364 se-

629 3388 796 3445 cundi
824 3404 1129 3460 gemamus,
1153 3394 1424 3462 patienter
1446 3395 1662 3452 beatam
1688 3396 1917 3468 gloriam
1947 3399 2221 3457 sustinen-

626 3485 732 3534 tes.
781 3483 923 3535 Ante
962 3479 1259 3538 adventum
1307 3485 1497 3555 gratiae
1548 3486 1854 3543 humanum
1889 3504 2062 3560 genus
2114 3491 2217 3547 soli

628 3569 859 3625 vanitati
886 3579 941 3626 et
979 3574 1253 3643 superbiae
1291 3563 1496 3632 vacans
1519 3577 1663 3632 male
1697 3572 1952 3633 securum
1974 3579 2216 3649 vivebat,

629 3670 830 3733 praeter
866 3678 1073 3734 paucos
1104 3665 1380 3723 lsraelitas
1400 3669 1606 3739 quibus
1638 3669 1829 3725 datum
1875 3668 2057 3726 fuerat
2080 3686 2221 3743 pra»

632 3756 836 3813 sentire
862 3758 1185 3829 mysterium
1213 3760 1371 3831 regni
1396 3760 1519 3817 Dei.
1547 3760 1656 3816 Pro
1681 3777 1791 3833 qua
1822 3776 1955 3818 vero
1974 3762 2091 3818 Rex
2114 3764 2221 3820 hu-

631 3848 885 3906 utilitatis
928 3854 1180 3923 apparuit
1205 3869 1401 3926 magna
1441 3855 1809 3912 sollicitudine
1834 3857 2227 3913 mansuetudi-'

631 3953 758 3995 nem
787 3942 908 4012 ejus
935 3944 1090 4013 sequi
1120 3953 1176 4000 et
1201 3946 1514 4003 castitatem
1561 3949 1817 4019 amplecti
1849 3948 2132 4019 juhemur,
2160 3958 2222 4005 ut

626 4028 833 4103 jugiter
855 4034 1007 4088 cruci
1026 4033 1148 4104 ejus
1179 4034 1323 4091 afﬁxi
1352 4038 1597 4094 membra
1619 4046 1833 4107 nostra,
1854 4054 1989 4123 quae
2002 4040 2108 4095 sub
2132 4054 2227 4096 ve-

631 4122 737 4178 teri
767 4122 989 4180 homine
1017 4126 1377 4185 immunditiaa
1396 4130 1720 4197 servierant,
1736 4131 1800 4185 «in
1826 4122 2221 4187 sanctiii'cati'o-

631 4228 760 4269 nem
785 4212 1089 4273 immobilia
1123 4228 1533 4290 conservemus,
1562 4230 1620 4278 et
1645 4222 1797 4278 omni
1821 4222 2090 4292 superbiat
2114 4224 2221 4279 hu-

632 4307 961 4366 miliationis
992 4307 1090 4367 Dei
1128 4313 1352 4385 signum
1382 4323 1647 4387 tanquam
1691 4316 1951 4371 vexillum
1976 4316 2227 4374 victoriae.

633 4412 998 4470 opponamus.
1030 4403 1119 4473 Et,
1145 4405 1276 4462 licet
1314 4407 1628 4480 huic-signo
1655 4409 1886 4464 stultitia
1913 4411 2219 4481 gentilium,

2312 566 2409 637 qui
2435 582 2503 621 ex
2532 568 2649 638 lege
2692 575 2747 623 et
2786 566 3068 638 prophetis
3102 570 3498 638 prtenuntiatus
3539 570 3727 644 fuerat,
3766 581 3867 638 sin-

2313 657 2517 728 gularis
2541 658 2876 729 operationis
2908 659 3192 731 privilegio
3214 660 3530 730 declaravit,
3556 673 3608 720 et
3630 668 3772 736 prius
3794 672 3864 729 le-

2314 749 2489 821 galem
2523 748 3005 805 circumcisioncm
3052 765 3251 820 passus
3299 758 3403 817 est,
3434 760 3497 807 ut
3534 760 3868 823 pnecedentis

2314 840 2622 897 testamenti
2645 842 2971 911 probaretur
3002 856 3113 897 non
3148 842 3477 908 destructor,
3521 846 3615 900 sed
3645 856 3803 918 actor,
3823 861 3870 911 et

2315 932 2591 988 homicida
2606 931 2828 989 Judazus
2855 931 3270 989 interﬂcientem
3295 934 3532 990 litteram
3562 952 3871 1011 persequens

2314 1040 2413 1096 per
2438 1025 2785 1081 observatum
2815 1026 3057 1082 exterius
3104 1026 3174 1081 ad
3219 1024 3531 1081 interiorem
3559 1028 3717 1085 vitam
3742 1033 3871 1089 salu-

2315 1114 2486 1170 briter
2506 1115 2834 1170 traheretur.
2875 1113 3215 1185 Quapropter
3244 1115 3508 1185 scriptum
3551 1118 3801 1175 sustinuit
3821 1130 3873 1179 ut

2315 1205 2597 1261 exhiberet
2643 1207 2992 1273 sententiam,
3041 1206 3334 1276 complevit
3378 1206 3636 1275 litteram,
3670 1209 3871 1283 largitus

2315 1306 2399 1352 eat
2425 1297 2698 1367 spiritum,
2728 1298 2960 1353 removit
2985 1295 3237 1368 ﬁguram,
3274 1298 3489 1368 aperuit
3514 1300 3803 1369 veritatem,
3828 1315 3873 1362 et

2317 1384 2459 1441 sicut
2486 1386 2542 1440 in
2583 1383 2879 1442 Mediatore
2905 1388 3029 1443 duae
3068 1397 3279 1443 naturae
3326 1398 3714 1450 convenerant.
3740 1393 3805 1448 ita
3826 1396 3870 1451 in

2316 1476 2613 1534 iiberandis
2646 1479 2966 1535 hominibus
2995 1488 3050 1536 et
3097 1481 3165 1536 de
3210 1480 3450 1536 tenebris
3492 1481 3561 1536 ad
3610 1484 3775 1539 lucem
3800 1502 3873 1541 ra-

2316 1568 2528 1640 piendis
2572 1571 2865 1640 quemdam
2917 1571 3165 1627 ordinem
3215 1573 3582 1640 conservavit,
3634 1574 3758 1631 dum
3802 1576 3872 1635 lex

2317 1660 2638 1732 completur,
2694 1671 2754 1717 ut
2806 1663 3086 1734 ingeratur
3128 1664 3323 1735 gratia,
3370 1663 3733 1721 restituuntur
3771 1669 3874 1726 vine

2318 1752 2541 1819 mortui,
2564 1760 2627 1808 ut
2654 1753 2903 1808 vivorum
2937 1754 3136 1809 animat
3174 1753 3533 1822 suscitentur,
3565 1764 3627 1810 ut
3646 1756 3875 1829 utrinque

2315 1843 2652 1900 validissima
2676 1843 3002 1915 probatione
3022 1853 3304 1900 constaret
3319 1859 3384 1900 ex
3407 1844 3743 1916 subiectione
3761 1849 3875 1921 legis

2313 1949 2479 1991 verus
2532 1944 2587 1991 et
2632 1936 2817 2006 justus
2866 1937 3054 2003 homo,
3085 1951 3152 1991 ex
3197 1936 3448 1992 doctrina
3492 1945 3547 1992 et
3590 1938 3877 2009 operatione

2313 2027 2658 2097 omnipotens
2691 2025 2969 2098 Sapientia
3005 2025 3171 2084 Deus.
3202 2025 3355 2085 Hauc
3394 2028 3702 2085 animarum
3726 2033 3878 2087 susci-

2312 2119 2574 2175 tationem
2596 2120 2764 2176 trium
2793 2128 3138 2177 mortuorum
3165 2121 3503 2177 resurrectio
3542 2121 3788 2178 distincta
3815 2124 3877 2179 si-

2313 2210 2553 2281 gniﬁcat,
2601 2210 2862 2281 quoniam
2917 2226 3262 2282 quascunque
3319 2211 3508 2267 anima
3556 2220 3875 2283 peccatorum

2313 2308 2490 2355 morte
2514 2299 2829 2367 damnatur,
2862 2308 2957 2356 aut
2981 2301 3131 2356 intus
3157 2300 3338 2356 adhuc
3380 2308 3471 2356 est
3493 2315 3620 2356 cum
3658 2302 3877 2374 archisy-

2314 2392 2509 2463 nagogi
2545 2391 2676 2458 tilia,
2704 2401 2769 2447 ut
2803 2401 3065 2463 tanquam
3094 2407 3125 2447 e
3150 2391 3335 2447 vicino
3356 2392 3527 2447 morti
3553 2392 3748 2447 tradita
3775 2394 3878 2449 vita:

2316 2482 2474 2539 facile
2492 2484 2803 2551 reducatur,
2826 2482 3283 2539 autconscientia:
3303 2484 3467 2539 bona:
3483 2494 3670 2554 portas
3688 2500 3877 2557 egressa

2315 2574 2492 2630 turbis
2520 2575 3005 2630 circumstantibus
3049 2583 3265 2630 mortua
3287 2574 3634 2648 deportatur,
3662 2586 3749 2631 aut
3779 2578 3879 2631 diu-

2316 2666 2551 2721 ttirniori
2592 2673 2768 2721 morte
2793 2665 2908 2736 jam
2956 2663 3124 2722 fetida
3153 2667 3342 2724 clausa
3383 2667 3491 2723 sub
3541 2667 3877 2724 induratiouis

2316 2756 2495 2827 lapide
2533 2764 2863 2813 coarctatur.
2903 2755 3010 2815 Sed
3055 2757 3348 2815 accedente
3383 2760 3754 2831 omnipotente
3779 2775 3874 2815 me-

2315 2844 2440 2901 dico
2468 2861 2664 2902 manus
2689 2847 2883 2917 puella:
2909 2855 3145 2915 tenetur,
3191 2856 3247 2903 et
3292 2850 3506 2921 surgit;
3540 2850 3877 2906 adolescentis

2316 2936 2529 2992 loculus
2549 2932 2882 3007 tangitur,et
2903 2945 3129 2994 vocatus
3153 2947 3408 2994 mortuus
3432 2938 3705 2995 reviviscit
3728 2957 3741 2992 :
3764 2954 3877 3009 prte-

2318 3028 2504 3084 missis
2531 3030 2917 3100 eompatientis
2951 3030 3213 3102 lacrymis
3257 3031 3572 3087 tumulatus
3619 3030 3878 3098 clamatur,

2316 3134 2371 3181 ct
2396 3125 2607 3195 prodit;
2650 3126 2910 3197 nullaque
2959 3134 3045 3181 est
3090 3125 3278 3197 passio
3314 3126 3521 3182 animae
3551 3127 3764 3198 penitus
3786 3139 3879 3179 ωο-

2320 3217 2533 3283 rientis,
2558 3210 2969 3288 quat'medentis
2994 3215 3297 3273 Salvator-is
3319 3226 3553 3289 superat
3574 3216 3877 3281 facultatem,

2320 3310 2450 3381 quia
2480 3312 2595 3381 ipse
2623 3317 2726 3377 est,
2775 3311 2865 3382 qui
2896 3310 3225 3381 propitiatur
3255 3310 3507 3365 omnibus
3538 3308 3879 3382 iniquitatibus

2323 3401 2451 3468 tuis,
2472 3401 2565 3471 qui
2599 3407 2754 3454 sanat
2802 3416 2978 3455 omnes
3007 3400 3350 3470 inﬁrmitates
3400 3409 3549 3466 tuas,
3581 3400 3671 3471 qui
3698 3397 3881 3453 redimit

2319 3493 2481 3547 etiam
2498 3491 2566 3545 de
2595 3491 2816 3545 interitu
2838 3491 3003 3545 vitam
3048 3499 3216 3545 tuam.
3266 3488 3339 3546 Ut
3374 3491 3530 3547 enim
3560 3488 3707 3555 velit,
3735 3487 3884 3560 propi-

2321 3584 2485 3639 tiatur
2504 3591 2616 3650 est;
2646 3590 2708 3637 ut
2747 3583 2941 3653 possit,
2975 3581 3278 3651 Dominus;
3310 3584 3409 3654 qui
3443 3582 3693 3655 potentia
3716 3596 3805 3637 sua
3836 3580 3882 3634 in

2322 3674 2601 3731 suscitatis
2627 3674 2861 3730 mortuis
2891 3690 3027 3731 usus
3055 3683 3160 3742 est,
3190 3685 3252 3730 ut
3278 3675 3437 3746 quod
3468 3675 3654 3731 cernis
3695 3674 3748 3728 in
3790 3679 3883 3727 toto

2322 3766 2545 3821 homine
2572 3764 2796 3832 factum,
2834 3766 2889 3820 in
2916 3774 3073 3837 parte
3100 3782 3265 3837 posse
3308 3766 3434 3823 ﬁeri
3489 3783 3602 3823 non
3635 3767 3881 3837 desperes,

2322 3856 2527 3912 idcirco
2554 3857 2611 3911 in
2635 3856 2828 3927 paucis
2860 3865 2923 3912 ut
2948 3868 3240 3929 antequam
3270 3850 3573 3915 tumuleris
3622 3856 3882 3914 acceleret.

2321 3944 2435 4001 Nec
2454 3946 2523 4001 de
2548 3932 2873 4017 indignitate
2897 3947 2983 4002 vel
3017 3947 3333 4004 infirmitate
3370 3964 3477 4004 sua
3512 3955 3723 4003 metuat
3750 3944 3886 4000 miser

2323 4037 2509 4104 homo,
2540 4037 2670 4108 quia
2698 4037 2884 4093 nullus
2906 4039 3171 4095 accedens
3197 4039 3465 4112 indignus
3496 4041 3685 4096 sanari
3707 4039 3888 4094 videtur

2324 4129 2457 4196 Deo,
2492 4129 2608 4201 qui,
2660 4137 2722 4185 ut
2757 4145 2952 4185 omnes
2989 4143 3273 4187 accessum
3308 4131 3558 4187 habeant
3605 4132 3672 4186 ad
3716 4131 3885 4199 ipsum.

2324 4220 2578 4293 dignatus
2602 4227 2687 4276 est
2733 4220 2850 4276 fieri
2899 4236 3107 4293 pauper
3137 4222 3322 4277 homo.
3357 4220 3495 4279 Haec
3540 4230 3628 4278 est
3670 4221 3887 4276 voluntas

2324 4308 2524 4379 Patris,
2576 4311 2694 4365 haec
2730 4318 2816 4366 est
2858 4311 3169 4366 obedientia
3208 4310 3357 4379 Filii,
3413 4321 3478 4367 ut
3531 4312 3589 4366 in
3637 4315 3885 4376 assumpta

2326 4412 2494 4456 carne
2550 4398 2916 4456 humilitatem
2976 4414 3160 4457 veram
3202 4410 3258 4457 et
3308 4410 3703 4472 spontaneum,
3758 4396 3890 4466 cujus

633 4497 690 4547 et
722 4489 908 4549 Judrei
956 4497 1183 4566 perﬁdia
1229 4499 1595 4567 contradicat,
1647 4514 1772 4571 quae
1822 4501 2218 4579 inaestimabilis

2331 4490 2584 4562 specialis
2627 4490 2823 4547 doctor
2859 4491 3173 4559 advenerat,
3216 4492 3501 4559 edoceret,
3536 4500 3593 4547 et
3624 4489 3888 4562 superbum

635 4582 897 4643 bonitatis
926 4586 1024 4645 Dei
1054 4589 1242 4662 ignara
1270 4590 1477 4647 idcirco
1504 4601 1727 4669 tantum
1748 4593 1963 4665 ingrata
1986 4594 2066 4661 fit,
2089 4596 2235 4675 quia

635 4673 804 4731 nimis
824 4688 1048 4750 propter
1073 4694 1132 4737 se
1155 4681 1332 4738 factus
1346 4689 1431 4737 est
1451 4683 1675 4739 humilis
1687 4683 1832 4740 Deus
1850 4726 1866 4753 ,
1895 4700 1997 4741 nos
2016 4695 2218 4758 tamen,

633 4760 729 4837 qui
764 4785 890 4824 cum
937 4771 1200 4841 A-postoio
1240 4774 1495 4830 audimus
1542 4775 1673 4845 quid
1720 4776 1837 4846 ipse
1880 4776 2140 4848 loquatur
2164 4780 2221 4834 in

636 4859 816 4925 nobis,
864 4860 1072 4931 lignum
1112 4863 1241 4917 vita:
1278 4864 1549 4935 superbia.-
1589 4866 1938 4937 opponimus,
1986 4882 2221 4939 respon-

636 4952 828 5008 dentes
848 4951 1037 5009 Judzeo
1061 4970 1188 5009 cum
1206 4970 1279 5010 eo
1306 4957 1480 5014 electo
1498 4972 1568 5014 ex
1587 4956 1793 5015 ludatis
1822 4958 1993 5015 Paulo
2020 4979 2034 5015 :
2065 4958 2225 5016 Chri-

638 5050 753 5097 stus
783 5045 958 5113 factus
988 5054 1066 5099 est
1097 5058 1194 5116 pro
1241 5047 1393 5101 nobis
1443 5050 1687 5106 obediens
1710 5067 1874 5127 usque
1896 5053 1966 5106 ad
2002 5062 2225 5108 mortem

636 5134 861 5199 Gravis;
882 5136 1068 5206 gentili
1090 5150 1222 5193 vero
1244 5139 1311 5195 de
1336 5140 1485 5195 inani
1509 5141 1736 5198 scientia
1765 5143 2049 5215 glorianti:
2070 5142 2226 5197 Nihil

639 5224 940 5289 iudicamus
983 5240 1078 5281 nos
1114 5230 1249 5285 scire
1293 5232 1434 5286 inter
1456 5248 1567 5299 ros,
1617 5234 1722 5288 nisi
1768 5234 1973 5302 Iesum,
2005 5234 2226 5289 ethunc

634 5315 974 5383 cruciﬁxum,
991 5322 1241 5389 quoniam
1259 5334 1475 5394 propter
1495 5325 1592 5379 hoc
1616 5326 1869 5381 exultavit
1890 5326 2044 5380 illum
2061 5325 2220 5394 Deus,

635 5413 686 5457 et
706 5400 862 5459 dedit
888 5407 981 5461 illi
1006 5425 1193 5467 nomen
1215 5416 1354 5485 quod
1387 5425 1465 5471 est
1492 5433 1648 5488 super
1674 5434 1823 5473 omne
1843 5435 2053 5486 nomen,
2088 5426 2148 5472 ut
2166 5420 2226 5473 in

639 5496 851 5549 nomine
871 5498 1039 5567 ipsius
1069 5519 1218 5560 omne
1245 5520 1376 5578 genu
1405 5509 2049 5579 ﬂectatur;.humilitatis
2077 5510 2227 5567 enim

641 5581 767 5638 ﬁnis
793 5587 1053 5648 exultatio
1085 5602 1191 5659 est,
1217 5596 1363 5653 sicut
1392 5599 1762 5659 superbientis
1787 5614 1971 5656 casus.

660 5695 669 5701 ‘
1074 5674 1077 5677 ’
1232 5680 1463 5744 CAPUT
1495 5681 1639 5743 XVI.

716 5760 981 5828 inclinato
1002 5789 1130 5848 ergo
1140 5775 1285 5851 Rege
1305 5777 1621 5837 Judawrum
1631 5787 1685 5836 et
1711 5779 1977 5852 gentium,
1997 5777 2230 5837 etmodo

2324 4583 2603 4639 hominem
2629 4583 2845 4638 ebrium
2886 4584 3043 4639 vanis
3076 4584 3289 4651 mundi,
3318 4593 3378 4639 et
3406 4585 3558 4639 inter
3585 4580 3890 4652 corruptelas

2322 4675 2893 4745 concupiscentiarum
2950 4676 3255 4731 carnalium
3302 4676 3643 4732 delirantem
3666 4717 3681 4743 ,
3732 4673 3793 4728 ad
3845 4684 3890 4725 se

2325 4770 2504 4841 ipsum
2539 4771 2843 4826 reduceret.
2888 4767 3005 4825 Hoc
3028 4768 3139 4840 egit
3177 4769 3449 4825 nativitas
3484 4770 3556 4825 de
3592 4781 3821 4840 paupere
3850 4770 3892 4816 et

2326 4861 2521 4916 humili
2552 4862 2783 4932 virgine,
2839 4860 2947 4915 hoc
2995 4859 3216 4930 angusti
3263 4858 3538 4929 praesepis
3569 4856 3785 4928 positio,
3812 4854 3891 4906 hoc

2324 4954 2759 5011 circumcisionis
2786 4960 2841 5009 et
2870 4951 3164 5007 oblationis
3202 4950 3399 5022 legalis
3448 4949 3781 5022 perfunctio,
3812 4944 3895 4999 hoc

2326 5047 2604 5117 susceptio
2637 5045 2895 5117 baptismi
2919 5060 2950 5099 a
2976 5042 3345 5109 Pratcursore,
3368 5051 3429 5099 et
3445 5043 3677 5115 maligni
3700 5038 3892 5110 spiritus

2327 5148 2677 5206 congressus,
2706 5142 2869 5204 atque
2908 5132 3104 5205 jejunii
3134 5124 3540 5200 sanctiﬁcatio,
3570 5141 3628 5188 et
3652 5138 3894 5202 postremo

2326 5227 2521 5283 eiectio
2554 5225 2969 5296 discipulorum,
2996 5240 3120 5296 quae
3142 5225 3215 5279 ita
3238 5225 3363 5280 solo
3392 5234 3657 5296 respectu
3699 5217 3891 5277 humili-

2328 5319 2477 5386 tatis,
2508 5326 2565 5373 et
2593 5308 2877 5373 charitatis
2910 5315 3054 5372 facta
3097 5324 3202 5383 est,
3247 5324 3310 5371 ut
3342 5318 3543 5372 omnis
3579 5306 3893 5387 superbiendi

2328 5408 2549 5466 occasio
2592 5410 2662 5465 de
2701 5398 3031 5479 discipulam
3075 5422 3180 5464 suo
3232 5408 3466 5479 penitus
3526 5412 3891 5479 amputaretur.

2328 5512 2454 5557 cum
2485 5500 2562 5555 illi
2592 5500 2865 5570 praecipue
2893 5499 3051 5556 electi
3082 5499 3215 5566 sint,
3257 5497 3358 5569 qui
3402 5512 3762 5570 nequaquam
3787 5504 3893 5565 pos-

2334 5600 2453 5651 sent
2482 5593 2552 5647 de
2579 5590 2937 5664 dignitatibus
2978 5590 3182 5647 relictis
3224 5592 3341 5647 sive
3384 5590 3611 5647 divitiis
3635 5582 3896 5659 aliquando

2331 5685 2575 5759 gloriari.
2607 5684 2667 5741 in
2694 5698 2808 5757 quo
2840 5684 3006 5740 etiam
3049 5698 3246 5755 magna
3281 5682 3551 5755 eligentis
3591 5674 3897 5756 providentia

2332 5786 2553 5836 cautum
2590 5786 2674 5837 est
2703 5792 2773 5835 ne
2814 5776 3096 5835 consortio
3121 5776 3373 5849 ejusdem
3418 5779 3615 5851 gratiae
3642 5776 3775 5833 alios
3793 5783 3897 5844 pro-
