3972 6296
167 356 256 415 ιω
1215 356 1460 416 OPUSC.
1502 358 1784 420 CONTRA
1821 360 2300 426 WOLFELHUH.

3293 390 3396 452 £00

165 478 268 542 pter
291 477 614 523 terrenarum
641 465 952 537 pauperiem
995 467 1251 540 indignos
1281 472 1702 542 arbitrarentur,
1737 483 1784 543 Α
1811 473 1930 532 Hoc
2142 488 2269 538 ante
2308 484 2767 542 resurrectionem
2793 489 3104 550 immortale
3131 503 3313 554 tamen
3339 511 3406 568 et,

167 560 214 614 in
233 559 412 628 quibus
437 557 504 612 de
531 557 766 612 humana
787 558 958 629 gloria
987 559 1124 615 nihil
1155 560 1437 618 inventum
1457 574 1542 620 est
1564 567 1712 624 unde
1811 565 2243 640 imorruptibile,
2293 575 2534 642 potentia
2579 577 2765 634 divina
2806 584 3126 654 porrigitur,
3156 596 3216 642 ut
3263 559 3405 658 cum:

166 651 268 723 eligi
297 659 639 706 mererentur.

694 741 924 797 CAPUT
957 741 1123 797 XVII.

222 834 510 889 Assur-nitur
561 844 821 904 prmterea
877 836 1068 890 Simon
1125 835 1382 906 Barjona,
1432 843 1706 898 mansueti

164 935 424 980 conventus
445 927 722 998 magister,
746 927 840 997 qui
871 929 1230 999 praerogativa
1258 931 1625 1002 simplicitatis
1651 945 1706 990 et

165 1019 336 1072 amoris
377 1018 428 1071 in
464 1017 743 1074 Christum
771 1020 824 1074 in
857 1021 1150 1076 sublimem
1189 1022 1336 1077 illam
1373 1027 1705 1094 speculatio-

166 1125 264 1163 nem
293 1119 493 1165 erectus
512 1153 526 1174 ,
567 1127 673 1168 non
711 1127 876 1168 carne
896 1122 952 1167 et
974 1116 1263 1185 sanguine,
1289 1117 1384 1171 sed
1413 1116 1578 1174 Patre
1615 1120 1703 1174 lu-

163 1204 334 1256 minum
361 1206 646 1270 revelante,
671 1220 866 1274 puram
895 1206 964 1261 de
985 1203 1269 1264 Salvatore
1299 1209 1702 1267 confessionem

164 1305 205 1350 et
225 1297 466 1352 universis
497 1297 754 1352 ﬁdelibus
791 1299 1112 1367 tenendam,
1144 1303 1368 1373 collegis
1397 1304 1700 1360 ltazsitanti-

164 1388 260 1453 bus,
286 1388 462 1444 festina
487 1391 846 1461 responsione
867 1394 1206 1465 deprompsit
1236 1420 1248 1450 :
1271 1396 1350 1450 Tu
1371 1414 1425 1452 es
1455 1398 1700 1454 Christus

167 1480 310 1534 Filius
345 1482 438 1535 Dei
465 1485 590 1550 vici,
626 1485 719 1555 qui
760 1487 813 1539 in
853 1486 990 1540 hunc
1031 1489 1285 1542 mundum
1312 1492 1520 1546 venisti.
1566 1491 1702 1548 Pro-

164 1583 307 1642 pterea
349 1582 450 1628 tant
483 1577 818 1646 perspicacis
858 1578 981 1632 fidei
1017 1579 1266 1635 soliditas
1311 1581 1381 1636 ab
1427 1582 1547 1652 ipso
1603 1583 1698 1638 Dei

164 1663 273 1718 Filio
296 1663 695 1721 fundamentum
728 1667 988 1724 Ecclesia:
1009 1669 1150 1725 facta
1201 1680 1314 1739 est,
1359 1688 1524 1744 super
1551 1675 1699 1744 quod

161 1755 296 1810 totius
322 1756 518 1810 aediﬁcii
546 1765 832 1812 structura
861 1770 1240 1832 consurgeret,
1274 1771 1329 1818 et
1357 1763 1472 1833 ipse
1503 1763 1698 1820 Petrus

1809 658 1968 714 audis
2014 659 2307 716 Dominum
2335 664 2402 718 ad
2439 666 2607 720 coelos
2651 672 3008 739 corporaliter
3055 680 3388 748 ascendisse,

1810 765 1917 812 non
1947 749 2071 811 ideo
2100 752 2338 810 mstimes
2363 754 2548 812 ﬁdeles
2578 772 2708 814 suos
2737 768 2890 814 tanto
2915 779 3142 820 munere
3170 767 3403 830 defrau-.

1808 839 1957 906 dari;
2008 843 2100 897 sed
2143 843 2269 899 licet
2311 845 2738 904 irrevocabilitcr
2792 853 2976 910 sedeat
3007 857 3073 911 ad
3111 857 3388 917 dexteram

1805 929 2006 992 Patris.
2039 933 2231 990 eadem
2263 943 2442 992 tamen
2473 941 2711 1008 potentia
2749 941 2880 997 illud
2917 944 3057 1006 idem
3089 947 3386 1008 etiamnum

1807 1024 2006 1094 accipit
2050 1026 2104 1079 in
2149 1027 2308 1082 altari
2353 1030 2528 1085 ﬁdelis
2573 1033 2716 1102 quod
2749 1042 2880 1090 tunc
2916 1037 3065 1093 dedit
3107 1040 3390 1112 discipulis

1807 1131 1930 1170 cum
1960 1117 2140 1172 adhuc
2169 1117 2310 1174 inter
2333 1136 2429 1176 eos
2455 1132 2744 1192 appareret
2766 1130 3031 1185 mortalis.
3065 1130 3218 1188 Sicut
3241 1136 3390 1190 enim

1807 1207 1860 1260 in
1893 1207 2168 1277 baptismo
2197 1208 2416 1266 Christo
2440 1215 2798 1284 consepcliris
2830 1217 2887 1272 in
2929 1231 3184 1290 mortem,
3213 1234 3267 1279 et
3289 1226 3389 1282 ba—

1805 1297 2060 1367 ptizantis
2079 1315 2276 1359 manus
2300 1309 2561 1371 tanquam
2575 1294 2829 1373 quaedam.
2850 1307 3213 1368 instrumenta
3235 1322 3389 1368 cxte-

1803 1389 1922 1444 rius
1945 1391 2281 1459 ministrant,
2308 1394 2522 1448 medius
2555 1404 2736 1450 autem
2771 1407 2897 1466 stat,
2931 1399 2998 1454 de
3019 1417 3132 1472 quo
3155 1404 3401 1471 dicitur;

1805 1478 1910 1532 Hic
1951 1490 2029 1534 est
2075 1483 2167 1552 qui
2213 1483 2453 1553 baptizat
2478 1526 2492 1551 ,
2534 1501 2697 1556 quem
2745 1489 2918 1558 fidelis
2946 1490 3124 1557 videt,
3155 1493 3389 1550 inﬁdelis

1802 1570 2034 1646 ignorat,
2061 1573 2155 1642 qui
2184 1574 2435 1630 effectum
2465 1587 2726 1646 operatur
2755 1581 2978 1649 salutis;
3007 1583 3164 1640 sicin
3193 1601 3385 1642 mensa

1801 1659 2006 1716 Christi
2041 1663 2285 1732 ejusdem
2330 1681 2439 1720 non
2470 1667 2782 1738 figurativo,
2836 1672 2933 1728 sed
2985 1689 3116 1729 vero
3155 1690 3394 1746 corpore.

1801 1750 2077 1817 reﬁceris,
2127 1762 2394 1826 quantum
2435 1756 2540 1810 ﬁde
2585 1759 2735 1827 capis
2766 1759 3069 1832 visibiliter,
3117 1772 3385 1834 quantum

164 1845 310 1901 divino
344 1849 654 1903 testimonio
685 1850 877 1906 beatus
907 1827 1689 1928 regni'cmlorum-clavigera-

1798 1841 1953 1896 adest
2000 1843 2088 1896 ille
2145 1844 2439 1900 invisibilis
2489 1842 2754 1904 sacerdos
2789 1827 3083 1920 propositae
3121 1827 3390 1910 creaturae

165 1945 249 1991 tum
269 1940 514 2009 suscepit,
555 1949 717 1996 tanta
757 1943 1095 2012 plenitudine
1131 1948 1438 2016 potestatis,
1463 1956 1521 2002 ut
1549 1950 1695 2018 quod

166 2030 376 2101 ligaverit,
402 2032 628 2103 ligatum
652 2076 666 2099 ,
694 2043 750 2088 et
776 2037 921 2106 quod
952 2038 1199 2104 solverit,
1228 2040 1470 2094 solutum
1513 2041 1587 2096 sit
1639 2041 1692 2095 in

167 2120 281 2174 culis
297 2121 475 2189 pariter
489 2131 545 2176 et
571 2123 638 2178 in
670 2126 852 2181 terris.
875 2125 1114 2182 Proinde
1140 2129 1271 2198 quia
1305 2131 1694 2188 revelationem

171 2211 278 2267 illam
301 2213 346 2267 in
367 2211 516 2270 Petro
559 2214 736 2271 Pater
788 2217 931 2274 Deus
985 2235 1080 2289 per
1120 2219 1383 2290 Spiritum
1437 2233 1692 2278 sanctum

176 2301 282 2370 fecit,
308 2305 374 2360 vis
409 2307 744 2372 solutionis,
791 2319 845 2366 et
891 2313 1095 2376 .coliata
1146 2322 1406 2382 potestas,
1457 2332 1580 2386 quze
1619 2333 1690 2372 ex

183 2395 323 2452 merito
345 2397 707 2456 confessionis
747 2400 1066 2469 descendit,
1118 2405 1421 2460 Secundum
1467 2407 1693 2470 interio-

181 2501 268 2540 rem
299 2491 484 2546 maxime
528 2493 900 2563 expendenda
951 2503 1068 2560 est,
1110 2511 1277 2565 quam
1313 2499 1551 2567 experiri
1579 2514 1690 2554 non

173 2587 304 2646 puteal
332 2583 414 2638 nisi
461 2585 554 2655 qui
603 2585 742 2640 fidei
767 2586 984 2641 oculum
1017 2587 1315 2654 adhibebit,
1371 2605 1708 2661 quanquam

171 2669 375 2739 ligationis
420 2691 575 2745 poma
643 2677 918 2732 interdum
963 2678 1020 2733 in
1071 2679 1426 2749 quibusdam,
1463 2681 1606 2736 sicut
1633 2681 1687 2735 in

167 2759 323 2818 Anaia
341 2772 388 2820 et
421 2765 695 2838 Saphira,
733 2785 909 2839 usque
961 2770 1030 2825 ad
1073 2773 1418 2842 corporalem
1468 2789 1690 2844 quoque

165 2851 492 2914 damnationem
515 2861 862 2931 proruperit.
895 2861 1164 2930 Quocirca
1207 2866 1253 2920 si
1293 2865 1498 2920 mundo
1525 2865 1691 2922 corde

161 2948 319 3014 credis,
357 2951 688 3020 absolveris;
715 2954 760 3009 si
790 2970 920 3010 vero
943 2969 1039 3010 ore
1081 2956 1387 3022 conﬁteris,
1413 2956 1644 3012 salvaris
1671 2975 1685 3011 :

161 3039 253 3109 quia
279 3045 420 3100 corde
459 3046 716 3102 creditur
755 3047 823 3102 ad
854 3047 1148 3118 justitiam,
1184 3064 1278 3104 ore
1304 3048 1365 3104 lit
1409 3048 1688 3106 confessio

159 3128 208 3184 ad
226 3131 437 3200 salutem,
455 3143 508 3190 et
527 3135 647 3190 hoc
665 3137 832 3192 modo
852 3137 1151 3194 aedificatus
1170 3153 1336 3208 super
1355 3136 1683 3194 fundamen-

158 3228 244 3275 tum
267 3225 544 3293 apostolicze
566 3225 947 3288 confessionis
965 3213 1308 3303 justiﬁcaris,
1340 3237 1394 3285 et
1413 3229 1687 3300 justiﬁca-

156 3319 221 3367 tus
237 3328 291 3370 ex
320 3317 410 3372 ﬁde
435 3319 591 3376 vivis.
647 3317 820 3390 Hujus
849 3319 1096 3390 proiecto
1141 3321 1501 3392 justiﬁcantis
1555 3323 1682 3379 ﬁdei

155 3407 338 3473 praevius
363 3420 439 3464 est
468 3412 855 3482 apostolorum
895 3413 1152 3483 princeps
1176 3455 1191 3480 ,
1243 3413 1332 3468 cui
1390 3415 1684 3483 primatum

154 3499 242 3553 caeli
261 3510 306 3556 et
328 3512 472 3559 terra:
493 3506 646 3562 inter
665 3505 938 3560 coelectos
963 3505 1085 3562 fidei
1116 3506 1274 3576 copia
1299 3508 1549 3574 contulit,
1583 3509 1688 3564 hac

153 3595 410 3652 excedentia
457 3598 769 3670 dignitatis,
817 3605 876 3654 ut
905 3598 1136 3670 gratiam
1187 3597 1406 3660 Domini
1441 3600 1688 3662 obtinere

154 3686 328 3743 omnino
369 3690 630 3764 indignus
662 3691 768 3757 sit,
789 3693 896 3762 qui
925 3690 1181 3762 clavigeri
1229 3691 1393 3761 hujus
1423 3691 1684 3748 obedien-

154 3777 250 3832 tiam
273 3797 368 3836 non
399 3784 664 3850 custodit,
709 3799 809 3838 nec
838 3799 1070 3853 regnum
1106 3782 1202 3838 Dei
1227 3783 1696 3854 intrareipermitm

154 3869 275 3938 lilur,
302 3875 382 3929 cui
412 3892 516 3931 non
545 3884 778 3947 praestat
807 3875 1089 3940 introitum
1120 3875 1290 3930 clavis
1314 3874 1490 3942 Petri;
1527 3876 1685 3946 cujus

153 3962 262 4017 enim
295 3977 566 4035 peccatum
613 3967 833 4034 retinet,
875 3975 1154 4032 retentum
1186 3975 1292 4034 est,
1331 3977 1388 4024 et
1414 3967 1686 4038 eujusdi-

153 4055 295 4126 mittit,
313 4061 616 4122 dimissum.
649 4059 766 4117 lloe
787 4061 1010 4116 cceleste
1047 4075 1270 4128 mulius,
1305 4071 1362 4116 et
1385 4060 1696 4131 spiritualis:

153 4151 370 4218 potentia,
425 4153 683 4225 quamvis
733 4152 996 4224 largiente
1050 4151 1414 4222 Redemptore
1465 4152 1684 4216 cunctis

154 4243 362 4308 apostolis
389 4247 512 4302 data
545 4247 643 4312 sit,
683 4245 980 4315 specialius
1009 4252 1194 4314 tamen
1220 4245 1277 4299 in
1314 4243 1407 4309 illo
1441 4244 1684 4300 eminere

153 4331 338 4402 videtur,
364 4337 454 4407 qui
474 4346 525 4394 et
558 4338 623 4394 le
643 4351 832 4393 amore
855 4352 925 4392 an
956 4335 1078 4407 plus
1103 4335 1534 4416 aliis'discipulis
1557 4335 1685 4390 dili-

154 4435 282 4491 ἕρπει,
315 4431 502 4500 saepius
530 4438 893 4501 praetentatus
920 4438 1026 4497 est,
1049 4437 1104 4488 et
1126 4429 1461 4499 peculiarius
1483 4428 1550 4484 de
1574 4427 1685 4484 sol-

152 4511 378 4575 lieitudine
403 4523 588 4580 ovium
620 4520 1022 4591 pascendarum
1053 4518 1394 4575 admonitus.

652 4609 881 4667 CAPUT
921 4609 1110 4666 XVIII.

201 4700 373 4766 illectis
399 4715 581 4764 autem
607 4706 916 4777 discipulis,
939 4714 994 4760 et
1023 4707 1076 4760 in
1107 4720 1336 4774 regnum
1378 4703 1505 4759 filiis
1547 4703 1683 4758 ado-

152 4796 298 4862 Flatis.
342 4801 733 4858 miraculorum
763 4815 983 4870 quoque
1012 4798 1204 4870 signis,
1237 4813 1359 4868 quae
1397 4810 1680 4867 nunquam

154 4895 298 4949 νοςδει
339 4886 509 4945 facere
555 4898 771 4954 tantum
819 4889 1006 4952 homo,
1056 4897 1112 4942 et
1155 4901 1278 4957 qua:
1317 4886 1678 4956 operatrican

154 4970 444 5041 Ilivinitatem
467 4982 654 5046 inesse
693 4980 1050 5050 corporaliter
1083 4977 1223 5034 Filio
1248 4977 1489 5034 hominis
1510 4977 1684 5034 indis-

155 5065 396 5128 simulabili
427 5074 650 5128 veritate
678 5082 1000 5143 arguerent,
1037 5071 1381 5128 abundanter
1401 5069 1679 5138 exhibitis,

158 5171 251 5214 tum
283 5163 495 5228 instaret
529 5166 665 5222 hora
697 5164 753 5220 in
788 5180 898 5234 qua
926 5179 994 5218 ex
1033 5170 1137 5220 hoc
1164 5162 1370 5220 mundo
1422 5163 1683 5218 transiret

159 5251 206 5306 ad
227 5251 436 5325 Patrem,
466 5267 734 5329 suscepta:
776 5257 1108 5314 humilitatis
1155 5265 1210 5312 et
1243 5255 1532 5316 charitatis
1555 5269 1683 5325 pro-

158 5345 346 5409 βοείιωιι
367 5365 605 5418 servans,
629 5359 695 5407 ut
714 5350 1092 5408 cohaeredibus
1121 5348 1239 5406 suis
1277 5347 1484 5406 certam
1525 5362 1676 5418 spem

162 5431 435 5498 haeditatis
469 5444 817 5515 relinqueret,
849 5458 1054 5508 novum
1087 5442 1143 5496 in
1177 5457 1239 5497 se
1272 5442 1393 5512 ipso
1437 5438 1684 5496 condidit

163 5525 534 5607 Testamentum,
565 5538 868 5594 secundum
911 5535 1060 5607 quod
1105 5543 1268 5590 vetus
1293 5535 1460 5588 homo
1495 5532 1548 5586 in
1581 5547 1682 5586 no-

166 5634 255 5680 ratu
278 5639 566 5692 creaturam
593 5629 998 5688 convertendus
1027 5628 1344 5694 ablueretur
1388 5640 1485 5691 per
1531 5624 1687 5678 lava--

167 5728 283 5774 ctum
324 5726 739 5794 regenerationis
765 5767 780 5792 ,
823 5725 1176 5795 postmodum
1219 5723 1286 5775 de
1327 5719 1530 5776 Christi
1559 5733 1688 5773 cor-,

169 5815 267 5864 tore
299 5814 605 5882 reﬁceretur,
641 5817 790 5886 quod
827 5816 896 5872 de
945 5813 1162 5882 Virgine
1209 5820 1486 5893 sumptum
1540 5818 1676 5863 erat.

1796 1942 2057 2001 mutator,
2087 1943 2251 2004 atque
2277 1948 2593 2006 assumptor
2625 1949 2775 1996 tanta
2799 1927 3046 1997 'cﬂicacia
3075 1945 3388 2002 sanctiﬁca-

1795 2024 1991 2095 tionis,
2049 2036 2109 2080 ut
2151 2030 2431 2084 sacerdote
2469 2032 2631 2098 verba
2691 2031 2930 2110 Domini,
2982 2051 3106 2106 qua:
3151 2037 3274 2091 viva
3329 2044 3396 2110 et.

1795 2120 2219 2176 sanctiﬁcatoria
2251 2130 2398 2187 sunt,
2431 2122 2760 2194 proferente,
2793 2127 3181 2184 attendendum
3209 2120 3382 2186 etsu-

1795 2211 2054 2270 mendum
2085 2211 2176 2280 sit,
2206 2221 2343 2268 teste
2370 2213 2431 2268 B.
2465 2215 2760 2271 Ambrosio
2783 2258 2798 2283 ,
2848 2233 2958 2272 non
2997 2221 3146 2290 quod
3181 2229 3384 2278 natura
3487 2249 3490 2253 ·

1794 2299 2073 2370 formavit,
2106 2303 2199 2358 sed
2225 2305 2372 2374 quod
2402 2305 2708 2361 benedictio
2735 2310 3096 2380 consecravit.

2287 2458 2292 2462 ,
2342 2391 2344 2396 '
2378 2395 2610 2451 CAPUT
2651 2396 2792 2453 XIX.

1864 2483 1986 2558 Quo
2013 2497 2362 2542 sacramento
2384 2503 2510 2543 cum
2537 2489 2824 2560 discipulis
2845 2507 2907 2547 ce
2927 2500 3121 2550 enrato
3143 2501 3200 2550 et
3220 2495 3381 2552 insti—

1791 2585 1931 2643 tuto,
1964 2587 2086 2647 post
2122 2594 2430 2648 sermonem
2478 2583 2737 2652 mysteria
2769 2583 3054 2641 charitatis
3095 2595 3150 2642 et
3191 2588 3382 2644 unita-

1795 2670 1862 2723 tis
1897 2671 2090 2740 capitis
2135 2679 2190 2724 ct
2227 2673 2473 2742 corporis
2517 2673 2888 2739 intestimabili
2919 2675 3206 2744 dulcedine
3241 2693 3376 2734 con-

1794 2765 2078 2833 tinentem,
2129 2763 2276 2820 sicut
2337 2763 2394 2818 S.
2459 2762 2688 2828 Joannis
2747 2767 3096 2838 evangelista)
3133 2770 3379 2830 narratio

1793 2858 2016 2925 indicat,
2049 2857 2238 2912 volens
2262 2857 2340 2911 uti
2368 2865 2634 2928 potestate
2659 2874 2768 2928 qua
2793 2871 3108 2928 susceperat
3136 2859 3378 2915 animam

1791 2950 1860 3006 ad
1881 2949 2261 3019 deponendum
2289 2965 2432 3016 eam,
2457 2959 2515 3004 ut
2534 2949 2782 3017 eamdem
2807 2958 3132 3017 resumeret,
3159 2948 3378 3008 inﬁrma

1791 3041 2010 3112 quidem
2060 3056 2246 3108 carne,
2300 3040 2393 3096 sed
2445 3050 2699 3111 prompto
2747 3041 2962 3111 spiritu.
2995 3043 3267 3111 processit
3307 3042 3378 3098 ad

1790 3151 2008 3190 crucem
2028 3176 2042 3200 ,
2075 3143 2134 3188 ut
2177 3134 2300 3189 fuso
2345 3135 2614 3205 sanguine
2660 3137 2935 3190 testatoris
2969 3133 3190 3190 ﬁrmum
3224 3133 3380 3190 ﬁeret

1792 3233 2203 3281 testamentum.
2238 3225 2316 3281 De
2359 3227 2521 3296 cujus
2574 3226 2860 3297 sanguinis
2901 3226 3190 3294 effusione,
3244 3225 3378 3297 quid

1791 3317 1982 3372 salutis
2010 3318 2304 3384 contineat,
2325 3318 2525 3388 quidve
2546 3318 2720 3376 abhis
2741 3334 2976 3388 quorum
3006 3307 3370 3388 redemptioni

1788 3408 1948 3465 fusus
1977 3419 2082 3477 est,
2129 3418 2430 3478 mereatur,
2475 3409 2583 3464 hoc
2627 3408 2974 3465 sentiendum
3009 3415 3095 3463 est
3125 3408 3274 3478 quod
3303 3407 3373 3462 ad

1787 3502 2203 3566 retribuendum
2253 3502 2434 3557 omnis
2463 3501 2830 3556 humanarum
2873 3498 3015 3554 actio
3071 3498 3375 3569 gratiarum

1788 3593 2014 3650 inferior
2049 3595 2140 3648 sit.
2193 3593 2291 3650 Est
2323 3602 2504 3650 tamen
2536 3593 2625 3663 pia
2649 3589 3006 3662 prmsumptio
3051 3589 3372 3656 Christiani,

1788 3695 1848 3741 ut
1890 3686 2114 3741 vitalem
2155 3692 2386 3741 mortem
2409 3684 2648 3754 pretium
2687 3681 3076 3752 redemptionis
3104 3697 3218 3736 sua:
3239 3695 3378 3736 con-

1787 3778 1940 3832 tinua
1963 3776 2229 3834 memoria
2259 3776 2515 3843 celebret,
2537 3776 2766 3844 etintus
2789 3773 3122 3844 applaudens
3143 3771 3376 3828 Domine

1787 3871 1902 3928 Deo
1929 3887 2031 3928 suo
2062 3879 2278 3935 tantum
2304 3869 2630 3932 beneﬁcium
2677 3867 3006 3935 inconcussa
3028 3865 3156 3952 ﬁdei
3193 3864 3374 3920 firmi-

1787 3972 1898 4020 tate
1924 3964 2304 4034 amplectatur.
2350 3961 2602 4030 recolens
2645 3975 2747 4030 pro
2779 3975 2844 4016 se
2867 3958 3394 4018 fuissemortuum,

1785 4069 1949 4125 quem
1987 4051 2294 4115 surrexisse
2321 4068 2388 4114 ex
2418 4050 2619 4114 virtute
2651 4049 2750 4105 Dei
2771 4058 2828 4106 et
2857 4050 2913 4104 in
2947 4045 3126 4102 Patris
3148 4047 3373 4130 dextera

1785 4144 2168 4208 consedcntem
2191 4142 2376 4199 omnis
2399 4152 2654 4202 creatura
2684 4141 2971 4208 rationalis
3011 4139 3220 4196 adorat.
3255 4136 3372 4192 llu-

1785 4239 2188 4302 milieturante
2211 4249 2435 4299 crucem
2476 4234 2694 4294 Domini
2719 4233 2830 4302 sui,
2859 4236 3138 4315 coniti-gens
3173 4232 3372 4298 timore

1784 4332 1932 4387 illius
1953 4346 2147 4388 carnes
2177 4344 2330 4395 suas,
2355 4337 2422 4390 et
2450 4327 2496 4384 si
2531 4326 2672 4390 forte
2701 4326 3050 4382 multitudine
3073 4324 3370 4390 criminum

1785 4434 2067 4497 gravatur,
2113 4424 2197 4480 vel
2243 4422 2496 4494 angustia
2535 4419 2799 4490 temporis
2837 4418 2911 4480 ad
2937 4417 3260 4486 pendentem
3289 4415 3388 4468 la».

1713 4539 1762 4596 υ
1787 4526 1998 4574 tronem
2023 4516 2196 4573 elevet
2217 4516 2430 4572 oculos.
2471 4511 2709 4585 Sanguis
2739 4511 2885 4570 enim
2912 4510 3001 4572 ille
3040 4524 3254 4578 semper
3285 4507 3368 4562 la-

1786 4619 1879 4666 vat
1908 4624 2009 4665 nos
2031 4624 2064 4662 a
2082 4608 2326 4678 peccatis
2367 4604 2592 4671 nostris,
2621 4618 2714 4674 qui
2749 4615 2852 4658 nec
2892 4601 2957 4655 in
2998 4597 3276 4656 fundendo
3301 4597 3372 4651 ab

1787 4702 1980 4760 ellectu
2019 4701 2210 4768 salutis
2245 4699 2485 4764 vacavit,
2515 4698 2645 4756 dum
2692 4695 2796 4756 sub
2846 4694 2963 4764 ipsa
3001 4689 3370 4754 damnationis

1786 4775 1950 4866 paena
1990 4800 2046 4848 et
2081 4791 2279 4848 mortis
2315 4788 2552 4846 articulo
2583 4787 2902 4864 iniquitates
2929 4785 3092 4854 longo
3125 4791 3388 4849 tempore-

1787 4895 2098 4944 contractas
2125 4883 2378 4948 absolvit,
2399 4889 2455 4936 et
2475 4880 2571 4940 cui
2599 4893 2842 4956 przesens
2876 4876 2984 4932 vita
3016 4871 3370 4929 claudebatur

1787 4997 1856 5038 ex
1898 4979 2132 5044 scelere,
2186 4984 2372 5046 aperta
2411 4981 2502 5029 est
2545 4987 2644 5043 per
2695 4965 3058 5026 confessionis
3111 4961 3367 5018 meritum

1783 5072 2004 5144 requies
2032 5069 2356 5128 mternitatis
2379 5082 2450 5122 ex
2476 5065 2600 5120 ﬁde.
2647 5057 3025 5122 Sanctiﬁcavit
3055 5055 3228 5114 etiam
3257 5062 3370 5108 tor-

1785 5174 2028 5222 mentum
2077 5178 2241 5219 suum
2271 5159 2557 5222 Christus,
2596 5163 2650 5212 et
2676 5169 2835 5218 crux,
2865 5165 2992 5220 qua:
3019 5157 3144 5204 ante
3190 5145 3384 5208 fuerat.

1781 5255 2082 5328 ignominia
2133 5255 2552 5313 damnatorum,
2587 5263 2656 5305 eo
2689 5244 2951 5341 faciente,
3004 5240 3150 5341 apud
3198 5253 3363 5341 quem

1781 5347 2212 5418 blasphemantis
2265 5340 2618 5406 conscientiae
2667 5335 2952 5393 horrendm
3003 5331 3367 5400 immunditiua

1784 5440 2146 5504 aestimantur,
2164 5438 2308 5498 facta
2329 5447 2415 5490 est
2437 5443 2614 5490 terror
2637 5430 3046 5488 immundorum
3071 5426 3364 5497 spirituum

1782 5541 1838 5589 et
1867 5532 2041 5602 gloria
2084 5527 2402 5584 Salva-toris.
2449 5523 2602 5580 lianc
2645 5523 2960 5594 quicunque
2996 5517 3184 5574 Jesum
3211 5513 3369 5584 sequi

1784 5625 2087 5689 desiderat,
2115 5637 2174 5676 se
2205 5621 2324 5689 ipso
2345 5619 2633 5689 abnegato,
2664 5613 2922 5686 portabit,
2943 5626 3056 5682 qua
3085 5609 3366 5664 initiamur

1786 5719 1854 5780 ad
1881 5715 2074 5779 vitam,
2104 5713 2432 5768 robor-amur
2470 5710 2538 5766 ad
2572 5723 2834 5781 pugnam,
2867 5713 2922 5760 et
2950 5710 3141 5759 contra
3171 5696 3363 5754 mundi

1784 5808 2027 5876 pericula
2057 5803 2368 5865 superbiam
2398 5801 2662 5862 calcaturi
2690 5797 3052 5872 praeferimus,
3084 5802 3145 5848 ut
3168 5792 3220 5847 in
3250 5801 3365 5862 quo
