3990 6298
565 379 668 439 £67

2002 347 2405 409 MANEGALDI
2645 385 2650 389 -
3731 341 3815 400 tss

558 493 822 566 magister
857 490 1076 546 oblatus
1111 476 1226 554 est,
1251 443 1552 554 discipulus
1589 473 1894 566 muniatur.
1928 468 2044 524 Hoc
2069 467 2140 520 1i-
2172 469 2217 526 Α
2246 462 2576 526 “ueremur.
2768 455 2858 511 hic
2888 462 3162 566 ιηὶξθΐυξιλῐη
3202 451 3596 566 «τηθτοτξτξιῖτεηξ
3625 452 3817 566 Ῐζθθιίίίέ

559 560 799 640 bationis
831 596 945 637 suae
963 580 1180 650 signum
1211 590 1336 631 eum
1363 569 1628 626 Dominus
1656 563 1725 618 ad
1749 560 1970 616 inferna
2014 572 2146 613 suos

561 674 893 729 liberaturus
935 649 1318 730 descenderet,
1349 657 1588 718 effractis
1619 653 1792 725 portis
1833 649 2058 712 mortis,
2094 655 2147 702 et

563 765 912 819 tenebrarum
951 759 1197 831 principe
1236 753 1502 810 debellato
1525 791 1540 814 ,
1585 749 1966 818 cognoverunt
2011 754 2144 794 vasa

563 856 710 924 tldci,
738 854 949 924 antiqui
978 852 1186 907 scilicet
1220 844 1416 907 sancti,
1459 839 1555 910 qui
1609 836 1873 892 sedebant
1908 833 1963 887 in
2001 841 2149 924 tene-

565 921 776 1002 bris'et
815 921 1011 998 umbra
1059 937 1282 1001 mortis,
1316 935 1700 1001 exspectantes
1728 932 1791 981 ut
1818 924 1962 980 viam
1997 921 2151 993 pacis

567 1037 924 1091 interclusam
952 1031 1057 1089 sibi
1085 1044 1181 1100 per
1205 1024 1625 1081 mortiﬁcantem
1654 1018 1828 1073 Adam
1846 1059 1860 1084 ,
1887 1031 1984 1086 per
2010 1014 2150 1069 vivi-

566 1128 821 1184 ﬁcantem
853 1126 1182 1194 reciperent;
1220 1118 1421 1188 quibus
1449 1115 1642 1184 utique
1673 1114 1740 1168 ad
1776 1112 2151 1167 luereditatem

565 1218 968 1288 percipiendam
1016 1218 1283 1282 quantum
1335 1207 1403 1262 ad
1460 1206 1623 1261 ﬁdem
1684 1204 1820 1259 nihil
1869 1202 2150 1267 defuerat,

565 1325 729 1378 quam
758 1306 904 1376 quod
933 1302 1090 1357 nobis
1121 1301 1188 1355 de
1222 1299 1506 1371 praeterito
1531 1306 1745 1353 certum
1768 1302 1872 1362 est,
1912 1294 2018 1348 hoc
2044 1292 2152 1348 illis

565 1413 660 1466 spe
682 1404 827 1452 certa
849 1394 916 1449 de
945 1393 1129 1447 futuro
1154 1391 1465 1446 constabat.
1517 1388 1625 1445 Sed
1676 1403 1818 1459 quos
1866 1387 2021 1458 prius
2050 1385 2153 1441 sub

561 1494 853 1556 pteuagOgo
873 1485 1086 1554 positos
1130 1482 1328 1538 servile
1370 1482 1564 1552 jugum
1610 1480 1745 1550 legis
1802 1485 2150 1550 gravaverat,

563 1576 814 1632 conclusi
863 1576 968 1631 sub
1015 1583 1241 1645 peccato
1265 1572 1662 1628 differebantur
1691 1586 1721 1625 a
1749 1583 1950 1641 regno,
1981 1569 2157 1624 donec

560 1668 753 1739 Agnus
778 1667 870 1723 ille
894 1681 1060 1722 verus
1090 1666 1366 1721 levaretur
1397 1665 1452 1720 in
1490 1678 1673 1729 cruce,
1703 1661 1862 1732 cujus
1888 1659 2156 1732 sanguine

561 1759 814 1830 signatus
852 1758 1191 1814 lsraeliticus
1211 1758 1446 1829 populus
1485 1756 1840 1820 liberaretur,
1890 1752 1994 1808 sub
2044 1765 2156 1822 quo

2249 562 2434 608 catum
2469 550 2793 606 mortalibus
2831 546 3008 604 oculis
3028 545 3212 600 videre
3237 560 3346 599 non
3377 552 3618 615 possent.
3649 544 3702 599 ln
3722 563 3816 617 qua

2249 640 2336 696 sui
2380 637 2697 694 ostensione
2751 652 2851 692 nec
2885 643 3201 691 sanctarum
3257 631 3584 687 feminarum
3635 641 3815 690 tactum

2248 729 2471 800 refugit,
2498 729 2594 784 sed
2619 728 2734 784 sive
2755 726 3143 798 contingendo,
3163 738 3258 780 seu
3275 724 3670 794 convescendo,
3683 742 3819 784 more

2250 838 2352 879 suo
2380 820 2707 876 humilitatis
2737 819 3002 874 Dominus
3027 832 3203 888 usque
3236 817 3292 870 in
3317 817 3464 872 diem
3489 832 3596 886 qua
3625 833 3820 874 assum-

2250 923 2374 984 ptus
2409 920 2514 979 est,
2545 910 2902 966 familiarium
2930 923 3157 965 suorum
3197 907 3414 962 animos
3455 906 3721 976 loquendo
3760 907 3821 964 de

2251 1020 2420 1078 regno
2457 1004 2553 1060 Dei
2584 1005 2653 1059 ad
2694 1001 3081 1074 inquirendam
3127 1000 3274 1054 illam
3298 999 3532 1070 patriam
3558 998 3820 1067 incitabat,

2255 1098 2312 1153 in
2368 1112 2479 1168 qua
2529 1095 2608 1150 illi
2657 1094 2938 1151 masculus
2983 1101 3039 1148 et
3087 1090 3314 1158 femina,
3366 1097 3576 1144 mutato
3621 1087 3819 1159 quidem

2249 1189 2408 1256 vitio,
2440 1188 2535 1245 sed
2575 1195 2786 1242 natura:
2835 1185 3064 1241 veritate
3089 1190 3338 1247 servata,
3381 1179 3664 1236 occursuri
3684 1189 3823 1235 erant

2251 1280 2309 1336 in
2344 1293 2662 1337 mensuram
2708 1277 2884 1334 aetatis
2915 1275 3273 1348 plenitudinis
3307 1288 3441 1329 suae.
3483 1271 3651 1343 Cujus
3687 1274 3822 1342 regni

2253 1373 2344 1429 hie
2373 1373 2644 1428 habemus
2670 1371 2887 1426 initium
2929 1385 3024 1440 per
3057 1369 3258 1438 ipsum,
3289 1367 3344 1421 in
3377 1381 3487 1436 quo
3531 1363 3685 1420 facta:
3712 1372 3824 1418 sunt

2253 1465 2505 1534 primitim
2532 1464 2936 1536 resurgentium
2953 1501 2968 1528 ,
2992 1469 3046 1515 et
3077 1468 3209 1516 tunc
3246 1457 3556 1529 perﬁcietur
3587 1455 3640 1510 in
3662 1455 3822 1522 nobis,

2255 1573 2382 1613 cum
2449 1557 2679 1627 coeperit
2723 1567 2846 1612 esse
2889 1569 3090 1609 corona
3135 1561 3477 1608 sanctorum.
3520 1547 3672 1605 Unde
3714 1564 3823 1605 cum

2254 1651 2421 1707 rudes
2457 1651 2639 1706 adhuc
2671 1648 2927 1720 discipuli
2975 1648 3044 1703 ab
3082 1646 3274 1702 eodem
3306 1646 3374 1701 de
3406 1643 3677 1714 baptismo
3713 1639 3822 1712 Spi-

2255 1742 2395 1798 ritus
2421 1741 2695 1807 audirent,
2718 1749 2772 1796 et
2796 1740 2852 1794 in
2881 1740 3082 1794 virtute
3107 1737 3256 1793 illius
3289 1736 3594 1806 temporale
3617 1749 3823 1805 regnum

560 1825 705 1906 Filio
733 1861 996 1922 tanquam
1019 1825 1404 1922 potentissimo
1433 1857 1755 1905 cunctorum
1777 1861 1922 1917 rege,
1949 1843 2154 1900 seniori
2187 1842 2229 1898 Β
2254 1833 2420 1890 Israel
2472 1833 2897 1890 feSlalll'andum
2943 1838 3228 1901 Putarem,
3265 1838 3322 1884 ει
3352 1835 3696 1922 αυετξπθηεε
3727 1825 3824 1922 ρ⁰⁶

562 1954 618 1999 et
642 1945 850 2015 juniori
883 1944 1083 2015 populo
1112 1945 1301 1999 eadem
1341 1941 1660 2013 resurgendi
1686 1939 1919 1995 facultas
1946 1946 2000 1992 et
2027 1952 2152 2010 gra-

563 2033 640 2090 tia
688 2045 1056 2106 praestaretur.
1093 2034 1251 2102 Quod
1278 2035 1333 2089 in
1363 2033 1692 2105 quibusdam
1753 2032 1820 2087 de
1875 2030 2151 2101 prioribus

559 2125 675 2196 jam
705 2126 1002 2196 contigisse
1026 2168 1040 2192 ,
1091 2125 1372 2196 Evangelii
1395 2123 1711 2180 testimonio
1740 2121 2149 2192 comprobatur,

564 2215 784 2284 quando
808 2215 1075 2270 creaturis
1095 2215 1354 2270 virtutem
1381 2214 1668 2270 morientis
1690 2212 1990 2268 Salvatoris
2012 2211 2155 2268 indi-

564 2306 839 2373 cantibus,
871 2305 952 2360 sol
981 2307 1292 2360 obscuratus
1321 2314 1418 2371 est,
1446 2313 1497 2359 et
1519 2313 1682 2376 petra:
1709 2304 1892 2359 scissa:
1928 2311 2073 2371 sunt,
2103 2309 2156 2357 et

565 2399 762 2468 apertis
807 2397 1141 2452 monimentis
1191 2395 1362 2450 multa
1407 2411 1630 2466 corpora
1678 2404 2024 2461 sanctorum,
2062 2395 2154 2465 qui

565 2477 914 2555 dormierunt,
939 2491 1304 2554 surrexerunt,
1330 2497 1379 2542 ct
1403 2495 1652 2542 venerunt
1681 2486 1734 2539 in
1757 2493 1999 2540 sanctam
2033 2487 2161 2540 civi-

567 2589 731 2634 tatem
754 2578 1112 2646 Hierusalem,
1133 2587 1182 2632 et
1205 2585 1566 2649 apparuerunt
1593 2575 1799 2631 multis.

593 2687 600 2693 -
1171 2651 1402 2724 CAPUT
1439 2667 1560 2724 xx.

638 2762 951 2820 Gloriﬁcata
996 2762 1181 2834 itaque
1219 2761 1424 2818 mortui
1451 2759 1780 2817 contumelia
1808 2774 1906 2831 per
1928 2759 2157 2833 gloriam

568 2855 927 2926 resurgentis,
963 2862 1093 2910 tunc
1120 2855 1341 2910 demum
1368 2854 1631 2926 compleri
1670 2853 1835 2925 etrapit
1869 2855 2016 2925 quod
2057 2854 2157 2910 ad-

569 2943 679 3000 huc
724 2945 1003 3014 passibilis
1028 2945 1240 3002 dixerat
1267 2964 1280 2999 :
1329 2944 1463 3001 Cum
1493 2945 1764 3000 exaltatus
1789 2946 1957 3016 fuero,
1980 2946 2161 3000 omnia

569 3035 780 3088 traham
823 3036 890 3088 ad
933 3052 1014 3090 me
1040 3036 1302 3107 quoniam
1330 3051 1441 3092 non
1469 3037 1648 3093 solum
1691 3037 1904 3108 priores
1946 3035 2157 3104 Patres,

567 3134 632 3180 ut
664 3127 924 3200 diximus,
953 3128 1048 3198 qui
1078 3129 1373 3184 adventum
1405 3129 1644 3199 primum
1690 3127 2155 3195 desideraverant,

570 3218 639 3273 de
681 3219 919 3275 tenebris
955 3221 1166 3275 evocati
1191 3228 1340 3288 sunt,
1370 3236 1562 3276 verum
1598 3220 1763 3277 etiam
1792 3227 1996 3293 gentes,
2036 3235 2160 3291 quae

570 3309 626 3364 in
651 3311 772 3366 lacu
800 3311 1036 3366 miseriae
1070 3320 1125 3368 et
1155 3311 1426 3382 profundo
1448 3313 1709 3368 vitiorum
1727 3313 2002 3384 jaeebant,
2027 3326 2154 3367 mox

569 3409 696 3471 post
727 3402 1019 3457 adventum
1054 3402 1293 3473 Spiritus
1318 3403 1503 3459 lumen
1534 3403 1661 3460 ﬁdei
1685 3411 2067 3474 susceperunt,
2099 3412 2160 3458 ut

569 3493 831 3563 apostolis
871 3495 1252 3551 nuntiantibus
1308 3495 1536 3551 virtutes
1581 3495 1702 3566 ejus
1743 3495 1839 3566 qui
1886 3495 1943 3550 in
1977 3494 2158 3551 susci-

573 3592 685 3640 tato
743 3601 974 3656 corpore
1020 3602 1122 3642 suo
1165 3587 1572 3644 evidentissime
1613 3587 1983 3644 declaraverat
2027 3587 2160 3660 quid

566 3675 753 3733 futura
774 3688 958 3734 essent
979 3678 1220 3735 ﬁdelium
1250 3695 1504 3751 corpora,
1533 3680 1764 3736 firmiter
1792 3688 2076 3752 sperarent
2093 3680 2161 3737 de

571 3784 631 3824 se
659 3769 815 3840 ipsis,
846 3770 993 3840 quod
1039 3769 1096 3825 in
1121 3771 1308 3828 eadem
1347 3780 1543 3828 natura
1567 3772 1915 3842 praecessisse
1941 3781 2163 3828 consta-

568 3860 684 3915 bat.
709 3858 896 3931 Neque
930 3861 1077 3916 enim
1120 3863 1192 3918 ob
1222 3863 1371 3918 aliud
1399 3861 1546 3918 Deus
1575 3861 1816 3918 Verbum
1846 3871 2164 3932 susceperat

570 3965 772 4020 corpus
791 3960 844 4006 et
869 3951 1110 4006 animam
1139 3961 1407 4022 nostram,
1432 3953 1540 4010 nisi
1562 3962 1624 4008 ut
1650 3962 1945 4024 utrumque
1970 3969 2164 4009 unum-

569 4041 828 4111 quodque
884 4041 941 4095 in
965 4057 1066 4097 suo
1096 4052 1337 4114 tempore
1387 4043 1702 4100 suscitaret.
1742 4043 2013 4110 Quocirca
2035 4044 2164 4100 licet

572 4131 754 4188 adhuc
780 4133 1002 4188 mortali
1033 4134 1244 4190 homini
1275 4134 1587 4191 dominetur
1606 4135 1798 4205 primae
1821 4135 2162 4191 maledictio-

572 4225 660 4279 nis
717 4225 1008 4293 sententia,
1051 4242 1160 4296 qua
1213 4227 1409 4283 mortis
1456 4226 1700 4282 debitum
1740 4226 1932 4291 solvit,
1978 4235 2160 4283 tamen

573 4316 773 4371 animae
802 4317 1057 4374 humana:
1086 4318 1563 4386 resurrectionem,
1596 4319 1687 4374 cui
1730 4327 1952 4389 propter
1979 4319 2162 4391 digni-

566 4410 741 4460 tatem
777 4408 862 4463 sui
883 4397 1125 4465 velocius
1152 4408 1330 4465 fuerat
1356 4408 1810 4476 succurrendum,
1849 4409 1997 4464 nulla
2023 4425 2163 4464 cun-

575 4495 812 4550 ctatione
840 4495 1054 4552 distulit
1087 4497 1463 4552 misericordia
1487 4497 1602 4564 Dei,
1628 4497 1720 4552 sed
1741 4497 2164 4554 clementissime

573 4595 628 4642 et
657 4597 781 4643 ante
806 4589 1001 4660 legem,
1029 4596 1085 4644 et
1127 4589 1230 4644 sub
1272 4590 1389 4660 lege
1429 4603 1525 4660 per
1551 4589 1712 4644 ﬁdem
1759 4588 1890 4646 Jesu
1921 4589 2161 4660 Christi,

573 4693 696 4750 quae
725 4679 836 4735 vita
883 4687 987 4746 est,
1017 4680 1316 4736 electorum
1351 4681 1564 4736 animas
1608 4683 1915 4751 suscitavit,
1961 4684 2164 4754 quibus

573 4771 864 4827 viviﬁcatis
921 4772 1060 4826 nihil
1106 4773 1295 4829 damni
1359 4782 1657 4843 pateretur,
1707 4777 1813 4832 etsi
1862 4779 2166 4834 solveretur

575 4878 704 4918 caro
734 4863 1074 4918 credentium
1092 4905 1108 4931 ,
1151 4879 1276 4920 cum
1321 4867 1464 4936 apud
1491 4867 2019 4936 praedestinationem
2041 4871 2163 4941 ejus

577 4954 633 5007 in
665 4955 770 5010 ﬁne
797 4956 1125 5011 saeculorum
1171 4958 1364 5026 procul
1391 4958 1561 5015 dubio
1586 4959 1772 5016 futura
1801 4972 1947 5018 esset
1969 4978 2159 5019 resur-

574 5045 747 5100 rectio
793 5054 1156 5102 mortuorum.
1185 5047 1357 5119 Cujus
1405 5053 1829 5109 resurrectionis
1871 5056 2156 5112 veritatem

576 5154 751 5208 usque
778 5139 914 5194 adeo
955 5140 1113 5197 nobis
1153 5150 1355 5198 certam
1381 5141 1479 5198 Dei
1510 5143 1682 5202 Filius
1718 5149 2062 5218 praeparavit,
2098 5159 2161 5206 ut

576 5245 774 5299 corpus
809 5231 1219 5302 incorruptibile
1249 5235 1533 5306 discipulis
1559 5246 1752 5293 contra
1791 5248 2046 5295 naturam
2071 5241 2158 5296 in-

576 5323 1012 5391 corruptibilium
1039 5327 1305 5396 palpabile
1329 5328 1637 5396 exhiberet,
1668 5339 1723 5385 et
1749 5332 1969 5400 gemino
1992 5333 2162 5389 docu—

577 5424 764 5469 mento
816 5415 1190 5474 dubitantibus
1227 5433 1350 5475 sese
1386 5419 1681 5476 videndum
1716 5430 1767 5478 et
1821 5438 1928 5478 non
1969 5425 2161 5480 viden-

577 5503 706 5559 dum
759 5509 1080 5576 praestabat,
1110 5519 1171 5565 ut
1210 5527 1278 5567 ex
1306 5513 1476 5568 altero
1504 5513 1657 5569 dubii
1708 5517 2061 5573 munirentur
2091 5520 2161 5575 ad

577 5594 767 5664 fidem,
795 5613 862 5652 ex
889 5599 1060 5656 altero
1095 5602 1426 5659 desiderium
1453 5604 1754 5662 festinandi
1785 5609 1854 5664 ad
1895 5609 2043 5664 illam
2081 5611 2164 5666 vi-

577 5695 689 5742 tam
730 5691 1098 5762 conciperent,
1143 5695 1198 5749 in
1233 5712 1341 5768 qua
1373 5697 1549 5754 oculis
1578 5701 1804 5755 mutatis
1848 5701 1905 5756 in
1931 5702 2159 5774 melius,

579 5778 969 5849 iucundissima
1025 5785 1236 5842 visione
1300 5785 1566 5843 Dominiei
1644 5790 1893 5860 corporis
1947 5807 2163 5864 semper

2253 1927 2415 1995 mine,
2442 1927 2488 1980 si
2517 1927 2571 1980 in
2602 1923 2947 1998 temporehoc
2978 1923 3221 1977 restitues
3248 1937 3465 1992 regnum
3490 1918 3697 1975 Israel?
3720 1919 3826 1975 Non

2253 2026 2329 2072 est
2351 2027 2602 2084 vestrum,
2630 2016 2827 2086 inquit,
2858 2031 3009 2070 nosse
3036 2023 3293 2084 tempora,
3314 2012 3392 2067 vel
3426 2020 3826 2084 momento,qute

2253 2111 2424 2166 Pater
2455 2110 2631 2181 posuit
2653 2111 2711 2164 in
2736 2125 2836 2163 sua
2881 2115 3160 2178 potestate,
3183 2105 3273 2160 sed
3303 2104 3582 2175 accipietis
3605 2105 3826 2158 uirtutem

2253 2204 2665 2276 supervenientis
2707 2201 2944 2273 Spiritus
2982 2200 3156 2254 sancti
3201 2199 3257 2252 in
3298 2215 3406 2265 ros,
3456 2205 3509 2252 et
3542 2199 3689 2252 eritis
3715 2198 3830 2252 mihi

2257 2306 2412 2352 testes
2452 2297 2511 2350 in
2558 2293 2926 2361 Hierusalem,
2956 2301 3007 2347 et
3049 2294 3105 2346 in
3131 2292 3274 2346 omni
3315 2289 3538 2357 Judtea,
3578 2297 3628 2344 et
3655 2287 3827 2344 Samo--

2257 2389 2362 2456 ria,
2411 2397 2463 2443 et
2488 2403 2653 2459 usque
2681 2386 2751 2440 ad
2793 2385 3046 2439 ultimum
3095 2392 3268 2438 term.
3299 2381 3422 2437 Non
3452 2381 3603 2438 enim
3638 2389 3830 2437 creator

2257 2481 2518 2552 temporis
2543 2479 2614 2534 ad
2641 2476 3006 2534 dimetiendas
3036 2476 3226 2548 plagas
3253 2475 3381 2531 caeli
3413 2482 3468 2530 et
3504 2475 3828 2545 planetarum

2257 2587 2564 2629 concursus
2586 2571 2701 2626 sive
2729 2576 2913 2624 motus
2943 2568 3186 2624 siderum
3218 2565 3634 2624 diseernendos.
3663 2579 3748 2621 seu
3771 2565 3828 2619 ad

2257 2665 2550 2719 mundanae
2560 2660 2923 2734 philosophiae
2935 2660 3200 2727 studium,
3217 2659 3552 2731 quodtotum
3564 2657 3829 2730 penecirca

2258 2755 2500 2827 peritura
2529 2753 2855 2824 expenditur
2874 2794 2887 2819 ,
2917 2760 3193 2808 amatores
3235 2751 3494 2822 perennis
3540 2751 3665 2804 vita:
3687 2764 3830 2804 voca-

2259 2849 2374 2916 bat,
2405 2848 2500 2904 sed
2529 2848 2840 2917 Accipietis,
2873 2846 3084 2917 inquit,
3115 2845 3564 2916 supervenientem
3593 2843 3829 2916 Spiritum

2260 2943 2330 2997 ad
2361 2943 2752 3012 testiﬁcandum
2789 2957 2975 2996 nomen
3017 2957 3210 2996 meum.
3263 2939 3555 3011 Tanquam
3597 2939 3830 3011 pauperie

2258 3035 2364 3091 bus
2385 3033 2579 3106 spiritu
2607 3042 2662 3090 et
2686 3033 2878 3089 mundi
2903 3033 3373 3104 contemptoribus
3394 3033 3642 3089 diceret:
3675 3029 3833 3109 Nolite

2261 3126 2540 3198 inquirere
2590 3126 2724 3182 s'olis
2751 3124 3036 3181 anfractus
3060 3166 3076 3192 ,
3129 3126 3216 3180 vel
3263 3125 3643 3197 evagationem
3687 3123 3831 3192 luna,

2260 3220 2461 3292 quibus
2511 3219 2678 3275 nimis
2731 3217 2922 3274 mundi
2972 3216 3283 3288 philosophi
3339 3216 3702 3284 studuerunt;
3751 3214 3832 3270 sed

2260 3311 2436 3382 ignari
2463 3311 2644 3367 adhuc
2675 3310 2811 3381 quid
2855 3309 3012 3366 vobis
3037 3324 3303 3380 quaerere,
3338 3319 3394 3365 et
3412 3323 3604 3365 amare
3629 3307 3834 3365 utilissi-

2259 3422 2411 3463 mum
2445 3407 2537 3474 sit,
2567 3413 2864 3476 exspectate
2886 3405 3292 3476 promissionem
3323 3402 3538 3471 Patris,
3570 3419 3722 3475 quam
3747 3417 3834 3455 ouo

2259 3499 2419 3554 distis
2441 3515 2536 3570 per
2566 3514 2627 3552 os
2655 3514 2848 3564 meum,
2867 3507 2917 3552 et
2946 3497 3119 3552 sedete
3146 3497 3311 3552 donec
3331 3497 3641 3552 induamini
3665 3496 3835 3550 virtute

2258 3607 2324 3646 ea:
2355 3591 2487 3646 atto.
2526 3589 2663 3646 Cum
2698 3590 2838 3645 enim
2863 3591 3060 3645 venerit
3091 3587 3329 3661 Spiritus
3359 3589 3628 3656 ueritatis,
3653 3586 3834 3642 docebit

2261 3698 2350 3738 vos
2382 3698 2589 3737 omnem
2611 3682 2887 3737 veritatem
2905 3722 2921 3750 ,
2948 3689 3001 3736 et
3027 3696 3147 3752 qua
3170 3690 3391 3737 ventura
3418 3691 3547 3736 sunt
3574 3679 3837 3736 annuntia-

2265 3774 2344 3828 bit
2367 3773 2533 3829 vobis.

2854 3866 3088 3924 CAPUT
3126 3867 3270 3924 XXI.

2333 3957 2488 4017 Hanc
2517 3959 2940 4031 promissionem
2965 3959 3189 4017 Christo
3221 3960 3290 4016 ad
3320 3960 3494 4018 caelos
3542 3962 3651 4018 illis
3669 3959 3838 4018 vitlem

2263 4050 2412 4106 tibus
2462 4050 2694 4118 elevato,
2721 4059 2776 4106 et
2821 4051 2889 4106 ad
2926 4050 3108 4108 Patris
3130 4052 3411 4108 dexteram
3449 4055 3597 4110 ultra
3637 4069 3834 4111 omnem

2264 4143 2656 4198 sublimitatem
2703 4143 2992 4211 collocato,
3019 4153 3146 4214 post
3186 4146 3610 4216 completionem
3642 4146 3838 4204 dierum

2264 4234 2615 4291 Pentecostes
2649 4250 2930 4308 accepere,
2980 4236 3126 4292 facto
3165 4245 3390 4308 repente
3438 4238 3508 4294 de
3541 4240 3682 4296 coelo
3719 4251 3840 4296 sono

2264 4335 2525 4397 tanquam
2556 4327 2784 4398 spiritus
2805 4327 3166 4395 vehementis,
3192 4331 3508 4400 apparentis
3529 4331 3638 4386 illis
3668 4331 3721 4386 in
3739 4344 3842 4401 spe-

2269 4416 2352 4473 cie
2400 4417 2711 4489 linguarum
2761 4427 2818 4473 et
2864 4418 3027 4489 ignis.
3073 4417 3133 4473 In
3169 4419 3372 4490 quibus
3417 4421 3551 4491 quid
3599 4421 3839 4487 effecerit,

2199 4543 2240 4598 D
2267 4525 2376 4566 non
2402 4518 2486 4565 est
2536 4510 3006 4580 pusillanimitatis
3035 4520 3236 4568 nostrae
3261 4511 3553 4581 disserere,
3581 4513 3675 4569 sed
3713 4512 3842 4568 adsit

2267 4609 2384 4680 ipse
2423 4617 2480 4664 et
2507 4609 2689 4674 nobis,
2720 4616 2776 4664 et
2817 4608 3015 4664 doceat
3055 4607 3345 4664 infantiam
3393 4617 3664 4677 nostram,
3693 4617 3749 4664 ut
3790 4622 3841 4664 se

2266 4701 2431 4773 digna
2481 4700 2687 4756 sentire
2716 4705 2772 4754 et
2821 4699 3007 4770 eloqui
3036 4700 3338 4756 valeamus.
3381 4699 3520 4767 Quis
3549 4700 3716 4767 enim,
3748 4697 3841 4753 nisi

2262 4792 2491 4847 ﬁumina
2531 4791 2598 4848 de
2642 4800 2832 4848 ventre
2861 4792 2982 4862 ejus
3013 4791 3187 4848 fluant
3210 4808 3368 4864 aqua:
3387 4793 3546 4860 vivae,
3572 4793 3843 4863 concipere

2265 4884 2502 4942 sufficiat
2548 4885 2787 4955 qualiter
2839 4883 3138 4941 adveniens
3199 4884 3437 4956 Spiritus
3472 4896 3702 4942 sanctus
3757 4899 3842 4939 eos

2263 4977 2640 5048 baptizaverit,
2671 4985 2726 5031 et
2764 4987 2994 5048 purgata
3024 4978 3194 5034 totius
3227 4979 3533 5049 iniquitatis
3585 4977 3840 5050 rubigine,

2264 5068 2551 5141 repleverit
2584 5069 2830 5124 omnium
2855 5070 3120 5124 virtutum
3144 5086 3390 5138 munere,
3423 5080 3483 5126 ut
3508 5080 3730 5143 repente
3759 5071 3843 5125 ﬁe-

2264 5172 2388 5219 rent
2419 5160 2589 5218 fortes
2603 5177 2668 5217 ex
2697 5161 2924 5228 timidis,
2948 5177 3014 5217 ex
3039 5159 3205 5218 fatuis
3234 5162 3554 5233 prudentes,
3586 5163 3843 5220 ferventes

2265 5267 2333 5308 ex
2365 5252 2581 5324 tepidis,
2618 5266 2684 5307 ea
2719 5251 3054 5307 abundantia
3084 5253 3328 5323 pietatis.
3356 5263 3418 5309 ut
3444 5263 3594 5311 esset
3633 5256 3739 5311 illis
3759 5267 3845 5310 cor

2266 5360 2460 5411 unum,
2493 5352 2548 5400 et
2577 5345 2763 5399 anima
2790 5361 2920 5411 una,
2944 5345 3214 5400 charitate
3244 5345 3342 5402 Dei
3367 5346 3568 5404 diﬁ‘usa
3593 5349 3650 5403 in
3678 5345 3846 5404 cordi-

2267 5435 2370 5490 bus
2394 5450 2587 5491 eorum
2633 5451 2732 5506 per
2781 5435 3123 5492 divinitatem
3159 5437 3408 5508 ejusdem
3464 5437 3732 5510 Spiritus,
3759 5437 3844 5507 qui

2268 5527 2488 5599 cepiose
2518 5528 2680 5583 datus
2703 5535 2789 5583 est
2818 5528 2935 5583 eis?
2963 5526 3118 5584 Tunc
3147 5530 3293 5584 enim
3325 5530 3545 5586 demum
3574 5545 3737 5602 opere
3757 5528 3844 5583 Dei

2269 5617 2595 5673 conﬁrmato
2617 5618 2672 5672 in
2709 5617 2838 5685 illis,
2865 5633 2992 5673 vera
3033 5618 3287 5676 libertate
3312 5621 3520 5688 donati,
3547 5620 3844 5676 voluntaria

2269 5725 2499 5766 munera
2533 5711 2794 5767 .ﬁdelium
2842 5697 3093 5767 cerdium
3124 5712 3347 5769 Christo
3375 5713 3612 5770 Domino
3645 5713 3842 5770 obtule-

2271 5811 2419 5872 runt,
2449 5811 2502 5859 et
2527 5804 2623 5875 qui
2668 5803 2820 5875 prius
2849 5802 2991 5861 sicut
3022 5805 3164 5860 servi
3199 5805 3512 5876 timuerant,
3543 5807 3847 5865 viviﬁcante
