3972 6296
173 420 283 477 169

1289 413 1534 473 orusc.
1570 388 1850 472 comas
1887 413 2364 472 WOLFELMUM.

3350 419 3456 479 l7.

181 548 272 588 cos
307 532 550 605 Spiritu,
601 531 949 605 magnalibus
995 527 1090 585 Dei
1121 527 1299 586 edocti
1353 529 1412 584 in
1463 536 1760 600 conspectu
1791 530 1838 589 Α
1864 543 2139 584 numerum
2167 529 2375 585 dierum
2407 545 2661 599 meorum,
2691 532 2780 602 qui
2805 539 2904 598 est,
2933 539 2992 586 ut
3017 533 3183 587 sciam
3205 534 3333 605 quid
3358 537 3458 592 ad-

183 626 530 697 malignantis
559 625 778 682 concilii
807 624 1116 696 iniunctum
1144 621 1566 678 resurrectionis
1605 621 1767 676 testi-

182 717 422 772 monium
458 717 657 772 virtute
703 715 1002 772 invincibili
1038 714 1411 772 reddiderunt.
1447 710 1603 769 Tunc
1643 727 1769 768 vere

183 808 297 863 creti
323 815 722 864 enarravernnt
743 808 974 881 gloriam
1000 805 1135 874 Dei,
1177 814 1234 861 et
1257 807 1604 861 firmamento
1633 819 1770 875 apo—

183 899 370 954 stolico
399 915 542 971 opus
583 899 824 970 Spiritus
851 898 1158 964 nuntiante,
1190 910 1298 952 vox
1321 895 1628 970 maiestatis
1667 895 1766 950 de-

181 999 380 1044 sertum
406 992 772 1047 concutientis
802 989 1042 1045 intonuit
1069 989 1127 1043 in
1169 988 1372 1044 virtute
1412 997 1468 1044 et
1513 986 1766 1060 magniﬁ-

181 1079 369 1133 centia.
409 1077 524 1135 Nec
567 1079 720 1135 fuere
766 1078 1108 1134 diversitates
1159 1078 1402 1149 gentium
1444 1077 1588 1148 apud
1625 1091 1766 1147 quas

182 1183 331 1226 voces
362 1186 558 1227 eorum
592 1187 704 1228 non
739 1171 1194 1243 intelligerentur,
1228 1171 1303 1226 ita
1331 1179 1393 1226 ut
1419 1169 1588 1225 divini
1624 1169 1765 1241 ignis

178 1259 423 1317 incendio
457 1263 789 1320 scintillante
811 1263 866 1318 in
895 1278 1114 1318 omnem
1145 1270 1346 1317 terram
1377 1275 1546 1317 sonus
1571 1275 1764 1316 eorum

168 1353 360 1421 exiret,
393 1362 450 1409 et
480 1353 690 1425 Spiritu
717 1355 900 1411 omnia
943 1355 1288 1421 continente,
1317 1367 1382 1410 ac
1413 1353 1534 1408 ideo
1573 1353 1763 1408 orbem

169 1443 409 1513 replente
457 1455 757 1514 terrarum,
817 1446 1004 1502 multis
1029 1447 1211 1502 etiam
1260 1445 1572 1500 nationibus
1612 1445 1763 1500 vocis

166 1536 394 1592 scientia
442 1539 776 1594 traderetur.
831 1537 931 1594 Hic
974 1539 1116 1592 dona
1171 1553 1270 1592 sua
1301 1538 1563 1605 dividens,
1606 1546 1761 1607 prout

165 1628 347 1697 wluit,
381 1629 514 1685 aliis
558 1649 750 1703 genera
774 1631 1079 1704 linguarum
1102 1630 1351 1697 contulit,
1382 1629 1505 1684 aliis
1529 1630 1762 1701 gratiam

156 1725 484 1791 sanitatum,
515 1724 835 1796 quibusdam
854 1724 1224 1780 discretionem
1251 1723 1559 1794 spirituum,
1585 1721 1763 1777 omni—

158 1811 258 1870 bus
289 1815 348 1870 in
399 1814 749 1872 Salvatorem
791 1814 1142 1872 credentibus
1183 1822 1533 1884 peccatorum
1565 1811 1761 1868 remis-

169 1904 388 1971 sionem,
420 1914 481 1960 et
512 1907 663 1976 quod
715 1906 802 1963 his
829 1905 1185 1962 excellentius
1218 1917 1324 1973 est,
1353 1903 1758 1961 indeiicientem

175 1993 246 2050 Dei
268 2005 326 2050 et
361 1997 609 2066 proximi
631 1997 999 2054 dilectionem.
1031 1996 1396 2052 Inﬂammavit
1422 1996 1641 2068 linguas
1662 1996 1759 2051 do-

171 2087 397 2142 centium
423 2097 486 2143 et
507 2083 826 2144 auditorum
856 2089 1113 2145 duritiem
1137 2089 1420 2146 emollivit.
1454 2087 1760 2158 Complevit

172 2179 506 2250 loquentium
529 2195 652 2247 ora,
677 2190 730 2236 et
747 2179 818 2236 ad
840 2179 1166 2252 capiendum
1193 2179 1423 2235 verbum
1445 2178 1571 2234 vita:
1591 2178 1756 2234 corda

172 2275 412 2341 invenit
447 2274 808 2337 discentium.
843 2282 904 2328 ut
927 2279 1074 2328 esset
1097 2271 1476 2342 magisterium
1500 2271 1619 2326 sine
1638 2286 1756 2326 mo-

175 2379 251 2431 ra,
279 2365 576 2436 disciplina
632 2365 752 2421 sine
799 2361 1136 2429 ditiicultate,
1181 2361 1446 2418 doctrinae
1499 2360 1757 2416 salutaris

176 2467 330 2508 verax
375 2463 426 2510 et
455 2453 709 2526 jucunda
744 2453 1040 2524 perceptio.
1087 2450 1246 2507 Tunc
1293 2451 1554 2522 compleri
1590 2450 1756 2521 coepit

172 2540 248 2598 illa
275 2543 470 2600 etfusio
497 2559 668 2616 quam
700 2559 798 2615 per
823 2542 940 2599 Joel
966 2541 1233 2598 Dominus
1263 2541 1409 2597 Deus
1445 2550 1572 2597 ante
1611 2557 1754 2613 pra:-

159 2633 368 2692 dixerat
392 2637 592 2694 dicens
618 2656 632 2692 :
670 2633 962 2706 Eﬁ'undam
991 2635 1056 2688 de
1083 2633 1291 2704 Spiritu
1318 2649 1430 2687 meo
1459 2649 1616 2702 super
1636 2647 1755 2687 om-

147 2743 259 2782 aeni
290 2745 545 2795 carnem,
609 2738 663 2784 et
711 2729 840 2784 filiis
887 2725 1223 2792 Juda:orum,
1267 2725 1474 2781 sanctis
1504 2725 1755 2782 videlicet

146 2819 434 2888 apostolis,
465 2819 641 2874 vitam
674 2818 918 2874 futuram
943 2816 1575 2889 prophetantibus.llinc
1606 2818 1751 2890 Syn-

148 2924 313 2982 agoga
368 2911 615 2981 perdidit
641 2927 895 2966 cruorem
935 2909 1280 2977 animalium,
1303 2909 1453 2965 illinc
1479 2910 1753 2981 gentilitas

149 3002 426 3056 culturam
479 2994 779 3071 idolorum,
805 3003 1065 3074 quoniam
1101 3000 1360 3072 Spiritus,
1384 3003 1479 3073 qui
1502 3017 1599 3072 per
1622 3003 1751 3058 lati-
1813 3068 1815 3070 η

156 3090 275 3146 bula
296 3093 697 3163 prophetarum
718 3093 1039 3166 signaverat
1059 3094 1353 3150 adventum
1380 3110 1564 3162 suum,
1593 3095 1756 3156 emis.
1801 3077 1813 3096 ’

160 3198 249 3238 sus
285 3199 314 3238 a
343 3182 512 3239 Patre
543 3194 599 3240 et
632 3184 792 3253 Filio,
821 3185 1074 3242 discusso
1099 3185 1236 3258 legis
1265 3185 1595 3253 velamento,
1620 3202 1750 3258 pro-

169 3277 316 3330 cessit
364 3276 422 3332 in
483 3277 790 3348 publicum,
838 3285 899 3332 ut
948 3293 1088 3333 nova
1116 3277 1394 3350 creatione
1420 3276 1563 3334 facta
1593 3287 1751 3335 terra:

175 3363 346 3423 faciem
373 3379 690 3437 renovaret,
728 3378 784 3426 et
805 3370 1027 3426 remotis
1051 3370 1462 3426 idololatrarum
1494 3370 1750 3426 sordibus

173 3455 462 3526 disparatus
491 3459 731 3529 parietes
773 3459 828 3514 in
873 3475 1036 3515 unam
1060 3460 1286 3515 domum
1326 3459 1544 3515 Domini
1578 3461 1745 3517 eoad-

175 3557 370 3616 unaret,
417 3559 473 3606 et
505 3549 662 3606 fieret
707 3567 830 3622 gens
853 3560 1060 3618 sancta,
1090 3550 1315 3623 populus
1357 3553 1745 3622 acquisitionis,

174 3637 373 3694 electum
393 3659 580 3714 genus,
597 3642 772 3714 regale
796 3644 1172 3709 sacerdotium,
1186 3643 1444 3700 omnibus
1458 3645 1668 3700 vocatis
1691 3645 1749 3699 in

175 3727 473 3786 adniirabile
500 3732 690 3788 lumen
712 3730 930 3805 Domini
955 3731 1004 3786 J.
1025 3730 1096 3788 C.
1123 3730 1238 3788 Hoc
1265 3731 1538 3788 Paraclito
1559 3749 1751 3806 sugge-

177 3826 307 3874 rente
344 3823 552 3888 omnia,
579 3831 635 3877 et
670 3821 935 3878 eﬂiciente
965 3838 1064 3894 per
1091 3824 1446 3894 apostolicam
1479 3842 1746 3881 manuum

177 3905 585 3981 impositionem,
617 3928 904 3969 sacrorum
930 3915 1186 3970 ordinum
1213 3915 1528 3972 institutum
1548 3926 1633 3973 est
1652 3932 1745 3972 sa-

179 4010 524 4070 cramentum,
544 4011 600 4059 et
613 4003 907 4059 venerandi
943 4004 1161 4060 concilii
1182 4007 1273 4078 pia
1302 4007 1542 4063 collatio.
1569 4007 1744 4074 Quam

179 4088 387 4150 formam
417 4084 714 4170 sequentes
735 4097 930 4155 Patres
949 4099 1318 4168 imitarentur,
1347 4103 1620 4172 quatenus
1653 4118 1748 4159 eo-

177 4180 278 4238 dem
291 4185 498 4257 Spiritu
513 4189 772 4245 illustrati
791 4191 1150 4263 subrepentes
1168 4194 1405 4250 haereses
1419 4194 1597 4251 devita
1606 4204 1745 4262 rent,

178 4281 224 4327 et
237 4290 330 4346 pro
350 4287 662 4350 temporum
686 4289 852 4352 atque
872 4283 1119 4360 locorum
1143 4286 1357 4341 ratione
1377 4287 1655 4342 sancirent
1669 4301 1750 4343 re

178 4367 307 4433 gulae
349 4371 722 4427 moderamine
745 4373 1050 4430 mansueto.
1081 4373 1196 4431 Hoc
1240 4376 1360 4446 ipso
1381 4378 1607 4438 animati
1634 4385 1746 4432 tam

180 4461 384 4525 apostoli
394 4478 562 4533 quam
574 4463 861 4533 apostolici
871 4465 974 4518 viri
987 4475 1306 4522 constanter
1315 4469 1650 4524 caducorum
1667 4485 1748 4525 re-

1871 620 1972 674 Iiuc
1997 620 2132 676 citra
2165 621 2360 676 mortis
2385 621 2625 677 debitum
2647 623 3010 679 commoranti
3039 624 3175 678 desit
3196 626 3346 680 milii.
3373 625 3458 683 Ad

1871 712 2018 768 hunc
2039 712 2378 768 manentium
2409 713 2620 768 dierum
2652 729 2943 770 numerum
2979 715 3252 771 inﬁnitum
3279 726 3460 774 trans-

1869 803 1990 858 ilire
2037 803 2367 875 quandoque
2408 820 2509 861 nos
2544 803 2675 861 facit
2708 806 2933 876 spiritus
2981 803 3220 878 pietatis,
3263 805 3318 864 et
3353 825 3458 864 un-

1868 893 2052 950 ctione
2107 911 2226 962 sua,
2279 912 2388 966 qua
2437 896 2597 952 decet
2629 896 2697 952 de
2739 897 3018 964 omnibus,
3072 899 3333 969 suggerit,
3387 914 3457 955 ne
3539 962 3547 969 ,

1866 994 2044 1041 totum
2073 1001 2175 1043 nos
2199 987 2679 1059 comprehendisse
2701 989 3053 1057 arbitremur,
3083 991 3178 1045 sed
3212 1005 3457 1060 prtescn-

1867 1079 2014 1134 tibus
2056 1080 2416 1135 sacramentis
2456 1079 2676 1148 initiati,
2716 1096 2841 1144 eum
2871 1082 3120 1151 apostolo
3147 1082 3201 1136 in
3229 1097 3296 1138 ea
3333 1098 3458 1152 qua:

1862 1181 2096 1250 ventura
2121 1179 2250 1227 sunt
2269 1172 2630 1226 extendamur
2655 1173 2722 1228 ad
2745 1173 2993 1228 bravium
3022 1189 3274 1244 superna:
3289 1190 3456 1231 voca-

1865 1261 2034 1317 tionis
2070 1261 2186 1330 Dei,
2239 1279 2508 1320 memores
2557 1265 2705 1320 illius
2759 1265 3093 1322 haereditatis
3136 1267 3192 1320 in
3239 1282 3348 1338 qua
3385 1268 3456 1324 de

1864 1367 2034 1407 manu
2070 1353 2316 1407 omnium
2354 1354 2703 1410 inimicorum
2736 1355 3094 1411 invisibilium
3137 1373 3242 1412 seu
3266 1357 3456 1414 visibi~

1863 1442 2000 1498 lium
2048 1444 2286 1511 liberati,
2334 1445 2393 1498 in
2439 1447 2726 1501 sanctitate
2770 1454 2825 1501 et
2849 1447 3063 1516 justitia
3098 1439 3283 1502 ceram
3332 1450 3454 1519 ipso

1863 1535 2218 1604 corporaliter
2238 1538 2572 1606 praesentati,
2605 1539 2755 1593 omni
2779 1548 3021 1610 tempore
3048 1540 3350 1595 serviemus
3379 1541 3454 1598 ei.

1865 1623 2020 1681 Sicut
2039 1627 2184 1680 enim
2208 1627 2390 1698 priora
2415 1628 2778 1700 signiﬁcativa
2815 1637 2944 1684 sunt
2970 1631 3342 1699 praesentium,
3375 1631 3456 1687 ita

1863 1717 1970 1773 ista
2017 1719 2263 1774 eﬂ‘ectiva
2293 1721 2513 1791 quidem
2545 1721 2739 1777 salutis
2779 1729 2929 1787 sunt,
2965 1721 3062 1776 sed
3101 1722 3456 1792 praesentatio

1862 1806 2201 1877 futurorum;
2247 1825 2344 1882 spe
2365 1811 2513 1866 enim
2542 1811 2678 1866 salvi
2716 1810 2845 1880 facti
2877 1825 3092 1878 sumus,
3121 1818 3178 1866 et
3204 1812 3455 1867 videmus
3545 1797 3552 1805 ’

1860 1917 2008 1958 nunc
2031 1919 2130 1973 per
2152 1904 2458 1974 speculum,
2491 1911 2625 1959 tunc
2655 1911 2837 1958 autem
2867 1902 3020 1958 facie
3038 1903 3104 1958 ad
3139 1901 3334 1957 faciem
3372 1903 3458 1957 vi-

1859 1994 1976 2050 suri
2001 2010 2212 2062 sumus,
2245 2009 2370 2050 cum
2395 1993 2708 2066 apparuerit
2731 1993 2988 2050 Christus
3013 1993 3125 2049 vita
3165 2001 3374 2062 nostra,
3400 1999 3457 2047 et

1857 2084 2085 2156 coeperit
2107 2071 2368 2156 apparere
2400 2083 2531 2156 quid
2559 2085 2791 2140 erimus.

2431 2213 2662 2270 CAPUT
2699 2212 2867 2268 XXII.

1929 2347 2172 2404 Breviter
2196 2347 2415 2419 longam
2457 2347 2657 2404 seriem
2691 2361 2917 2418 Operum
2947 2345 3042 2403 Dei
3073 2347 3375 2420 attigimus,
3397 2357 3457 2406 et

1856 2440 2192 2512 subjecimus
2213 2440 2531 2510 conspectui
2556 2447 2652 2496 tuo
2671 2438 2929 2496 Ecclesiae
2951 2448 3148 2505 status,
3173 2448 3237 2494 ut
3256 2439 3454 2495 exindo

1851 2533 2128 2605 iudicares
2170 2547 2336 2603 quam
2378 2533 2823 2588 inconvenientes
2857 2531 2912 2587 in
2951 2531 3228 2602 plerisque
3257 2539 3312 2586 et
3339 2531 3456 2607 dis-

1856 2640 2008 2682 sona:
2036 2625 2146 2680 sint
2169 2625 2412 2681 caelestis
2443 2624 2714 2680 institutio
2732 2632 2788 2680 et
2807 2624 3174 2679 humanorum
3201 2623 3457 2679 versutia

1854 2718 2261 2788 figmentorum.
2293 2715 2556 2783 Quamvis
2595 2717 2742 2772 enim
2791 2717 2846 2770 in
2879 2715 3074 2771 morali
3119 2715 3454 2771 discretione

1855 2815 2052 2877 praeter
2083 2821 2149 2861 ea
2181 2821 2304 2877 qua:
2327 2807 2395 2862 ad
2416 2807 2580 2862 ﬁdem
2609 2807 3039 2862 sanctitlcantcm
3060 2815 3256 2863 cuncta
3278 2807 3451 2877 perti-

1856 2906 2008 2965 nent,
2041 2897 2098 2953 in
2125 2898 2375 2968 pluribus
2415 2899 2812 2970 philosophica:
2845 2898 3089 2954 rationes
3113 2914 3146 2953 a
3177 2898 3452 2954 catholico

1855 3002 2025 3045 sensu
2049 3001 2160 3043 non
2176 2988 2507 3059 discrepent,
2533 2989 2680 3045 sicut
2698 2989 2752 3043 in
2774 2988 3142 3060 descriptione
3161 2988 3448 3057 virtutum,

1856 3095 1997 3151 quas
2029 3080 2303 3152 politicas,
2329 3082 2677 3153 purgatorias
2697 3089 2751 3137 et
2781 3089 3043 3154 purgatas
3071 3081 3365 3153 appellant,
3396 3091 3452 3138 et

1858 3172 1981 3228 aliis
2009 3172 2216 3240 multis,
2241 3187 2310 3228 ex
2343 3173 2547 3244 quibus
2588 3173 2947 3230 ecclesiastici
2978 3181 3222 3229 rectores
3261 3179 3317 3229 et
3343 3189 3449 3244 gu-

1853 3263 2175 3320 bernatores
2231 3263 2433 3320 divina:
2479 3264 2792 3334 reipublicae
2836 3263 3084 3335 quaedam
3141 3279 3447 3336 sumpsere,

1853 3367 2037 3412 tamen
2067 3373 2194 3413 cum
2238 3358 2307 3414 ad
2341 3373 2636 3428 corporum
2670 3367 2985 3414 nostrorum
3018 3358 3448 3428 disputationem

1851 3457 2075 3505 ventum
2124 3459 2228 3517 est,
2282 3450 2670 3506 miserabiliter
2711 3450 3089 3519 desipuerunt,
3145 3457 3448 3504 statuentes

1854 3541 1960 3598 sibi
1985 3542 2327 3613 perniciosas
2359 3542 2660 3597 sententias
2689 3556 2812 3611 quae
2857 3540 3085 3596 veniunt
3123 3533 3316 3595 contra
3361 3555 3450 3595 re-

1853 3634 2214 3690 surrectionis
2240 3634 2598 3706 mysterium,
2616 3633 2763 3690 circa
2790 3633 2936 3703 quod
2962 3633 3200 3686 maxime
3241 3631 3449 3689 divitia:

1852 3725 2114 3780 bonitatis
2135 3733 2190 3780 et
2217 3724 2616 3780 humiliationis
2646 3723 2741 3778 Dei
2767 3725 3079 3791 versantur,
3111 3723 3258 3793 quod
3282 3723 3448 3778 nimi-

1851 3832 1975 3871 rum
2000 3831 2102 3872 nec
2131 3823 2326 3871 natura
2347 3817 2486 3872 duce
2509 3816 2991 3887 comprehendere,
3017 3831 3120 3871 nec
3144 3816 3448 3886 inspirante

1853 3908 1966 3963 Deo
1994 3921 2326 3979 cognoscere
2355 3916 2693 3964 meruerunt.
2717 3908 2930 3978 Corpus
2962 3923 3197 3979 namque
3224 3924 3292 3964 ex
3337 3909 3447 3965 ele-

1851 3999 2054 4059 mentis
2081 4009 2429 4070 compactum
2457 4001 2806 4068 arbitrantes,
2832 4001 2980 4071 quod
3017 4001 3191 4070 ipsius
3232 4003 3442 4073 ponde-

1850 4107 2044 4148 rosum
2069 4099 2188 4148 erat
2212 4093 2580 4162 opinabantur
2606 4093 2662 4148 in
2691 4101 2895 4148 terram
2926 4094 3225 4149 inevitabili
3252 4089 3444 4150 neces-

1853 4185 2016 4240 sitate
2065 4185 2286 4253 redire,
2352 4195 2412 4240 ut
2467 4184 2663 4255 spiritu
2727 4186 2824 4241 ad“
2857 4186 3068 4243 stellam
3129 4199 3443 4257 comparem

1854 4275 2135 4341 redeunte,
2158 4274 2373 4344 singula
2399 4289 2465 4330 ex
2490 4275 2693 4345 quibus
2721 4285 3038 4331 concretum
3066 4289 3266 4346 corpus
3307 4293 3443 4331 con-

1854 4367 2085 4433 stiterat,
2125 4367 2182 4422 in
2231 4367 2490 4422 matrices
2531 4368 2803 4423 essentias
2847 4375 3246 4435 retexerentur;
3300 4369 3445 4425 unde

1855 4459 1992 4513 nihil
2023 4459 2171 4513 aliud
2195 4471 2398 4528 corpus
2420 4471 2586 4528 quam
2615 4473 2894 4515 carcerem
2914 4469 2966 4514 et
2987 4459 3300 4529 sepulcrum
3323 4473 3445 4531 pm-

180 4561 282 4614 t'lnn
301 4561 702 4622 superaverunt
727 4563 1019 4622 tormenta,
1043 4565 1097 4611 et
1116 4556 1242 4624 ﬁde,
1269 4559 1472 4624 verbis,
1495 4561 1742 4616 moribus
1775 4575 1821 4634 ο
1849 4550 2075 4608 nitentis
2102 4549 2302 4604 anima:
2325 4549 2690 4604 aestimabant.
2727 4548 2963 4605 Proinde
2982 4549 3300 4620 quicunque
3325 4550 3445 4606 illa-

174 4633 323 4694 Deum
355 4642 409 4696 in
442 4658 504 4698 se
531 4642 900 4714 gloriﬁcantes
924 4643 1224 4700 robustiori
1249 4647 1456 4702 amoris
1479 4655 1616 4704 testu
1643 4665 1741 4704 ex-

169 4731 398 4788 ustiones
425 4747 722 4803 corporum
751 4744 1216 4808 contempserunt,
1245 4739 1300 4793 in
1326 4739 1587 4810 patientia
1610 4756 1742 4796 san-

166 4831 270 4877 ctas
302 4826 518 4882 animas
543 4828 907 4898 possidentes,
939 4839 994 4886 et
1020 4847 1196 4902 usque
1217 4833 1284 4888 ad
1307 4833 1473 4902 hujus
1493 4833 1619 4889 vitae
1642 4848 1739 4888 ex-

168 4910 287 4968 itum
328 4925 388 4972 et
428 4933 691 4974 coronam
722 4921 969 4994 martyrii
995 4923 1311 4979 thesaurum
1351 4924 1478 4980 ﬁdei
1501 4925 1556 4979 in
1595 4926 1743 4982 vasis

168 5000 406 5064 ﬁctilibus
447 5019 860 5068 consonantes.
901 5011 1078 5083 Hujus
1123 5013 1409 5085 inspiratio
1453 5019 1556 5081 est,
1595 5015 1743 5086 quod

170 5093 354 5164 ubique
405 5098 574 5152 sentit
623 5101 896 5155 catholica
946 5099 1222 5157 confessio
1265 5102 1634 5170 sacerdotum,
1689 5112 1746 5159 et

171 5186 464 5260 quicunque
494 5191 564 5246 de
585 5191 870 5249 incarnato
903 5191 1108 5260 Verbo,
1135 5193 1250 5249 sive
1270 5193 1340 5248 ad
1363 5194 1597 5250 aliorum
1615 5209 1743 5250 eru-

171 5274 432 5349 ditionem,
461 5297 558 5338 seu
581 5283 664 5338 rad
693 5284 784 5339 sui
821 5285 1254 5342 consolationem
1300 5301 1438 5342 sano
1463 5278 1741 5345 intellectu

172 5365 318 5427 locuti
363 5383 513 5442 sunt,
552 5383 662 5432 non
703 5377 922 5432 aliunde
957 5372 1132 5447 quam
1175 5377 1246 5432 ab
1271 5377 1366 5432 illo
1411 5379 1739 5446 hauserunt;

173 5475 312 5520 nemo
335 5468 485 5522 enim
507 5477 658 5524 amat
683 5468 996 5525 Dominum-
1017 5469 1204 5526 Iesum
1233 5469 1515 5527 Christum
1550 5471 1742 5528 nisi‘in

174 5548 354 5624 Spiritu
379 5570 594 5627 sancto,
619 5563 713 5632 qui
749 5563 1046 5620 adveniens
1071 5563 1368 5619 electorum
1397 5563 1658 5620 cordibus
1681 5563 1762 5618 in'

171 5661 391 5707 amorem
437 5655 697 5709 coaeterni
722 5655 827 5711 sibi
859 5655 1022 5712 Verbi
1066 5657 1332 5724 accendit,
1375 5665 1432 5712 et
1463 5655 1744 5726 postulare

176 5750 251 5824 $05
268 5739 391 5797 facit
412 5736 708 5816 gemitibus
729 5745 1206 5814 inenarrabilibus,
1229 5754 1283 5801 et
1304 5761 1430 5802 cum
1448 5744 1742 5800 Psalmista

191 5835 366 5893 Mere
393 5851 407 5888 :
458 5832 664 5888 Notum
694 5835 782 5904 fac
810 5837 961 5904 mihi,
991 5837 1238 5905 Domine,
1273 5838 1432 5907 ﬁnem
1463 5851 1658 5906 meum,
1688 5843 1742 5891 et

441 5953 444 5955 λ
469 5927 749 5992 Parnm.
795 5929 970 5992 CLV.

1731 5988 1756 6022 ,ιη
1827 5974 1849 6016 ⁸,

1849 4661 1974 4701 rum
1995 4643 2395 4713 scripturarum
2417 4641 2695 4710 sensibus,
2729 4643 2873 4698 sicut
2897 4644 3061 4708 veris,
3085 4635 3458 4713 acquieverit,‘

1848 4753 1977 4809 quae
1991 4735 2398 4806 reparationem
2427 4750 2723 4806 corporum
2759 4736 2814 4791 in
2845 4745 3047 4793 aeterna
3077 4739 3188 4792 vita
3231 4739 3440 4808 impos-

1848 4830 2063 4887 sibilem
2110 4843 2234 4884 esse
2264 4828 2624 4896 contendunt,
2655 4835 2916 4899 tanquam
2961 4828 3152 4883 verius
3180 4826 3466 4898 reputans.

1846 4922 1996 4993 quod
2037 4920 2108 4975 ab
2143 4919 2380 4976 ethnicis
2409 4921 2682 4976 sancitum
2719 4921 2812 4987 sit,
2843 4920 3028 4976 omnia
3065 4919 3281 4974 scilicet
3304 4935 3444 4990 pons

1849 5014 1980 5070 dera
2019 5027 2123 5069 suo
2157 5021 2309 5067 nutu.
2343 5012 2400 5066 in
2438 5022 2640 5069 terram
2685 5012 2838 5078 ferri,
2883 5011 2986 5067 iste
3031 5011 3238 5080 absque
3273 5013 3441 5068 dubio

1851 5104 2027 5160 hostis
2055 5113 2139 5159 est
2168 5105 2254 5159 sui
2299 5103 2498 5174 ipsius,
2537 5112 2592 5158 et
2618 5105 2865 5174 ingratus
2891 5101 3284 5157 elementorum
3329 5106 3441 5159 An-

1851 5196 2010 5262 etori,
2062 5195 2155 5266 qui
2200 5196 2383 5250 omnia
2431 5207 2772 5265 quaecunque
2815 5194 2990 5248 voluit
3025 5193 3172 5263 fecit,
3218 5197 3308 5250 cui
3341 5211 3441 5266 pro

1849 5297 2002 5344 certo
2028 5298 2139 5343 tam
2165 5288 2323 5344 facile
2349 5297 2435 5343 est
2465 5301 2638 5342 unum
2661 5286 2718 5339 in
2753 5299 3011 5356 supremo
3037 5287 3238 5354 locare,
3274 5303 3440 5358 (luam

1851 5380 2011 5438 facile
2031 5379 2136 5436 fuit
2162 5380 2218 5435 in
2242 5380 2420 5450 prima
2441 5377 3120 5452 creatione'compugnans
3139 5382 3442 5437 chaosele-

1851 5469 2784 5529 mentaria‘dietinctioue‘stabilire.
2810 5471 2877 5528 Et
2901 5472 2958 5526 in
2986 5473 3110 5541 hoc,
3137 5483 3200 5529 ut
3221 5475 3438 5544 opinor,

1849 5579 2064 5620 mecum
2085 5565 2365 5632 convenis,
2397 5566 2545 5635 quod
2571 5565 2756 5621 omnia
2784 5581 2907 5636 quae
2924 5567 3042 5621 vult
3073 5568 3248 5637 possit
3271 5567 3437 5624 Deus.

1852 5655 1959 5712 Sed
1983 5655 2235 5713 fortassis
2259 5657 2474 5726 inquies
2505 5675 2519 5712 :
2557 5657 2711 5714 Licet
2739 5657 2932 5714 cuneta
2970 5658 3137 5712 faciat
3173 5673 3438 5728 quaecun-

1850 5759 1956 5816 que
1977 5746 2126 5813 velit,
2151 5761 2251 5802 nec
2272 5746 2422 5802 aliud
2443 5746 2630 5816 faciat,
2653 5758 2714 5804 et-
2733 5749 2888 5804 aliud
2899 5749 3050 5814 velit,
3073 5748 3168 5804 sed
3187 5764 3252 5801 ea
3273 5749 3438 5802 etiam

1849 5837 1979 5896 velit
2003 5851 2126 5910 quae
2151 5836 2302 5908 facit,
2332 5840 2463 5911 quia
2493 5841 2828 5898 voluntatem
2859 5839 2983 5910 ejus
3006 5851 3172 5895 nemo
3199 5838 3438 5905 cun.pel-.

1977 5990 1991 6008 δ
2047 5973 2102 6006 εὖ
2582 5996 2607 6008 ..
3080 5931 3118 5991 6
