3990 6298
495 408 518 462 1
531 406 600 462 π

1927 383 2070 440 MAN
2079 383 2209 439 EGA
2218 377 2328 437 LDI

3663 355 3769 411 ιη

492 516 574 583 lit,
597 513 1003 587 philosophanti
1029 520 1210 568 tamen
1239 511 1294 564 in
1324 508 1492 564 dubio
1521 509 1704 561 manet
1733 511 1918 556 utrum
1961 499 2076 567 ipse
2111 497 2154 556 Α
2178 505 2394 565 petatur
2425 491 2689 563 quidquid
2719 488 3331 587 inlionestumoctturpe
3360 466 3770 587 cstz‘quidqujid

489 608 723 664 voluerit
742 607 889 678 quod
919 620 1044 660 eum
1083 603 1321 658 voluisse
1360 607 1415 654 et
1451 597 1645 653 fecisse
1677 594 1834 648 beata
1869 590 2076 659 simpli-

489 701 626 756 citas
651 698 890 754 fidelium
915 695 1104 751 credit.
1138 691 1237 747 Hic
1257 688 1577 762 quaestionis
1605 685 1781 740 nodus
1803 683 1946 738 sicut
1968 695 2076 734 non

490 790 734 848 credenti
763 789 1018 854 difficilis,
1062 786 1136 840 ita
1179 782 1356 838 facilis
1390 788 1475 834 est
1508 777 1770 841 credenti,
1807 783 1863 829 et
1903 787 2078 843 quan—

489 893 609 940 tum
641 881 696 937 in
745 882 967 936 homine
1009 886 1112 944 est,
1169 883 1228 930 ut
1265 871 1540 936 existimo,
1590 866 1919 930 insolubilis,
1971 863 2077 918 nisi

491 973 634 1029 adsit
658 972 826 1027 clavis
855 969 1044 1034 David,
1070 981 1193 1036 qua:
1218 961 1423 1018 claudit
1444 969 1500 1016 et
1526 974 1686 1015 nemo
1724 957 1919 1028 aperit,
1951 970 2080 1025 ape—

490 1065 564 1118 rit
582 1072 638 1118 et
663 1077 826 1118 nemo
864 1058 1084 1116 claudit.
1111 1053 1278 1109 Nobis
1313 1060 1494 1106 autem
1519 1051 1624 1106 hoc
1651 1050 1890 1105 solutum
1917 1054 2001 1102 est
2025 1047 2078 1100 in

491 1153 636 1208 fideli
663 1153 959 1214 Abraham,
991 1149 1044 1200 in
1067 1145 1224 1215 cujus
1254 1143 1462 1198 semine
1491 1143 1656 1196 etiam
1692 1141 1921 1196 credens
1957 1137 2081 1207 phi-

491 1245 758 1314 losophus
783 1237 1136 1302 bcnedicitur,
1162 1236 1216 1290 in
1240 1235 1498 1291 columna
1521 1233 1685 1288 nubis
1706 1241 1760 1287 et
1777 1231 1920 1302 ignis
1945 1238 2082 1284 tem-

492 1348 626 1404 pore
670 1331 862 1404 Moysi,
895 1330 949 1382 in
978 1326 1249 1382 divisione
1292 1324 1464 1380 maris
1495 1323 1688 1388 Rubri,
1730 1331 1784 1377 et
1811 1319 2022 1376 caeteris
2048 1334 2081 1374 a

492 1425 652 1479 nobis
686 1420 936 1492 superius
957 1417 1392 1489 comprehensis,
1430 1417 1486 1472 in
1513 1415 1714 1486 quibus
1740 1413 2081 1470 consuetudo

495 1523 704 1570 natura-3
746 1513 911 1568 toties
949 1512 1094 1567 victa
1132 1520 1238 1578 est,
1281 1518 1343 1564 ut
1367 1509 1484 1579 jam
1525 1509 1641 1579 ipsa
1674 1508 1742 1564 de
1786 1521 1846 1561 se
1887 1513 2081 1559 natura

491 1621 682 1679 parum
709 1605 982 1662 confidere
1007 1603 1204 1675 possit.
1236 1602 1319 1657 Ad
1342 1602 1596 1657 ultimum
1620 1606 1784 1656 natus
1810 1606 1896 1654 est
1916 1599 2082 1654 homo

493 1695 640 1752 Deus
664 1695 731 1750 de
773 1701 1036 1766 perpetua
1069 1691 1310 1762 Virgine,
1353 1691 1606 1760 idemque
1645 1691 1813 1745 homo
1839 1690 2082 1759 sepultus

492 1787 854 1843 resuscitatus
875 1791 960 1840 est
986 1784 1042 1840 in
1081 1792 1347 1839 aeternum
1375 1797 1501 1837 cum
1533 1796 1662 1838 vero
1701 1795 1952 1850 corpore,
1986 1780 2082 1851 qui

2179 589 2505 643 damnosum
2533 592 2766 647 ametur,
2797 588 2849 634 et
2881 579 3046 633 homo
3073 576 3128 629 in
3161 576 3421 628 honorem
3452 563 3549 623 Dei
3580 565 3772 622 condi-

2180 675 2548 746 tusjumentis
2577 670 2963 742 insipientibus
2998 665 3193 722 similis
3222 661 3485 732 redigitur
3518 659 3574 712 in
3603 656 3771 746 dede-

2179 745 2544 826 cusibestiale.
2574 763 2705 819 Sine
2730 759 3033 817 differentia
3062 769 3299 826 namque
3325 753 3392 808 de
3418 751 3554 806 vitio
3579 747 3690 803 itur
3715 745 3770 799 in

2179 860 2392 924 vitium,
2419 856 2511 912 ubi
2542 855 2708 911 etiam
2729 851 2958 924 'pcccati
2987 862 3153 904 causa
3197 845 3259 900 fit
3299 841 3610 915 praecedens
3639 853 3773 909 pcc—
3823 913 3826 916 .

2179 960 2383 1016 catum,
2413 958 2467 1004 et
2492 947 2710 1004 assidua
2733 941 2992 1015 peccandi
3019 937 3305 996 delectatio
3327 934 3621 1005 reprobum
3645 944 3776 984 sen-
3829 997 3832 1000 ξ

2180 1058 2302 1098 sum
2354 1041 2409 1094 in
2457 1036 2788 1108 profundum
2829 1031 3095 1106 pertrahit
3145 1037 3514 1102 peccatorum,
3551 1032 3615 1080 ut
3655 1021 3772 1094 jam

2181 1133 2330 1189 nulla
2362 1132 2609 1188 videatur
2652 1128 2759 1184 sibi
2786 1142 2951 1198 posse
2992 1124 3110 1180 fieri
3140 1121 3396 1179 remissio
3420 1119 3769 1176 delictorum.

2181 1223 2335 1280 Tunc
2355 1222 2500 1294 quod
2521 1221 2671 1276 omni
2709 1217 2927 1275 victima
2961 1216 3146 1287 potius
3170 1223 3274 1279 est,
3319 1210 3642 1291 obedientiae
3675 1206 3774 1261 bo-

2181 1330 2312 1370 num
2342 1313 2733 1378 contemnitur,
2758 1311 2851 1365 ubi
2877 1308 3140 1366 nimirum
3154 1304 3413 1362 defuncto
3431 1304 3628 1359 timore
3652 1300 3772 1370 Dei,

2181 1409 2282 1466 soli
2311 1406 2613 1464 dominanti
2642 1403 2855 1460 libidini
2884 1401 3154 1457 obeditur.

2745 1489 2976 1548 CAPUT
3011 1488 3202 1545 XXIII.

2249 1587 2604 1644 Confusionis
2632 1595 2796 1642 tanta:
2821 1584 3126 1650 baratrum,
3154 1581 3262 1638 nisi
3284 1579 3459 1650 major
3479 1575 3577 1634 Dei
3605 1576 3775 1633 misc-

2182 1681 2417 1737 ricordia
2443 1678 2736 1751 perditioni
2769 1683 2964 1734 vestrae
3005 1673 3297 1732 subvenire
3320 1671 3655 1744 dignabitur,
3678 1683 3779 1723 vo-

2183 1774 2269 1830 bis
2314 1782 2370 1829 et
2399 1774 2503 1830 sibi
2553 1786 2892 1844 praeparasse
2921 1769 3194 1835 videntur,
3227 1783 3337 1822 non
3368 1765 3782 1835 qualescunque

493 1877 649 1946 prius
680 1876 737 1930 in
780 1882 1163 1946 argumentum
1195 1873 1416 1929 virtutis
1443 1888 1558 1927 suae
1602 1871 1830 1927 fetidum
1857 1871 2087 1927 cadaver
2117 1856 2159 1916 Β
2187 1879 2456 1935 personae,
2495 1863 2590 1919 sed
2627 1877 2768 1933 quos
2805 1857 3250 1929 archiepiscopos
3278 1864 3332 1910 et
3359 1855 3649 1925 episcopos
3682 1865 3783 1920 ap-

493 1963 691 2019 Lazari
737 1965 1004 2018 veraciter
1034 1962 1348 2018 restituerat
1375 1962 1594 2017 mortali
1638 1962 1782 2017 vitae.
1828 1961 2085 2016 Mentitur

497 2071 630 2126 ergo
664 2055 1026 2125 philosophus
1061 2053 1356 2109 enuntians
1385 2067 1608 2109 omnem
1651 2052 1933 2108 hominem
1963 2067 2086 2108 esse

495 2147 703 2201 animal
724 2146 990 2201 rationale
1011 2145 1262 2213 mortale,
1286 2145 1416 2215 quia
1438 2144 1693 2200 Christus
1712 2159 2004 2214 resurgens
2020 2159 2084 2198 ex

497 2237 730 2293 mortuis
748 2237 863 2308 jam
897 2251 1009 2292 non
1036 2238 1287 2304 moritur,
1311 2251 1463 2292 mors
1491 2235 1568 2290 illi
1605 2237 1747 2291 ultra
1775 2247 1884 2291 non
1913 2233 2090 2290 domi-

496 2329 736 2384 nabitur.
769 2328 849 2384 Ac
867 2343 969 2400 pro
994 2327 1101 2384 hoc
1122 2328 1346 2399 quidam
1373 2327 1540 2383 homo
1573 2326 1752 2383 factus
1774 2335 1858 2382 est
1886 2326 2090 2381 animal

497 2420 835 2488 immortale,
893 2420 990 2490 qui
1043 2421 1286 2476 salutare
1326 2420 1522 2491 dogma
1558 2418 1929 2474 imitatoribus
1973 2418 2090 2474 suis

493 2510 729 2578 confert,
758 2518 813 2565 et
842 2510 898 2564 in
926 2510 1257 2580 disputando
1283 2509 1523 2580 adjuvat,
1555 2516 1826 2579 quatenus
1849 2507 2088 2575 diabolo,

493 2604 593 2675 qui
616 2604 923 2660 exstinctor
953 2602 1076 2658 tidei
1101 2611 1204 2670 est,
1231 2611 1287 2658 et
1312 2602 1573 2658 membris
1605 2601 1724 2672 ejus
1753 2601 1981 2656 viriliter
2005 2616 2092 2657 re-

494 2695 776 2762 sistentes,
803 2695 1030 2752 credant
1056 2705 1110 2751 et
1131 2696 1369 2751 clament
1395 2696 1655 2752 velociter
1697 2694 1943 2750 futurum
1971 2711 2092 2752 esse

485 2793 560 2840 ut
599 2787 801 2870 collata
847 2786 1058 2841 homini
1095 2787 1530 2856 immortalitate,
1561 2804 1670 2858 qua
1697 2787 1843 2843 Deus
1870 2788 2092 2844 differe-

496 2875 591 2936 bat
617 2879 685 2934 ab
714 2894 803 2946 eo,
824 2887 1103 2935 removeat
1135 2880 1546 2948 mortalitatem,
1572 2896 1681 2951 qua
1723 2881 1887 2935 homo
1929 2880 2094 2937 miser

497 2970 784 3026 recedebat
829 2985 860 3024 a
911 2969 1042 3036 Deo,
1093 2978 1148 3025 et
1197 2970 1277 3026 sic
1320 2986 1417 3042 per
1451 2971 1656 3027 Christi
1693 2970 2014 3041 sapientiam
2039 2981 2095 3027 et

495 3061 728 3131 gratiam
759 3061 864 3116 sub
891 3073 1001 3116 una
1029 3061 1348 3143 definitione
1372 3062 1724 3127 conveniant,
1751 3076 1892 3132 quos
1937 3077 2092 3118 mor-

495 3151 622 3208 talis
654 3152 1018 3222 philosophus
1039 3167 1136 3221 per
1164 3151 1489 3208 infatuatam
1521 3153 1867 3223 prudentiam
1908 3162 2092 3210 trans—

496 3243 658 3298 itoria
686 3243 948 3313 qualitate
977 3242 1269 3298 dividebat.
1305 3241 1423 3299 Hoc
1464 3259 1572 3298 non
1601 3243 1902 3314 percipitur
1937 3254 2091 3315 post-

495 3349 662 3402 quam
705 3332 932 3403 spiritus
975 3332 1256 3403 subjectus
1285 3343 1369 3389 est
1423 3333 1599 3401 carni,
1651 3334 1916 3403 quoniam
1967 3353 2091 3392 cum

495 3440 625 3481 caro
647 3425 910 3480 adversus
932 3425 1184 3495 spiritum
1208 3425 1583 3494 concupiscat,
1612 3425 1660 3480 si
1681 3426 1906 3496 spiritus
1928 3428 2094 3484 abne-

495 3516 636 3586 gatis
688 3514 957 3570 fructibus
991 3515 1129 3581 suis,
1159 3515 1254 3585 qui
1284 3525 1414 3570 sunt
1443 3516 1745 3571 secundum
1770 3517 2092 3588 Apostolum

497 3607 718 3664 Galatas
739 3610 1137 3676 cohortantem,
1168 3609 1432 3676 cbaritas,
1467 3607 1750 3680 gaudium,
1779 3626 1904 3681 pax,
1934 3612 2091 3680 fides,

495 3702 854 3769 continentia,
889 3702 1136 3768 castitas,
1170 3709 1226 3756 et
1265 3701 1372 3756 alia
1398 3702 1550 3770 talia,
1579 3721 1704 3776 quae
1745 3704 1958 3776 cogenti
1989 3705 2095 3774 legi

496 3811 608 3850 non
639 3795 946 3866 subjacent,
972 3795 1076 3851 sub
1099 3794 1344 3850 dominio
1370 3796 1554 3853 carnis
1583 3798 1881 3863 transierit,
1904 3807 1956 3854 et
1979 3805 2096 3852 tur-

496 3888 761 3959 pissimus
811 3903 1004 3945 servus
1031 3887 1367 3944 lascivientis
1395 3888 1634 3946 domina:
1662 3905 1888 3960 pressus
1924 3889 2096 3958 impe-

497 3980 603 4046 rio,
637 3978 1010 4034 sensualitatis
1031 3977 1223 4051 jugum
1249 3987 1471 4049 portare
1499 3981 1865 4046 consueverit,
1911 3980 2094 4035 Statim

498 4071 933 4143 longanimitate,
972 4087 1082 4145 qua
1128 4087 1392 4128 mansura
1431 4071 1576 4128 bona
1608 4073 1970 4140 sustinentur,
1991 4073 2098 4128 ab.

493 4173 664 4234 jecta,
710 4163 1026 4233 implicatur
1077 4171 1133 4219 et
1177 4161 1534 4219 confunditur
1586 4165 1846 4234 operibus
1891 4164 2094 4230 carnis,

500 4271 627 4327 quae
655 4264 786 4312 sunt
818 4254 1132 4322 fornicatio,
1163 4253 1535 4320 immunditia,
1582 4254 1832 4321 avaritia,
1858 4270 1981 4324 qua:
2015 4263 2100 4309 est

500 4351 772 4406 idolorum
805 4348 1062 4413 servitus,
1093 4348 1198 4403 sub
1236 4364 1348 4419 qua
1384 4346 1692 4403 idololatria
1735 4348 2097 4417 comprehen-

500 4442 671 4508 ditur,
694 4440 1077 4496 inobedientiae
1097 4439 1299 4508 scelus,
1324 4438 1707 4496 contentiones
1729 4439 1895 4494 etiam
1917 4448 1974 4494 et
1993 4439 2100 4494 dis-

2185 1957 2420 2028 pellatis,
2437 1969 2674 2026 quorum
2690 1953 2846 2009 furor
2860 1952 2914 2007 in
2933 1959 3144 2007 tantum
3161 1947 3473 2006 abundante
3491 1943 3784 2016 iniquitate

2186 2045 2440 2118 desipuit,
2472 2053 2533 2099 ut
2554 2059 2665 2098 non
2695 2043 3012 2098 dubitarent
3030 2048 3381 2097 contemnere
3405 2037 3653 2094 salubres
3683 2034 3786 2088 ad-

2187 2137 2519 2210 monitiones
2545 2146 2598 2190 et
2621 2132 2886 2190 canonica
2916 2133 3130 2188 decreta
3158 2129 3334 2187 sancti
3363 2127 3486 2194 viri,
3529 2125 3789 2182 videlicet

2187 2227 2561 2300 GregoriiVll,
2581 2226 2841 2282 Romanae
2857 2225 3002 2280 sedis
3024 2222 3353 2293 episcopi,et
3375 2219 3703 2288 abrumpere
3725 2229 3791 2269 se

2190 2336 2221 2375 a
2234 2319 2534 2375 visceribus
2549 2317 2862 2388 apostolicae
2875 2314 3150 2381 Ecclesiae,
3167 2312 3550 2368 universorum
3565 2307 3786 2362 matris.

2189 2409 2328 2466 Cum
2355 2409 2502 2464 enim
2531 2408 2602 2464 ab
2628 2406 2820 2462 eodem
2867 2404 3131 2476 Gregorio
3159 2417 3261 2473 pro
3302 2400 3418 2458 suis
3456 2397 3792 2455 criminibus

2191 2502 2472 2558 canonicis
2514 2499 2821 2555 rationibus
2849 2505 3195 2568 urgerentur,
3222 2502 3277 2549 et
3298 2493 3384 2548 vel
3411 2489 3658 2547 damnati
3697 2488 3794 2542 vel

2192 2602 2496 2650 metuentes
2522 2590 2772 2648 damnari
2801 2589 3019 2658 nullum
3034 2588 3138 2654 sub
3160 2584 3411 2658 prudenti
3437 2592 3490 2639 et
3515 2583 3794 2637 instanter

2191 2687 2370 2760 agenti
2399 2686 2514 2741 viro
2545 2683 2811 2755 impietati
2838 2697 2954 2738 suae
2980 2679 3245 2736 evadendi
3269 2678 3475 2733 aditum
3499 2683 3797 2731 cernerent

2192 2778 2494 2849 derelinqui
2524 2819 2540 2845 ,
2584 2777 2930 2832 involverunt
2975 2773 3166 2829 eadem
3210 2768 3562 2826 damnatione
3598 2781 3795 2837 regem

2194 2888 2355 2928 suum
2387 2869 2683 2926 Henricum
2703 2910 2722 2935 ,
2753 2882 2917 2938 quem
2945 2865 3084 2921 sicut
3126 2871 3364 2920 actorem
3395 2858 3622 2916 haeresis
3673 2873 3798 2913 suae

2193 2965 2517 3031 habuerant,
2543 2964 2618 3018 ita
2643 2969 2698 3017 et
2719 2959 3062 3015 defensorem
3093 2956 3374 3012 haberent.
3400 2947 3584 3008 Crevit
3606 2949 3800 3004 rabies

2193 3057 2344 3129 regni
2378 3053 2663 3111 Teutonici
2692 3053 2749 3108 in
2771 3052 3125 3113 immensum,
3152 3056 3206 3104 et
3239 3048 3383 3101 ultra
3408 3045 3629 3100 modum
3661 3057 3799 3112 pec-

2195 3159 2404 3217 cantes,
2431 3149 2733 3204 imitatores
2760 3143 3002 3199 Judaicze
3035 3140 3276 3212 perfidiae
3299 3138 3427 3194 facti
3459 3136 3616 3201 estis,
3653 3133 3798 3188 dum

2197 3243 2582 3314 objicientibus
2611 3240 2767 3294 vobis
2807 3237 2892 3292 bis
2927 3235 3022 3305 qui
3071 3234 3138 3289 de
3184 3242 3337 3303 parte
3387 3228 3799 3286 catholicorum

2195 3335 2431 3399 stabant,
2476 3346 2585 3386 non
2632 3329 2714 3384 sic
2759 3326 3029 3398 agendum
3057 3338 3180 3380 esse
3224 3330 3416 3378 contra
3461 3318 3801 3390 magistrum

2197 3427 2364 3482 totius
2413 3421 2701 3487 Ecclesiae,
2747 3433 2977 3480 summa:
3002 3416 3149 3473 sedis
3183 3415 3520 3486 episcopum,
3557 3409 3802 3482 postha-

2194 3519 2308 3573 bita
2354 3516 2524 3571 totius
2550 3512 2722 3570 divini
2759 3512 2941 3567 cultus
2980 3508 3315 3572 reverentia,
3361 3521 3503 3575 saepe
3548 3504 3806 3558 clamare

2197 3626 2306 3665 non
2326 3607 2620 3666 erubuistis
2639 3625 2658 3660 ς
2683 3603 2804 3658 Non
2833 3603 3100 3657 habemus
3121 3598 3435 3670 pontificem
3469 3596 3572 3652 nisi
3600 3595 3803 3650 Caesa-

2197 3717 2334 3757 rem.
2386 3698 2452 3754 Ut
2495 3707 2676 3754 tamen
2724 3710 2926 3765 corpus
2963 3692 3181 3747 Satanae
3214 3706 3371 3746 suam
3419 3686 3804 3759 integritatem

2198 3795 2490 3862 obtineret,
2518 3789 2755 3863 petiistis
2795 3787 2974 3842 virum
3012 3783 3343 3840 homicidam
3373 3780 3568 3836 donari
3609 3777 3804 3843 vobis,

2201 3887 2505 3958 Wipertum
2534 3883 2762 3948 scilicet,
2811 3876 3355 3946 exarchicpiscopum
3388 3871 3806 3938 Ravennatem,

2199 3993 2361 4047 quem
2408 3989 2508 4048 pro
2543 3972 2706 4030 certis
2751 3978 2807 4024 et
2847 3967 3140 4040 publicatis
3190 3963 3490 4021 sceleribus
3535 3961 3694 4032 prius
3739 3960 3807 4016 in

2199 4071 2442 4142 plenaria
2486 4067 2694 4140 synodo
2719 4106 2734 4132 ,
2777 4063 2968 4120 eodem
3006 4060 3268 4132 Gregorio
3301 4057 3556 4142 pontifice
3601 4057 3810 4125 praesi-

2199 4162 2378 4227 dente,
2403 4138 2650 4216 Romana
2674 4157 2918 4214 Ecclesia
2937 4138 3420 4212 condenmaverat.
3445 4149 3808 4218 Discipulum

2200 4268 2330 4310 vero
2354 4253 2504 4317 Jesu,
2537 4251 2629 4321 qui
2665 4251 2720 4304 in
2758 4249 2864 4304 hoc
2897 4263 2957 4304 se
2989 4254 3166 4302 totum
3197 4242 3544 4314 impendebat
3568 4250 3630 4296 ut
3660 4257 3811 4297 san-

2202 4354 2286 4400 cta
2312 4343 2555 4399 Ecclesia
2593 4342 2662 4397 ad
2688 4341 2931 4397 debitum
2978 4338 3244 4393 honorem
3275 4344 3330 4390 et
3367 4332 3695 4391 necessariae
3728 4334 3812 4388 li-

2202 4436 2432 4495 bertatis
2460 4443 2664 4490 statum
2693 4440 3062 4503 repararctur,
3089 4436 3359 4499 quantum
3397 4426 3451 4481 in
3484 4425 3642 4480 vobis
3670 4424 3813 4491 fuit,

499 4534 810 4601 sensiones,
831 4533 1032 4604 quibus
1057 4548 1158 4589 vos
1190 4533 1429 4603 operarii
1469 4533 1655 4588 carnis
1699 4533 1940 4588 maxime
1969 4533 2098 4588 totis
2134 4559 2175 4612 υ
2201 4527 2582 4599 expellendum
2622 4534 2677 4580 et
2709 4522 3136 4594 crucifigendum
3190 4519 3333 4575 votis
3381 4527 3437 4573 et
3481 4517 3816 4573 actionibus

499 4629 589 4685 his
618 4626 956 4699 temporibus
985 4625 1298 4691 studuistis,
1328 4625 1509 4696 qualia
1534 4625 1629 4695 qui
1652 4633 1840 4696 agunt,
1871 4639 2096 4696 regnum

501 4720 599 4776 Dei
633 4735 746 4776 non
775 4725 1220 4789 consequuntur;
1261 4717 1452 4787 sicque
1485 4717 1732 4787 privatus
1762 4717 1936 4788 gratia
1980 4717 2095 4785 Dei,

495 4827 626 4884 qua:
651 4810 869 4869 estvita
914 4817 1138 4877 aeterna,
1165 4808 1365 4864 militat
1391 4807 1678 4878 stipendiis
1723 4817 2094 4879 peccatorum,

415 4963 428 4971 ,
501 4921 626 4975 quae
675 4913 805 4960 sunt
855 4901 1052 4958 mortis
1085 4900 1756 4972 perpetuaeindeficientia
1801 4908 2091 4957 tormenta.

506 4997 662 5054 Sicut
687 4997 836 5051 enim
882 4993 1361 5063 camem'spiritus
1399 4992 1715 5064 magisterio
1751 4991 2016 5048 virtutum
2037 5002 2096 5048 et

411 5069 424 5081 ’
504 5097 824 5143 sanctorum
845 5085 1111 5142 exercitio
1127 5100 1343 5140 mentm
1366 5084 1436 5139 ad
1458 5083 1848 5153 capessendam
1873 5083 2098 5142 immor-

505 5177 734 5234 talitatis
763 5177 957 5233 stolam
1002 5175 1221 5231 erudire
1261 5183 1318 5229 et
1365 5187 1689 5244 promovere
1732 5172 1983 5238 debebat,
2026 5173 2099 5228 ita

505 5287 638 5330 caro
663 5270 918 5326 eumdem
961 5275 1294 5324 excaecatum
1345 5275 1401 5323 et
1440 5265 1795 5337 praefocatum
1834 5264 2104 5336 demergit

509 5379 696 5423 secum
720 5363 788 5418 ad
815 5360 1129 5433 recipienda
1163 5361 1385 5433 praemia
1425 5359 1750 5417 inferorum.
1782 5358 1921 5416 Ilinc
1943 5358 2099 5416 deni-

495 5472 619 5530 que
643 5455 786 5526 perit
809 5454 964 5522 fides,
990 5469 1112 5524 quae
1133 5469 1231 5524 per
1254 5453 1599 5509 dilectionem
1622 5459 1900 5523 operatur,
1923 5450 2108 5506 fortis-

510 5549 716 5605 simum
744 5554 1130 5617 argumentum
1160 5543 1470 5600 futurorum
1496 5545 1789 5609 bonorum,
1825 5552 1879 5598 et
1916 5556 2108 5598 succe-

510 5642 594 5699 dit
608 5640 856 5712 perfidia,
875 5639 1267 5711 desperationis
1281 5639 1540 5704 creatrix,
1561 5636 1954 5705 cxstinctisque
1975 5651 2110 5690 ocu-

512 5732 857 5797 lisarationis,
881 5733 1083 5802 quibus
1116 5746 1306 5787 verum
1333 5729 1625 5786 honestum
1650 5735 1706 5781 ct
1739 5741 1937 5795 purum
1977 5725 2109 5780 utile

503 5825 942 5898 discernisolet,
989 5809 1192 5883 vivitur
1219 5822 1276 5878 in
1316 5819 1578 5882 servitute
1601 5832 1886 5886 sensuum,
1917 5827 1976 5873 ut
2009 5833 2106 5892 ap-

2210 4619 2439 4675 nefariis
2467 4617 2808 4688 postulastis.
2826 4614 3029 4670 Verum
3063 4614 3192 4683 quia
3227 4611 3378 4667 novit
3400 4609 3668 4666 Dominus
3702 4612 3817 4680 qui

2207 4721 2335 4766 sunt
2366 4711 2507 4780 ejus,
2532 4717 2588 4763 et
2613 4708 2670 4761 in
2700 4706 2850 4761 omni
2875 4714 3034 4776 gente
3061 4704 3224 4775 elegit
3253 4703 3402 4758 viros
3431 4701 3819 4771 acceptabiles

2208 4803 2312 4860 sibi
2333 4801 2428 4873 qui
2449 4815 2577 4858 eum
2597 4800 2828 4856 timeant
2848 4805 2903 4853 et
2929 4806 3222 4868 operentur
3238 4794 3534 4866 justitiam,
3562 4807 3676 4847 non
3698 4792 3816 4848 de-

2207 4894 2428 4951 fuerunt
2467 4909 2534 4950 eo
2560 4900 2806 4961 tempore
2831 4888 2933 4944 viri
2977 4889 3161 4960 magni
3203 4897 3257 4944 et
3299 4884 3563 4959 religiosi,
3595 4883 3821 4953 quibus

2205 4993 2465 5066 iniquitas
2505 4999 2656 5049 tanta
2693 5003 2806 5044 non
2839 4986 3064 5058 placuit,
3103 4984 3374 5054 hodieque
3406 4989 3705 5052 supersunt
3757 4981 3823 5036 in

2205 5088 2398 5143 eodem
2427 5098 2599 5156 regno
2652 5079 3044 5152 quamplurimi
3070 5078 3164 5148 qui
3195 5078 3490 5133 miserante
3521 5072 3634 5127 Deo
3658 5088 3823 5128 non-

2206 5181 2338 5235 dum
2365 5177 2498 5232 Baal
2525 5189 2700 5246 genua
2740 5178 3133 5237 curvaverant,
3167 5169 3265 5240 qui
3295 5167 3589 5239 praeclaras
3615 5163 3820 5234 digni-

2207 5280 2346 5328 tates
2400 5266 2753 5339 pretiosiores
2801 5279 2968 5334 quam
3005 5262 3239 5318 salutem
3275 5274 3433 5314 suam
3473 5256 3658 5312 facere
3701 5271 3816 5312 ne-

2211 5366 2517 5436 glexerunt,
2544 5358 2640 5415 sed
2671 5364 2868 5414 cuncta
2898 5354 3061 5425 quasi
3105 5361 3347 5408 stercora
3377 5357 3723 5420 reputantes,
3753 5358 3824 5404 ut

2213 5455 2494 5510 Christum
2524 5448 2928 5511 lucrifacerent,
2957 5445 3026 5501 ad
3069 5443 3444 5514 apostolorum
3491 5439 3819 5510 principem

2211 5556 2265 5601 et
2286 5557 2672 5601 successorem
2716 5539 2837 5610 ejus
2887 5533 3211 5607 Gregorium
3241 5549 3302 5589 se
3340 5547 3442 5603 pro
3481 5525 3822 5587 defensione

2211 5638 2336 5698 fidei
2371 5635 2742 5692 contulerunt.
2787 5629 2994 5688 Contra
3041 5641 3204 5699 quem
3228 5639 3402 5696 quam
3441 5619 3608 5691 impie
3635 5619 3821 5675 etiam

2213 5727 2516 5783 secundum
2556 5726 2702 5796 leges
2753 5721 2938 5777 saeculi
2997 5727 3180 5774 actum
3223 5715 3296 5770 sit
3321 5715 3338 5737 °
3360 5712 3530 5767 totius
3580 5726 3824 5781 qunque

2216 5817 2518 5890 gestionem
2560 5813 2782 5884 negotii,
2812 5811 2872 5865 in
2913 5823 3021 5880 quo
3049 5805 3313 5862 decenniu
3349 5811 3497 5859 eteo
3536 5803 3717 5872 magis
3755 5804 3821 5856 iu
