3972 6296
124 435 211 506 173

1185 441 1428 503 OPUSC.
1468 441 1744 502 CONTRA
1781 442 2244 501 WOLFELMUM.

3235 445 3340 506 nt

126 559 229 613 Vita
252 553 409 612 sancti
439 566 592 625 papas
626 566 732 609 non
755 552 870 609 sine
894 552 1044 624 gravi
1071 555 1425 624 quassatione
1453 565 1654 610 sancta:
1685 568 1725 622 Α
1758 557 2089 612 validissime
2125 558 2393 614 coarctari
2431 560 2698 627 sentiatis,
2739 547 3020 617 insumitis
3046 561 3190 617 aliud
3221 562 3340 620 suf-

126 648 347 706 Ecclesiae
369 647 670 702 laboratum
691 656 792 714 est,
814 661 878 702 ex
909 646 1161 715 historia,
1191 664 1314 718 quze
1333 648 1435 702 viri
1458 649 1511 703 in
1535 649 1657 705 illas

127 749 280 811 partes
315 737 534 794 illustris
575 746 630 794 et
664 739 904 811 apprime
937 739 993 794 in
1022 741 1212 796 eadem
1238 756 1298 796 re
1322 753 1422 812 pro
1445 741 1658 812 justitia

128 829 330 900 fatigati,
365 827 801 902 Salseburgensis
834 829 1232 901 archiepiscopi
1275 845 1398 888 esse
1436 831 1656 898 dicitur,

126 921 427 980 manifestius
467 932 843 996 cognoscetur.
885 922 966 979 Ex
999 939 1110 995 quo
1141 926 1318 998 magis
1346 926 1658 982 mirandum

125 1023 193 1069 est
217 1028 364 1084 super
387 1013 748 1084 imprudentia
775 1022 867 1070 tua
894 1025 948 1071 et
983 1015 1238 1084 alierum,
1271 1016 1365 1089 qui
1401 1016 1456 1071 in
1491 1032 1660 1073 causa

129 1105 343 1162 Ecclesiae
365 1106 811 1162 centra‘rationes
834 1106 958 1162 fidei
980 1112 1091 1162 tam
1120 1106 1433 1178 frequentes
1461 1109 1516 1164 et
1542 1108 1662 1163 ina-

130 1213 208 1254 nes
223 1198 488 1253 verborum
511 1210 722 1270 pugnas
744 1193 941 1265 facitis,
965 1201 1272 1256 nescientes
1292 1202 1507 1271 penitus
1528 1200 1662 1271 quid

130 1289 384 1362 loquamini
420 1291 503 1346 vel
529 1291 609 1347 de
651 1291 853 1362 quibus
887 1291 1186 1348 aﬂirmetis.
1225 1291 1283 1346 Si
1322 1293 1466 1348 enim
1507 1291 1658 1349 Scri—

132 1390 270 1451 pturae
291 1397 466 1448 sacrae,
489 1385 630 1453 quas
653 1379 851 1439 duritia
873 1387 1055 1440 vestra
1084 1385 1383 1456 intelligere
1410 1401 1518 1441 non
1543 1401 1660 1440 me-

135 1479 270 1538 retur,
301 1471 474 1529 mimis
511 1471 856 1530 satisfaciunt
876 1475 1056 1543 vobis,
1083 1483 1137 1530 et
1158 1465 1467 1531 ‘Salvatoris
1497 1475 1660 1532 verba

135 1563 343 1618 testantia
385 1577 488 1618 non
530 1580 654 1620 esse
704 1565 1033 1636 discipulum
1077 1582 1239 1638 supra
1283 1569 1605 1640 magistrum
1643 1588 1657 1622 ε

137 1650 327 1721 Spiritus
353 1652 516 1708 sancti
543 1668 766 1724 quoque
791 1655 1108 1724 auctoritas,
1144 1672 1253 1727 qua
1283 1664 1546 1712 statutum
1579 1667 1663 1714 est

138 1757 361 1800 summum
384 1745 696 1817 pontiﬁcem
730 1757 761 1801 a
793 1748 1012 1804 nemine
1039 1748 1416 1820 iudicandum,
1441 1749 1495 1806 et
1519 1763 1660 1820 prae-

139 1847 252 1893 terea
273 1837 539 1893 coacordia
580 1837 948 1906 decretorum,
978 1847 1101 1910 quae
1127 1850 1236 1895 non
1265 1841 1444 1897 solum
1479 1841 1663 1911 impiis

142 1929 344 1984 manibus
378 1929 570 1984 vestris
612 1929 808 2000 judicii
853 1930 1114 2002 gladium,
1150 1947 1261 2003 quo
1295 1933 1664 2002 patriarcham

141 2019 502 2076 Christianitatis
528 2020 789 2092 jugulare
814 2021 1129 2089 intenditis,
1174 2031 1541 2091 extorserunt,
1574 2024 1669 2080 sed

144 2109 509 2165 cerricositatem
547 2117 795 2166 vestram
827 2111 960 2182 jugo
989 2111 1312 2169 obedientize
1339 2114 1512 2186 ipsius
1544 2123 1668 2170 mo-

148 2199 213 2255 dis
229 2200 444 2258 omnibus
466 2201 829 2258 subdiderunt
859 2219 873 2256 :
906 2202 1102 2273 pudori
1131 2205 1325 2260 saltem
1352 2214 1537 2261 vestro
1561 2205 1675 2262 suf-

156 2291 274 2348 ﬁcere
305 2301 532 2364 poterant
571 2293 802 2349 discreti
829 2292 936 2349 viri
963 2294 1018 2349 in
1058 2294 1291 2351 circuitu
1331 2304 1512 2352 vestro
1541 2309 1672 2353 eon-

163 2383 305 2451 stitnti,
326 2385 506 2442 eruditi
529 2385 586 2440 in
613 2385 744 2457 lege
771 2382 1008 2453 Domini,
1037 2380 1237 2458 legales
1265 2403 1483 2458 quoque
1517 2388 1670 2460 prin-

169 2475 279 2543 cipes
305 2475 445 2534 beam
484 2478 853 2544 honorantes,
899 2487 1174 2548 postremo
1217 2479 1506 2547 monachi,
1551 2495 1663 2536 ere-

167 2565 305 2633 mito,
339 2570 562 2625 animum
633 2569 1045 2640 propositorum
1102 2567 1384 2643 religiosi,
1433 2571 1673 2627 'schisma

163 2666 338 2714 vestrum
355 2661 513 2717 iibera
536 2661 906 2718 detestatione
927 2662 1328 2734 impugnantcs.
1353 2663 1510 2732 Quod
1529 2665 1673 2720 enim

159 2762 336 2806 canones
358 2752 656 2810 canonibus
689 2751 945 2822 objicitis,
981 2754 1230 2810 vecordis
1258 2756 1542 2826 imperitiae
1570 2765 1672 2824 est,

161 2842 394 2906 praesertim
434 2843 521 2898 ubi
551 2859 647 2900 res
695 2843 842 2898 nulla
891 2844 1244 2916 ambiguitate
1279 2846 1539 2918 implicita
1568 2858 1673 2916 est,

158 2944 238 2997 quo
258 2933 430 3001 minus,
458 2936 549 2990 ubi
589 2936 903 3002 volueritis,
930 2953 1061 2992 vero
1084 2937 1292 3006 judicio
1333 2940 1676 2996 detnonstre-

158 3031 248 3089 tur;
274 3025 348 3080 ubi
373 3036 541 3083 autem
571 3027 720 3083 velle
764 3027 994 3094 viribus,
1027 3029 1120 3083 ubi
1155 3029 1360 3100 judicia
1391 3031 1678 3087 manifesta

158 3121 269 3178 sunt,
293 3115 634 3174 violentorum
686 3127 770 3173 est
805 3125 859 3173 et
907 3118 973 3174 de
995 3117 1210 3188 justitin
1250 3120 1675 3190 desperantium.

159 3201 214 3258 Ita
233 3221 434 3279 namque
457 3226 636 3281 usque
663 3211 718 3263 in
749 3209 1072 3266 hodiernum
1101 3211 1243 3266 diem
1271 3212 1393 3268 duae
1413 3213 1679 3281 civitates,

160 3309 342 3362 quarum
373 3315 472 3355 una
499 3311 586 3358 est
633 3300 868 3367 Christi,
899 3302 1069 3356 altera
1098 3302 1322 3370 diaboli,
1353 3319 1385 3358 a
1411 3304 1678 3376 principio

161 3389 316 3458 negotii
335 3389 486 3462 hujus
511 3392 566 3447 in
588 3391 714 3450 suis
733 3393 944 3449 civibus
964 3393 1235 3449 distinctae
1260 3404 1598 3464 manserunt,
1622 3405 1684 3452 ut

161 3477 270 3532 nulla
295 3478 393 3535 fere
419 3481 606 3538 civitas
638 3482 701 3537 in
729 3489 842 3537 tota
876 3479 1166 3538 Latinitate
1194 3483 1264 3538 sit
1287 3499 1410 3554 qua:
1437 3500 1546 3540 non
1581 3486 1681 3540 ba-

163 3565 252 3622 beat
269 3567 414 3640 hujus
431 3585 614 3630 causa
643 3573 926 3644 oppositos
946 3570 1282 3641 defensores,
1315 3583 1548 3646 quorum
1591 3575 1685 3632 alii

160 3672 252 3712 cum
285 3665 617 3734 sanguinario
646 3663 789 3720 Cain
813 3665 870 3720 in
899 3665 1066 3736 spicis
1095 3680 1283 3722 coram
1313 3656 1425 3723 Deo
1453 3668 1688 3724 offerunt

162 3751 316 3809 aristas
334 3757 781 3825 exaeerbationis,
802 3757 960 3814 alteri
985 3771 1112 3814 cum
1136 3757 1271 3813 Abel
1291 3759 1443 3830 justo
1471 3761 1528 3816 in
1553 3759 1686 3817 sim-

165 3841 257 3906 Pici
289 3860 414 3916 agno
455 3848 829 3906 innocentiam
875 3849 1139 3906 veritatis.
1185 3845 1340 3907 Unde
1385 3859 1471 3908 est
1521 3852 1687 3908 etiam

165 3937 275 4004 quod
291 3953 378 3996 vos
402 3939 468 3996 ad
506 3941 839 3998 irritandum
869 3942 1234 4011 Altissimum,
1257 3952 1311 3999 et
1334 3953 1688 4017 augmentum

168 4027 501 4092 profanationis
529 4033 586 4090 in
612 4033 900 4092 sacrificiis
929 4036 1127 4092 vestris
1170 4052 1270 4107 pro
1298 4035 1544 4108 Wi'perto
1571 4047 1693 4094 tan-

167 4131 293 4184 quam
327 4119 475 4178 Patre
512 4131 568 4180 et
601 4123 859 4196 pontiﬁce
882 4124 1191 4180 animarum
1214 4133 1518 4181 vestrarum
1549 4127 1692 4183 divi-

171 4222 264 4262 nam
294 4212 620 4272 clementiam
649 4215 974 4286 imploratis.
1001 4213 1114 4272 Nos
1136 4217 1386 4273 eumdem
1416 4217 1692 4274 hominem

173 4296 450 4374 haereticum,
477 4307 572 4379 qui
597 4307 815 4363 vivente
857 4315 1010 4378 patre
1041 4316 1097 4363 et
1115 4307 1346 4363 domino
1377 4318 1571 4365 nostro
1597 4325 1695 4380 per

1698 1919 1740 1977 Β

1709 3253 1752 3311 C

1759 646 1993 720 fragium
2040 650 2331 718 evadendi,
2377 651 2521 706 sicut
2548 650 2697 707 fures
2722 651 3064 721 deprehensi,
3091 653 3183 723 qui
3211 669 3339 723 per-

1759 746 1959 810 negant
1986 738 2250 810 quidquid
2293 740 2398 796 sibi
2442 742 2752 797 nociturum
2785 742 3100 812 praevident,
3131 745 3342 800 confin-

1761 839 1896 900 gunt
1926 841 2106 886 autem
2145 833 2408 904 quidquid
2447 832 2755 904 putaverint
2789 834 3160 906 profuturum,
3189 852 3344 914 men-

1761 924 1959 980 tientes
1986 924 2137 980 illum
2181 932 2462 996 nunquam
2490 925 2662 982 fuisse
2695 943 2914 997 papam,
2957 943 3120 998 quem
3156 935 3344 983 sancte

1761 1024 1814 1071 et
1852 1016 2100 1087 religiose
2135 1007 2194 1071 in
2243 1019 2448 1090 gremio
2499 1018 2742 1088 ejusdem
2784 1018 3041 1076 Ecclesiae
3087 1036 3116 1074 a
3171 1033 3344 1090 puero

1763 1106 2073 1174 educatum,
2108 1107 2163 1162 in
2192 1116 2432 1179 tempore
2455 1109 2799 1166 necessitatis
2828 1111 3049 1181 quando
3077 1101 3344 1181 ingruen-

1763 1197 1912 1253 tibus
1949 1189 2098 1254 vitiis
2137 1199 2314 1254 virum
2345 1201 2565 1270 plenum
2603 1201 2706 1255 ﬁde
2730 1209 2784 1256 et
2823 1200 3029 1271 Spiritu
3056 1211 3247 1256 sancto
3275 1201 3345 1256 ad

1765 1284 2110 1346 susci'tandos
2145 1306 2384 1346 canones
2425 1293 2708 1361 oportebat
2745 1293 2984 1359 assumi,
3029 1293 3219 1348 eadem
3248 1307 3345 1348 ca-

1765 1383 1965 1439 tholica
1997 1394 2168 1439 mater
2205 1399 2301 1454 per
2328 1384 2594 1440 celebrem
2632 1385 2949 1440 electionem
2983 1400 3172 1439 eorum
3222 1399 3344 1439 om-

1766 1472 1916 1528 nium
1964 1475 2057 1544 qui
2107 1490 2206 1545 pro
2255 1475 2513 1530 instantia
2556 1476 2817 1544 temporis
2841 1467 3110 1530 interesse
3145 1474 3350 1529 debue-

1766 1574 1896 1621 runt
1923 1575 1975 1621 et
2007 1575 2320 1636 potuerunt,
2351 1567 2594 1637 praefecit
2639 1567 2740 1622 sibi
2773 1575 3036 1622 rectorem
3069 1575 3122 1621 ct
3151 1565 3349 1637 guber-

1768 1667 2012 1712 natorem
2033 1658 2278 1713 omnium
2303 1659 2357 1712 in
2380 1651 2599 1713 Christo
2623 1665 3023 1728 rcgenatorum.
3058 1655 3212 1710 llunc
3239 1671 3350 1708 non

1769 1738 1946 1806 solum
1994 1735 2283 1805 Gallicana:
2329 1743 2613 1818 Ecclesia,
2657 1749 2753 1804 sed
2806 1739 3118 1804 Teutonicas
3153 1757 3207 1802 ct
3250 1744 3348 1799 Hic

1768 1855 1954 1911 spanaa
1980 1881 1994 1905 ,
2043 1847 2321 1910 postremo
2369 1835 2574 1894 Graecae
2611 1849 2664 1894 et
2693 1837 2898 1892 Latina:
2932 1829 3049 1892 sine
3077 1836 3352 1892 contradi-

1768 1931 1946 1988 ctione
1967 1936 2091 1986 cum
2115 1927 2294 1986 debita
2318 1930 2666 1985 veneratione
2694 1933 3072 1999 susceperunt,
3098 1934 3152 1980 et
3177 1941 3353 1994 usque

1770 2024 1826 2079 in
1872 2033 2194 2095 prmsentem
2238 2024 2381 2079 diem
2413 2039 2470 2080 se
2510 2032 2720 2078 tantum
2752 2021 3060 2092 pontiﬁcem
3092 2009 3357 2072 habuisse

1770 2133 1881 2172 non
1931 2117 2049 2173 sine
2095 2118 2394 2188 gratiarum
2444 2103 2659 2172 actione
2695 2103 3142 2169 reminiscuntur.
3201 2107 3355 2166 Talia

1770 2220 1867 2262 eos
1897 2220 2137 2261 canones
2166 2207 2483 2262 docuerant.
2533 2203 2646 2259 lloc
2699 2202 2958 2273 Spiritus,
2989 2201 3081 2271 qui
3129 2216 3160 2254 a
3195 2198 3358 2254 Patre
3405 2271 3408 2274 ἢ

1771 2297 2036 2369 procedit,
2066 2295 2332 2351 columbae
2377 2311 2522 2362 sum,
2575 2310 2699 2366 quae
2745 2294 2866 2348 sine
2896 2308 3029 2363 ruga
3057 2296 3111 2346 et
3142 2291 3358 2346 macula

1771 2402 1896 2444 esse
1946 2387 2132 2456 cupit,
2180 2385 2565 2440 inviolabiliter
2592 2381 2920 2439 servandum
2966 2378 3264 2444 mandavit,
3298 2384 3360 2431 ut

1775 2493 2123 2536 successores
2149 2477 2314 2545 illius,
2337 2477 2430 2547 qui
2453 2475 2710 2546 BarjOna,
2734 2473 2788 2529 id
2810 2481 2895 2528 est
2914 2470 3058 2542 ﬁlius
3081 2468 3357 2534 columbae,
3407 2465 3412 2472 ’

1777 2587 1808 2626 a
1833 2566 2070 2625 Domino
2095 2570 2273 2625 dictus
2316 2577 2421 2634 est,
2455 2567 2654 2624 summi
2687 2564 2973 2638 pontiﬁces
3003 2563 3356 2627 haberentur,

1778 2661 1834 2715 in
1863 2674 2004 2730 quos
2046 2658 2189 2714 sicut
2223 2659 2580 2714 succedenter
2612 2655 2857 2727 ejusdem
2904 2651 3140 2724 apostoli
3192 2651 3360 2706 semel
3411 2645 3414 2648 ’

1779 2760 2031 2820 suscepta
2061 2756 2302 2820 potestas
2327 2747 2830 2812 transfundebatur,
2861 2746 2936 2800 ita
2980 2744 3158 2799 honor
3189 2743 3363 2799 eccle-

1779 2845 1987 2901 siastici
2009 2842 2264 2899 culminis
2293 2851 2347 2898 et
2373 2843 2604 2897 aliorum
2632 2840 2974 2912 negetiorum
3003 2836 3242 2908 pondera
3270 2849 3361 2889 re-

1777 2937 2071 3003 ferrentur,
2097 2951 2197 2992 nec
2221 2935 2274 2990 in
2301 2935 2496 2991 dandis
2519 2933 2744 3006 judiciis
2771 2933 2837 2988 de
2867 2930 3165 3001 apostolica
3187 2927 3366 2999 digni-

1783 3027 1890 3085 ta‘tc
1918 3025 2218 3099 quidquam
2267 3027 2532 3083 adimeret
2576 3027 2689 3081 vita
2741 3023 2966 3079 inferior
2995 3020 3364 3086 succedentis,

1783 3119 1877 3174 ubi
1908 3135 2002 3190 per
2031 3119 2356 3174 catholicam
2387 3118 2784 3174 ordinationem
2819 3115 3071 3170 adessent
3110 3121 3164 3166 et
3194 3110 3366 3181 Spiri-

1785 3219 1872 3265 tus
1902 3209 2074 3264 sancti
2100 3209 2270 3280 gratia
2293 3216 2347 3264 et
2371 3207 2517 3264 Petri
2547 3207 2741 3262 merita
2771 3203 3132 3275 praesidentis.
3167 3200 3366 3256 Utrum

1785 3308 1966 3355 autem
1997 3315 2095 3355 vos
2124 3299 2376 3355 eumdem
2407 3298 2724 3369 receperitis
2764 3293 3058 3366 aliquando
3087 3307 3367 3349 summum

1783 3391 2116 3462 pentificem,
2139 3391 2316 3462 arguit
2335 3398 2458 3460 post
2483 3390 2717 3459 primam
2741 3385 3367 3443 excommunicationem

1785 3479 2086 3535 satisfactio
2116 3479 2260 3550 regis
2291 3479 2454 3534 vestri
2485 3478 2625 3533 facta
2653 3479 2706 3533 in
2736 3477 2911 3544 Italia,
2942 3476 3162 3546 quando
3185 3492 3371 3530 rerum

1786 3572 2164 3642 desperatione
2186 3572 2503 3641 cempulsus
2533 3571 2714 3625 nullus
2743 3569 2900 3624 vobis
2930 3566 3164 3622 miseria:
3191 3567 3371 3620 exitus

1787 3661 2109 3717 occurrebat
2136 3669 2330 3731 praeter
2366 3659 2762 3715 absolutionem
2807 3659 3000 3729 ipsius,
3033 3673 3216 3726 quem,
3248 3657 3374 3710 licet

1786 3749 2009 3825 perfidis
2043 3753 2315 3809 mentibus
2341 3751 2624 3808 Pastorem
2653 3761 2837 3807 tamen
2868 3761 2922 3806 et
2951 3749 3242 3804 Dominum
3273 3763 3371 3804 co—

1789 3845 2072 3918 gnovistis.
2105 3843 2182 3900 De
2205 3845 2405 3916 quibus
2432 3844 2589 3916 plura
2617 3843 2860 3900 scribere
2887 3841 3212 3906 omittimus,
3247 3855 3373 3895 cum

1789 3934 1845 3990 in
1874 3933 2086 4007 praefati
2109 3935 2214 3990 viri
2264 3935 2495 3991 nistoria
2542 3934 2610 3990 de
2643 3933 2731 3990 his
2759 3933 3017 3989 omnibus
3050 3931 3209 4003 plene
3237 3931 3376 3986 luci-

1791 4028 1970 4100 deque
1993 4027 2264 4100 digestum
2293 4027 2385 4084 sit.

2352 4115 2580 4173 CAPUT
2612 4115 2804 4171 XXIV.

1862 4209 1999 4266 Illud
2033 4226 2163 4266 vero
2191 4210 2712 4281 praetermittendum
2765 4208 2922 4264 nobis
2965 4208 3116 4263 nulla
3163 4207 3378 4263 ratione

1795 4302 1982 4372 visum
2017 4311 2107 4358 est
2135 4302 2282 4372 quod
2311 4302 2621 4372 malignitas
2649 4310 2833 4355 vestra
2877 4297 3141 4354 conﬁnxit
3169 4299 3236 4354 de
3261 4298 3378 4370 cpi-

172 4401 401 4451 cruentam
424 4370 646 4453 manum
674 4370 967 4454 facinerosi
994 4385 1051 4454 et
1069 4399 1527 4454 excommunicati
1550 4370 1695 4472 regis
1793 4393 1930 4448 stola
1957 4370 2191 4463 quadam
2223 4393 2291 4446 ad
2337 4370 2770 4462 conmmpcndos
2805 4390 2987 4446 minus
3018 4390 3379 4461 intelligentes

175 4480 519 4557 adobhgandas
544 4488 904 4562 obligationes
926 4489 982 4544 in
1004 4489 1242 4560 peccatis
1267 4491 1693 4547 sacratissimam
1796 4485 1850 4539 in
1879 4486 2128 4540 eumdem
2177 4493 2426 4540 sanctum
2473 4483 2796 4554 Gregorium
2845 4482 3170 4552 composita,
3220 4491 3275 4537 et
3311 4481 3380 4535 ad

1726 4601 1778 4664 υ
1800 4575 2259 4645 persuadendum,
2283 4584 2336 4630 et
2365 4574 2720 4644 ingerendum
2752 4575 2931 4629 scelus
2957 4582 3201 4628 vestrum
3230 4587 3383 4625 men-

179 4659 593 4728 damnatissimum
636 4687 1011 4729 exsecramur,
1056 4670 1117 4727 ιιι
1149 4661 1268 4743 ’(ιυο
1293 4673 1431 4728 nihil
1464 4675 1702 4731 medium
1726 4659 1768 4664 ⁷
1805 4665 1950 4720 tibus
1980 4666 2332 4736 simplicium,
2383 4664 2540 4734 quasi
2589 4663 2735 4734 quod
2780 4663 2963 4734 agitis,
3013 4679 3081 4718 ex
3111 4660 3382 4731 aequitatis

177 4573 316 4630 sedem
334 4581 693 4648 apostolorum
721 4596 989 4652 usurpare
1011 4589 1064 4639 et
1084 4581 1326 4653 polluere
1355 4591 1583 4642 conatus
1605 4585 1695 4652 sit,

112 4843 114 4847 I
305 4769 388 4816 aut
412 4777 523 4830 vos,
549 4763 598 4819 si
639 4778 831 4819 verum
864 4764 1119 4829 dicimus,
1166 4773 1427 4834 tanquam
1459 4765 1554 4835 qui
1583 4781 1705 4836 per-

1803 4755 1920 4810 zelo
1968 4771 2079 4811 non
2129 4769 2198 4810 ex
2249 4754 2361 4809 odii
2409 4753 2648 4809 falsitate
2697 4754 2975 4825 procedat,
3012 4767 3108 4825 per
3140 4751 3383 4805 diversas

185 4842 488 4908 nidosissime
509 4853 789 4909 diabolum
833 4867 935 4924 ριιο
963 4852 1184 4909 Chl-isto
1225 4854 1430 4921 colum,
1478 4854 1703 4912 indissi-
1802 4851 1982 4912 partes
2027 4847 2178 4919 regni
2209 4845 2434 4909 directa,
2473 4854 2532 4898 ut
2569 4843 2850 4899 indiscreti
2881 4843 3129 4898 homines
3158 4839 3252 4908 qui
3278 4853 3385 4893 non

116 4959 120 5010 ς
187 4939 378 4998 mulabili
406 4947 853 5004 eondemnatione
877 4947 1082 5013 teneri;
1132 4955 1229 5002 aut
1266 4963 1389 5015 nos,
1416 4948 1464 5003 si
1502 4947 1702 5003 menti-

118 5099 120 5111 Ι
189 5041 294 5095 mur,
336 5030 644 5094 intolerabili
673 5033 742 5095 et
773 5038 938 5095 nimis
961 5038 1152 5094 odiosa
1196 5053 1359 5110 super
1400 5039 1707 5095 innocentis

120 5145 126 5210 ,
190 5120 446 5190 praeiudicio
469 5130 891 5201 praesumptione
934 5129 1141 5186 seduci.
1185 5129 1376 5186 Restat
1412 5131 1596 5201 itaque
1624 5140 1706 5196 ut,

122 5233 126 5294 ί
193 5220 240 5259 ⁸ο
261 5214 456 5279 inhio
485 5219 630 5290 quod
671 5221 983 5292 objicimus,
1027 5229 1121 5276 aut
1147 5221 1301 5277 furor
1326 5231 1380 5277 et
1408 5222 1710 5294 indignatio

195 5295 264 5354 Dei
299 5320 384 5363 vos
425 5322 823 5381 perseverantes
861 5314 1122 5384 corripiat
1143 5351 1159 5381 ,
1205 5323 1298 5370 aut
1337 5315 1711 5372 misericordia

199 5394 400 5461 l‘espieiat
423 5404 759 5472 penitentes.
814 5405 940 5472 Sed,
977 5418 1040 5462 ut
1065 5407 1386 5473 existamus,
1413 5407 1596 5463 nullus
1619 5422 1713 5463 ve-

203 5485 335 5540 strum
357 5489 442 5558 qui
467 5490 636 5561 ipsius
673 5495 1037 5566 patrocinium
1079 5497 1418 5567 suscepistis,
1463 5499 1596 5554 adeo
1627 5507 1710 5553 at-

205 5569 310 5660 trita
341 5576 519 5639 frontis
544 5585 647 5641 erit
672 5599 732 5644 ut
769 5588 914 5660 quod
943 5588 1010 5645 de
1045 5589 1329 5645 invasione
1359 5589 1578 5656 dicitur,
1610 5605 1710 5644 au-

209 5658 302 5762 ξὶςιι
563 5692 685 5735 cum
725 5658 1018 5738 universus
1059 5695 1197 5752 pene
1236 5679 1520 5736 Romanus
1564 5681 1714 5737 orbis

212 5747 276 5808 his
287 5759 428 5818 Veluti
459 5765 742 5828 diﬂamatis
767 5780 823 5828 et
845 5747 1077 5844 publica
1091 5773 1284 5829 notitia
1330 5772 1594 5830 convictis
1631 5781 1716 5829 at-

213 5847 407 5912 W.
441 5855 576 5920 Cum
607 5861 770 5934 igitur
806 5864 1217 5936 promitatem
1252 5871 1490 5922 vestram
1521 5863 1578 5920 in
1602 5859 1719 5922 .hoc

1802 4941 2104 5014 recogitant
2147 4947 2330 4993 utrum
2362 4939 2434 4993 sit
2471 4938 2615 4992 sicut
2643 4937 2864 5002 dicitur,
2911 4933 3003 4990 sed
3049 4932 3281 4988 credunt
3313 4930 3390 4986 ita

1806 5050 1928 5091 esse
1957 5032 2104 5104 quod
2133 5032 2214 5087 sic
2259 5029 2537 5095 scribitur,
2581 5027 2838 5098 adjuvent
2865 5033 3046 5096 partes
3074 5030 3305 5086 vestras,
3337 5029 3393 5076 et
3437 5037 3440 5042 ·

1810 5121 2220 5180 mendaciorum
2253 5133 2376 5191 quae
2407 5116 2688 5172 intenditis
2717 5117 2943 5170 horrore
2968 5112 3200 5183 permoti
3233 5113 3392 5167 inau-

1811 5219 1978 5274 ditam
2005 5214 2380 5272 crudelitatem
2411 5217 2649 5264 vestram
2680 5205 3056 5263 excusabilem
3076 5205 3389 5276 opinentur.

1812 5311 1870 5365 ln
1897 5324 2008 5381 qua
2035 5306 2303 5376 liquidum
2331 5311 2418 5358 est
2463 5310 2611 5358 recte
2658 5297 2908 5368 sapienti,
2962 5298 3107 5369 quod
3151 5311 3252 5353 vos
3298 5311 3397 5366 per

1814 5415 2049 5474 quorum
2097 5413 2195 5454 ora
2252 5403 2405 5467 pater
2470 5389 2737 5449 mendacii
2787 5405 2852 5445 ex
2899 5391 3132 5462 propriis
3173 5389 3411 5444 locutus'

1812 5503 1936 5560 est,
1984 5508 2051 5547 ex
2085 5500 2239 5562 patre
2291 5486 2509 5543 diabolo
2556 5483 2719 5549 estis,
2753 5482 2846 5552 qui
2897 5481 2952 5535 in
3005 5481 3233 5536 veritate
3286 5495 3399 5534 non

1815 5585 1980 5650 stetit,
2013 5583 2108 5639 sed
2136 5581 2264 5636 talia
2293 5578 2362 5634 de
2383 5575 2602 5632 Christo
2630 5573 2848 5630 Domini
2875 5583 2928 5628 et
2957 5573 3238 5628 beatorum
3265 5586 3400 5640 apo-

1815 5677 2081 5735 stolorum
2113 5685 2452 5735 successore,
2493 5667 2802 5724 vossdieere
2852 5673 2907 5720 et
2959 5664 3197 5720 scribere
3247 5674 3399 5717 eom-

1817 5766 1992 5838 pulit,
2038 5781 2160 5837 qua:
2214 5779 2317 5820 nec
2360 5761 2655 5817 verisimile
2702 5767 2786 5814 est
2837 5757 2892 5812 in
2946 5755 3239 5826 quemlibet
3285 5753 3400 5823 ple-

1819 5857 2003 5919 beium
2050 5859 2326 5918 hominem
2367 5856 2558 5914 cadere
2593 5851 2860 5926 potuisse.
2911 5846 3014 5906 Sed
3041 5847 3169 5920 quia
3203 5845 3256 5900 in
3287 5851 3400 5900 toto
