3842 6308
101 348 192 410 185

1427 344 1656 406 VETUS
1695 345 1951 404 AGANO.

3245 357 3350 414 l86

97 457 258 526 nuité,
287 472 353 528 on
376 454 617 532 pourrait
660 453 1001 527 quelqucfois
1030 457 1146 513 dire
1175 458 1313 530 dans
1351 468 1501 517 toute
1542 461 1657 516 leur
1685 468 1733 523 Α
1830 461 2015 526 Ainsi,
2065 475 2166 531 par
2229 462 2504 534 exeniplc,
2563 478 2699 518 nous
2753 479 2920 522 avons
2981 466 3118 522 ἀει-ξι
3156 467 3347 523 Malm;

95 550 343 608 barbarie.
390 548 541 605 Nous
573 562 740 604 avons
781 548 952 615 suivi,
994 549 1170 606 meme
1201 551 1338 609 dans
1373 551 1422 607 la
1469 569 1656 623 repro-

95 643 291 700 duction
321 640 415 698 des
444 653 599 696 noms
622 651 850 708 propres
869 680 885 706 ,
913 639 962 695 la
988 640 1198 697 variété
1233 629 1654 716 d‘ortbograplie

95 735 278 793 dontiée
314 751 412 806 par
447 735 529 790 les
561 736 910 792 manuscrits.
942 733 1078 791 Mals
1118 749 1252 792 nous
1279 737 1480 794 devons
1519 737 1653 795 faire

95 830 353 894 observor,
387 827 418 882 Ξι
449 827 650 900 l‘égard
711 830 804 885 des
829 837 970 884 mots
1002 828 1161 909 villa,
1199 827 1410 896 vitiare,
1452 832 1648 897 curtis,

96 937 250 986 mons,
288 929 344 975 et
373 930 563 976 autres
595 919 948 987 semblables,
989 917 1154 976 écrits
1179 919 1513 988 ‘isolément,
1545 937 1652 992 que

95 1027 212 1068 noua
237 1026 403 1067 avons
434 1012 549 1083 pris
573 1024 710 1083 pour
737 1011 884 1090 regie
912 1012 1248 1082 d’imprimer
1274 1027 1374 1082 par
1401 1029 1505 1067 une
1533 1029 1653 1069 ma-

90 1102 278 1173 juscule
300 1103 348 1160 le
376 1113 494 1159 mot
525 1103 617 1174 qui
653 1101 834 1158 fais'ait
860 1104 1033 1173 partie
1060 1102 1362 1174 inte’grante
1391 1099 1462 1159 du
1491 1121 1646 1170 nom;

95 1195 248 1250 tandis
273 1210 403 1265 que,
435 1197 574 1251 dans
601 1196 678 1251 les
719 1211 814 1274 cas
845 1181 1149 1252 contra'ires
1202 1212 1272 1252 ou
1302 1195 1571 1264 douteux,
1606 1181 1654 1253 le

95 1296 189 1341 met
217 1302 246 1342 a
269 1287 352 1343 été
377 1288 519 1342 écrit
557 1305 656 1358 par
685 1283 791 1342 une
822 1287 1142 1343 minusculo.

1773 551 2000 620 Villare,
2059 553 2445 621 Mainvilllers;
2513 551 2712 610 Fracta
2805 555 3002 625 Vallis,
3067 557 3342 618 Fréteval:

1739 643 1988 722 ‘Campus
2018 643 2224 714 Fauni,
2254 646 2589 719 Champbol;
2625 647 2975 705 Cerminionis
3018 650 3188 718 Villa,
3213 651 3346 708 Ger-

1741 730 2141 808 'migno‘m'illc,
2179 755 2478 810 parceque
2528 741 2608 796 les
2661 749 2803 796 mots
2865 741 3099 810 Villare,
3150 745 3343 815 Vallis,

1757 826 2008 901 Campus,
2054 829 2212 895 Villa,
2244 839 2461 886 entrent
2481 831 2696 889 dan’sla
2720 837 3074 905 composition
3103 836 3172 891 du
3196 853 3348 898 nom.

1754 918 1836 973 Au
1859 921 2134 976 contraire
2152 963 2167 987 ,
2194 937 2332 978 nous
2361 937 2528 977 avons
2569 923 2819 994 imprimé
2847 924 3309 985 Cruriacum‘villa
3327 973 3341 994 ,

1756 1011 1961 1078 Crucé;
2014 1013 2138 1067 villa
2187 1013 2384 1080 Lcreti,
2431 1013 2590 1082 Léri;
2645 1013 2851 1072 (ῖεείσεὶ
2888 1019 3046 1075 cella.
3095 1020 3337 1090 Jusiers,

1756 1105 1879 1160 villa
1953 1104 2286 1172 Condalum‘,
2343 1106 2555 1173 Condé;
2614 1107 2934 1180 Lupiuiacus
2987 1112 3144 1180 villa,
3211 1125 3342 1185 etc.,

1758 1211 1919 1267 parce
1945 1212 2050 1267 que
2085 1197 2165 1254 les
2196 1207 2334 1254 mots
2366 1200 2490 1254 villa
2518 1209 2572 1256 ct
2605 1201 2736 1256 cella
2771 1211 2894 1258 sont
2921 1205 3090 1268 restes
3119 1207 3248 1263 hors
3273 1206 3346 1264 du

1757 1306 1905 1343 110111.
2821 1303 2826 1308 “

623 1725 628 1730 ,
901 1585 1597 1717 TITULUS
1708 1581 2506 1718 AGANONIS

493 1841 628 1930 ΙΝ
701 1839 1779 1936 LIBROCARTARUM
1839 1841 2258 1939 SANCTI
2329 1843 2691 1938 PETRI
2767 1829 2844 1902 (⁸)

1581 2059 1800 2074 —

153 2163 185 2220 l.
209 2163 334 2235 Opus
356 2162 514 2236 hujus
570 2165 732 2221 libelli
781 2180 850 2222 ex
893 2166 1192 2238 privilegiis
1237 2182 1358 2239 quae
1386 2167 1440 2221 in
1473 2167 1645 2222 nostri
1682 2170 1723 2229 Β
1753 2168 2079 2223 sanctissimi
2104 2169 2263 2225 ovilis
2294 2170 2552 2226 mandras
2581 2180 2884 2241 spontaneo
2915 2181 3041 2229 voto
3098 2183 3228 2228 sunt
3258 2177 3340 2228 in.

107 2257 282 2310 mmini
315 2257 483 2313 saetis
547 2258 766 2314 scriniis
813 2259 1060 2322 invenire
1109 2260 1291 2329 potui,
1322 2275 1352 2313 a
1385 2258 1650 2316 fratribus

114 2347 342 2416 sapissmtc'
363 2357 674 2419 wgitatus,
695 2365 869 2420 usque
893 2361 1039 2404 nunc
1063 2351 1248 2405 distuli
1280 2364 1375 2420 per
1401 2350 1648 2408 ordinem

117 2437 342 2508 «alligando
378 2441 584 2504 edere,
617 2457 762 2509 cum,
809 2450 1031 2512 propter
1069 2441 1402 2498 ebitudinem
1437 2441 1514 2512 (9)
1542 2441 1649 2497 mei

114 2530 280 2600 ingenii,
323 2532 404 2588 vel
457 2533 835 2588 rtrsticilatcm
889 2533 1078 2589 inculti
1137 2535 1443 2601 sermonis,
1503 2536 1648 2604 quod

109 2621 239 2692 magis
259 2635 366 2678 esse
393 2626 574 2681 rebar
599 2625 734 2680 utile
764 2627 981 2682 silentio
1009 2636 1213 2699 tegere,
1241 2647 1429 2701 quam,
1479 2631 1651 2700 impe-

104 2713 170 2768 riti
195 2715 287 2771 stili
307 2716 478 2774 oﬂicio
531 2719 854 2776 blaterando
881 2721 1081 2778 inuotis
1119 2723 1258 2794 (l0),
1285 2725 1402 2796 ejus
1427 2725 1648 2779 nudita-

105 2809 448 2882 temdetegere,
475 2821 606 2866 ιιιιιι
654 2822 879 2882 propter
923 2813 1494 2873 invidentium-virosa
1529 2831 1649 2871 ver-

103 2896 251 2952 borum
271 2905 460 2966 jacula
492 2902 630 2972 qui,
663 2902 824 2959 solito
870 2919 1043 2970 more,
1096 2903 1254 2961 laude
1289 2905 1449 2978 digna
1477 2906 1648 2962 bono-

101 3004 192 3042 rum
216 2991 339 3048 facta
366 2995 624 3050 virorum
675 3010 890 3066 semper
943 2997 1289 3054 conrodcndo
1311 3000 1646 3069 vituperant,

99 3081 226 3152 idque
246 3087 358 3170 boni
387 3089 547 3158 quod
580 3089 632 3144 in
659 3105 786 3169 sua
818 3091 1151 3170 conscientia
1177 3108 1283 3170 non
1323 3099 1643 3164 agnoscunt,

101 3174 140 3228 in
180 3176 284 3234 aliis
324 3167 446 3236 dum
493 3167 786 3248 viderint,
841 3167 1145 3254 serpentini
1199 3167 1467 3241 sermonis
1520 3184 1644 3240 luco

101 3267 375 3328 obumbrare
423 3273 718 3341 festinant,
745 3281 802 3329 ut
832 3285 1106 3332 rectorum
1135 3275 1442 3333 innocentia
1472 3275 1646 3334 laudi-

101 3357 178 3415 bus
203 3363 406 3420 minimc
431 3353 741 3420 extollatur
787 3367 1005 3423 debitis.
1055 3367 1238 3433 Unde,
1269 3368 1536 3439 patientia
1553 3384 1647 3426 co-

101 3462 222 3518 ante,
269 3459 432 3512 virtus
478 3459 778 3530 probitatis
825 3473 1012 3528 pressa
1068 3455 1376 3530 iniquorum
1426 3459 1639 3527 sutelis,

1752 2259 1910 2327 clusi,
1959 2262 2161 2316 mundo
2204 2262 2423 2331 quidem
2455 2265 2681 2328 mortui,
2712 2265 2822 2319 Deo
2853 2273 3034 2320 autem
3071 2267 3337 2334 viventes,

1733 2353 1938 2408 .carnis
1967 2352 2237 2409 desideria
2260 2353 2465 2426 iugiter
2489 2354 2854 2420 mortiﬁcant,
2893 2355 3056 2412 bonis
3097 2357 3341 2413 moribus

1733 2445 1966 2500 iatnimas
1991 2459 2120 2501 suas
2143 2445 2432 2511 adornant,
2457 2445 2698 2502 habeant
2726 2444 2980 2505 videlicet
3003 2461 3112 2518 pra:
3160 2447 3338 2501 mani-

1751 2537 1854 2594 bus
1877 2536 2136 2593 noticiam
2183 2552 2405 2593 suarum
2451 2552 2632 2594 rerum
2681 2534 2750 2592 ad
2780 2538 2955 2594 instar
2995 2537 3208 2594 illorum
3245 2538 3338 2608 qui

1751 2629 2052 2700 pmvident
2080 2643 2198 2684 eas.
2219 2629 2446 2700 Oportet
2469 2631 2615 2687 enim
2645 2645 2838 2686 omnes
2857 2634 3000 2687 scire
3022 2645 3110 2687 res
3133 2631 3336 2702 quibus

1748 2721 1928 2778 victus
1951 2730 2008 2778 et
2034 2723 2260 2779 vestitus
2288 2723 2370 2779 eis
2401 2724 2836 2786 administratur,
2859 2733 2921 2780 ut
2947 2723 3337 2795 sacrilegorum

1749 2811 1998 2877 ambitio,
2013 2827 2134 2881 qum
2159 2812 2345 2870 litibus
2371 2821 2429 2868 et
2447 2813 2610 2869 minis
2634 2825 2848 2885 semper
2870 2813 3146 2884 simplices
3167 2809 3336 2877 viros,

1749 2909 1808 2956 ut
1835 2904 1905 2958 ab
1927 2902 2008 2958 eis
2029 2902 2234 2973 aliquid
2259 2913 2608 2974 extorqueat,
2641 2913 2903 2973 exterret,
2931 2905 3141 2975 possint
3165 2905 3340 2975 repel-

1748 2995 1882 3052 lere.
1922 2996 1981 3050 ln
2011 2998 2196 3053 causis
2223 2997 2442 3067 quidem
2475 2998 2600 3069 plus
2624 2997 2771 3053 valet
2790 2997 3148 3068 plurimorum
3175 3007 3341 3068 quam

1747 3087 1912 3142 unius
1942 3087 2197 3143 assertio.
2222 3085 2444 3144 Placuit
2491 3103 2708 3158 quoque
2738 3088 2865 3144 buic
2918 3089 3162 3146 inserere
3187 3087 3342 3160 pagi-

1735 3178 1888 3234 nube
1909 3180 2052 3249 quod
2089 3174 2240 3236 lucus
2265 3180 2391 3246 iste,
2420 3180 2562 3236 sicut
2591 3183 2660 3238 ab
2686 3175 3037 3250 antiquorum
3057 3178 3223 3235 dictis
3252 3178 3348 3234 vel.

1747 3271 1970 3342 scriptis
2000 3270 2314 3339 didicimus,
2345 3271 2492 3328 inter
2518 3271 2734 3340 regales
2756 3285 2852 3342 per
2872 3271 3103 3328 Galliam
3141 3269 3338 3325 nobili-

1750 3370 1834 3418 ter
1859 3363 2139 3430 fundatos,
2152 3373 2206 3420 et
2219 3364 2593 3434 augustalibus
2611 3363 2805 3429 titulis,
2821 3377 2955 3418 auro
2977 3362 3063 3418 vel
3087 3371 3344 3433 argento,

1751 3467 1847 3508 seu
1869 3453 2086 3525 ingenti
2111 3465 2556 3512 ornamentorum
2593 3453 2749 3526 copia
2782 3453 3146 3522 omnibusque
3177 3451 3341 3507 rebus

103 3545 314 3613 opinione
340 3552 476 3621 vulgi
513 3551 736 3606 videtur
755 3549 944 3621 jacere
993 3551 1048 3606 in
1093 3551 1239 3618 imis,
1269 3553 1444 3608 instar
1470 3552 1642 3608 imbe-
1675 3542 1716 3600 C
1747 3545 2070 3628 mundanis
2109 3547 2306 3617 quibus
2381 3547 2654 3604 attollitur
2715 3546 2955 3601 humana
3030 3543 3296 3614 fragilitas
3323 3583 3338 3608 ,

101 3639 228 3695 ciliis.
259 3642 400 3700 Nunc
428 3661 600 3722 vero,
635 3647 882 3702 fraterno
926 3646 1190 3718 imperio,
1227 3661 1333 3701 non
1384 3657 1645 3716 praesum-

103 3731 236 3788 tionis
259 3737 566 3806 supercilio,
598 3737 880 3809 privilegia
916 3751 1036 3808 quae
1071 3735 1140 3792 ab
1167 3737 1420 3794 incendio
1446 3747 1645 3794 nostra:

99 3824 319 3884 acclcsia:
365 3839 792 3902 nostrarumque
843 3830 1024 3886 odium
1075 3845 1183 3886 non
1222 3834 1339 3887 sine
1382 3829 1642 3902 periculo,

98 3929 202 3983 sunt
249 3919 492 3984 liberata,
546 3923 877 3992 ignorantia:
920 3915 1156 3979 stimulis
1215 3933 1380 3994 atque
1435 3919 1646 3979 caninls

99 4007 502 4067 subsannamium
519 4024 636 4083 p051
647 4013 836 4083 positis
858 4014 1167 4090 latratibus,
1183 4015 1235 4070 in'
1249 4014 1352 4070 hoc
1365 4013 1643 4083 opusculo,

99 4096 213 4153 velut
238 4099 283 4155 in
309 4117 474 4172 parvo
499 4093 710 4169 cibuto,
733 4105 913 4162 stolidi
945 4107 1213 4162 sermonis
1240 4106 1364 4161 stilo
1391 4103 1645 4176 colligere

101 4192 269 4259 studui,
298 4205 354 4250 ut
376 4198 444 4252 ab
481 4198 740 4254 incendio
766 4214 862 4254 seu
893 4197 1014 4254 aliis
1039 4198 1278 4256 fortuitis
1319 4197 1533 4254 facilius
1564 4207 1648 4251 tu-

100 4281 176 4337 tari
204 4288 396 4355 possint
425 4289 711 4360 periculis,
742 4305 844 4345 nec
869 4306 975 4346 non
1004 4291 1314 4362 siquando,
1347 4291 1491 4360 quod
1519 4291 1646 4360 sepe

101 4372 164 4436 lit,
187 4377 350 4448 aliqua
393 4383 610 4452 questio
639 4382 707 4436 de
733 4381 1056 4453 conscriptis
1086 4384 1401 4438 monasterii
1432 4394 1646 4454 posses—

100 4462 307 4526 tionibus
328 4463 654 4536 surrexerit,
687 4459 850 4529 citius
879 4471 1349 4544 Iegendo‘inventa
1379 4473 1643 4530 solvatur.

101 4551 231 4611 Malui
287 4559 519 4632 denique
572 4561 753 4618 fronte
802 4574 960 4632 rupta
1021 4555 1220 4619 Vestris
1267 4563 1647 4633 obtemperare

95 4640 388 4710 jussionibus
417 4669 582 4724 quam
626 4670 734 4711 non
779 4640 1210 4728 obtemperando
1267 4640 1435 4712 deses.
1460 4653 1644 4717 silere,

102 4744 256 4797 tacens
280 4744 469 4804 timore
515 4747 924 4818 obloquentium
955 4749 1068 4821 qui,
1091 4749 1418 4820 simplicium
1467 4745 1646 4802 studia

101 4841 179 4894 pro
202 4833 389 4892 nichilo
438 4838 723 4905 ducentes,
750 4839 848 4909 ipsi
894 4840 948 4894 in
995 4839 1109 4895 suis
1152 4838 1514 4909 voluptatibus
1551 4851 1643 4892 so~

102 4919 292 4989 uirtutes,
315 4927 381 4980 ab
407 4927 718 4989 hominibus
765 4931 882 4985 sine
923 4930 1031 4985 ullo
1063 4929 1188 4986 boni
1215 4929 1398 5000 operis
1447 4927 1642 4985 effectu

104 5011 259 5067 Volunt
285 5017 450 5073 videri
485 5019 781 5089 sapientes.

157 5102 360 5162 Decrevi
385 5109 552 5164 etiam
599 5109 758 5166 villas
779 5110 1043 5182 singulas,
1065 5111 1234 5178 vicos,
1264 5124 1448 5182 agros,
1483 5111 1648 5168 silvas

103 5199 338 5254 etatem
377 5200 513 5267 loca,
549 5203 930 5275 religiosorum
981 5205 1219 5282 virorum
1270 5206 1563 5276 largitione
1589 5207 1645 5261 in

107 5283 283 5345 illorum
311 5293 592 5364 stipendiis
619 5295 768 5363 data,
795 5297 839 5352 si
872 5297 1012 5352 forte
1067 5295 1233 5352 fuerit
1259 5297 1448 5352 datum
1480 5297 1645 5354 michi

106 5379 252 5437 otium
278 5385 357 5440 vel
385 5385 640 5457 facultas,
689 5390 933 5446 terminis
961 5389 1197 5462 propriis
1241 5374 1358 5446 sive
1383 5389 1645 5447 arcifiniis

108 5463 336 5532 dissidere
359 5477 428 5533 ab
454 5481 748 5550 extraneis,
773 5489 836 5538 ut
862 5481 917 5539 bi
946 5483 1039 5554 qui
1072 5482 1217 5538 intra
1269 5482 1644 5553 pa‘radisiacas

121 5714 129 5733 ε
169 5647 232 5718 (8)
357 5669 450 5733 e._:
475 5655 732 5728 Prologus
754 5660 820 5733 _in
857 5660 1048 5733 librum
1086 5659 1398 5733 enitimini:
1431 5662 1638 5733 Agam),

118 5729 158 5802 tu
189 5726 344 5802 radice
387 5726 686 5783 chartarum
741 5729 922 5802 Sancti
960 5727 1130 5802 Petri.
1163 5731 1386 5786 Summa
1445 5726 1638 5802 pagina

120 5798 335 5861 scriptum
357 5807 606 5856 estutanu
624 5815 780 5858 reccn
810 5801 923 5859 iure
951 5820 962 5854 :
999 5801 1150 5859 Liber
1171 5798 1458 5878 Aganonia
1477 5798 1635 5859 velas.

1749 3646 2002 3707 comptus
2027 3645 2084 3692 et
2109 3637 2405 3706 praeclarus
2433 3639 2638 3693 extitit.

1823 3727 2021 3783 Verum
2052 3729 2178 3798 quia
2209 3745 2336 3800 sepe
2378 3731 2439 3784 fit
2476 3738 2533 3784 ut
2561 3729 2649 3784 ubi
2682 3727 3170 3800 superhabuudant
3195 3725 3335 3781 divi-

1753 3819 1862 3882 ti:e,
1911 3819 2016 3885 ibi,
2052 3821 2198 3876 socia
2248 3821 2602 3892 impunitate,
2638 3821 2885 3893 ingentes
2939 3828 3342 3891 exaggerantur

1748 3909 1940 3980 eulpzc,
1989 3911 2186 3981 quibus
2222 3911 2406 3966 miseri
2440 3911 2689 3967 homines
2721 3910 2967 3982 impliciti
3021 3911 3340 3984 largitorem

1727 3999 1929 4056 rerum
1979 4016 2107 4058 ceca
2143 4009 2324 4057 mente
2354 4001 2666 4073 neglegunt,
2724 4011 2810 4069 et,
2853 4002 2982 4058 dum
3041 4004 3342 4074 in’peccati

1750 4109 1948 4150 snmao
1979 4093 2285 4164 sopiuntur,
2317 4095 2530 4151 hostem
2559 4103 2836 4157 secuntur,
2857 4097 3033 4165 poenis
3065 4097 3344 4167 plectendi.

1746 4173 2200 4258 perpetuis;sepe
2226 4193 2404 4242 tamen
2427 4187 2771 4258 otnnipotens
2803 4187 2946 4242 Deus
2975 4197 3030 4242 et
3053 4187 3347 4258 aﬂligendo

1751 4273 2046 4336 miseretur
2081 4281 2484 4352 peccatoribus,
2512 4289 2568 4338 et
2621 4279 2934 4337 miserando
2975 4277 3167 4352 amigit
3200 4279 3342 4338 ﬁlios

1749 4382 1886 4436 quos
1917 4369 2126 4439 recipit.
3284 4389 3288 4396 λ

1820 4459 1886 4514 ll.
1929 4460 2116 4530 Itaque
2140 4469 2478 4516 memoratus
2507 4459 2679 4524 locus,
2708 4473 2814 4513 non
2847 4458 3002 4528 longe
3031 4473 3060 4512 a
3087 4457 3339 4514 inertibus

1747 4553 2062 4612 Carnolina‘:
2105 4554 2257 4610 urbis
2287 4552 2614 4610 normaliter
2643 4553 2802 4618 situs,
2825 4565 2932 4608 non
2967 4553 3185 4609 modico
3216 4565 3342 4606 mo-

1751 4647 2050 4703 nachorum
2081 4656 2224 4702 coetu
2260 4644 2865 4717 resplendebat,qui,in
2895 4643 3099 4700 Christi
3135 4657 3341 4704 amore,

1751 4739 1934 4795 carnis
1982 4739 2120 4794 vicia
2157 4739 2533 4795 mortificando
2575 4735 3046 4807 comprimebant;
3077 4742 3153 4790 et-
3183 4733 3345 4788 beato

1751 4829 1913 4885 Petro
1938 4829 2182 4899 apostolo
2237 4827 2532 4894 famulans,
2563 4827 2714 4882 velut
2760 4824 2974 4880 Lucifer
3005 4832 3136 4877 tunc
3167 4822 3346 4877 omni.

1752 4923 1854 4979 bus
1879 4923 2142 4978 virtutum
2201 4922 2322 4978 luce
2376 4920 2643 4976 radiabat.
2696 4917 2839 4975 Urbs
2893 4915 3129 4984 denique
3175 4928 3338 4984 supra

1753 5027 2075 5082 memorata,
2106 5016 2366 5088 populosa
2397 5015 2689 5070 admodum
2727 5020 2892 5081 atque
2925 5005 3338 5075 opulentissima

1755 5110 1898 5166 inter
1927 5110 2192 5165 Neustria:
2229 5108 2415 5170 urbes,
2442 5119 2721 5160 murorum
2749 5098 3146 5171 magnitudine,
3177 5089 3339 5152 edili-

1752 5203 1962 5258 ciorum
1997 5217 2213 5273 quoque
2257 5199 2653 5270 pulcritudine,
2679 5195 2762 5252 vel
2796 5194 2998 5250 artium
3031 5191 3338 5252 liberalium

1751 5295 1968 5359 studiis,
1998 5295 2302 5348 habebatur
2326 5289 2708 5345 famosissima.

1829 5387 1917 5443 lll.
1975 5385 2216 5453 Quadam
2267 5400 2396 5442 vero
2447 5389 2790 5452 tempestate,
2833 5381 2902 5464 de
2953 5377 3338 5435 transmarinis

1753 5480 1998 5550 partibus
2021 5493 2145 5534 eum
2177 5475 2428 5534 rostratis
2477 5473 2705 5532 navibus
2729 5487 2885 5546 .geus
2918 5486 3127 5544 pagana
3180 5468 3337 5526 ebulo

1823 5662 1910 5741 (ξι)
1924 5662 2000 5741 lla
2023 5661 2184 5718 coita.
2211 5677 2313 5741 pro
2347 5643 2757 5741 ualetudinem.
2827 5728 2858 5741 Α,

1821 5731 1938 5807 (lli)
1974 5735 2051 5790 ita
2087 5731 2270 5802 codd},
2305 5745 2358 5789 ut
2383 5734 2535 5801 alibi,
2565 5749 2662 5804 pro
2696 5731 2905 5816 ignotis.
