3890 6302
535 403 642 465 187

1459 397 1663 456 PAULI
1703 399 1760 452 S.
1799 393 2002 451 PETRI
2043 391 2524 451 CARNOTENSIS
2559 391 2866 451 MONACHI

2862 292 2914 315 τ’

3713 400 3826 459 188·

539 522 701 590 liens,
748 518 1034 592 evaginato
1060 531 1173 572 suae
1222 517 1477 589 nequitia:
1526 514 1722 587 gladio,
1773 521 1939 568 totam
1987 526 2124 580 pene
2156 524 2200 579 Α
2231 509 2385 565 valde
2439 511 2859 567 munitissimam
2909 510 3170 580 vidisset,
3238 483 3472 586 quadam
3526 513 3819 573 dolositate

533 613 843 669 Neustriam
890 607 1183 668 crudeliter
1227 607 1559 666 devastabat.
1613 602 1878 658 Nonnulla
1927 602 2126 671 quippe

540 706 656 762 loca
709 715 1026 762 sanctorum
1096 702 1464 776 depOpulans,
1529 695 1820 751 voracibus
1883 693 2128 748 tradebat

538 794 807 863 ﬂammis;
833 797 1081 852 civitates
1109 810 1238 849 vero
1273 798 1460 859 captas
1492 785 1606 842 solo
1637 793 1793 840 tenus
1819 781 2123 848 evertebat,

543 899 707 959 atque
732 888 1071 945 Christianos
1101 895 1194 940 aut
1220 880 1512 939 insatiabili
1560 878 1704 932 ferro
1727 874 2002 942 laniabat,
2033 881 2126 928 aut

541 979 594 1033 in
625 976 942 1048 captivitate
973 977 1164 1032 ductos
1191 973 1291 1028 sub
1319 967 1670 1024 inrevocabili
1696 980 1897 1022 corona
1921 962 2125 1020 vende—

535 1069 648 1123 hat.
703 1068 869 1138 Cujus
916 1066 1096 1122 rabies
1143 1065 1195 1118 in
1237 1070 1447 1116 tantum
1479 1058 1752 1125 eﬂerhuit,
1793 1067 1852 1112 ut
1905 1073 2001 1128 per
2029 1055 2128 1112 Se-

539 1173 779 1227 quanam
802 1155 1023 1212 ﬂuvium
1059 1151 1290 1224 remigio
1321 1150 1660 1215 ascenderet,
1675 1148 1858 1204 omnia
1884 1148 2123 1202 cireum-

535 1263 753 1318 quaque
808 1247 925 1304 loca
958 1243 1316 1315 depopulans,
1370 1242 1438 1297 ad
1494 1241 1687 1296 urbem
1739 1239 2122 1296 Carnotensem

539 1342 752 1397 tandem
777 1337 1117 1411 perveniens,
1153 1336 1392 1392 anelanti
1423 1346 1643 1404 pectore
1691 1332 1944 1404 cupiebat
1966 1346 2124 1386 ever.

540 1439 692 1496 tere;
752 1439 825 1496 et,
882 1429 1066 1484 omnia
1113 1442 1234 1498 qua:
1275 1427 1326 1480 in
1370 1425 1600 1481 circuitu
1659 1425 1809 1480 urbis
1857 1423 2125 1492 attingere

537 1521 734 1591 potuit,
775 1519 1040 1575 vastando
1069 1517 1479 1574 inhabitabilem
1513 1515 1768 1572 reddidit.

610 1610 699 1666 IV.
729 1610 864 1666 Cum
889 1625 1022 1666 vero
1066 1610 1218 1674 urbs,
1250 1609 1597 1680 exigentibus
1629 1607 1928 1664 incolarum
1960 1606 2128 1662 meri-

539 1700 632 1766 tis,
658 1715 757 1770 per
796 1699 965 1756 multa
992 1715 1260 1756 annorum
1292 1697 1592 1764 curricula,
1629 1699 1794 1754 tantis
1822 1697 2126 1753 aﬂiceretur

545 1794 830 1866 angustiis,
861 1793 1058 1860 occisis
1109 1792 1324 1848 tandem
1379 1792 1614 1855 civibus,
1656 1792 1848 1862 opibus
1896 1789 2125 1846 sublatis

2233 609 2514 671 concepta,
2544 616 2653 656 non
2685 602 2736 656 vi
2764 611 2849 657 set
2875 603 3162 672 strophoso
3193 603 3318 662 ludo
3351 605 3564 678 delegat
3591 621 3809 678 capere.

2231 690 2467 761 Fingens
2509 706 2639 762 ergo
2670 707 2730 749 se
2757 701 3051 762 aegrotare,
3101 695 3252 751 urbis
3294 698 3593 752 antistitem
3643 699 3712 754 ad
3757 714 3818 754 se

2229 784 2559 851 accersiens,
2575 783 2865 840 summissa
2891 799 3020 841 voce
3044 787 3195 855 petit,
3213 802 3273 842 se
3297 788 3438 844 sacri
3468 788 3818 859 baptismatis

2230 875 2371 929 unda
2400 891 2430 929 a
2459 875 2698 946 peccatis
2728 874 2894 940 ablui,
2926 885 2980 932 et
3007 891 3129 931 eum
3160 877 3261 935 sibi
3289 878 3562 947 patrinum
3596 879 3740 946 fieri,
3763 896 3822 936 se

2228 968 2295 1022 ad
2330 982 2572 1038 przesens
2599 967 2804 1034 emori;
2837 968 3195 1040 quamobrem
3226 985 3255 1023 a
3280 970 3437 1026 malis
3463 986 3585 1041 quae
3613 969 3824 1026 fecerat

2227 1057 2424 1114 intimo
2473 1059 2640 1114 corde
2686 1059 2934 1130 penitere
2988 1073 3054 1116 ac
3098 1067 3212 1117 toto
3250 1062 3414 1118 corde
3441 1061 3507 1116 ad
3536 1061 3820 1117 Christum

2226 1150 2493 1217 converti,
2523 1149 2748 1206 Diabolo
2794 1160 2848 1206 et
2879 1152 3069 1222 ponpis
3108 1149 3225 1220 ejus
3266 1152 3403 1208 velle
3436 1167 3493 1206 se
3543 1153 3821 1209 abrcnou-

2227 1241 2408 1304 ciare,
2472 1240 2728 1311 quatinus
2791 1241 2872 1296 vel
2922 1241 2976 1296 in
3025 1252 3202 1297 morte
3243 1250 3489 1297 sanctum
3535 1241 3819 1297 lavacrum

2229 1343 2573 1400 consecutus,
2601 1333 2835 1389 evadere
2877 1332 3140 1404 quivisset
3163 1349 3352 1402 pmnas
3398 1333 3617 1388 inferni.
3647 1333 3822 1405 Cujus

2229 1422 2392 1478 dictis
2447 1423 2699 1488 antistes,
2731 1432 2975 1478 actutum
3003 1422 3280 1489 credulus,
3311 1423 3430 1478 sine
3483 1436 3640 1477 mora
3690 1436 3820 1479 cum

2227 1515 2559 1580 catezizans,
2587 1515 2762 1569 instar
2783 1513 3137 1570 morientium
3178 1513 3308 1569 lavit
3352 1527 3491 1583 aqua
3524 1512 3822 1584 baptisma-

2227 1605 2299 1659 tis
2339 1602 2473 1675 (16),
2499 1618 2731 1674 eumque
2752 1603 2818 1660 de
2847 1619 3007 1661 sacro
3043 1602 3191 1659 fonte
3219 1602 3419 1659 levavit
3444 1600 3580 1674 (l7).
3603 1600 3689 1657 Ex
3712 1601 3822 1657 hac

2235 1711 2295 1749 re
2325 1697 2471 1751 cives
2500 1711 2623 1751 cum
2677 1710 2777 1751 suo
2816 1695 3073 1766 prmsule,
3107 1694 3242 1750 falsa
3295 1709 3392 1766 spe
3447 1694 3654 1761 securi,
3688 1709 3819 1749 eum

2235 1786 2488 1843 barbaris
2519 1786 2674 1842 fedus
2699 1787 2897 1854 iuiunt,
2923 1787 3074 1842 urbis
3116 1794 3302 1856 portas
3328 1784 3599 1856 aperiunt,
3629 1797 3822 1838 rerum

547 1895 713 1955 atque
766 1885 893 1939 totis
939 1883 1150 1938 viribus
1198 1882 1423 1945 fract-is,
1471 1897 1538 1937 ex
1607 1881 1903 1951 improviso
1960 1881 2124 1935 etiam
2161 1877 2476 1942 Bomnium
2503 1877 2775 1932 venalium
2819 1877 3032 1946 copiam
3085 1875 3219 1932 foris
3265 1875 3519 1945 intusque
3567 1871 3817 1936 emendi,

542 1978 778 2046 quadam
835 1985 995 2030 nocte
1046 1975 1274 2046 capitur.
1310 1973 1602 2030 Christiani
1657 1987 1846 2028 omnes
1894 1971 2125 2027 diversis

547 2069 818 2124 mortibus
837 2067 984 2124 velut
1012 2067 1246 2138 pecudes
1279 2066 1570 2121 laniantur.
1587 2065 1728 2121 Urbs
1747 2078 1982 2134 quoque,
2007 2078 2126 2132 qum

545 2162 819 2230 quondam
851 2176 879 2214 a
907 2160 1050 2215 Julio
1074 2159 1289 2215 Cmsare
1331 2158 1551 2213 obsessa
1593 2157 1856 2212 decennio
1891 2155 2128 2226 perstitit

543 2251 973 2321 inexpugnabilis
999 2259 1052 2305 et
1079 2265 1110 2304 a
1155 2265 1214 2305 se
1237 2249 1514 2306 Romanas
1544 2249 1692 2304 acies
1734 2247 2128 2318 Argolicasque

540 2345 744 2413 pepulit
776 2341 1040 2398 indefessa
1065 2342 1360 2412 phalanges
1407 2341 1552 2412 (erat
1573 2341 1719 2396 enim
1745 2357 1810 2396 ex
1843 2339 2127 2410 quadratis

539 2442 593 2488 et
628 2431 1036 2488 immanissimis
1066 2430 1334 2501 lapidibus
1362 2438 1676 2486 constructa
1704 2429 1938 2499 altisque
1963 2427 2131 2483 turri-

546 2523 650 2578 bus
679 2522 909 2584 muuita,
941 2535 1006 2576 ac
1029 2521 1228 2576 iccirco
1274 2519 1404 2574 urbs
1429 2518 1540 2590 (ll)
1572 2518 1834 2587 Lapidum
1867 2517 2126 2585 vocitata,

543 2610 1226 2682 aqumductibusjocunda,
1251 2610 1354 2666 viis
1384 2609 1753 2664 subterraneis
1798 2607 2126 2672 laetabunda,

542 2706 742 2776 quibus
767 2703 948 2760 omnia
980 2702 1440 2772 subportabantur
1461 2700 1560 2754 sibi
1590 2699 1958 2769 necessaria),
1984 2713 2130 2753 nunc

545 2798 615 2852 ab
643 2797 788 2866 inopi
815 2795 1013 2850 divina:
1042 2795 1262 2849 virtutis
1286 2801 1466 2863 gente,
1485 2793 1596 2847 Deo
1627 2789 2128 2860 permittente,solo

520 2898 705 2944 tenus
757 2887 1026 2942 evertitur
1077 2895 1132 2942 et
1185 2885 1399 2956 ignibus
1450 2893 1830 2939 concrematur
1855 2883 1992 2954 (η).
2035 2883 2130 2938 Dei

547 2990 728 3035 tamen
757 2977 1041 3048 patientia,
1066 2991 1186 3047 qua:
1208 2977 1287 3031 sic
1308 2990 1530 3031 suorum
1559 2975 1780 3044 corrigit
1803 2973 2130 3043 proterviam

546 3081 606 3125 ut
639 3072 691 3124 in
723 3070 905 3126 futuro
932 3085 1039 3124 non
1085 3076 1334 3138 pereant,
1370 3067 1705 3138 impiissimw
1735 3067 1911 3137 gentis
1939 3066 2135 3121 crude-

546 3161 757 3216 litatem
781 3161 848 3216 ad
875 3160 1092 3230 propria
1120 3159 1296 3216 redire
1318 3173 1425 3213 non
1455 3157 1697 3228 permisit
1719 3157 1967 3213 inultam.
1991 3156 2126 3212 Nam

2229 1969 2374 2024 velut
2421 1969 2585 2025 sociis
2619 1977 2674 2025 et
2722 1969 2916 2026 amicis
2967 1968 3230 2024 tribuunt.
3283 1965 3411 2035 Qui,
3453 1963 3826 2037 possibilitate

2229 2069 2414 2128 nacta,
2445 2069 2557 2118 tota
2584 2060 2882 2117 ebdomada
2906 2058 3144 2115 ostiatim
3178 2058 3366 2114 urbem
3395 2056 3739 2127 perlustrant
3771 2062 3828 2109 et

2228 2154 2380 2209 vicos
2409 2163 2534 2208 ante
2563 2156 2665 2210 sibi
2698 2155 2917 2209 innotos
2939 2151 3178 2208 eﬂieiunt
3224 2159 3403 2207 notos.
3426 2149 3631 2206 Octava
3662 2149 3829 2205 deni--

2229 2259 2335 2314 que
2367 2243 2474 2310 die,
2505 2243 2717 2300 civibus
2739 2243 2793 2298 in
2826 2242 2944 2298 foro
2994 2241 3244 2304 intentis,
3273 2240 3524 2312 quaterni
3563 2239 3649 2295 vel
3699 2238 3825 2294 seni

2229 2334 2493 2406 paulatim
2555 2349 2651 2405 per
2701 2335 2852 2390 vicos
2885 2333 3126 2389 civitatis
3173 2331 3394 2387 barbari
3447 2345 3506 2386 se
3563 2329 3831 2399 ingerunt

2238 2426 2414 2490 taciti,
2443 2425 2618 2494 portis
2663 2423 2891 2494 singulis
2914 2433 3175 2494 ponentes
3204 2422 3530 2488 custodiam,
3565 2431 3742 2492 atquc
3776 2421 3830 2476 in

2232 2513 2353 2570 foro
2384 2515 2648 2584 plurimos
2677 2515 2831 2585 quasi
2865 2515 3069 2584 aliquid
3125 2522 3465 2569 mercaturos
3508 2514 3830 2570 remittunt.

2235 2605 2332 2661 llis
2360 2605 2432 2659 ita
2468 2606 2718 2675 patratis,
2751 2604 3007 2676 Astingus
3034 2605 3088 2659 in
3136 2603 3339 2668 feretro
3368 2613 3638 2672 armatus,
3676 2603 3834 2659 velut

2233 2707 2486 2751 mortuus
2505 2695 2824 2760 collocatur,
2842 2696 2984 2764 et,in
3009 2694 3252 2750 mcclesia
3281 2709 3311 2748 a
3339 2695 3452 2750 suis
3481 2695 3830 2765 deportatus,

2233 2787 2452 2858 patrino
2480 2803 2580 2844 suo
2608 2787 2822 2858 praesuli
2850 2801 2972 2844 cum
3002 2785 3257 2842 simulato
3281 2785 3407 2840 ﬂetu
3448 2786 3733 2851 exihetur,
3763 2797 3828 2842 ut

2234 2877 2664 2948 Christianorum
2716 2891 2781 2933 ex
2815 2877 2919 2932 hoc
2959 2874 3142 2932 seculo
3167 2875 3541 2930 decedentium
3585 2874 3836 2932 festinus

2235 2970 2472 3026 cilicium
2501 2978 2808 3042 perageret.
2842 2968 2943 3036 Qui
2975 2969 3168 3024 devote
3207 2967 3560 3023 humanitatis
3583 2966 3835 3024 oﬂicium

2235 3075 2524 3132 peragens,
2559 3075 2684 3116 eum
2736 3061 2790 3115 in
2821 3059 3109 3130 sepulchro
3136 3074 3202 3114 ex
3234 3074 3386 3114 more
3420 3058 3658 3114 cadaver
3679 3075 3840 3118 mor-

2239 3163 2416 3221 tuum,
2451 3163 2512 3210 ut
2538 3154 2918 3221 estimabatur,
2966 3153 3159 3224 deponi
3217 3152 3455 3225 juberet,
3481 3153 3838 3226 barbarijn-

547 3248 768 3315 Franci,
810 3249 1188 3319 undecumque
1228 3247 1531 3318 conglobati
1558 3247 1696 3319 (15),
1724 3247 1792 3302 ad
1835 3248 2127 3302 stationem
2157 3232 2204 3297 C
2233 3248 2411 3319 gentis
2437 3249 2661 3304 vocibus
2685 3247 2929 3304 clamare
2952 3245 3558 3318 coeperunt,maledieta
3582 3256 3840 3316 perstre-

549 3341 769 3398 navium
813 3340 1104 3410 parveuire
1167 3348 1522 3406 maturantes,
1575 3340 1974 3396 revertentibus
2026 3341 2133 3396 illis

549 3447 674 3488 cum
699 3432 886 3503 spoliis
917 3432 1125 3497 multis,
1152 3432 1220 3486 ad
1252 3442 1399 3488 rates
1419 3441 1734 3498 occurrunt,
1759 3432 1993 3503 ilicoque
2031 3447 2134 3488 au-

554 3522 745 3576 dacter
772 3536 896 3577 cum
927 3521 1008 3576 eis
1053 3522 1382 3591 conﬂigunt;
1442 3537 1672 3592 quorum
1726 3522 1902 3591 primo
1929 3521 2133 3592 impetu

548 3612 624 3668 ita
648 3612 982 3679 cesieadere
1028 3621 1336 3680 coeperunt,
1370 3612 1504 3666 utin
1531 3610 1714 3666 adulta
1742 3611 1920 3665 hieme
1949 3625 2134 3666 nemo-

551 3719 674 3760 rum
713 3701 862 3766 folia,
899 3700 1064 3756 ﬂante
1090 3699 1287 3765 Borea,
1317 3700 1496 3756 solent
1543 3699 1760 3756 cadere.
1793 3699 2021 3756 Videres
2041 3714 2136 3754 eos

558 3795 818 3864 denique,
850 3793 1032 3865 prisca
1057 3791 1338 3849 ferocitate
1367 3792 1634 3863 deposita,
1662 3792 1797 3848 alios
1823 3793 2041 3861 quidem
2071 3792 2138 3847 ad

553 3884 859 3942 necandum
883 3898 1002 3940 sese
1031 3884 1083 3938 in
1115 3882 1354 3948 ﬂumine,
1388 3882 1652 3938 vocabulo
1680 3882 1810 3936 Diva
1829 3923 1844 3947 ,
1879 3881 2125 3953 praecipi-

557 3976 870 4042 tare,alios
912 3992 1041 4032 vero
1090 3977 1367 4031 incassum
1410 3975 1477 4030 ad
1531 3983 1677 4030 rates
1737 3975 2027 4046 confugere
2083 3983 2139 4030 et

555 4069 786 4141 pedibus
807 4083 1067 4138 equorum
1096 4067 1480 4123 miserabiliter
1495 4067 1801 4122 conculcari
1837 4067 2138 4137 gladiisque

556 4160 994 4233 persequentium
1024 4158 1324 4223 confodiri;
1352 4158 1425 4212 ita
1468 4167 1526 4210 ut
1556 4173 1623 4213 ex
1659 4157 1745 4211 illa
1773 4166 1922 4212 tanta
1960 4157 2142 4212 multi-

561 4251 750 4305 tudine
776 4250 861 4304 vix
889 4250 1045 4320 pauci
1075 4248 1314 4306 evasisse
1349 4247 1723 4303 invenirentur
1744 4248 1798 4302 in
1827 4247 2141 4317 captivitate

561 4342 811 4397 ducendi.

633 4431 696 4486 ν.
731 4433 844 4487 Dux
873 4432 986 4504 (14)
1017 4442 1199 4487 autem
1219 4446 1407 4487 eorum
1437 4431 1695 4501 Astiugus
1717 4430 2139 4500 vocabatur,qui

562 4533 776 4594 quanta:
803 4525 1106 4581 dolositatis
1133 4523 1422 4588 virfuerit,
1450 4537 1516 4578 ex
1541 4537 1646 4576 una
1667 4537 1725 4576 re
1752 4522 1819 4577 ab
1846 4521 1962 4591 ipso
1995 4519 2137 4575 facta

562 4617 844 4688 assignare
889 4617 1247 4672 curavimus:
1303 4615 1349 4670 is
1396 4629 1650 4684 namque,
1683 4629 1831 4668 mare
1881 4614 2140 4684 navigans

563 4717 848 4779 terrasque
885 4708 1150 4778 plurimas
1178 4709 1532 4779 depopulans,
1575 4708 1640 4762 ad
1679 4707 1981 4763 Lunensem
2011 4722 2140 4778 per-

563 4800 716 4856 venit
745 4799 932 4855 urbem
963 4799 1205 4873 (15),ᾳυί
1229 4815 1348 4856 eam
1380 4801 1616 4871 undique
1638 4800 1994 4871 perlustrans,
2017 4816 2140 4858 cum

662 4916 750 4983 ll)
783 4916 824 4968 A
859 4931 872 4968 :
903 4931 1015 4986 urs.
1043 4944 1112 4954 —
1135 4913 1176 4968 B
1211 4931 1224 4967 :
1253 4914 1377 4986 ubrs
1402 4912 1554 4986 [sic].

662 4918 750 4983 ll)
783 4918 824 4968 A
859 4931 872 4968 :
904 4931 1015 4969 urs.
1043 4944 1112 4954 —
1135 4918 1176 4968 B
1211 4931 1224 4967 :
1253 4918 1377 4967 ubrs
1402 4918 1554 4986 [sic].

636 4918 750 5058 $12)
779 4986 818 5038 Β
850 5003 862 5039 :
889 4985 987 5058 Dei
1014 4985 1497 5058 tamen‘sapientia,
1537 5001 1654 5054 qua:
1693 4985 1768 5038 sic
1793 5001 2144 5058 suorumeor-

570 5053 694 5127 rigit
734 5053 1059 5127 proterviam
1103 5065 1157 5107 ut
1191 5053 1451 5127 infitiare
1490 5053 1591 5109 non
1620 5065 1862 5124 pereant,
1899 5056 2146 5127 impiissi-

567 5123 776 5180 mbrmu
806 5125 1146 5178 barbarorum
1178 5123 1486 5178 crudelitate
1513 5123 1704 5191 sopita,
1755 5127 1970 5178 reversis
2000 5126 2144 5193 fugi-

567 5197 688 5250 tivis
723 5205 769 5248 et
804 5193 1037 5263 reliquiis
1071 5195 1249 5263 populi
1299 5195 1620 5248 mundanam
1663 5211 1843 5264 pacem
1893 5195 2142 5251 reddidit.

574 5266 680 5330 Qui
731 5274 894 5318 totam
951 5264 1094 5317 urbis
1141 5264 1522 5318 subversionem
1578 5264 1882 5332 reedi/icare
1934 5267 2145 5320 minime

570 5335 821 5398 valentes,
861 5333 1084 5386 civitatis
1111 5333 1360 5403 angulum
1387 5334 1558 5387 adhuc
1589 5351 1737 5387 muro
1765 5335 2147 5388 circumdatum

569 5405 644 5459 ad
675 5403 979 5456 abitundum
1010 5403 1223 5472 eligunt,
1250 5412 1298 5456 et
1344 5419 1408 5456 ex
1448 5419 1719 5456 murorum
1747 5405 2046 5468 ruderibus,
2077 5406 2146 5459 ad

571 5475 748 5528 instar
776 5473 936 5532 muri.
963 5472 1074 5526 sine
1111 5483 1340 5526 cemento
1361 5513 1376 5536 ,
1411 5475 1578 5541 posito
1606 5473 1735 5527 inibi
1775 5473 1949 5540 lapide
1991 5492 2149 5544 super

571 5545 826 5612 lapidem,
856 5543 991 5597 sicut
1039 5559 1199 5614 usque
1245 5559 1381 5596 nunc
1430 5551 1665 5612 apparet,
1696 5559 1750 5597 se
1773 5546 1980 5599 munire
2005 5543 2149 5600 sata-

569 5626 760 5753 Ψιῗίέ)
801 5682 975 5753 Aliter
1021 5687 1202 5738 narrat
1249 5683 1429 5750 fugam
1460 5681 1705 5753 llastingi
1746 5682 2030 5740 Americ“
2060 5685 2148 5749 (ad

574 5752 701 5807 ann.
753 5752 902 5822 901),
936 5753 988 5807 in
1019 5753 1170 5821 cujus
1211 5755 1492 5815 chronico,
1541 5752 1779 5807 minatur
1808 5753 2149 5810 Thcohaldus

574 5822 752 5882 Caroli
784 5823 970 5882 Grossi
1003 5825 1346 5899 imperatoris
1376 5822 1681 5898 proximum
1713 5824 1969 5895 impetum
2017 5826 2145 5884 Nur-

2237 3347 2394 3408 punt,
2423 3347 2642 3414 totaque
2661 3337 2902 3414 a'cclesia
2930 3337 3161 3393 attonita
3190 3337 3248 3395 in
3280 3346 3442 3393 voces
3469 3338 3632 3394 simul
3660 3340 3837 3396 attol-

2237 3407 2386 3484 litur.
2426 3407 2563 3496 Quid
2599 3428 2790 3500 plura?
2817 3407 2936 3485 ‘llle
2984 3427 3232 3484 funestus
3279 3428 3518 3494 satelles,
3549 3428 3619 3484 de
3685 3429 3841 3486 lecto

2237 3520 2416 3576 subito
2439 3519 2690 3584 exiliens,
2721 3519 3008 3589 evaginato
3031 3519 3230 3590 gladio,
3251 3517 3463 3575 facinus
3492 3531 3840 3591 conceptum

2239 3612 2434 3681 satagit
2455 3625 2735 3682 peragere.
2753 3610 2819 3664 Et
2845 3610 3018 3680 primo
3045 3610 3259 3680 quidem
3281 3610 3334 3665 in
3360 3611 3639 3682 patrinnm
3670 3628 3842 3668 suum

2239 3702 2701 3772 antistitem,qui,
2734 3710 2794 3756 ut
2833 3702 2951 3773 ejus
2982 3701 3219 3757 animam
3269 3700 3465 3758 faetori
3508 3704 3623 3759 Deo
3672 3720 3845 3760 com-

2239 3794 2547 3860 mendaret,
2576 3792 2834 3849 infulatus
2858 3793 3127 3859 adstabat,
3155 3807 3342 3848 ensem
3368 3791 3530 3859 levat,
3563 3811 3842 3866 eumque,

2239 3883 2446 3940 crudeli
2484 3883 2778 3950 crudelior,
2803 3883 2981 3956 capite
3011 3892 3600 3957 truncato,martyrem
3639 3886 3840 3943 eﬂieit.

2239 3971 2405 4040 Cujus
2435 3973 2634 4028 milites
2682 3988 2781 4042 per
2809 3982 2976 4028 totam
3022 3973 3238 4042 quidem
3279 3973 3600 4037 azcelesiam,
3635 3977 3838 4032 multi-

2241 4066 2457 4120 modam
2492 4079 2684 4121 necem
2715 4075 3061 4135 peragentes,
3095 4065 3236 4142 nulli
3266 4069 3433 4131 aetati,
3485 4067 3620 4122 nulli
3678 4072 3846 4124 sexui

2241 4166 2550 4228 parcentes,
2583 4165 2920 4213 mortuorum
2960 4156 3334 4224 cadaveribus,
3363 4160 3506 4214 velut
3533 4161 3848 4230 manipulis

2243 4251 2516 4320 epicarum
2548 4249 2725 4305 Sirius
2766 4251 2962 4306 ardens
2989 4265 3201 4320 agrum,
3233 4251 3306 4306 ita
3339 4251 3528 4307 sitiens
3558 4255 3852 4325 sanguine

2243 4340 2457 4411 gladius
2485 4354 2676 4396 eorum
2713 4341 2994 4410 cooperuit
3023 4342 3418 4409 pavimentum,
3458 4343 3604 4412 quod
3666 4345 3848 4400 etiam

2242 4445 2416 4500 usque
2477 4431 2532 4486 in
2582 4431 2739 4486 atriis
2772 4431 3054 4500 sanguinis
3117 4433 3235 4488 rivo
3285 4448 3508 4489 manare
3555 4434 3849 4491 fecerunt.

2246 4515 2485 4582 Quorum
2515 4530 2676 4570 voces
2719 4524 2779 4571 ut
2825 4531 3012 4571 eorum
3067 4516 3356 4588 compliees
3399 4534 3494 4588 per
3543 4519 3848 4577 civitatem

2245 4610 2422 4680 Βρυγοὶ
2454 4609 2775 4674 audierunt,
2805 4625 3175 4681 quoscumque
3226 4613 3445 4668 obviant
3497 4612 3652 4668 velut
3705 4631 3854 4672 oves

2245 4710 2503 4763 mactant,
2522 4700 2613 4770 qui
2646 4701 2810 4756 totius
2837 4701 3189 4757 humanitatis
3207 4711 3369 4766 atque
3397 4703 3618 4774 pietatis
3648 4706 3844 4771 obliti,

2244 4809 2402 4850 senes
2439 4805 2493 4850 et
2513 4794 2762 4864 juvenes,
2785 4796 3102 4866 eonjugatas
3129 4805 3185 4852 et
3208 4797 3466 4867 virgines,
3489 4798 3769 4868 parvulos
3799 4807 3859 4853 et

2245 4924 2448 4964 manno
2497 4909 2640 4971 duci,
2688 4908 2806 4976 qui,
2838 4926 2856 4958 ‹
2894 4925 3004 4978 pra:
3045 4905 3260 4973 timore,
3302 4908 3475 4978 inquit
3507 4907 3842 4969 Albericus,

2245 4981 2459 5034 vendita
2485 4979 2795 5034 Theohaldo
2817 4980 3036 5032 civitate
3054 4980 3378 5043 Caruotena,
3394 4979 3530 5033 clam
3563 4979 3848 5033 discessit

2247 5059 2302 5105 et
2357 5059 2476 5120 post
2537 5051 2588 5103 iu
2639 5049 2866 5120 lf‘rancia
2908 5050 3377 5120 nunvisusicsl:
3435 5066 3452 5098 ι
3509 5048 3607 5120 Ille
3647 5062 3852 5104 autem

2249 5116 2616 5185 Tlteubaldus,
2655 5119 2871 5172 Rubcrti
2907 5118 3105 5182 Fortis,
3135 5119 3287 5173 ducis
3338 5116 3608 5188 Francia,
3638 5135 3853 5188 gener,

2251 5191 2418 5245 lilium
2449 5191 2640 5260 habuit
2686 5189 3056 5260 'l‘lieolialdum
3106 5189 3307 5260 dictum
3345 5186 3392 5240 le
3420 5186 3705 5254 Tricheur,
3743 5191 3847 5260 qui

2249 5262 2456 5332 primus
2480 5259 2709 5332 habetur
2740 5259 3016 5332 Blesaru‘m
3045 5266 3100 5312 et
3119 5257 3646 5332 Carnotum_comes.

2319 5331 2431 5400 (H)
2487 5329 2604 5396 llic,
2665 5328 2784 5400 cod.
2833 5328 2871 5380 Β
2919 5327 3070 5400 plura
3127 5326 3484 5400 transposuit,
3526 5335 3710 5383 totam
3781 5331 3856 5384 de

2249 5396 2477 5471 Astingo
2547 5396 2931 5471 narrationem
2981 5396 3120 5451 infra
3189 5397 3478 5471 rejicieus,
3543 5413 3654 5451 non
3725 5403 3861 5455 sine

2249 5468 2480 5542 quadam
2512 5469 2760 5542 lectionis
2795 5468 3061 5522 varietate
3091 5477 3146 5524 et
3173 5468 3485 5530 emissione,
3514 5471 3858 5526 comocndii

2251 5541 2436 5606 causa,
2465 5550 2521 5594 ut
2545 5541 2773 5594 videtur.

2322 5614 2434 5675 (15)
2467 5613 2620 5666 Anno
2651 5609 2779 5673 858,
2813 5616 2879 5680 ut
2903 5607 3153 5676 opinatur
3177 5608 3240 5663 D.
3267 5607 3463 5680 Muiey.

2325 5683 2436 5750 (l6)
2466 5682 2504 5734 A
2536 5699 2548 5734 :
2583 5679 2930 5750 babtismatis.

2323 5745 2432 5822 (l7)
2467 5751 2622 5804 Addit
2649 5749 2797 5822 Dudu
2820 5747 3001 5822 Sancti
3035 5745 3299 5822 Quintilii,
3321 5748 3478 5814 μω,
3498 5763 3547 5817 c,
3569 5748 3857 5808 comitem

2221 5840 2224 5842 ‘
2254 5818 2374 5883 cum
2402 5818 2652 5894 epiSCOpu
2685 5819 2849 5875 fuisse
2882 5819 3106 5890 Astiugo
3136 5818 3425 5894 patriuuru.
