3896 6320
125 349 245 421 ᾶ989

762 352 1070 412 neultra;
1109 352 1176 408 IN
1205 333 1426 410 Episr.
1465 333 1558 410 ET
1584 341 1852 410 svi-tne.
1887 346 2526 412 pertimuimus
2549 356 2614 412 ιι.

3233 366 3370 426 1990

186 461 430 544 Sequitur
480 484 608 540 pars
639 448 844 535 tertia,
880 447 938 524 in}
972 484 1079 539 qua
1109 447 1346 524 ostendit
1400 467 1675 540 apostolus
1703 465 1749 528 Α
1776 468 2101 524 animarum.
2134 469 2335 538 Quinto
2359 470 2574 527 Petrum
2609 481 2915 544 stupentem
2957 483 3288 549 consolatur,
3315 496 3370 543 et

119 567 232 625 boni
275 560 668 619 a’nudatoribus
723 561 991 616 neminem
1045 577 1204 630 posse
1267 575 1481 618 nocere.
1539 561 1676 618 Sunt

119 669 276 716 autem
298 653 630 710 aanmlatores
665 651 814 718 boui,
848 652 939 722 qui
986 659 1261 724 tulitquam
1309 653 1530 718 malum,
1581 646 1674 709 sed

116 763 309 820 semper
349 744 543 800 bonmn
571 743 918 812 :enrulautur,
965 746 1102 801 vitas
1151 746 1414 801 bonorum
1473 741 1674 802 viven-‘i

116 841 234 899 tinin
260 837 515 894 curiosius
552 833 984 908 pcrscrutantitr,
1016 849 1066 894 et
1098 829 1429 894 mortuorum
1464 831 1670 910 legunt,

110 943 160 991 et
198 933 329 1003 quod
360 932 547 987 melius
569 931 620 985 in
645 931 725 987 eis
749 931 1050 998 inveniunt,
1083 931 1431 1000 :emulantnr,
1475 941 1527 986 et
1553 921 1673 987 imi;

113 1027 205 1084 tari
234 1035 520 1092 conantur,
553 1023 704 1092 Quod
751 1013 1205 1082 tendentibus-ad
1258 1026 1669 1098 perfectionem,

109 1117 531 1192 pcrutilissimum
561 1125 666 1171 est.
719 1113 872 1182 Unde
901 1107 1126 1188 legimus
1168 1117 1233 1173 de
1280 1124 1467 1172 sancto
1496 1113 1671 1171 Antei

107 1205 208 1277 ilio,
239 1210 373 1282 quod
419 1211 644 1280 jn'nctu's
676 1195 1125 1266 Studiosis-vitas
1171 1209 1531 1266 aemulabatur
1554 1209 1674 1264 uni-'

107 1309 388 1362 Versorum.
425 1290 559 1359 lline
594 1285 902 1373 Apostolus,
924 1301 1300 1366 JEmulamini,
1332 1287 1523 1374 inquit,
1547 1303 1674 1357 cha-

109 1398 314 1463 rismata
341 1393 555 1458 meliora
581 1392 632 1464 (l
655 1392 776 1448 Cor.
807 1394 938 1464 Jul).~
961 1393 1052 1447 Ait
1080 1408 1210 1464 ergo
1233 1393 1298 1449 de
1327 1393 1407 1448 eis
1435 1381 1671 1462 Aposioé

105 1487 180 1558 ius
215 1507 226 1542 :
256 1487 318 1541 Et
348 1489 461 1554 quis
494 1495 570 1546 est
596 1487 684 1558 qui
715 1487 857 1542 vobis
883 1496 1082 1560 noceat.
1117 1488 1161 1540 si
1194 1485 1312 1540 boni
1340 1476 1671 1541 tent'ufatores

103 1569 440 1652 fueritishtc
468 1579 511 1634 si
548 1581 751 1634 (liceret
782 1598 794 1634 :
830 1576 1035 1639 Nullus,
1073 1578 1199 1648 quia
1242 1579 1380 1633 Deus
1406 1592 1510 1630 non
1535 1562 1669 1643 vult,"

103 1658 200 1730 iuno
233 1674 361 1729 tales
397 1682 544 1730 amat
575 1683 629 1728 et
675 1677 874 1728 tuetur.
914 1672 1168 1732 Diabolus
1218 1670 1304 1726 vel
1358 1671 1518 1726 homo
1562 1653 1670 1726 noti

99 1749 281 1838 potest,
330 1767 436 1820 imo
467 1767 631 1821 etiam
680 1766 806 1820 dum
839 1775 990 1842 putat
1046 1767 1125 1823 eis
1153 1780 1371 1844 nocere.
1400 1764 1483 1819 eis
1507 1763 1668 1834 prodi

1779 563 1832 619 ei
1863 563 2126 635 promittit
2166 563 2405 620 ofﬁcium
2452 567 2872 637 pra‘diCatlnnis.
2905 569 3174 632 Ducentur
3205 577 3372 649 igitur

1779 659 1957 727 primo
1993 657 2102 724 hic,
2131 656 2352 723 fratres,
2377 656 2498 716 cum
2527 671 2730 731 quanta
2764 664 3020 722 aviditate
3045 670 3112 724 ad
3139 670 3365 727 verbum
3450 708 3454 712 -

1777 749 1871 804 Dei
1906 748 2200 826 debeamus
2260 750 2520 808 festinare
2541 794 2556 818 ,
2589 751 2713 808 cum
2747 739 2944 810 dicitur
2978 775 2992 811 :
3021 754 3155 814 Cum
3200 759 3369 818 turbt:

1777 841 2034 898 irruerent
2085 843 2155 898 ad
2199 841 2384 899 Iesum
2431 853 2488 900 ut
2535 846 2778 900 audirent
2822 829 3032 904 verbum
3083 850 3195 907 Dei.
3226 846 3366 922 Quid

1775 934 1920 990 enim
1944 935 2091 1012 aliud
2112 947 2194 991 est
2219 934 2471 1006 ‘irruere,
2502 935 2605 994 nisi
2649 954 2771 994 cum
2805 935 3075 1016 desiderio
3098 945 3366 1001 currere?

1776 1025 1909 1082 Cum
1943 1044 2140 1099 magno
2167 1045 2298 1102 ergo
2326 1024 2622 1109 desiderio,
2671 1048 2796 1108 cum
2853 1050 3048 1105 magna
3105 1031 3368 1097 aviditate

1778 1122 1844 1173 ad
1879 1123 2204 1177 audiendum
2254 1121 2480 1179 verbum
2535 1123 2628 1180 Dei
2666 1119 2962 1182 currebant
2999 1129 3094 1202 qui
3153 1129 3253 1185 hac
3300 1133 3368 1188 de

1776 1205 1948 1268 causa
1988 1216 2055 1269 ad
2099 1213 2287 1272 Jesum
2316 1209 2621 1274 irruebant.
2674 1213 2854 1288 Quod"
2888 1235 2955 1276 ex
3007 1223 3131 1287 hoc,
3167 1214 3367 1300 fratres

1777 1302 1904 1368 iuei,
1947 1306 2217 1378 praecipue
2239 1307 2552 1378 ostenditur
2580 1308 2726 1384 qttod
2773 1319 2874 1370 nec
2898 1311 3229 1386 indigenum,
3266 1312 3368 1372 nee

1777 1398 2059 1482 temporis,
2092 1414 2190 1455 nec
2231 1400 2331 1456 loci
2385 1397 2708 1480 necessitate
2758 1403 3182 1480 retardabantnr
3234 1409 3365 1480 quin

1775 1499 1897 1540 eum
1927 1487 2302 1556 sequerentur.
2329 1489 2534 1564 Ingruit
2557 1494 2761 1562 fames,
2788 1495 2913 1553 cum
2954 1496 3065 1567 iam
3103 1491 3281 1556 triduo
3304 1494 3368 1556 il;

1775 1572 1884 1633 inm
1913 1576 2269 1651 Sustinerent,
2310 1593 2365 1640 et
2397 1591 2578 1642 tamen
2608 1601 2731 1645 eum
2781 1590 3104 1662 sequuntur.
3159 1583 3369 1664 Ingruit

1775 1666 1903 1738 nox,
1929 1686 1983 1730 et
2008 1683 2188 1730 tamen
2213 1692 2333 1732 eum
2365 1690 2688 1750 sequuntur.
2723 1674 2927 1756 Ingruit
2952 1687 3054 1742 loci
3086 1688 3362 1758 angustia,

1735 1817 1740 1822 λ
1775 1774 1830 1819 et
1862 1760 2045 1820 tamen
2075 1779 2198 1822 eum
2228 1765 2549 1837 Sequuntur,
2583 1762 2656 1827 ita
2697 1774 2861 1829 etiam
2892 1771 2951 1830 tit
2994 1765 3215 1847 propter
3245 1769 3363 1846 ture

98 1872 190 1922 cst,
221 1859 340 1930 quia
379 1876 472 1919 eos
521 1860 919 1938 persequendo,
968 1859 1211 1914 vetando
1237 1842 1282 1922 ,δ
1311 1843 1474 1913 etiam
1517 1860 1666 1938 oeci:
1698 1842 1744 1901 Β
1770 1855 1895 1914 bam
1946 1861 2311 1929 angustiatam
2344 1877 2538 1918 navem
2571 1867 2961 1932 conscendere,
2996 1842 3049 1922 et
3097 1842 3248 1924 mare
3279 1842 3366 1923 in?

95 1953 276 2019 dendo,
328 1951 561 2005 reddunt
599 1951 968 2026 gloriosiores.
1023 1950 1115 2006 Sic
1157 1950 1402 2014 diabolus
1429 1950 1552 2018 Job,
1589 1951 1669 2008 sic

94 2045 272 2104 Decius
296 2044 685 2120 Laurentium,
718 2046 797 2100 sic
828 2045 1094 2121 Decianus
1138 2043 1506 2109 Vincentium,
1540 2045 1666 2100 dum’

92 2148 230 2210 putat
255 2141 628 2211 exstinguere,
661 2138 790 2206 facit
827 2139 1146 2213 gloriosum.
1203 2139 1341 2194 Hinc
1395 2137 1566 2194 David
1603 2137 1668 2216 de'

89 2230 287 2306 diabolo
335 2230 400 2284 ad
446 2230 736 2285 Dominum
786 2228 1061 2300 loquitur,"
1099 2229 1286 2284 dicens
1327 2228 1543 2286 :Draco
1571 2227 1670 2304 iste

85 2312 224 2396 quem
283 2323 640 2394 {orntusti'ad
684 2307 1012 2377 illudcntlunt
1057 2323 1102 2376 ei
1132 2319 1304 2388 (f’sal.
1346 2313 1496 2385 cui).
1525 2323 1668 2379 Sane

86 2415 220 2487 enim
248 2415 299 2468 in
331 2415 718 2470 hoc'diaboius
751 2415 1013 2479 illuditur,
1053 2415 1194 2485 quod
1233 2415 1449 2484 quando
1482 2399 1665 2494 inlen-i

79 2509 147 2564 dit
176 2509 358 2565 cluetis
386 2526 611 2574 nocere,
645 2511 746 2563 sibi
772 2510 872 2580 ipsi
903 2519 1083 2572 nocet,
1113 2504 1166 2563 et
1203 2509 1309 2563 illis
1343 2510 1665 2594 auxiliatum:

81 2603 208 2658 ilinc
233 2603 489 2658 subditur
533 2621 544 2656 :
597 2601 700 2658 Sed
732 2605 827 2658 etsi
857 2603 981 2676 quid
1010 2603 1254 2672 patimini
1279 2615 1488 2672 propter
1507 2601 1666 2673 justii

76 2699 193 2750 tiam
245 2697 404 2752 beati.
455 2697 675 2766 Quare?
713 2698 846 2766 Quia
881 2705 1018 2766 tcste
1070 2693 1295 2750 Domino
1338 2695 1532 2750 :Beati
1577 2681 1668 2770 qui

73 2788 480 2858 persecutionem
539 2787 821 2856 patiuntur
863 2796 1073 2858 propter
1093 2786 1355 2856 justitiam
1379 2827 1392 2851 ,
1416 2779 1665 2858 quoniani

71 2871 300 2952 ipsorum
344 2889 421 2948 est
459 2897 680 2950 regnum
724 2879 971 2934 caelorum
1023 2877 1240 2950 (Matth.
1271 2880 1347 2951 v).
1390 2861 1665 2936 Timorem

71 2983 243 3040 autem
275 2988 470 3027 cormn
522 2989 590 3026 ne
620 2971 932 3034 timueritis,
972 2970 1166 3041 inquit,
1221 2982 1278 3027 ut
1311 2988 1414 3027 non
1446 2953 1666 3028 contur-i

64 3065 262 3120 bemini
289 3065 520 3136 (Matth.
579 3065 656 3136 χ).
691 3063 875 3118 Timor
910 3063 1114 3128 nimius
1175 3063 1246 3117 ita
1305 3063 1662 3136 quorumdam

69 3159 330 3214 rationem
371 3158 601 3213 turbare
635 3156 789 3225 solet,
816 3169 873 3212 ιιι
901 3157 1100 3228 stupidi
1133 3171 1182 3212 et
1214 3158 1509 3229 perturbati
1535 3155 1664 3228 quid

63 3248 239 3306 facere
270 3251 520 3306 debeant
547 3266 652 3303 non
679 3250 983 3304 advertant.
1010 3250 1277 3303 Caeterum
1310 3266 1432 3312 nos,
1465 3236 1665 3305 fratres

62 3343 185 3404 mei,
229 3357 336 3394 non
373 3350 696 3395 creaturam
745 3339 1001 3410 aliquam,
1029 3342 1126 3395 sed
1171 3339 1337 3394 Deum
1369 3341 1420 3393 in
1457 3351 1668 3395 creatu-

61 3433 133 3487 ris
167 3434 492 3487 timeamus.
532 3431 862 3496 Timeamus,
895 3432 1143 3502 inquam,
1173 3447 1296 3486 cum
1352 3427 1664 3508 dilectione,

57 3513 106 3580 et
133 3526 434 3598 diligamus
468 3543 594 3580 cum
629 3541 854 3578 amore:
899 3525 989 3594 qui
1026 3524 1187 3584 timor
1227 3539 1331 3578 non
1373 3524 1538 3578 infert
1567 3526 1664 3580 tri-

53 3605 428 3682 bulationem,
467 3618 564 3674 sed
594 3618 770 3688 potius
801 3617 1086 3673 consilium
1127 3628 1181 3672 et
1212 3617 1663 3680 consolationem.

127 3711 400 3789 Sequitur
427 3727 562 3780 pars
588 3720 805 3780 quarta,
835 3710 884 3764 in
913 3727 1015 3780 qua
1043 3709 1331 3778 Apostolus
1359 3726 1458 3765 nos
1485 3713 1668 3776 monet

52 3803 348 3857 Dominum
390 3813 648 3855 nostrum
693 3799 878 3855 Jesum
909 3801 1184 3856 Christum
1239 3801 1578 3856 sanctificare
1615 3803 1666 3876 iu

48 3896 313 3950 cordibus
365 3891 598 3948 nostris.
634 3893 798 3948 Porro
830 3892 1106 3948 Christum
1143 3893 1194 3946 in
1254 3894 1510 3947 cordibus
1567 3909 1669 3947 ιιο-

46 3988 176 4042 stris
205 3989 667 4051 sanctificamus,
698 3986 914 4057 quando
941 3985 1106 4040 corda
1155 3993 1338 4038 nostra
1363 3985 1416 4038 i‘n
1441 4001 1505 4040 eo
1537 3968 1665 4047 san;

44 4084 294 4138 crificare
345 4081 716 4139 Studeamus?
761 4079 914 4147 Quod
944 4079 1136 4147 utique
1183 4077 1276 4143 fit,
1330 4079 1374 4135 si
1424 4080 1588 4134 vitam
1619 4085 1669 4134 et

44 4194 231 4233 mores
282 4177 414 4249 ejus
471 4175 677 4232 imitari
707 4173 1052 4242 satagimus:
1097 4172 1140 4226 si
1203 4171 1504 4226 doctrinam
1554 4172 1670 4243 cjns

40 4275 364 4342 sequimur.
401 4270 516 4327 Sed
542 4270 713 4323 simus
740 4267 947 4332 umndi,
975 4281 1071 4337 pro
1103 4265 1321 4320 modulo
1352 4275 1559 4329 nostro,
1599 4266 1672 4348 sif

42 4378 136 4422 cut
173 4368 302 4440 ipse
341 4367 594 4422 mundus
643 4373 746 4430 est,
785 4362 1168 4430 misericordes
1201 4362 1343 4416 sicut
1374 4363 1485 4434 ipSe
1514 4363 1672 4436 raise:

37 4443 219 4518 ricors
259 4471 376 4527 est,
419 4460 560 4530 justi
596 4459 736 4516 sicut
787 4458 900 4528 ipse
925 4457 1106 4528 justus
1151 4465 1255 4523 est,
1307 4457 1481 4511 sancti
1532 4457 1672 4511 sicut

1775 1945 1924 2028 trare
1954 1953 2263 2021 compulsus
2287 1949 2377 2006 'sit.
2411 1951 2469 2008 In
2502 1969 2631 2023 quo,
2675 1953 2873 2030 fratres
2912 1958 3018 2011 mei
3050 1957 3218 2028 (quod
3249 1953 3368 2014 Sine

1773 2041 1974 2112 gemitu
2009 2041 2190 2096 dicere
2243 2059 2346 2098 non
2401 2046 2668 2117 possum),
2720 2046 3076 2102 confunditur
3118 2059 3270 2119 tepor
3315 2046 3370 2105 et

1773 2136 1997 2189 tarditas
2043 2144 2251 2201 nostra,
2281 2137 2372 2206 qui
2402 2123 2472 2191 ad
2501 2139 2829 2194 audiendum
2877 2141 3106 2196 verbum
3153 2141 3246 2196 Dei
3277 2141 3365 2197 vis

1770 2228 2146 2295 convenimus,
2201 2230 2584 2285 convenientes
2635 2231 2727 2284 vix
2779 2227 3052 2294 audimiIS,
3086 2229 3368 2291 audientes

1769 2322 1861 2375 vix
1915 2319 2122 2390 aliquid
2183 2321 2306 2375 inde
2362 2335 2526 2392 opere
2581 2320 2949 2394 exsequimur.
2993 2322 3117 2388 Ubi,
3168 2323 3366 2380 fratres

1771 2413 1900 2474 niei,
1945 2417 2029 2464 cst
2054 2410 2144 2464 illa
2181 2410 2372 2475 fames,
2404 2411 2472 2466 de
2501 2419 2609 2482 qua
2647 2416 2933 2484 propheta,
2962 2414 3069 2469 imo
3100 2415 3242 2470 Deus
3271 2404 3368 2486 per

1774 2509 2124 2581 prophetam,
2145 2509 2277 2566 dicit
2303 2527 2316 2562 :
2344 2509 2553 2564 Mittunt
2597 2509 2790 2578 [amem
2821 2507 2874 2561 in
2899 2515 3124 2573 terram,
3150 2519 3252 2562 non
3281 2508 3367 2577 [αλ

1770 2603 1903 2659 fuerit
1931 2606 2086 2675 panis
2111 2615 2202 2658 aut
2227 2605 2360 2664 riui,
2390 2603 2480 2657 sed
2508 2603 2699 2672 famem
2732 2600 2984 2654 audiendi
3017 2600 3224 2654 verbum
3260 2589 3360 2654 Dei

1772 2699 1983 2768 (Amos,
2022 2698 2180 2767 vin).
2215 2696 2315 2752 Ubi
2341 2705 2423 2751 cst
2455 2695 2540 2748 illa
2571 2693 2797 2748 dulcedo
2840 2691 3005 2746 divini
3033 2691 3221 2754 verbi,
3257 2704 3363 2758 qua

1780 2799 1993 2860 gustata
2032 2789 2301 2845 exclamat
2337 2789 2606 2858 Propheta
2644 2805 2656 2838 :
2693 2785 2864 2851 Quam
2903 2785 3079 2837 (fulua
3122 2781 3363 2852 faucibus

1771 2881 1900 2935 meis
1939 2881 2146 2952 eloquia
2181 2892 2270 2935 tua
2299 2897 2455 2950 super
2482 2879 2583 2932 mel
2614 2879 2691 2931 ori
2740 2893 2850 2930 meo
2880 2874 3105 2943 !(Psal.
3131 2875 3363 2943 cxvm.)

1845 2973 2105 3044 Sequitur
2141 2989 2266 3044 pars
2291 2973 2553 3035 secunda,
2588 2971 2638 3024 in
2671 2985 2800 3039 qua,
2826 2983 2922 3038 per
2956 2966 3363 3021 frustrationem

1771 3069 2124 3138 piscationis,
2170 3065 2510 3138 significatur
2563 3059 2852 3118 frustratio
2917 3057 3362 3132 praaliealiouis;

1773 3177 1896 3216 cum
1944 3161 2236 3234 subditur:
2283 3159 2350 3212 Et
2400 3159 2531 3234 vidit
2581 3157 2714 3210 duas
2766 3172 2926 3209 naves
2974 3164 3172 3207 stantes
3217 3170 3365 3208 secus

1773 3265 2039 3324 stagnum.
2076 3233 2234 3309 Videt
2265 3262 2443 3306 autem
2481 3233 2740 3306 Dominus
2763 3247 3070 3302 miserando
3099 3249 3230 3299 duas
3262 3263 3365 3300 na-

1772 3361 1888 3405 vcs.
1941 3344 1994 3398 id
2044 3355 2128 3398 est
2175 3342 2611 3398 circmncisionis
2656 3347 2710 3395 et
2762 3337 3008 3410 prmpntii
3066 3337 3361 3402 Ecclesias;

1776 3429 1954 3490 adhuc
1983 3436 2138 3490 bonis
2169 3437 2410 3506 piscibus
2440 3449 2659 3488 vacuas.
2689 3431 2755 3486 Et
2811 3445 2981 3502 quare
3011 3431 3243 3484 vacaas?
3274 3427 3366 3484 Pi;

1769 3532 2020 3583 ‘scatores
2047 3529 2214 3592 enim,
2246 3544 2344 3599 per
2387 3537 2550 3582 totam
2582 3535 2790 3580 noctem
2846 3525 3175 3590 laborantes,
3231 3520 3364 3577 nihil

1772 3631 2044 3690 ceperant,
2076 3628 2128 3674 ct
2151 3622 2269 3674 ideo
2295 3621 2714 3682 descendebant,
2737 3615 3226 3672 etlavabautretia,
3249 3613 3366 3671 Hoc

1773 3715 1918 3784 quod
1949 3723 2077 3768 tunc
2109 3704 2309 3769 accidit
2336 3716 2414 3768 eis
2445 3713 2495 3767 in
2537 3713 2852 3781 piscatione,
2882 3708 3084 3764 accidit
3111 3707 3365 3778 frequen-

1773 3815 1856 3860 ter
1883 3807 1934 3859 in
1961 3805 2364 3874 praedicatione.
2394 3803 2720 3866 Piscatores,
2763 3802 2814 3856 id
2839 3812 2928 3854 cst
2959 3801 3363 3868 praedicatores,

1773 3913 1914 3969 sa-pe
1944 3896 2287 3970 pr:cdicando
2315 3895 2592 3960 laborant,
2627 3905 2680 3949 et
2706 3902 2882 3947 tamen
2912 3894 3184 3946 nemiuem
3213 3892 3362 3946 verbi

1773 3991 2057 4046 dulcedine
2085 3990 2325 4058 capiunt,
2359 3988 2631 4043 neminem
2655 3987 2765 4042 Deo
2793 3985 3102 4054 acquirunt.
3136 3982 3364 4050 Quare?

1774 4083 1900 4152 quia
1937 4096 2031 4150 per
2080 4090 2289 4135 noctem
2333 4080 2601 4142 laborant,
2662 4089 2712 4135 et
2751 4093 2857 4134 non
2915 4077 2965 4131 in
3014 4077 3182 4133 verbo
3212 4075 3361 4132 Jesu.

1776 4174 1892 4226 Duo
1921 4174 2120 4242 quippe
2149 4172 2528 4242 significantur
2548 4185 2668 4226 esse
2694 4168 3104 4240 impedimenta,
3137 4183 3205 4220 ne
3231 4182 3366 4235 prae-

1776 4268 1980 4320 dicatio
2011 4267 2288 4320 auditores
2345 4279 2540 4333 capere
2585 4264 2778 4336 possit,
2811 4261 2896 4316 vel
2929 4261 3054 4330 quia
3091 4262 3367 4316 auditores

1777 4360 1980 4430 indigni
2009 4367 2133 4413 sunt
2164 4355 2361 4428 quibus
2398 4357 2738 4425 proficiatur,
2766 4355 2844 4410 vel
2877 4356 3004 4426 quia
3037 4370 3150 4422 pra:
3171 4354 3368 4407 licator

1777 4451 2030 4516 indignus
2059 4461 2142 4506 est
2170 4450 2261 4521 qui
2298 4448 2567 4518 proficiat.
2607 4448 2834 4516 Quando
2859 4447 3132 4501 auditores
3162 4443 3365 4515 indigni

37 4556 156 4630 ipse
189 4565 441 4612 sanctus
479 4561 582 4616 est,
617 4561 676 4608 ut
699 4552 913 4606 tandem
951 4565 1257 4605 mereamur
1285 4565 1404 4604 esse
1433 4549 1521 4603 ubi
1557 4550 1672 4620 ipse
1705 4567 1750 4624 ι)
1778 4553 1925 4610 sunt,
1967 4543 2170 4597 frustra
2215 4541 2425 4596 laborat
2456 4541 2782 4612 praedicator
2828 4554 2924 4607 per
2966 4547 3202 4599 noctem,
3237 4537 3364 4607 quia

37 4639 144 4709 est.
176 4649 355 4718 Quod
398 4639 524 4719 ἱρέα
565 4655 827 4718 praestare
853 4637 1128 4715 dignetur,
1160 4641 1250 4714 qui
1283 4658 1406 4698 eum
1433 4641 1594 4696 Patre
1620 4641 1674 4714 et

37 4737 260 4810 Spiritu
297 4747 516 4795 sancto
567 4737 702 4791 vivit
729 4743 783 4790 et
831 4743 1023 4806 regnat
1055 4733 1200 4789 Deus
1227 4748 1326 4803 per
1365 4731 1543 4787 omnia
1574 4746 1676 4788 sm:

37 4834 162 4893 aula
210 4835 598 4898 saeculorum.
633 4829 830 4896 Amen.

653 4963 936 5020 HOMILIA
959 4963 1098 5020 XIII.

355 5105 629 5154 DOMINICA
658 5112 857 5160 QUINTA
883 5109 1013 5150 ros'r
1040 5109 1398 5150 TRINITATEII.

97 5193 250 5251 Cum
281 5191 484 5246 turba:
512 5189 768 5242 irruerent
798 5185 865 5262 ad
888 5184 1090 5253 Iesum,
1115 5195 1170 5239 ut
1197 5187 1440 5240 audirent
1467 5186 1675 5241 verbum

37 5289 150 5356 Dei,
203 5289 332 5360 ipse
385 5283 569 5354 stabat
599 5297 746 5334 serus
774 5291 1016 5350 stagnum
1062 5277 1375 5333 Genesar-eth
1421 5269 1672 5348 (Luem).

37 5385 310 5455 )uinquc
355 5371 1121 5446 capitulisdistinguiturhaec
1139 5372 1315 5432 lectio,
1335 5371 1527 5425 fratres
1545 5371 1673 5426 mei.

39 5471 423 5533 ‘rimo'enitn
447 5469 841 5523 docemurcum
859 5476 1062 5537 quanta
1090 5464 1349 5519 aviditate
1371 5464 1436 5518 ad
1456 5464 1676 5518 audien~

37 5574 157 5628 lum
203 5566 319 5624 Dei
361 5561 602 5619 verbum
653 5559 912 5616 festinare
942 5559 1255 5622 debeamus.
1307 5555 1554 5612 Secundo
1582 5571 1676 5626 per

38 5661 505 5721 ‘rustrationem
532 5654 875 5726 piscationis,
900 5649 1242 5721 significatur
1266 5649 1406 5721 smpe
1430 5649 1676 5705 accidere

37 5733 504 5815 rustrationem
536 5728 953 5818 praedicationis.
987 5742 1169 5797 Tertio
1192 5741 1403 5795 Domini
1433 5738 1676 5808 exemplo

37 5821 375 5908 "struitur
400 5839 768 5910 ‘pra-dicator.
793 5835 996 5903 Quarto
1021 5846 1115 5904 per
1142 5841 1420 5904 capturum
1447 5831 1675 5902 piscium

1779 4635 2002 4690 absente
2026 4635 2137 4690 sole
2163 4637 2411 4703 justitire,
2443 4631 2624 4686 nullus
2646 4640 2824 4701 potest
2846 4629 3138 4684 illuminari
3171 4630 3238 4683 ab
3266 4629 3366 4686 lto-

1779 4728 1944 4782 mine.
1976 4725 2090 4781 NiSi
2119 4729 2263 4782 enim
2291 4727 2434 4781 intus
2465 4725 2535 4779 sit
2566 4724 2655 4793 qui
2689 4723 2902 4788 doceat,
2933 4722 2986 4776 ia
3029 4738 3224 4775 vanum
3250 4721 3365 4777 lin-

1769 4821 1880 4892 'gua
1936 4819 2178 4875 doctoris
2232 4817 2462 4874 laborat.
2498 4817 2726 4888 Quando
2755 4832 2886 4873 vero
2930 4816 3250 4884 prmdicator
3280 4815 3363 4870 in-

1779 4903 1973 4984 dignus
2006 4923 2108 4977 est,
2139 4912 2229 4983 qui
2256 4912 2340 4966 vel
2370 4912 2472 4967 sibi
2508 4910 2588 4984 vel
2622 4910 2743 4964 aliis
2786 4908 3053 4978 proficiat,
3089 4907 3140 4961 in
3164 4921 3362 4963 vanum

1778 5020 1920 5077 saepe
1975 5006 2204 5069 laborat,
2233 5005 2358 5075 quia
2387 5007 2492 5058 nan
2523 5000 2784 5073 praedicat
2832 5000 2884 5054 in
2937 4999 3104 5053 verbo
3131 4997 3278 5064 Jesu,
3311 4999 3364 5056 id

1778 5107 1860 5160 est
1887 5096 2100 5162 salutis,
2126 5097 2220 5152 sed
2245 5097 2297 5151 in
2327 5097 2493 5151 verbo
2513 5091 2918 5156 ostentationis,
2947 5091 3071 5161 quia
3103 5108 3208 5146 non
3229 5107 3366 5162 prat-

1771 5187 1923 5243 'dicat
1973 5197 2030 5241 ut
2066 5187 2259 5256 prosit,
2312 5183 2405 5242 sed
2435 5195 2492 5240 ut
2520 5191 2800 5255 appareat,
2829 5186 2954 5252 quia
2991 5182 3270 5254 praesumit
3297 5185 3364 5240 de

1773 5277 1873 5335 sua
1898 5278 2225 5348 eloquentia,
2271 5294 2375 5332 non
2407 5275 2472 5334 de
2513 5276 2715 5331 Christi
2774 5275 2971 5346 gratia,
3005 5275 3131 5346 quia
3165 5266 3363 5330 deinde

1779 5383 1884 5425 non
1939 5370 1992 5425 in
2037 5369 2222 5433 verbo,
2282 5368 2332 5424 id
2373 5379 2456 5423 εει
2507 5367 2560 5421 in
2614 5375 2883 5440 praecepto
2934 5365 3028 5420 Dei
3081 5366 3358 5436 praedicat.

1773 5460 1921 5519 Deus
1968 5463 2111 5518 enim
2161 5461 2410 5532 indignos
2440 5469 2588 5515 arcet
2629 5475 2657 5513 a
2691 5459 3078 5534 prmdicatione
3122 5456 3359 5534 dicens:

1782 5555 1958 5620 Quare
1989 5563 2044 5607 tu
2075 5568 2292 5607 enarras
2334 5550 2576 5620 justitias
2623 5535 2805 5616 meas,
2841 5559 2892 5603 et
2942 5554 3169 5602 assumis
3199 5557 3362 5601 testa-

1773 5635 2008 5700 inentum
2033 5659 2201 5698 meum
2230 5659 2322 5712 per
2345 5660 2402 5696 os
2441 5643 2637 5697 tuum?
2662 5639 2835 5713 (Psal.
2863 5639 3004 5710 xix.)
3047 5638 3361 5710 Pmpterea,

1781 5739 1977 5794 fratres
2028 5735 2154 5799 mei,
2186 5735 2407 5804 quando
2435 5733 2752 5804 praedicatio
2784 5747 2888 5786 non
2914 5731 3061 5800 rapit
3091 5730 3142 5784 in
3185 5729 3362 5796 vobis,

1779 5827 2015 5886 flendum
2055 5837 2138 5883 est
2172 5827 2344 5893 vobis,
2392 5840 2460 5881 ne
2502 5823 2653 5880 forte
2673 5821 2887 5879 occulto
2926 5821 3134 5893 judicio
3185 5819 3301 5885 Dei,
3328 5833 3362 5875 ι

44 5908 444 6027 igniticatur
472 5929 692 5990 Petrum
720 5938 775 5984 et
805 5913 984 5985 Socios
1004 5925 1122 6006 ejus
1147 5914 1356 5983 futuros
1384 5919 1686 6001 piscatores
1769 5919 1966 6002 ’gratia
2006 5918 2362 5996 repeilamini.
2408 5916 2666 5974 Flentium
2722 5908 3051 5987 estquoque
3099 5917 3156 5969 et
3206 5911 3364 5977 nobis
