3896 6320
498 316 623 376 1991

1426 308 1771 368 ADDENDA.
1795 339 1867 351 --
1896 310 2251 370 RADULPHI
2288 311 2633 389 ARDENTIS

3034 244 3116 271 *Ὗ

3653 325 3756 384 19ῡὲ

495 430 960 504 prmdicatoribus,
1002 442 1069 485 ne
1106 427 1245 485 forte
1277 428 1482 501 lndigni
1524 430 1717 496 simus,
1746 429 1837 501 qui
1872 429 1955 485 vel
1989 445 2085 485 no-
2114 434 2165 494 Α
2193 428 2474 500 discipulis
2521 438 2581 484 ut
2621 428 2805 485 laxent
2833 431 2973 485 retia
3014 429 3471 501 praedicationis,
3500 441 3556 485 ut
3597 438 3757 497 scilicet

495 524 575 579 bis
614 522 697 577 vel
722 522 873 578 vobis
901 522 1271 593 proﬁciamus.
1302 522 1368 577 Et
1401 533 1524 579 tunc
1544 522 1698 591 juxta
1734 523 1784 576 id
1815 524 1960 594 quod
1988 523 2081 581 hic

498 614 754 687 legimus,
784 614 1046 670 debemus
1071 615 1422 679 descendere,
1450 615 1500 668 id
1526 624 1611 669 est
1643 630 1741 669 nos
1764 614 2079 691 Ihumiliare,

494 716 558 763 et
591 706 775 763 lavare
816 706 972 775 retia,
1012 708 1064 763 id
1088 718 1173 764 est
1217 696 1655 779 praedicationem
1694 716 1935 762 nostram
1994 724 2082 781 re-

500 798 789 863 volvendo,
840 800 882 856 si
908 800 1052 875 quid
1092 800 1443 872 perinanem
1476 798 1724 870 gloriam,
1754 799 1797 853 si
1831 798 1959 870 quid
1987 812 2083 869 per

494 892 774 947 duriorem
822 894 1269 964 increpationem,
1299 891 1345 945 si
1370 892 1497 961 quid
1548 892 2010 962 permolliorem,
2035 891 2080 947 si

491 982 619 1053 quid
636 998 733 1053 per
750 982 1116 1053 insipientiam
1133 981 1552 1046 excesserimus,
1570 982 1827 1054 lacrymis
1840 982 2080 1038 abluere.

563 1074 827 1146 Sequitur
848 1090 980 1146 pars
1018 1074 1204 1153 tertia,
1233 1074 1284 1129 in
1315 1072 1659 1149 qua‘Domini
1683 1074 1931 1146 exemplo
1959 1090 2082 1151 erus

490 1168 637 1225 ditur
667 1169 1013 1239 praedicator,
1064 1182 1186 1241 cum
1234 1166 1533 1245 subditur;
1564 1168 1860 1223 Ascendens
1906 1178 2081 1245 autem

490 1264 545 1319 in
585 1280 743 1339 unam
792 1278 995 1329 narem,
1023 1280 1142 1335 quin
1165 1271 1283 1317 erat
1320 1262 1574 1337 Simonis,
1602 1266 1805 1334 rogarit
1834 1282 1951 1319 eum
1975 1274 2028 1319 ut
2049 1281 2083 1320 α

490 1360 630 1407 terra
653 1351 920 1405 reduceret
942 1348 1309 1427 pusillum..EI
1332 1349 1760 1427 sedens'docebat
1776 1352 1840 1429 de
1867 1353 2083 1405 uaricu-

489 1443 541 1497 la
582 1444 784 1498 turbas.
822 1443 1061 1519 Instruit
1087 1442 1252 1515 igitur
1287 1444 1375 1499 hic
1402 1444 1654 1514 exemplo
1682 1444 1762 1499 sui
1820 1443 2081 1499 Dominus

497 1536 936 1605 praedicatorem,
968 1536 1021 1590 in
1042 1534 1306 1606 quinque,
1345 1534 1635 1611 ostendens
1668 1535 1875 1592 scilicet
1915 1550 2077 1611 quem

494 1625 675 1683 locum
718 1627 912 1683 debeat
959 1622 1281 1698 pmdicator
1332 1635 1536 1693 tenere,
1588 1609 1715 1698 quid
1757 1609 2077 1699 praedicare,

496 1716 626 1787 quid
682 1731 894 1789 rogare,
926 1719 1197 1789 quomodo
1230 1719 1437 1784 vivere,
1478 1719 1619 1774 unde
1658 1721 1873 1778 docere.
1906 1719 2077 1789 Quem

2190 530 2510 591 peccatores
2569 534 2665 589 per
2702 521 2931 601 nimium
2988 523 3240 592 rigorem
3304 531 3362 573 et
3400 522 3639 580 duritiam
3679 547 3753 590 nos

2188 611 2479 687 repellunt,
2528 614 2622 667 sed
2663 613 2846 683 potius
2900 629 3003 682 per
3063 613 3476 669 relaxationem
3507 626 3559 671 et
3592 624 3753 681 veniam

2187 717 2281 771 eos
2312 702 2603 758 retineant.
2636 702 2774 760 llinc
2799 712 2881 760 est
2919 704 3070 774 quod
3106 704 3338 758 novitiis
3363 714 3419 759 et
3454 708 3658 765 rudibus
3678 716 3756 783 pri-

2186 809 2335 869 mum
2383 795 2495 848 vita
2551 795 2726 849 laxior
2774 795 3116 869 indulgetur.
3152 795 3438 851 Crterum
3486 796 3658 855 Petrus
3685 820 3753 859 ex.

2185 868 2373 956 pertus
2400 900 2459 939 se
2497 887 2771 941 nemiuem
2809 902 2907 956 per
2928 902 2991 942 se
3048 903 3216 956 posse
3243 887 3317 941 ad
3351 886 3524 943 Deum
3569 897 3757 963 trahere,

2177 972 2292 1043 jam
2337 974 2476 1030 nihil
2523 976 2590 1032 de
2617 992 2697 1041 se,
2730 962 2825 1033 sed
2861 979 2929 1033 de
2958 980 3130 1034 verbo
3165 978 3268 1032 Dei
3303 988 3480 1033 totmn
3510 988 3758 1055 praesumit,

2186 1066 2373 1122 dicens
2398 1083 2413 1121 :
2446 1066 2771 1137 Prwceptor,
2802 1086 2895 1139 per
2916 1080 3087 1125 totam
3114 1083 3325 1125 noctem
3349 1072 3641 1131 laboran'rs
3660 1080 3760 1133 nihil

2186 1148 2437 1225 cepinms.
2463 1158 2531 1213 In
2555 1162 2704 1215 verba
2732 1174 2907 1216 autem
2934 1171 3044 1218 tuo.
3075 1163 3281 1218 laxatio
3308 1176 3446 1223 rete.
3474 1165 3538 1221 Et
3558 1152 3760 1227 stultae

2186 1248 2451 1320 fecissent,
2498 1253 2869 1306 concluseruut
2902 1255 3133 1323 piscium
3186 1246 3589 1311 ntultitndinem
3626 1264 3761 1331 copio-

2185 1355 2320 1394 sam.
2352 1339 2512 1404 Ecce,
2565 1340 2767 1397 fratres
2799 1345 2927 1411 mei,
2963 1345 3095 1415 quid
3134 1345 3323 1401 valeat
3380 1347 3437 1401 in
3495 1351 3648 1405 verbo
3694 1353 3761 1409 Dei

2181 1434 2377 1517 .omnia
2407 1434 2610 1502 facere,
2640 1445 2693 1492 et
2721 1437 2788 1490 de
2817 1452 2875 1492 se
2902 1438 3041 1493 nihil
3064 1453 3435 1509 praesumere.
3466 1438 3584 1513 Ipse
3606 1446 3761 1515 quippe

2184 1528 2276 1599 qui
2312 1538 2443 1582 nutu
2492 1545 2592 1583 suo
2622 1531 2793 1585 traxit
2820 1532 3002 1600 pisces
3041 1532 3109 1586 ad
3138 1544 3259 1586 rete
3305 1531 3484 1599 Petri,
3517 1536 3624 1605 ipse
3646 1539 3762 1593 solus

2184 1606 2283 1690 per
2313 1618 2748 1675 misericordiam
2777 1636 2934 1675 suum
2963 1622 3132 1677 trahit
3155 1631 3214 1677 et
3235 1624 3388 1692 capit
3412 1629 3760 1693 peccatoresiu

2192 1720 2308 1765 rete
2365 1712 2791 1781 praedicationis.
2855 1711 3008 1768 Unde
3070 1713 3385 1768 Dominus:
3422 1714 3595 1770 Nemo
3633 1730 3762 1787 potest

496 1809 676 1865 locum
709 1818 892 1865 tenere
916 1811 1128 1876 debeat,
1151 1812 1459 1887 ostenditur
1484 1826 1607 1867 cum
1631 1813 1829 1868 dicitur
1848 1830 1861 1867 :
1883 1813 2072 1869 Ascen-

2182 1805 2355 1859 venire
2397 1804 2468 1858 ad
2498 1821 2600 1869 me,
2645 1805 2747 1859 nisi
2789 1803 2954 1859 Pater
2985 1823 3134 1860 meus
3200 1808 3431 1861 traxerit
3466 1825 3583 1862 eum
3616 1809 3760 1881 (leas.

495 1903 643 1956 dens.
683 1901 1016 1959 Praedicator
1045 1904 1243 1985 quippe
1292 1904 1452 1960 debet
1486 1906 1813 1970 ascendere,
1838 1916 1898 1961 ut
1940 1906 2081 1962 altus

488 2001 586 2066 sit,
618 2002 762 2057 sicut
786 2003 978 2072 gradu,
1004 2003 1078 2057 ita
1111 2003 1337 2059 scientia
1365 2010 1421 2056 et
1447 2000 1578 2056 vita.
1612 2000 1764 2057 Unde
1795 2002 2076 2072 pr0pheta,

488 2094 660 2165 Super
687 2105 915 2151 montem
943 2099 1202 2167 excelsum
1251 2098 1494 2164 ascende,
1522 2108 1579 2149 tu
1625 2096 1716 2167 qui
1753 2095 2078 2164 evangelisas

488 2187 622 2243 Sion
663 2187 817 2258 (Isai.
869 2190 982 2258 χι).
1050 2190 1201 2258 Quid
1233 2190 1426 2246 debeat
1462 2176 1647 2245 tenere
1688 2200 1742 2244 et
1784 2189 2079 2259 praedicare

487 2283 793 2337 ostenditur
824 2298 945 2338 cum
993 2282 1193 2338 dicitur
1225 2300 1239 2337 :
1273 2284 1336 2338 In
1374 2301 1535 2338 unam
1582 2299 1783 2344 nauem,
1824 2298 1943 2350 (μιαν
1965 2292 2077 2336 erat

487 2374 745 2431 Simonis.
777 2375 986 2431 Dicitur
1013 2361 1193 2431 autem
1237 2376 1391 2431 navis
1420 2376 1471 2430 in
1502 2391 1667 2447 quam
1709 2376 1979 2440 ascendit,
2025 2380 2080 2431 et

487 2484 616 2533 una,
646 2478 697 2525 et
724 2469 986 2534 Simonis,
1012 2470 1064 2525 id
1099 2470 1531 2534 est‘obedientis,
1584 2480 1641 2524 ut
1673 2471 1886 2527 scilicet
1917 2470 2076 2525 intel-

488 2560 619 2633 ligat
648 2579 706 2620 se
733 2564 1001 2633 praecipue
1022 2565 1220 2620 debere
1243 2573 1299 2617 et
1325 2572 1509 2620 tenere
1533 2573 1587 2617 et
1618 2566 1919 2634 pra-dicare
1955 2566 2078 2620 uni-

490 2662 655 2711 tatem
685 2656 1416 2722 etohedientiam,Ecclesim
1441 2656 1726 2724 unitatem,
1754 2666 1809 2711 et
1844 2658 2072 2713 manda-

491 2753 671 2801 torum
700 2747 1089 2803 obedientiam.
1121 2746 1261 2814 Quid
1292 2747 1489 2803 deheat
1518 2763 1711 2818 rogare
1749 2750 2074 2816 ostenditur,

488 2852 611 2893 cum
648 2838 902 2893 subditur
930 2857 943 2893 :
982 2837 1208 2909 Rogavit
1239 2855 1356 2893 eum
1389 2848 1448 2893 ut
1479 2855 1660 2893 narem
1699 2855 1729 2893 α
1757 2849 1895 2893 terra
1920 2840 2077 2894 redu-

488 2939 627 2984 ceret
666 2932 939 2999 pusillum.
988 2931 1203 3002 Rogare
1233 2932 1503 3001 siquidem
1548 2931 1707 2987 debet
1756 2934 2076 3002 praedicator

490 3018 797 3085 Simonem,
848 3022 901 3075 id
949 3006 1033 3076 est
1077 3022 1354 3077 Christum
1382 3023 1475 3092 qui
1507 3023 1765 3078 obediens
1803 3025 1903 3078 fuit
1928 3024 2075 3081 Patri

504 3125 676 3179 usque
698 3111 762 3165 ad
792 3120 1045 3177 mortem,
1093 3121 1151 3166 ut
1177 3112 1399 3167 reducat
1431 3114 1681 3183 pusillum
1714 3115 2012 3172 Ecclesium
2043 3133 2072 3171 a

2187 1899 2285 1967 Vl).
2317 1928 2385 1939 -—-
2420 1896 2782 1968 Rumpebatur
2810 1909 2984 1953 autem
3016 1909 3123 1954 rete
3155 1916 3364 1955 eorum.
3407 1900 3479 1955 Et
3506 1917 3762 1957 annuerant

2183 1994 2339 2047 sociis
2367 1992 2457 2061 qui
2482 2003 2630 2045 erant
2660 1991 2712 2045 in
2736 1991 2845 2045 alia
2874 1986 3015 2054 navi.
3043 2001 3100 2045 ut
3146 1993 3384 2046 uenirent
3416 2004 3464 2046 et
3489 1994 3761 2062 adjurarent

2182 2100 2289 2139 eos.
2321 2083 2387 2138 Et
2412 2094 2655 2138 uenerunt
2681 2094 2728 2137 et
2778 2083 3125 2151 impleverunt
3158 2085 3346 2139 ambas
3390 2085 3678 2149 naviculas,
3703 2089 3761 2141 ita

2182 2184 2238 2227 ut
2259 2191 2389 2244 pene
2415 2184 2804 2245 mergerentur.
2832 2173 3003 2228 Porro
3055 2186 3173 2229 rete
3201 2176 3616 2246 praedicationis
3641 2194 3762 2231 rum-

2183 2265 2361 2337 pitur,
2417 2281 2539 2319 cum
2586 2267 2767 2320 unitas
2813 2264 3073 2321 Ecclesiae
3112 2282 3213 2337 per
3242 2267 3491 2323 lizreses
3544 2278 3601 2324 et
3649 2270 3763 2325 schi-

2182 2370 2361 2415 smata
2390 2358 2679 2429 superﬂua:
2708 2359 3076 2414 multitudinis
3121 2360 3421 2415 scinditur.
3470 2363 3577 2418 Sed
3617 2364 3762 2417 nullus

2182 2453 2354 2524 piscis
2406 2454 2570 2519 cadit,
2625 2454 2753 2522 quia
2783 2454 2848 2508 de
2878 2452 3070 2507 electis
3104 2453 3288 2508 nullus
3319 2454 3490 2524 perit,
3527 2453 3629 2509 Sed
3676 2472 3762 2511 non

2183 2541 2482 2598 snlliciente
2508 2544 2747 2598 Ecclesia
2779 2542 3117 2609 .lndzcorntn,
3155 2544 3424 2614 impletur
3473 2547 3673 2615 pariter
3709 2548 3761 2603 de

2183 2635 2372 2692 electis
2409 2636 2648 2692 Ecclesia
2675 2636 2941 2705 gentium.
2972 2634 3039 2689 Et
3078 2635 3257 2691 ambas
3287 2636 3363 2690 ita
3403 2647 3536 2691 sunt
3581 2638 3761 2708 populis

2182 2730 2424 2801 repletae,
2457 2739 2512 2784 ut
2544 2744 2683 2799 pene
2715 2730 2856 2784 inter
2887 2728 3046 2797 hujus
3077 2731 3406 2785 tumultuosi
3436 2732 3624 2786 mundi
3651 2744 3761 2788 tem-

2180 2834 2420 2895 pestates
2459 2835 2855 2893 mergerentur,
2905 2839 3005 2879 nec
3057 2833 3236 2878 tamen
3270 2835 3403 2879 sunt
3437 2843 3645 2893 mersae,
3678 2829 3760 2883 θος

2180 2914 2331 2969 mino
2350 2914 2472 2969 illas
2494 2916 2850 2983 gubernante.
2872 2913 3252 2969 Numerositas
3270 2916 3479 2985 quippe
3503 2917 3758 2981 malorum,

2179 3020 2303 3076 qua:
2353 3004 2407 3060 in
2455 3004 2698 3060 Ecclesia
2758 3007 3031 3077 cxccescit
3065 3021 3231 3076 super
3288 3023 3611 3073 numerum,
3645 3026 3759 3079 pene

2180 3110 2365 3151 secum
2413 3095 2587 3164 iustos
2621 3098 2786 3152 trahit
2819 3098 2870 3152 in
2925 3098 3316 3168 perditionem,
3380 3100 3491 3154 nisi
3526 3100 3759 3157 Dominus

490 3210 637 3257 terra
669 3203 721 3257 in
748 3218 917 3270 mare,
944 3213 1001 3257 ut
1029 3204 1280 3259 videlicet
1311 3204 1365 3259 in
1399 3214 1541 3260 statu
1577 3208 1668 3262 tuli
1695 3208 1786 3273 sit,
1810 3210 1952 3281 quod
1976 3227 2072 3267 nec

2179 3190 2258 3244 eis
2284 3192 2601 3246 extenderet
2626 3192 3040 3246 sustentationis
3072 3207 3316 3245 manum.

488 3292 713 3349 nimiam
743 3292 939 3348 habeat
968 3294 1206 3365 quietem
1238 3305 1292 3351 et
1341 3297 1695 3352 securitatem
1749 3299 1802 3353 in
1838 3302 2073 3357 terrenis

485 3383 966 3457 prosperitatibus,
1000 3400 1100 3439 nec
1128 3386 1349 3441 nimiam
1409 3388 1839 3459 inquietudinem
1896 3402 1951 3448 et
1998 3394 2067 3448 ti-

486 3488 693 3531 morem
713 3475 766 3529 in
800 3475 1245 3543 adversitatibus,
1269 3493 1336 3533 ne
1362 3478 1573 3535 scilicet
1615 3497 1711 3551 per
1742 3481 1963 3539 nimiam
1988 3500 2074 3540 se-

486 3566 776 3623 curitatem
807 3577 862 3623 et
912 3568 1147 3639 quietem
1205 3578 1481 3641 torpescut
1524 3582 1579 3628 et
1612 3575 1958 3644 dissolvatur,
1989 3577 2073 3633 vel

486 3672 583 3730 per
611 3659 835 3714 nimium
864 3661 1115 3718 timorem
1144 3674 1198 3717 et
1246 3664 1675 3736 inquietudinem
1727 3671 2075 3739 perturbetur

486 3759 544 3807 et
592 3763 1007 3824 conquassetur.
1072 3754 1356 3822 Quomodo
1400 3768 1581 3814 autem
1633 3760 1829 3816 debeat
1888 3764 2072 3821 vivere

486 3850 811 3915 ostenditur,
853 3865 976 3905 cum
1013 3850 1263 3907 subditur
1298 3869 1311 3907 :
1343 3851 1409 3906 Et
1452 3855 1675 3920 sedens;
1706 3858 1898 3913 sedere
1927 3860 2070 3914 enim

488 3939 873 4011 magistrorum
924 3952 1024 3997 est.
1063 3942 1270 3999 Sedens
1308 3944 1505 4015 quippe
1540 3946 1590 4000 in
1619 3956 1774 4016 parte
1821 3947 2070 4003 inferiori

486 4035 796 4107 requiescit,
831 4036 885 4091 in
912 4038 1180 4108 superiori
1206 4039 1454 4109 erigitur.
1484 4040 1576 4095 Sic
1608 4056 1825 4112 quoque
1851 4042 1901 4097 in
1934 4059 2072 4113 prte—

488 4127 732 4181 dicatore
769 4126 1000 4182 inferior
1024 4144 1154 4199 pars
1180 4130 1457 4184 interioris
1477 4130 1733 4197 hominis,
1764 4132 1815 4187 id
1846 4141 1927 4187 est
1948 4147 2065 4188 sen-

486 4215 735 4277 sualitas,
769 4216 931 4270 debet
983 4218 1263 4287 quiescere
1303 4236 1331 4273 a
1384 4220 1752 4277 sollicitudine
1799 4232 2071 4294 tempora-

487 4304 638 4369 lium,
679 4314 735 4359 et
765 4306 1010 4375 superior
1041 4324 1186 4377 pars.
1244 4311 1296 4364 id
1343 4320 1447 4376 est,
1483 4314 1642 4379 ratio,
1692 4328 1787 4383 per
1826 4324 2071 4369 contem—

485 4395 776 4466 plationem
808 4398 940 4466 erigi
974 4398 1039 4453 ad
1074 4399 1293 4454 cmlnm.
1327 4400 1483 4456 Unde
1534 4403 1729 4459 debeat
1773 4406 2069 4476 prmdicare

483 4490 810 4556 ostenditur,
848 4504 970 4544 cum
1000 4486 1205 4546 dicitur
1248 4508 1261 4545 :

485 4582 593 4635 bas.
644 4580 976 4637 Prazdicator
1013 4583 1157 4638 enim
1208 4582 1325 4639 sive
1379 4584 1445 4637 ad
1493 4585 1812 4652 exteriores,
1859 4586 1974 4641 sive
1999 4588 2066 4642 ad

483 4674 771 4731 interiores
806 4676 1083 4746 loquatur,
1114 4677 1229 4748 ipse
1266 4686 1445 4732 tamen
1471 4692 1686 4748 semper
1717 4679 1781 4733 de
1815 4678 2065 4735 navicula

482 4769 642 4824 debet
677 4770 891 4825 docere.
924 4769 1225 4843 lpse‘enim
1256 4785 1472 4842 semper
1501 4772 1662 4827 debet
1689 4786 1811 4827 esse
1833 4773 1886 4827 in
1911 4774 2068 4828 navi-

481 4860 620 4926 cula,
641 4876 745 4915 non
759 4860 931 4916 solum
957 4878 1204 4931 numero,
1219 4863 1493 4919 scdetiam
1514 4865 1711 4920 merito
1729 4878 1779 4921 et
1795 4866 2065 4923 doctrina.

551 4951 810 5023 Sequitur
839 4970 968 5025 pars
1008 4963 1225 5024 quarta,
1287 4954 1341 5010 in
1397 4970 1502 5025 qua
1548 4971 1644 5027 per
1669 4966 1947 5027 capturum
1979 4958 2063 5027 pi-

479 5046 672 5111 scium,
723 5047 1063 5115 signiﬁcatnr
1116 5046 1335 5102 Petrum
1389 5059 1445 5103 et
1478 5050 1658 5105 socios
1708 5048 1822 5117 ejns
1853 5050 2063 5106 futuros

477 5137 777 5208 piscatores
803 5137 920 5193 fore
958 5137 1292 5203 animarum,
1320 5154 1444 5194 cum
1475 5139 1554 5194 ait
1576 5140 1641 5193 ad
1671 5138 1946 5194 Simonem
1975 5137 2064 5195 Je-

479 5242 572 5282 sus
602 5242 617 5278 :
651 5225 763 5280 Duc
799 5226 854 5281 in
896 5226 1085 5295 altum,
1127 5236 1177 5283 et
1227 5229 1405 5284 laxate
1434 5218 1764 5285 retia’vestra
1797 5231 1849 5284 in
1875 5240 2061 5300 captu-

480 5334 615 5371 ram.
641 5316 811 5373 Porro
846 5317 1007 5375 Petro
1030 5320 1156 5386 soli,
1208 5320 1333 5391 quia
1368 5320 1581 5375 futurus
1610 5330 1730 5374 erat
1753 5320 1859 5375 dux
1888 5321 2058 5386 verbi,

477 5412 713 5468 dicitur:
746 5412 860 5467 Duc
888 5414 942 5468 in
983 5414 1168 5481 altum,
1200 5415 1253 5471 id
1286 5424 1368 5470 cst
1394 5415 1447 5469 in
1477 5413 1803 5487 profundum
1834 5414 2062 5469 munda-

476 5520 669 5561 norum
696 5505 994 5562 hominum.
1022 5506 1153 5584 Tam
1186 5509 1287 5578 ipsi
1314 5524 1475 5579 quam
1504 5510 1737 5575 caeteris,
1760 5509 1884 5579 quia
1908 5524 2057 5564 com-

480 5598 715 5653 muniter
740 5598 905 5654 futuri
936 5610 1095 5655 erant
1124 5602 1533 5671 praedicatores,
1572 5600 1775 5657 dicitur
1816 5618 1829 5653 :
1858 5599 2059 5657 Laxate

481 5692 605 5743 retia
638 5700 806 5745 vestra
854 5694 910 5746 in
954 5705 1254 5763 capturum.
1287 5695 1432 5749 Sane
1482 5695 1527 5749 si
1568 5696 1702 5750 retia
1734 5695 1906 5765 rigide
1942 5705 2058 5751 ten-

479 5781 693 5845 duntur,
718 5784 893 5850 pisces
917 5785 1181 5850 resiliunt,
1229 5801 1329 5842 nec
1356 5787 1664 5858 Capiuntur.
1699 5788 1901 5843 Laxins
1930 5804 2057 5845 vero

481 5882 633 5931 tensa
668 5873 845 5944 pisces
874 5874 961 5931 illa
986 5886 1186 5949 queant
1215 5890 1268 5935 et
1317 5880 1571 5937 retinent.
1597 5879 1914 5954 Praecipitur
1938 5896 2067 5957 ergo

2257 3283 2514 3354 Sequitur
2556 3300 2683 3355 pars
2713 3286 2924 3355 quinta,
2951 3286 3003 3339 in
3034 3301 3138 3354 qua
3195 3285 3426 3341 Petrum
3479 3296 3758 3358 stupentem

2177 3376 2492 3432 consolatur
2550 3377 2833 3441 Dominus,
2888 3386 2942 3430 et
2990 3380 3039 3432 ei
3095 3375 3341 3431 alliciunt
3376 3380 3763 3449 praedicationis

2182 3467 2487 3540 pollicetur.
2524 3468 2762 3539 Stnpens
2783 3469 2928 3523 enim
2954 3468 3149 3523 Petrus
3186 3470 3255 3522 ad
3313 3473 3643 3526 miraculum
3695 3474 3763 3543 pi-

2186 3562 2380 3627 scium,
2398 3561 2631 3632 procidit
2649 3563 2713 3615 ad
2734 3578 2905 3633 genua
2927 3560 3080 3628 Jesn,
3103 3562 3291 3617 dicens
3317 3578 3334 3615 :
3362 3563 3474 3617 Ελὶ
3502 3584 3533 3618 a
3555 3583 3654 3629 me,
3673 3565 3763 3620 Da-

2176 3656 2338 3717 miue,
2373 3655 2497 3724 quia
2540 3656 2695 3709 homo
2725 3666 2967 3723 peccator
2988 3673 3126 3709 sum.
3178 3656 3488 3713 lndiscrete
3535 3659 3761 3729 loquitur

2178 3748 2394 3817 Petrus,
2434 3749 2559 3805 dum
2598 3766 2656 3805 sc
2706 3762 3047 3822 peccatoretn
3102 3756 3474 3822 recognoscit,
3525 3768 3580 3810 et
3610 3758 3762 3812 venit

2179 3840 2385 3895 fontem
2414 3857 2441 3894 a
2470 3856 2528 3896 se
2571 3840 2833 3897 excludit.
2868 3842 2998 3897 Tale
3043 3851 3129 3897 est
3174 3858 3240 3897 ac
3290 3845 3337 3898 si
3385 3846 3599 3899 diceret
3635 3865 3762 3918 αδετι-

2176 3933 2386 3989 medico
2414 3952 2426 3987 :
2456 3933 2669 3989 Recede
2700 3950 2729 3989 a
2757 3951 2864 3999 me,
2893 3936 3125 4002 medice,
3158 3938 3287 4004 quia
3324 3936 3580 3994 inﬁrmus
3630 3956 3756 3994 sum.

2174 4024 2286 4081 lmo
2317 4024 2364 4078 si
2403 4024 2648 4079 inﬁrmus
2674 4040 2754 4088 es,
2790 4026 3056 4080 medicum
3097 4041 3126 4079 a
3159 4037 3213 4081 te
3261 4042 3368 4082 non
3427 4043 3673 4098 separes.
3708 4031 3757 4084 Si

2174 4130 2427 4192 peccator
2459 4136 2539 4184 es,
2566 4121 2833 4175 medicum
2858 4130 3206 4190 peccatorum
3255 4122 3426 4175 Deum
3481 4138 3512 4175 a
3566 4134 3618 4178 te
3662 4139 3757 4178 non

2174 4213 2412 4283 elonges.
2440 4212 2600 4267 Petro
2631 4212 2807 4267 adhuc
2848 4213 2927 4267 sic
2960 4213 3178 4266 inﬁrmo
3209 4214 3434 4283 quidam
3463 4217 3625 4271 hodie
3649 4228 3757 4271 sunt

2173 4302 2399 4367 similes,
2426 4303 2541 4371 qui,
2573 4302 2697 4356 dum
2747 4316 2805 4356 se
2841 4312 3159 4379 peccatores
3203 4305 3585 4369 considerant,
3629 4309 3756 4360 viam

2173 4398 2297 4451 vitae
2328 4398 2574 4467 arripere
2610 4396 2905 4467 trepidant,
2941 4406 2998 4451 et
3026 4405 3209 4451 tamen
3246 4398 3437 4465 jacere
3470 4400 3523 4452 in
3554 4401 3640 4454 sui
3666 4411 3758 4452 tor-

1317 4492 1542 4547 Docebat
1572 4495 1635 4548 de
1672 4496 1914 4549 uaricula
1956 4505 2069 4549 tur-
2097 4521 2148 4583 υ
2174 4489 2323 4560 poris
2350 4489 2567 4558 ignavia
2608 4504 2713 4543 non
2774 4488 3151 4553 reformidant,
3182 4498 3238 4544 et
3261 4492 3421 4560 quasi
3476 4492 3529 4546 in
3561 4505 3759 4560 pertur-

2172 4581 2390 4637 batione
2416 4582 2700 4637 consilium
2756 4597 2862 4635 non
2899 4582 3128 4645 habent,
3161 4584 3288 4636 dum
3354 4586 3673 4639 moriuntur
3712 4594 3758 4639 et

2171 4676 2338 4730 vitam
2368 4677 2583 4739 timent,
2621 4674 2711 4745 qui
2750 4674 2899 4728 stulti
2932 4685 2985 4727 et
3010 4675 3183 4728 timidi
3212 4686 3361 4730 sunt.
3394 4678 3536 4733 Vera
3572 4662 3756 4749 quippe

2169 4767 2450 4823 humilitas
2477 4769 2577 4824 etsi
2604 4768 2670 4822 de
2693 4782 2752 4821 se
2777 4765 2988 4830 dilﬁdit,
3015 4775 3196 4823 tamen
3220 4784 3279 4822 se
3311 4772 3497 4824 omnia
3525 4788 3687 4842 posse
3712 4774 3753 4824 in

2169 4861 2281 4917 Deo
2303 4861 2548 4917 conﬁdit.
2582 4860 2650 4915 At
2676 4869 2952 4930 stuporem
2974 4858 3119 4913 Petri
3148 4859 3416 4916 Dominus
3447 4864 3751 4924 consolans,

2167 4955 2246 5010 ait
2284 4971 2296 5008 :
2334 4955 2463 5010 Noli
2498 4955 2701 5020 timere,
2758 4954 3095 5009 consortium
3127 4954 3343 5011 scilicet
3387 4972 3604 5020 meum,
3638 4960 3751 5027 quia

2169 5058 2220 5103 te
2247 5063 2353 5103 non
2386 5048 2653 5117 gravabit,
2686 5048 2795 5101 imo
2853 5046 3182 5106 sublevabit.
3220 5064 3329 5101 non
3367 5050 3465 5103 tibi
3519 5052 3749 5114 nocebit,

2168 5136 2276 5192 imo
2317 5136 2548 5207 juvabit.
2607 5134 2691 5190 Ex
2720 5142 2837 5201 hoc,
2874 5138 3068 5205 inquit,
3093 5138 3214 5207 jam
3242 5140 3484 5195 homines
3524 5144 3636 5196 eris
3673 5159 3753 5196 cs-

2163 5232 2329 5301 piens.
2357 5232 2432 5286 Ae
2459 5232 2503 5288 si
2536 5231 2681 5286 dicat
2710 5247 2724 5285 :
2760 5232 2834 5287 De
2864 5231 3136 5300 piscatore
3168 5231 3264 5287 ﬁes
3292 5235 3643 5303 praedicator,
3666 5249 3749 5302 pro

2165 5341 2301 5381 nave
2334 5340 2487 5397 reges
2513 5324 2834 5393 Ecclesium,
2858 5339 2958 5395 pro
2996 5332 3110 5380 rete
3156 5326 3638 5395 praedicationem,
3662 5342 3746 5397 μευ

2161 5420 2399 5489 piscibus
2453 5419 2634 5489 capies
2674 5418 2941 5474 homines.
2994 5418 3073 5471 Ac
3106 5416 3306 5473 Petrus
3336 5429 3389 5474 et
3441 5422 3578 5475 socii
3617 5420 3740 5490 ejus.

2164 5513 2320 5568 tracti
2371 5512 2654 5577 miraculo,
2699 5511 2861 5567 tracti
2918 5509 3308 5580 promissione,
3348 5514 3504 5568 tracti
3537 5515 3737 5567 interm

2162 5606 2539 5677 inspiratione,
2570 5622 2690 5661 mox
2724 5605 3008 5660 Dominum
3040 5615 3372 5673 sequuntur.
3400 5606 3533 5661 Nam
3568 5607 3737 5661 ευδῶ-

2163 5706 2284 5753 tur:
2313 5696 2379 5751 Et
2408 5698 2676 5752 subductis
2693 5699 2761 5751 ad
2783 5708 2974 5753 terram
3001 5700 3246 5763 navibus,
3274 5700 3441 5752 secuti
3467 5709 3589 5753 sunt
3608 5715 3729 5752 em.

2161 5787 2466 5859 Sequentes
2515 5790 2801 5845 Dominqu
2844 5791 2910 5845 ad
2942 5790 3394 5862 pmdicationem
3418 5834 3434 5857 ,
3472 5794 3727 5847 abrenu-

2180 5882 2315 5938 tiant
2339 5882 2614 5949 omnibus,
2640 5881 2766 5955 quia
2784 5896 2890 5938 non
2913 5890 3063 5940 recte
3080 5880 3324 5939 ofﬁcium
3350 5882 3721 5957 praedicationis
