3896 6320
121 384 252 445 1995

843 373 1148 432 ΗυΜΙίδΙΔΕ
1175 377 1242 433 ΙΝ
1281 377 1500 435 EPIST.
1539 377 1628 434 ET
1664 381 1677 436 Ι

1783 378 1921 438 LNG.
1963 381 2261 441 DOMlNiC.
2295 414 2361 428 ——
2401 387 2578 444 PARS
2599 388 2657 448 ll.

2301 276 2310 280 ν
2329 264 2461 282 θον-ὣ
2474 271 2484 277 ο

3234 402 3370 460 £995

112 491 419 556 assumitur,
444 485 556 545 nisi
590 500 743 544 amor
774 487 1154 559 temporalium
1195 489 1554 561 relinquatur.
1581 491 1684 547 lta-
1718 505 1773 566 Α
1801 503 2036 571 mortem
2066 496 2309 568 sepultus
2357 506 2462 566 est,
2515 510 2574 557 ut
2614 502 2844 572 amplius
2887 522 2992 563 non
3031 509 3237 568 viveret
3265 516 3374 572 vita

109 605 238 662 que,
265 586 459 642 fratres
507 583 634 647 mei,
669 581 918 654 quamvis
948 593 1296 654 peccatores,
1329 585 1578 656 quamvis
1606 586 1691 640 in-

118 681 250 737 firmi
293 679 490 742 simus,
529 690 636 730 non
689 676 950 731 debemus
984 676 1288 732 divinorum
1342 679 1688 748 gravedinem

118 771 480 828 mandatorum
521 765 788 839 refugere,
820 768 913 822 sed
961 783 1086 825 cum
1136 784 1232 839 spe
1281 768 1446 823 divini
1499 769 1690 825 auxilii

117 861 323 917 fortiter
349 859 630 920 inchoare,
664 857 901 912 scientes
930 857 1188 928 quoniam
1225 858 1364 912 Deus
1401 858 1494 914 dat
1527 873 1686 929 posse

113 961 165 1008 et
207 950 484 1022 perlicere.
515 947 616 1015 Qui
666 948 805 1004 sicut
848 949 978 1006 fecit
1005 950 1072 1005 de
1109 949 1346 1019 opilione
1387 965 1592 1022 regem,
1621 950 1688 1006 de

113 1046 370 1116 piscatore
417 1043 852 1113 praedicatorem,
899 1044 965 1099 de
1007 1054 1359 1114 persecutore
1387 1053 1682 1114 pastorem,

111 1137 179 1192 ita
219 1135 380 1190 faciat
411 1151 510 1190 nos
541 1137 608 1191 de
662 1136 892 1192 infirmis
930 1135 1124 1201 fortes,
1158 1138 1225 1192 de
1253 1135 1685 1192 inobedieutibus

110 1229 432 1293 obedientes,
456 1229 522 1284 de
549 1230 1019 1304 contemptoribus
1043 1231 1128 1287 sui
1153 1241 1448 1299 amatores,
1474 1239 1531 1286 ut
1559 1229 1683 1287 inde

109 1335 226 1378 eum
255 1320 645 1376 benedicamus
676 1322 730 1375 iu
763 1331 1049 1376 :eteruum.
1080 1322 1276 1377 Amen.

663 1412 945 1470 llOMlLlA
969 1413 1109 1470 XIV.

377 1520 630 1561 DONINlCA
661 1520 832 1561 SEXTA
863 1521 994 1561 POST
1020 1521 1380 1562 TBINITATEI.

170 1600 476 1668 Quicunque
524 1601 776 1671 baptismi
817 1617 1001 1656 sumus
1054 1602 1108 1655 in
1155 1600 1366 1656 Christo
1414 1599 1576 1665 Iesu,
1623 1603 1678 1657 in

101 1701 254 1748 morte
297 1690 462 1764 ipsius
491 1692 750 1758 baptizati
783 1708 966 1747 sumus
1015 1690 1188 1764 (Rom.
1231 1691 1329 1763 vr).
1363 1691 1420 1747 In
1470 1692 1571 1747 hac
1602 1691 1681 1746 le-

100 1782 292 1846 ctione,
327 1781 530 1836 fratres
581 1782 706 1846 mei,
765 1782 1004 1838 ostendit
1055 1783 1347 1854 Apostolus
1397 1798 1495 1839 nos
1518 1783 1679 1840 Chri-

1800 589 2003 644 carnali
2031 600 2087 644 et
2114 592 2383 647 mtmdana
2408 633 2424 658 ,
2447 593 2538 649 sed
2567 595 2741 666 potius
2765 601 3028 668 spirituali
3054 612 3108 659 et
3136 605 3375 674 emlesti;

1798 682 1870 737 ita
1895 698 1994 737 nos
2022 698 2118 752 per
2147 683 2472 752 baptismum
2525 687 2788 743 morimur
2836 702 2892 747 et
2920 697 3210 764 sepelimur
3247 715 3376 770 pec-

1795 782 1941 838 cato,
1966 785 2024 828 ut
2046 778 2112 831 de
2140 787 2341 832 caetero
2372 795 2476 833 non
2508 779 2753 836 vivamus
2778 785 2980 838 carnali
3007 789 3112 842 vita
3141 802 3193 844 et
3220 808 3380 847 mun-

1793 864 1962 934 dana,
2000 868 2094 923 sed
2127 871 2307 940 potius
2361 873 2630 944 spirituali
2686 883 2740 930 et
2778 876 3009 932 caelesti.
3042 881 3193 948 Quod
3237 883 3375 940 bene

1794 959 2131 1030 significatur
2157 979 2256 1034 per
2286 964 2411 1029 hoc,
2441 967 2582 1037 quod
2616 967 2706 1023 ille
2745 970 2834 1039 qui
2871 971 3196 1041 baptizatur,
3223 979 3375 1047 prius

1793 1051 2104 1107 extenditur
2136 1054 2204 1108 ad
2247 1057 2464 1111 modum
2517 1056 2721 1113 Christi
2773 1060 3056 1130 pendentis
3089 1063 3140 1117 iu
3177 1080 3372 1132 cruce;

1795 1139 1992 1196 deinde
2039 1145 2192 1212 quasi
2245 1145 2639 1218 crucifiguntur
2687 1166 2878 1206 manus
2932 1162 2986 1206 ct
3033 1157 3199 1224 pedes
3233 1156 3372 1225 ejus,

1787 1231 1919 1287 dum
1943 1235 2197 1304 operibus
2218 1246 2273 1291 et
2294 1239 2504 1309 pompis
2526 1239 2722 1296 diaboli
2746 1258 2804 1298 se
2829 1243 3215 1302 abrenuntiare
3239 1265 3374 1306 con-

1787 1323 1995 1380 litetur.
2023 1325 2215 1383 Postea
2241 1339 2384 1385 totus
2405 1347 2628 1402 peccato
2651 1335 2878 1390 moritur
2905 1346 2960 1391 et
2980 1339 3134 1406 quasi
3168 1342 3372 1410 sepeli-

1790 1422 1899 1481 tur,
1937 1414 2064 1471 dum
2093 1419 2162 1472 ad
2205 1419 2615 1480 similitudinem
2649 1426 2910 1482 triduana:
2961 1430 3278 1502 sepultum,
3319 1435 3372 1488 in

1783 1506 1934 1562 fonte
1959 1518 2041 1564 ter
2064 1510 2426 1582 immergitur.
2447 1516 2622 1586 Sicut,
2645 1518 2839 1577 fratres
2859 1523 2983 1589 mei,
3003 1527 3217 1593 quando
3235 1526 3373 1596 bap.

1786 1602 2043 1668 tizamnr,
2080 1607 2237 1676 quasi
2269 1622 2390 1663 cum
2435 1609 2650 1667 Christo
2697 1615 3008 1686 scpelimur,
3035 1618 3087 1672 in
3115 1630 3371 1687 mortem,

1783 1693 1838 1750 id
1853 1703 1940 1750 est
1963 1695 2030 1750 ad
2061 1695 2466 1755 similitudinem
2496 1702 2685 1759 mortis
2714 1704 2852 1775 ejus,
2876 1707 2920 1762 si
2947 1717 3149 1770 tamen.
3177 1709 3373 1766 fratres

1781 1787 1910 1853 mei,
1930 1799 2150 1859 pactum
2177 1791 2428 1860 baptismi
2454 1802 2719 1862 tenemus,
2737 1800 2781 1853 si
2805 1809 3026 1869 peccato
3058 1803 3251 1858 tuortui
3276 1819 3372 1860 su-

99 1877 317 1940 stianos,
343 1876 436 1948 qui
469 1876 523 1931 in
551 1875 771 1933 Christo
796 1875 924 1933 Jesu
956 1878 1213 1950 baptizati
1238 1894 1450 1944 sumus,
1477 1879 1678 1936 debere
1712 1875 1756 1932 Β
1783 1897 1927 1948 mus,
1969 1883 2016 1939 si
2061 1885 2130 1939 ad
2173 1900 2361 1956 opera,
2401 1895 2458 1942 et
2481 1903 2708 1961 pompas
2736 1891 2936 1947 diaboli
2970 1910 3077 1949 non
3112 1897 3373 1953 redimus.

97 1968 229 2023 sicut
269 1968 322 2023 in
351 1969 629 2040 baptismo
682 1969 1056 2042 promisimus,
1100 1970 1224 2026 vita:
1273 1972 1594 2027 munditiam
1621 1980 1677 2029 et

97 2060 384 2116 novitatem
419 2071 632 2118 tenere.
669 2061 826 2118 Facit
857 2064 1040 2134 itaque
1069 2061 1192 2116 tria.
1220 2062 1405 2118 Primo
1437 2065 1678 2120 ostendit

95 2168 180 2210 eos
207 2154 298 2225 qui
339 2154 606 2226 baptizati
640 2165 769 2212 sunt
791 2156 845 2212 in
891 2156 1112 2212 Christo
1132 2155 1281 2223 Jesu,
1315 2158 1367 2212 in
1393 2169 1568 2214 morte
1594 2159 1678 2230 ip-

93 2247 195 2302 sius
223 2262 344 2304 csse
366 2249 703 2328 baptizatos.
735 2249 990 2307 Secundo
1014 2253 1251 2307 ostendit
1281 2267 1387 2323 qua
1416 2253 1670 2311 utilitate.

92 2339 267 2396 Tertio
294 2342 530 2412 exponit
565 2357 686 2413 qua:
723 2341 935 2398 dixerat
959 2343 1214 2399 obscure.
1254 2344 1348 2399 Ait
1377 2342 1540 2415 igitur
1568 2345 1679 2416 pri-

91 2447 229 2487 mum
280 2449 295 2487 :
353 2433 672 2505 Quicunque
721 2435 973 2505 baptizati
1011 2451 1215 2491 sumus.
1263 2435 1370 2491 Sed
1416 2437 1676 2508 quoniam

96 2533 216 2577 sunt
251 2521 587 2595 baptismata
613 2523 945 2590 Iudaeorum,
985 2535 1040 2582 et
1068 2527 1384 2594 Gentilium,
1416 2537 1472 2583 et
1497 2528 1675 2584 haere-

90 2616 338 2686 ticorum,
363 2621 462 2692 qui
498 2635 604 2676 non
629 2621 894 2677 mundant
919 2621 1179 2689 interius,
1203 2622 1353 2676 addit
1381 2623 1436 2676 in
1463 2621 1674 2677 Christo

86 2714 227 2780 Iesu,
253 2715 305 2768 id
321 2726 408 2770 est
434 2714 712 2786 inyirtute
725 2713 854 2770 Jesu
881 2714 1088 2772 Christi
1112 2713 1366 2785 quisolus
1389 2715 1552 2770 habet
1577 2729 1676 2768 au-

85 2807 383 2862 ctoritatem
411 2807 751 2877 baptizandi.
785 2805 940 2863 Unde
961 2817 1015 2863 et
1041 2806 1236 2863 .loanni
1275 2821 1373 2877 per
1409 2806 1674 2877 Spiritum

84 2909 324 2956 sanctum
358 2900 576 2957 dictum
609 2911 694 2956 est
727 2915 743 2954 :
801 2900 974 2971 Super
1023 2917 1169 2972 quem
1199 2901 1392 2956 uideris
1418 2899 1676 2971 Spiritum

82 2993 480 3049 descendentem
518 3002 569 3049 et
619 3001 915 3048 manentem
953 3009 1109 3064 super
1147 3009 1286 3062 eum,
1334 2992 1418 3046 hic
1464 2999 1540 3045 est
1583 2990 1675 3060 qui

82 3086 312 3157 boptizat
362 3087 558 3159 (Joan.
605 3085 670 3157 ι).
718 3083 914 3142 Caneri
941 3069 1085 3140 en'im
1129 3100 1236 3140 non
1264 3084 1672 3149 auctoritatem,

81 3179 172 3235 sed
197 3181 381 3236 solum
418 3180 790 3237 ministerium
824 3179 1027 3236 habent
1059 3179 1395 3252 baptizandi.
1422 3177 1564 3232 lliuc
1592 3185 1678 3231 est

1780 1973 1915 2031 Nam
1939 1975 2030 2046 qui
2062 1975 2363 2046 baptizatur
2390 1996 2423 2032 a
2449 1990 2757 2043 mortuo,.et
2783 1981 2973 2036 iterum
3001 1986 3165 2053 tangit
3198 1984 3372 2055 illum,

1779 2069 1904 2141 quid
1939 2069 2148 2138 proﬁcit
2177 2068 2259 2124 illi
2296 2071 2488 2125 lauatio
2531 2072 2909 2142 ejus?(Eccle.
2952 2077 3159 2146 xxxiv.)

1853 2159 2120 2229 Sequitur
2148 2175 2276 2230 pars
2335 2163 2595 2231 secunda,
2649 2164 2704 2218 in
2749 2181 2856 2234 qua
2908 2169 3216 2224 ostenditur
3265 2186 3372 2242 qua

1783 2252 2022 2309 utilitate
2050 2254 2409 2325 baptizemur,
2445 2272 2568 2316 cum
2599 2259 2852 2314 subditur
2891 2278 2903 2314 :
2937 2258 3006 2314 Ut
3032 2264 3373 2332 quemadmo-

1782 2347 1907 2400 dum
1937 2344 2181 2401 Christus
2211 2350 2497 2403 resurrexit
2523 2367 2555 2403 a
2587 2353 2810 2407 mortuis
2841 2353 2898 2407 in
2918 2353 3144 2424 gloriam
3165 2354 3365 2422 Patris,

1779 2439 1856 2494 ita
1884 2448 1931 2492 et
1956 2455 2048 2493 nos
2073 2440 2128 2494 in
2157 2442 2384 2496 novitate
2404 2442 2524 2498 vitta
2544 2444 2891 2501 ambulemus.
2920 2445 3031 2503 liae
3053 2449 3196 2504 enim
3225 2451 3372 2505 utili-

1780 2539 1895 2588 tate
1922 2532 1974 2586 in
2013 2542 2188 2588 morte
2212 2533 2415 2590 Christi
2443 2536 2810 2605 baptizamur,
2835 2548 2894 2593 ut
2917 2542 3369 2610 quemadmodum

1781 2624 2034 2682 Christus
2060 2629 2362 2683 resurrexit
2397 2642 2428 2682 a
2481 2630 2728 2696 mortuis,
2759 2639 2815 2686 et
2844 2631 2978 2688 vivit
3010 2633 3064 2688 in
3103 2645 3370 2690 internum

1781 2739 1924 2778 nova
1965 2724 2074 2779 vita
2107 2733 2161 2780 et
2191 2724 2424 2796 gloriosa
2467 2743 2591 2784 cum
2625 2727 2806 2795 Patre,
2834 2731 2912 2786 sic
2939 2741 2994 2786 et
3029 2748 3126 2788 nos
3153 2749 3248 2804 per
3270 2734 3373 2790 ba-

1779 2815 2040 2886 ptismum
2067 2832 2417 2890 resurgamus
2440 2837 2468 2874 a
2494 2830 2666 2877 morte
2693 2835 3062 2894 peccatorum,
3090 2835 3142 2880 et
3171 2828 3236 2882 de
3263 2845 3370 2885 ca:-

1784 2915 1908 2963 tero
1935 2909 2186 2966 vivamus
2239 2914 2308 2968 ad
2336 2912 2561 2985 gloriam
2595 2915 2686 2970 Dei
2731 2933 2869 2972 nova
2898 2928 2953 2974 et
2979 2919 3212 2990 gloriosa
3261 2923 3374 2977 vita

1778 2999 2069 3057 virtutttm.
2125 3003 2280 3072 Quod
2335 3005 2474 3061 bene
2533 3008 2875 3078 significatur
2930 3026 3030 3080 per
3074 3012 3176 3067 hoc
3224 3014 3376 3082 quod

1781 3107 1919 3163 puer
1952 3107 2239 3167 postquam
2284 3113 2314 3151 a
2348 3099 2517 3166 fonte,
2566 3102 2719 3171 quasi
2743 3117 2773 3156 a
2805 3103 3082 3172 sepultura
3114 3105 3372 3177 resurgit,

1783 3201 1922 3242 nova
1951 3187 2076 3243 alba
2105 3189 2357 3255 vestitur,
2383 3199 2438 3245 et
2460 3204 2617 3246 cereo
2667 3192 2894 3248 ardente
2940 3193 3262 3249 illustratur.
3303 3196 3376 3252 Et

78 3273 553 3344 quodbaptismus
581 3288 686 3329 non
717 3272 992 3328 traditura
1016 3249 1160 3327 bono
1183 3270 1431 3326 ministro
1461 3269 1674 3338 melius,
1703 3249 1752 3314 (ἶ
1783 3281 1925 3351 quod
1958 3283 2062 3337 hoc
2083 3297 2182 3353 per
2221 3249 2550 3354 baptismum
2582 3285 2736 3340 nobis
2789 3286 3124 3354 conferatur,
3172 3249 3372 3359 ριιοικξί

79 3380 174 3420 nec
199 3381 230 3421 a
259 3367 546 3424 deteriore
569 3367 832 3434 deterius,
858 3367 1117 3440 quoniam
1138 3382 1244 3422 non
1271 3367 1392 3436 ipsi,
1416 3367 1510 3422 sed
1533 3367 1676 3422 Deus

76 3462 338 3532 baptizat,
371 3464 484 3535 ipsi
539 3463 772 3519 fundunt
813 3478 1034 3532 aquam,
1087 3462 1181 3516 sed
1234 3462 1375 3516 Deus
1428 3460 1672 3516 mundat.

77 3551 244 3610 Porro
273 3555 330 3610 in
381 3555 496 3610 hoc
535 3556 678 3626 quod
709 3554 784 3609 ait
813 3569 826 3606 :
853 3552 1120 3621 Baptizati
1149 3569 1330 3606 sumus
1360 3553 1412 3606 in
1464 3551 1672 3606 Christo

75 3646 228 3717 Iesu,
263 3663 376 3705 non
424 3649 663 3704 intendit
689 3647 980 3719 Apostolus
1023 3647 1397 3702 demonstrare
1438 3644 1674 3698 formam

74 3743 352 3814 baptismi,
387 3758 515 3814 qua:
539 3743 593 3798 in
621 3742 840 3811 nomine
871 3741 1074 3808 Patris,
1100 3749 1156 3796 et
1184 3739 1324 3802 Filii,
1353 3747 1408 3794 et
1439 3736 1676 3809 Spiritus

71 3837 244 3894 sancti
279 3852 312 3892 a
354 3835 594 3893 Domino
624 3836 680 3890 in
707 3834 998 3907 Evangelio
1025 3831 1362 3904 promulgata
1391 3839 1493 3887 est.
1522 3830 1675 3885 Licet

72 3927 296 3998 quidam
348 3942 481 3983 eam
518 3925 704 3981 dicant
733 3924 848 3980 fleri
907 3939 1066 3994 posse
1098 3923 1150 3977 iu
1176 3921 1395 3977 nomine
1442 3919 1672 3986 Christi,

69 4037 133 4077 eo
164 4024 315 4093 quod
365 4023 425 4079 in
463 4020 706 4088 Christo,
737 4021 789 4077 id
821 4027 907 4075 est
934 4019 986 4074 in
1026 4027 1210 4083 uncto,
1243 4028 1301 4071 et
1328 4029 1532 4086 angens
1565 4014 1674 4068 Pa-

70 4122 172 4180 ter,
214 4122 272 4170 et
299 4116 520 4179 unctio,
571 4113 623 4167 id
659 4121 743 4167 est
775 4093 1012 4182 Spiritus
1049 4117 1271 4164 sanctus
1319 4105 1671 4174 intelligatur.

65 4209 134 4266 In
177 4222 380 4280 morte,
432 4212 631 4282 inquit,
676 4209 844 4279 ipsius
871 4205 1125 4275 baptizati
1173 4219 1375 4258 sumus.
1408 4200 1580 4255 Porro
1618 4199 1672 4254 in

67 4317 249 4364 morte
307 4307 528 4364 Christi
578 4304 810 4360 dicimur
845 4299 1112 4371 baptizari
1157 4297 1462 4368 triplieiter,
1495 4303 1588 4350 aut
1617 4293 1672 4348 in

67 4408 273 4464 tnorte,
316 4397 372 4452 id
403 4405 492 4452 est
519 4396 571 4450 in
600 4395 703 4449 fide
731 4392 940 4458 mortis,
968 4389 1224 4461 quoniam
1256 4387 1372 4443 sine
1394 4384 1499 4442 fide
1526 4399 1673 4440 mor-

64 4489 136 4544 tis
186 4488 449 4554 Christi,
498 4485 636 4543 nihil
685 4483 908 4556 prodest
958 4481 1278 4553 baptismus.
1326 4477 1479 4534 Sicut
1527 4477 1675 4532 enim

1780 3373 2072 3443 Apostolus
2103 3374 2339 3431 subdens
2367 3394 2379 3429 :
2408 3377 2469 3431 Si
2494 3379 2639 3432 enim
2667 3378 3012 3448 complantau‘
3028 3379 3157 3449 facti
3185 3397 3370 3438 sumus

1781 3467 2122 3521 similitudini
2147 3469 2303 3520 morti
2316 3465 2628 3538 ejus,'simul
2647 3480 2694 3523 et
2726 3472 3123 3526 resurrectionis
3140 3472 3366 3528 erimus.

1781 3554 1950 3622 Quasi
1982 3556 2238 3612 dicerer:
2271 3556 2328 3611 Si
2377 3558 2581 3613 similes
2608 3559 2655 3614 ei
2684 3576 2870 3616 sumus
2899 3561 2952 3616 in
2983 3571 3181 3629 morte,
3217 3563 3370 3619 simi-

1782 3647 1864 3704 les
1887 3649 1934 3703 ei
1963 3649 2170 3704 erimus
2190 3649 2240 3704 in
2273 3651 2704 3720 resurrectione;
2727 3653 2774 3709 si
2799 3654 3005 3710 similes
3026 3655 3076 3710 ei
3099 3671 3286 3711 sumus
3310 3656 3370 3713 in

1781 3740 1988 3806 labore,
2022 3741 2228 3798 similes
2254 3743 2303 3798 ei
2327 3743 2532 3798 erimus
2559 3743 2614 3798 in
2665 3743 3074 3815 glorificatione.
3108 3746 3370 3816 Proinde,

1782 3832 1983 3888 fratres
2006 3834 2134 3901 mei,
2169 3834 2466 3904 imitemur,
2493 3846 2756 3906 quantum
2787 3853 3095 3908 possumus,
3119 3839 3366 3896 laborem

1780 3932 1836 3980 et
1859 3925 2174 3995 passionem
2199 3924 2437 3991 Domini,
2465 3926 2569 3981 etsi
2605 3943 2712 3982 non
2744 3926 2815 3983 sit
2842 3929 2933 3999 qui
2957 3943 3056 3983 nos
3084 3929 3368 4000 crucifigat

1778 4016 1864 4072 vel
1894 4017 2129 4083 occidat,
2167 4016 2361 4073 saltem
2397 4032 2496 4074 nos
2527 4019 2908 4090 crueifigamus
2932 4036 3028 4091 per
3071 4021 3360 4092 jejunium,

1777 4108 2022 4166 laborem
2050 4120 2106 4166 et
2149 4110 2536 4166 abstinentiam
2569 4127 2766 4182 corpus
2793 4122 3041 4168 nostrum
3066 4130 3188 4169 ctttn
3216 4114 3366 4171 vitiis

1779 4211 1834 4260 et
1862 4205 2336 4274 concupiscentiis.
2363 4206 2686 4262 Occidamus
2716 4207 2771 4261 in
2797 4206 2952 4262 nobis
2979 4209 3111 4262 vitia
3141 4217 3196 4262 et
3229 4223 3363 4278 pec-

1779 4305 1900 4353 cata
1923 4291 2302 4369 ut.resurgere‘
2325 4313 2654 4364 mereamur,
2681 4308 2736 4354 et
2763 4283 2932 4354 hic'in
2959 4301 3140 4354 anima
3171 4302 3236 4354 ad
3265 4315 3365 4353 no-

1776 4407 1901 4447 vant
1929 4392 2119 4456 vitam,
2156 4401 2212 4447 et
2242 4393 2294 4448 in
2324 4390 2509 4450 futuro
2541 4394 2800 4449 inanima
2823 4393 2984 4448 simul
3029 4404 3085 4448 et
3131 4409 3363 4464 corpore

1779 4485 1844 4540 ad
1869 4485 2119 4556 gloriam.
2174 4483 2344 4539 Porro
2375 4484 2602 4555 pulchre
2627 4485 2701 4539 ait
2725 4502 2738 4539 :
2767 4483 3122 4552 Complantati
3167 4483 3364 4537 simili-

63 4580 336 4638 lsraelita:
387 4580 461 4634 ab
508 4577 692 4649 ignitis
733 4575 1079 4646 serpentibus
1125 4587 1232 4626 non
1282 4570 1670 4636 liberabantur,
1705 4606 1755 4666 Β
1780 4577 1950 4632 ωτιὶηὶ
1991 4577 2178 4631 mortis
2207 4577 2342 4647 ejus.
2373 4578 2621 4632 Christus
2649 4577 2847 4646 quippe
2904 4576 2957 4630 iu
2990 4585 3163 4630 morte
3206 4585 3260 4630 et
3305 4576 3362 4632 in

61 4673 174 4739 nisi
209 4674 568 4745 respicerent
591 4671 657 4724 ad
693 4676 1000 4740 serpentem
1043 4678 1252 4721 teneam
1303 4661 1359 4717 in
1405 4661 1528 4732 palo
1549 4675 1674 4716 ere-

61 4781 243 4833 ctum,
278 4768 362 4821 ita
400 4778 506 4820 nec
551 4778 651 4818 nos
680 4761 976 4817 liberantur
1005 4773 1034 4812 a
1067 4754 1306 4828 peccatis
1349 4753 1433 4807 vel
1472 4767 1504 4806 a
1553 4751 1673 4806 dia-

60 4858 214 4924 bolo,
243 4856 360 4912 nisi
395 4854 505 4910 fide
543 4862 598 4910 et
639 4868 736 4924 spe
776 4850 1135 4922 respiciamus
1186 4847 1254 4902 ad
1301 4842 1619 4900 crucifixum
1657 4858 1672 4898 :

58 4959 159 5006 aut
189 4951 250 5006 in
287 4957 500 5011 morte,
529 4946 581 5001 id
613 4944 778 5002 estin
807 4941 1046 4998 etlicacia
1079 4939 1274 4995 mortis
1303 4935 1527 4992 Christi.
1566 4932 1676 4989 To-

58 5053 175 5100 tam
208 5044 436 5115 quippe
463 5037 775 5096 eﬂicaciam‘
795 5051 946 5092 suam
990 5034 1294 5104 baptismus
1325 5025 1619 5097 assumpsit
1644 5040 1677 5083 a

57 5147 249 5192 morte
276 5133 539 5198 Christi;
573 5131 676 5188 nisi
725 5130 870 5186 enim
921 5125 1170 5184 Christus
1220 5133 1541 5184 moreretur,
1569 5134 1677 5175 non

54 5229 412 5285 ablueretur
460 5233 643 5281 reatus
699 5220 979 5294 originalis
1038 5218 1270 5291 peccati,
1314 5215 1577 5286 sanguine
1620 5220 1677 5268 et

55 5337 236 5393 aqua,
271 5334 414 5391 qua:
441 5318 506 5375 de
533 5317 701 5374 latere
719 5315 834 5385 ejus
855 5313 1248 5387 proﬂuxerunt,
1275 5325 1376 5366 nec
1398 5307 1678 5362 llatnmeus

53 5415 290 5488 gladius
327 5413 411 5466 ab
443 5411 665 5466 introitu
697 5409 930 5482 paradisi
963 5406 1263 5463 tolleretur.
1291 5405 1399 5460 Aut
1424 5410 1576 5458 certe
1623 5399 1679 5454 in

39 5503 253 5566 'tnorte
283 5505 507 5562 Christi
538 5505 791 5576 baptizati
817 5518 1023 5567 sumus,
1057 5502 1110 5556 id
1137 5509 1223 5556 est
1252 5500 1305 5554 in
1327 5495 1679 5554 similitudine

51 5600 270 5659 mortis
305 5595 546 5653 Christi.
574 5595 728 5654 Unde
756 5606 811 5652 et
837 5595 1054 5651 subdit:
1081 5591 1380 5661 Consepulti
1423 5590 1560 5645 enim
1589 5605 1680 5643 su—

51 5710 180 5748 mus
224 5707 366 5746 cum
413 5687 619 5744 Christo
641 5705 733 5759 per
761 5689 1073 5758 baptismum
1123 5687 1176 5740 in
1209 5694 1448 5739 mortem.
1475 5681 1680 5738 Simili-

47 5786 330 5842 tudinem
372 5783 620 5855 assignat
674 5781 963 5852 Apostolus
999 5781 1140 5837 inter
1192 5779 1524 5850 baptismum
1577 5789 1676 5830 no-

45 5885 248 5933 strum
280 5882 349 5932 et
383 5881 616 5931 mortem
647 5871 870 5927 Christi.
922 5871 1077 5928 Sicut
1128 5872 1275 5928 enim
1306 5868 1556 5926 Christus
1583 5881 1680 5938 per

496 5990 774 6052 ΡΑτιιοι..
815 5985 994 6050 CLV.

1779 4669 2056 4739 sepultura
2103 4684 2226 4735 sua,
2263 4670 2417 4739 quasi
2469 4669 2869 4739 complanlatus
2899 4678 2982 4723 est
3011 4670 3077 4722 ad
3106 4669 3363 4724 similitu-

1779 4760 1960 4816 dinem
1991 4761 2172 4832 grani,
2211 4761 2356 4831 quod
2397 4760 2449 4814 in
2496 4769 2639 4816 terra
2669 4754 2937 4830 sepultum
2967 4769 3020 4813 et
3062 4771 3359 4828 mortuum,

1779 4854 1834 4909 in
1865 4847 2059 4910 melius
2099 4856 2370 4926 resurgit,
2394 4855 2594 4910 crescit
2624 4863 2676 4909 et
2707 4864 3020 4909 renovatur.
3047 4853 3139 4910 Sic
3175 4863 3229 4910 et
3255 4856 3364 4910 Do-

1778 4942 2174 5003 minus'uostcr
2208 4947 2366 5003 Jesus
2401 4946 2653 5002 Christus
2690 4947 2743 5002 in
2775 4955 2950 5002 morte
2994 4956 3047 5002 et
3087 4947 3360 5016 sepultura

1779 5040 1936 5110 quasi
1966 5039 2237 5111 plantatus
2271 5048 2388 5104 est,
2437 5049 2491 5094 et
2519 5039 2660 5094 unde
2709 5040 2885 5109 perire
2917 5038 3062 5095 visus
3091 5047 3193 5103 est,
3231 5039 3356 5094 inde

1781 5134 1952 5204 magis
1990 5142 2182 5190 auctus
2198 5142 2255 5187 et
2279 5141 2566 5188 renovatus
2591 5144 2692 5186 est.
2721 5131 2873 5188 Unde
2897 5133 3011 5201 ipse
3034 5149 3352 5203 comparans

1785 5241 1845 5282 se
1871 5240 2044 5296 grano
2075 5224 2329 5280 frumenti
2362 5225 2434 5278 ait
2461 5242 2477 5282 :
2506 5223 2626 5278 Nisi
2645 5239 2866 5294 granum
2893 5223 3141 5292 fmmenti
3163 5226 3356 5278 calens

1780 5317 1835 5372 in
1868 5327 2061 5372 terram
2081 5325 2354 5382 mortuum
2376 5311 2555 5386 fuerit,
2583 5315 2751 5386 ipsunt
2781 5314 2950 5368 solum
2973 5327 3167 5370 manet.
3189 5313 3246 5370 Si
3263 5333 3362 5370 au-

1781 5421 1880 5464 tem
1895 5420 2157 5464 mortuum
2178 5410 2358 5479 fuerit,
2374 5408 2597 5462 ntultunt
2613 5408 2846 5478 fructum
2867 5409 3024 5478 a/fert
3038 5407 3219 5476 (Joan.
3236 5408 3358 5480 xu).

1779 5501 1848 5557 Et
1875 5501 2000 5556 alibi
2037 5518 2050 5554 :
2079 5501 2265 5557 Simile
2300 5511 2373 5556 est
2403 5489 2616 5570 regnum
2644 5499 2890 5554 caelorum
2921 5517 3085 5571 grano
3124 5499 3322 5567 sinapis
3341 5540 3359 5565 ,

1779 5594 1918 5666 quod
1939 5635 1954 5662 ,
1980 5609 2098 5647 cum
2120 5593 2185 5647 sit
2216 5593 2487 5646 minimum
2517 5593 2651 5646 inter
2701 5593 2878 5646 omnia
2908 5608 3074 5663 grana
3097 5631 3112 5656 ,
3143 5591 3359 5647 abscon-

1781 5702 1896 5741 sum
1929 5685 1980 5739 in
2022 5693 2160 5739 terra
2196 5685 2444 5739 excrescit
2473 5685 2528 5739 in
2585 5701 2829 5754 magnam
2877 5684 3136 5748 arborem,
3173 5683 3248 5736 ita
3300 5690 3361 5736 ut

1773 5764 1899 5835 faves
1957 5777 2069 5832 cazli
2117 5779 2442 5849 requiescant
2475 5778 2545 5850 in
2574 5779 2734 5832 ramis
2794 5777 2907 5846 ejus
2950 5771 3164 5845 (Matth.
3217 5788 3356 5841 xui;

1773 5853 1954 5928 .Marc.
1987 5885 2074 5940 tv;
2123 5869 2252 5927 Luc.
2299 5868 2442 5943 χιιι).
2479 5869 2579 5937 Ita,
2611 5868 2806 5926 fratres
2833 5869 2959 5932 mei,
2989 5869 3237 5924 Christus
3265 5863 3363 5938 qui

2652 6002 2687 6044 ,ω
2769 6039 2774 6044 .
2963 5983 3043 6052 63
