3896 6320
521 360 660 422 1995

1589 348 1908 404 ADDENDA
1963 379 2018 389 η-
2054 347 2402 404 “ADELPHI
2440 347 2785 404 ARDENTIS

3649 347 3737 402 199$

515 476 668 546 prius
691 477 972 542 reputatus
992 475 1076 522 est
1108 464 1388 530 minimus,
1415 463 1763 534 opprobrium
1815 463 2094 517 hominum
2124 469 2173 525 Α
2202 463 2671 533 t-oncupiscentize,
2704 472 2886 518 tamen
2915 476 3042 517 eam
3100 460 3300 517 statim
3337 457 3587 522 refrenat,
3611 474 3660 514 ne
3681 468 3734 520 vel

516 576 572 621 et
602 560 836 634 abjectlo
861 558 1032 629 plebis
1083 554 1255 627 (Psal.
1284 557 1421 625 xxi),
1455 565 1701 609 mortuus
1741 563 1794 607 et
1832 552 2095 622 sepultus,

516 655 672 729 quasi
699 653 971 724 plantatus
1005 650 1324 710 resurrexit,
1350 654 1404 702 et
1432 647 1602 701 erevit
1632 661 1828 700 nomen
1856 645 1974 712 ejus
2001 658 2100 714 per

519 749 830 803 universum
861 743 1145 805 mundum,
1176 741 1248 794 ita
1285 739 1427 809 quod
1468 738 1520 792 in
1565 738 1854 792 virtutibus
1895 736 2010 806 ejus
2042 745 2100 794 et

520 839 781 894 doctrinis
839 834 1146 907 spirituales
1177 833 1279 886 viri
1315 831 1685 901 requiescunt.
1718 831 1793 886 Ita
1840 841 1893 886 et
1925 831 2097 887 sancti

521 939 812 1002 martyres,
846 929 935 997 qui
968 928 1020 981 in
1057 926 1159 980 hoc
1193 923 1394 977 mundo
1425 921 1581 983 viles,
1623 930 1677 975 et
1705 923 1859 991 quasi
1894 936 2094 992 purga.

523 1032 762 1078 mentum
787 1027 840 1076 et
884 1019 1185 1089 peripsema
1210 1016 1442 1087 reptttati
1476 1025 1626 1077 sunt,
1671 1014 1722 1068 in
1766 1015 2014 1084 passione
2042 1025 2098 1071 et

523 1125 700 1170 morte
745 1112 896 1182 quasi
930 1108 1180 1180 plantati,
1240 1108 1294 1162 in
1359 1106 1552 1162 melius
1587 1106 1828 1160 renovati
1862 1114 2008 1172 sunt,
2044 1111 2101 1163 et

522 1207 761 1263 excrevit
790 1217 985 1259 nomen
1013 1213 1203 1258 eorum
1231 1201 1393 1270 longe
1423 1200 1641 1268 lateque
1669 1215 1767 1270 per
1793 1202 2021 1255 virtutes
2047 1210 2102 1254 et

523 1296 813 1364 miracula,
851 1296 923 1352 ita
949 1295 1092 1366 quod
1129 1302 1185 1350 et
1225 1291 1536 1364 spirituales
1562 1291 1663 1345 viri
1695 1291 1745 1344 in
1779 1293 2018 1346 moribus
2047 1293 2104 1345 et

522 1390 818 1446 virtutibus
861 1402 1049 1443 eorum
1081 1401 1177 1456 per
1209 1386 1567 1440 imitationem
1615 1385 1988 1438 immorentur.
2023 1383 2100 1437 Ita

521 1493 578 1541 et
605 1498 724 1549 nos,
749 1481 946 1537 fratres
971 1480 1099 1543 mei,
1139 1493 1382 1534 amemus
1406 1493 1526 1532 esse
1567 1478 1720 1537 viles.
1756 1490 2025 1546 pauperes
2047 1481 2103 1530 et

522 1576 719 1648 abjeCti
751 1575 804 1628 in
835 1574 938 1628 hoc
961 1571 1160 1628 sacculo
1203 1582 1424 1642 propter
1465 1569 1654 1632 Deum,
1687 1579 1744 1621 ut
1774 1568 1926 1634 quasi
1951 1567 2104 1637 plan-

525 1669 622 1724 tati
653 1683 747 1739 per
776 1667 1106 1739 baptismum
1140 1674 1195 1719 et
1227 1663 1626 1732 panitentiain.
1660 1661 2104 1714 mortitleatioues

521 1769 578 1816 et
605 1759 905 1830 passiones,
946 1770 1317 1826 resurgamus,
1351 1759 1675 1808 renoventur
1709 1761 1764 1807 et
1806 1752 2101 1806 l’ructilice-

2201 555 2266 608 ad
2315 554 2746 615 delectationem,
2776 555 2860 609 vel
2895 555 2962 608 ad
3004 567 3354 608 consensum
3387 551 3734 614 descensione-

2206 661 2337 702 cure
2364 656 2541 717 potest
2569 647 2749 702 dicere
2778 663 2901 701 cum
2938 646 3209 718 Apostolo
3237 659 3254 698 :
3289 642 3352 698 Si
3385 643 3522 709 quod
3553 643 3645 697 uelo
3673 645 3738 704 hoc

2202 755 2321 811 ago,
2374 757 2479 795 non
2534 757 2687 810 pecco
2716 756 2808 810 ego
2836 739 2975 811 (57),
3009 741 3105 794 sed
3161 738 3318 810 quod
3375 737 3568 789 habitat
3606 739 3646 791 in
3687 757 3740 796 tu

2199 842 2468 900 peccatum
2511 830 2686 896 (Itoni.
2713 833 2828 894 vtt).
2864 831 2976 886 Nos
3015 845 3172 900 ergo,
3207 831 3416 882 fratres
3446 829 3560 891 mei,
3583 832 3740 896 quando

2201 923 2267 976 ad
2306 923 2799 992 concupiscendum
2839 939 3150 986 movemur,
3198 921 3391 978 statim
3425 931 3609 975 motum
3635 922 3741 977 illa-tt

2202 1013 2578 1077 cohibeamus,
2609 1025 2799 1084 pectus
2823 1027 3077 1070 nostrum
3106 1014 3510 1086 percutiamus,
3534 1014 3741 1068 divinum-

2205 1107 2312 1173 que
2335 1103 2593 1159 auxilium
2628 1106 2963 1161 invocemus

2276 1195 2586 1264 Sequitur:
2621 1195 2679 1252 Si
2729 1200 2867 1250 enim
2919 1198 3120 1251 mortui
3161 1213 3354 1251 sumus
3400 1213 3516 1250 cum
3568 1195 3745 1262 Christo,

2203 1291 2464 1343 credimus
2506 1292 2629 1360 quia
2663 1294 2820 1344 etiam
2859 1293 3093 1345 vivemus
3133 1307 3261 1344 cum
3316 1289 3747 1357 Christu.uttidaat

2205 1382 2508 1436 moriuntur
2546 1383 2596 1436 in
2643 1383 2887 1446 Christo,
2915 1384 3140 1452 quidam
3188 1383 3356 1437 etiam
3404 1399 3523 1434 entn
3559 1382 3747 1452 Christo,

2204 1471 2421 1541 quidam
2451 1487 2546 1543 pro
2571 1473 2807 1527 Christo.
2835 1472 2892 1526 ln
2921 1474 3145 1529 Christo
3179 1474 3491 1529 moriuntur
3518 1475 3657 1528 etiam
3686 1476 3742 1532 illi

2206 1566 2330 1633 qui,
2361 1565 2459 1619 etsi
2504 1565 2555 1618 in
2594 1567 2704 1620 vita
2752 1581 2846 1621 sua
2887 1566 3110 1621 fuerunt
3141 1579 3494 1634 peccatores,
3529 1579 3680 1625 tamen
3711 1573 3749 1626 ia

2206 1658 2521 1730 prettitentia
2572 1668 2626 1714 et
2689 1659 2740 1713 itt
2791 1661 3139 1716 confessione
3200 1659 3408 1716 Christi
3475 1662 3752 1719 moriuntur.

2205 1751 2339 1804 Cum
2370 1749 2586 1804 Christo
2617 1751 2758 1805 enim
2799 1753 3107 1805 moriuntur
3132 1753 3251 1821 qui,
3283 1753 3337 1806 in
3370 1754 3480 1807 vita
3509 1769 3598 1808 sua
3628 1770 3756 1808 τείως-

521 1827 664 1917 mus,
697 1861 752 1906 et
783 1851 873 1906 hic
902 1859 957 1904 et
992 1851 1044 1902 in
1071 1847 1270 1913 futuro,
1303 1855 1361 1901 nt
1385 1846 1628 1901 homines
1671 1844 1790 1899 ςαξιί
1833 1853 2105 1899 amatores
2139 1827 2181 1883 Β
2210 1841 2411 1896 latores
2444 1841 2666 1906 Christi,
2705 1857 2927 1896 carnem
2959 1857 3114 1897 suam
3149 1843 3543 1900 crueillxernnt
3567 1855 3615 1898 et
3646 1863 3755 1900 mur-

521 1943 763 1999 etiamin
793 1951 1100 1996 nostrarum
1144 1937 1406 2007 exemplis
1442 1938 1699 1991 virtutum
1744 1935 2100 1994 delectt-titur.

595 2035 851 2105 Sequitur
885 2049 1009 2103 pars
1040 2032 1212 2094 tertia,
1241 2031 1294 2084 in
1321 2046 1424 2100 qua
1469 2044 1588 2098 qum
1617 2027 1846 2081 obscure
1885 2027 2104 2083 dixerat

523 2128 840 2197 Apostolus,
875 2125 1165 2194 explanat,
1207 2123 1392 2177 dicens
1431 2137 1446 2177 τ
1503 2121 1736 2176 Scientes
1784 2123 1909 2193 quia
1959 2134 2102 2176 vetus

521 2221 675 2274 homo
705 2227 882 2272 noster
909 2215 1070 2270 simul
1091 2230 1208 2267 cum
1240 2210 1449 2278 Christo
1480 2212 1764 2281 cruciﬁxus
1799 2221 1894 2276 est,
1927 2220 1984 2264 ut
2013 2212 2104 2264 de-

520 2319 761 2365 struatur
786 2326 974 2380 corpus
1017 2307 1232 2376 peccati,
1275 2316 1330 2360 ut
1370 2306 1508 2360 ultra
1541 2321 1642 2360 non
1669 2321 1955 2359 serviamus
1985 2319 2104 2373 pec-

520 2414 657 2458 cato.
691 2401 901 2456 Dicitur
927 2409 1107 2453 autem
1140 2408 1294 2452 vetns
1331 2398 1492 2451 homo
1525 2403 1709 2450 noster
1739 2394 1974 2450 hominis
2007 2409 2104 2448 no-

520 2494 622 2549 stri
674 2501 935 2554 vetustas,
963 2491 1015 2546 id
1049 2499 1131 2546 est
1157 2488 1596 2558 concupiscentia
1629 2497 1683 2543 et
1725 2487 1945 2542 rebellio
1977 2502 2102 2541 car-

524 2585 630 2640 nis.
655 2583 786 2652 Qna:
813 2585 1028 2653 quidem
1062 2592 1299 2637 vetustas
1322 2589 1562 2645 vocatur,
1589 2580 1668 2635 vel
1696 2582 1820 2650 qttia
1854 2597 1883 2633 a
1917 2590 2102 2636 vetere

519 2685 672 2746 patre
699 2685 884 2730 nostro
911 2675 1078 2728 Adam
1114 2673 1166 2726 in
1199 2671 1353 2726 nobis
1381 2671 1679 2726 inveterata
1717 2681 1820 2735 est,
1859 2671 1938 2725 vel
1971 2671 2103 2740 quia

523 2768 776 2822 vetustati
801 2767 996 2820 similis
1028 2774 1132 2820 est.
1158 2764 1408 2819 Vetustas
1436 2778 1563 2816 vero
1593 2763 1694 2816 tria
1725 2763 1874 2830 facit,
1905 2776 2102 2833 corpus

521 2862 792 2924 incurvat,
823 2874 1014 2916 sensus
1049 2859 1288 2918 hebetat,
1318 2857 1385 2909 ad
1435 2865 1663 2910 mortem
1703 2857 1890 2910 trahit.
1926 2855 2016 2909 Sic
2047 2865 2104 2911 et

519 2950 799 3020 originalis
833 2951 919 3004 illa
949 2948 1403 3018 concupiscentia,
1445 2947 1679 3000 animam
1718 2963 1747 2998 a
1782 2945 2104 3002 rectitudine

521 3061 615 3099 sua
683 3046 950 3106 incurvat,
1014 3044 1277 3098 rationem
1339 3051 1672 3112 caeterasque
1717 3041 1910 3096 animae
1957 3041 2103 3106 vires

520 3139 761 3205 hebetat,
785 3146 838 3193 et
874 3139 1042 3206 ipsam
1075 3137 1310 3194 animam
1355 3136 1419 3188 ad
1462 3145 1692 3188 mortem
1744 3134 1927 3187 trahit.
1975 3133 2102 3190 [hcc

519 3241 698 3296 autem
735 3230 1173 3300 concupiscentia
1202 3228 1363 3286 debet
1399 3228 1450 3282 in
1485 3227 1640 3281 nobis
1677 3241 1820 3290 esse,
1848 3227 2100 3302 exemplo

515 3332 570 3389 et
609 3324 806 3378 virtute
833 3322 1114 3386 Crucilixi,
1143 3320 1399 3375 crucifixa
1433 3333 1529 3387 per
1551 3316 1876 3386 baptismum
1903 3329 1957 3372 et
1985 3333 2099 3374 ma-

515 3418 822 3479 cerationes
855 3411 1414 3480 carnis..Qnomodo?
1449 3407 1517 3464 Ut
1563 3410 1866 3464 destruatur
1911 3427 2098 3481 corpus

514 3509 736 3579 peccati.
783 3507 897 3564 Non
949 3507 1025 3562 ait
1063 3505 1400 3576 simpliciter,
1432 3513 1490 3558 ιιι
1525 3503 1839 3558 destruatur
1881 3518 2097 3584 corpus,

515 3603 771 3672 quoniam
795 3615 991 3670 corpus
1012 3613 1117 3653 non
1147 3606 1230 3652 est
1259 3595 1636 3666 frangendum,
1669 3595 1761 3652 sed
1784 3595 2096 3665 regendum,

516 3703 575 3750 ut
607 3703 796 3756 natura
831 3707 927 3760 per
970 3688 1397 3746 mediocritatem
1430 3696 1785 3755 sustentetur,
1818 3697 1872 3741 et
1901 3687 2092 3744 vitium

516 3785 846 3840 destruatur.
883 3780 1092 3838 Pariter
1139 3795 1268 3848 ergo
1301 3787 1562 3850 peccant,
1611 3777 1694 3831 vel
1731 3778 1820 3847 qui
1871 3793 1966 3847 per
2016 3777 2098 3832 ni-

519 3879 791 3934 mietatem
820 3872 1199 3930 macerationis
1219 3887 1414 3942 corpus
1443 3872 1746 3938 destruunt,
1780 3869 1859 3924 vel
1884 3869 1972 3940 qui
2003 3883 2100 3939 per

517 3974 742 4028 nimium
797 3970 980 4024 luxum
1015 3967 1142 4023 illud
1191 3969 1243 4022 in
1290 3967 1435 4021 vitiis
1481 3965 1746 4020 ntttriunt.
1791 3961 1916 4016 Tria
1953 3962 2096 4015 enim

516 4068 774 4123 debemus
821 4063 1033 4135 corpori
1065 4071 1319 4132 tanquam
1352 4061 1630 4130 iumento,
1665 4066 1725 4112 ut
1759 4055 1957 4110 serviat
1988 4053 2098 4124 spi-

520 4159 662 4220 ritui,
702 4157 994 4228 pabulum,
1036 4156 1266 4224 virgam,
1304 4161 1358 4212 et
1394 4168 1553 4208 onus.
1593 4149 1852 4205 Pabulum
1885 4156 2097 4204 susten-

517 4245 756 4310 tatiouis,
773 4243 1372 4316 virg‘am‘correctionis,
1394 4257 1530 4299 onus
1557 4239 1724 4314 divini
1751 4238 1980 4317 servitii.
2006 4237 2096 4316 Sic

515 4353 680 4405 ergo,
731 4337 932 4394 fratres
985 4337 1127 4404 mei,
1171 4351 1456 4408 pascamus
1488 4347 1683 4402 corpus
1733 4339 1973 4408 nostrum
2027 4344 2094 4394 ne

516 4432 788 4497 luxuriet,
817 4432 896 4492 sic
925 4431 1051 4488 illud
1077 4432 1404 4500 castigemus
1443 4443 1510 4483 ne
1537 4426 1776 4486 deﬁciat.
1801 4425 2092 4500 Proiiterea

514 4539 645 4595 ergo
687 4525 803 4581 ait:
832 4523 948 4579 Non
981 4524 1194 4594 quidem
1225 4533 1283 4577 ttt
1322 4523 1630 4577 destruatur
1661 4534 1879 4589 corpus,
1913 4517 2006 4574 sed
2038 4526 2095 4596 ut

516 4616 826 4671 destruatur
859 4615 1087 4686 peccati,
1134 4615 1188 4672 id
1215 4624 1298 4672 est
1334 4623 1576 4685 peccato.
1625 4610 1784 4680 Quod
1811 4624 2089 4682 exponens

515 4708 732 4764 subdit:
766 4706 838 4764 Ut
874 4708 1014 4763 ultra
1048 4725 1152 4764 non
1180 4707 1468 4762 serviamus
1502 4702 1879 4778 peccato.,N0n
1913 4713 2093 4772 autem

515 4799 612 4864 ait,
649 4809 708 4855 ut
737 4814 843 4856 non
876 4814 1186 4870 peccemus,
1221 4795 1474 4866 quoniam
1519 4805 1577 4850 ut
1623 4793 1698 4851 ait
1727 4793 2002 4852 Joannes:
2035 4791 2093 4850 Si

513 4890 804 4948 dixerimus
842 4892 968 4962 quia
1001 4899 1271 4962 peccatum
1308 4905 1409 4948 non
1450 4889 1718 4958 habemus,
1753 4887 2092 4962 nosmetipsos

512 4985 830 5052 seducimus,
860 4992 908 5039 et
956 4982 1145 5036 veritas
1193 4979 1248 5032 in
1284 4978 1428 5033 nobis
1462 4993 1562 5034 non
1592 4989 1666 5033 est
1715 4977 1767 5052 (I
1813 4977 1976 5033 Joan.
2015 4977 2088 5058 ιη).

513 5073 649 5141 Quia
695 5073 839 5130 enim
872 5073 1032 5127 homo
1062 5086 1186 5144 cum
1216 5077 1395 5139 posset
1426 5069 1680 5148 resistere
1714 5079 1959 5151 peccato,
1993 5085 2088 5123 no-

517 5163 634 5232 luit,
667 5161 928 5230 inllietum
952 5170 1038 5220 est
1067 5160 1118 5218 ei
1147 5168 1225 5225 ut,
1251 5175 1372 5215 cum
1403 5159 1548 5224 velit,
1579 5177 1681 5214 non
1715 5160 1905 5230 possit.
1939 5158 2090 5214 Unde

514 5253 841 5322 Apostolus:
891 5250 1070 5324 Video,
1099 5254 1308 5323 inquit,
1351 5255 1513 5330 aliam
1549 5256 1709 5328 legem
1749 5254 1803 5306 in
1849 5252 2090 5306 membris

515 5347 664 5410 meis,
710 5343 1152 5418 resistentemlegi
1184 5347 1544 5416 mentientem,
1569 5356 1616 5422 et.
1643 5343 1983 5413 captivantem
2013 5359 2092 5397 me

516 5438 696 5510 (Rom.
723 5437 844 5511 vn),
883 5449 987 5494 etc.
1026 5439 1255 5514 Propter
1296 5440 1399 5498 hoc
1429 5455 1558 5510 ergo
1591 5439 1688 5504 ait,
1721 5453 1848 5501 non,
1896 5446 1954 5491 ut
1983 5452 2088 5492 non

515 5545 822 5602 peccemus,
860 5532 952 5589 sed
996 5539 1056 5586 ut
1091 5547 1195 5586 non
1236 5531 1536 5604 serviamus
1563 5536 1802 5598 peccato,
1833 5529 2088 5597 quoniam

515 5622 675 5695 primi
716 5632 897 5692 motus
925 5615 1373 5698 concupiscentiae
1410 5619 1462 5694 in
1499 5629 1681 5674 nostra
1712 5634 1816 5673 non
1843 5629 1967 5673 sunt
1997 5634 2093 5689 po-

516 5725 734 5785 testate,
780 5717 895 5777 sed,
926 5716 968 5769 si
1001 5715 1185 5768 statim
1215 5711 1297 5765 eis
1345 5711 1667 5774 resiSIimus,
1709 5717 1930 5791 peccato
1982 5725 2089 5766 non

512 5809 802 5864 servimus.
848 5805 946 5873 Qui
997 5815 1210 5874 autem,
1246 5817 1299 5862 et
1343 5807 1389 5862 si
1439 5806 1614 5876 primo
1656 5799 1900 5860 movetur
1938 5814 2086 5865 motu

1644 5976 1650 5982 .
1671 5956 1851 5991 μελέη-,³

581 5944 695 6008 (57)
729 5941 887 6012 Vulg.
915 5957 1017 6023 non
1043 5958 1134 6014 ego
1164 5939 1537 6032 aperornilludi

2209 1933 2545 1988 tilieavernnt
2572 1949 2694 1988 cum
2738 1936 2884 1989 vitiis
2924 1946 2978 1989 et
3009 1936 3471 2005 concupiscentiis
3518 1936 3660 2006 (Gal.
3685 1941 3752 2005 v).

2206 2023 2312 2080 Pro
2350 2026 2566 2080 Christo
2608 2039 2734 2082 vero
2771 2028 3080 2086 moriuntur
3125 2030 3218 2098 qui
3267 2031 3590 2099 sanguinea
3632 2047 3750 2084 suum

2207 2133 2304 2192 pro
2344 2118 2561 2174 Christo
2592 2119 2868 2175 fuderunt.
2917 2121 3026 2176 Nos
3063 2138 3215 2192 ergo,
3263 2122 3470 2177 fratres
3516 2123 3646 2189 mt-i,
3683 2124 3758 2179 etsi

2207 2226 2313 2265 non
2342 2226 2631 2280 possumus
2679 2216 2814 2269 tnori
2854 2229 2951 2284 pro
2993 2213 3214 2269 Christo
3260 2224 3321 2276 ut
3363 2225 3644 2284 martyres,
3673 2233 3760 2267 ua»

2207 2303 2413 2356 riamur
2444 2304 2633 2358 saltem
2675 2321 2796 2360 cum
2825 2307 3047 2361 Christo
3073 2315 3130 2360 ut
3169 2304 3545 2373 cortlessores,
3573 2324 3757 2376 corpora

2207 2405 2392 2451 nostra
2429 2407 2652 2466 peccato
2685 2400 3096 2466 mortiticantes,
3141 2401 3438 2466 quoniam,
3475 2411 3532 2454 ut
3557 2400 3624 2452 ait
3651 2400 3762 2469 Apu—

2207 2487 2380 2541 stolus
2407 2504 2420 2540 :
2450 2487 2510 2542 Si
2544 2489 2736 2543 mortui
2761 2505 2943 2544 sumus
2978 2507 3094 2544 cum
3119 2487 3356 2553 Christo,
3385 2494 3640 2545 credimus
3664 2493 3761 2560 πίει

2212 2581 2370 2634 etiam
2403 2583 2626 2635 circinus
2657 2599 2773 2637 cum
2810 2584 2952 2653 ipso,
2990 2583 3042 2638 in
3077 2584 3178 2638 hac
3205 2584 3316 2638 vita
3350 2586 3699 2655 spirituali,et
3723 2589 3763 2644 in

2205 2670 2387 2728 futuro
2417 2685 2642 2730 tetertta.
2678 2675 2933 2742 Scicutes,
2961 2677 3157 2745 inquit,
3186 2679 3312 2746 quia
3349 2678 3591 2733 Christus
3621 2697 3762 2732 resar-

2205 2780 2328 2834 geus
2358 2781 2422 2818 ex
2467 2767 2709 2832 mortuis,
2748 2767 2866 2837 jam
2917 2786 3020 2822 nou
3057 2771 3309 2836 moritur,
3357 2787 3503 2824 mors
3548 2771 3622 2824 ξὲιί
3657 2775 3767 2826 eius

2206 2874 2309 2910 ιιοιι
2346 2858 2721 2912 dominabitur.
2768 2860 2921 2913 Sicut
2964 2876 3012 2916 et
3059 2862 3338 2915 tltmiittatzt
3389 2872 3475 2916 est
3531 2864 3768 2918 Voluptate

2212 2959 2420 3016 tamen,
2457 2967 2561 3004 non
2599 2954 2938 3008 necrssitate.
2971 2952 3125 3018 Quod
3157 2956 3294 3006 enim
3327 2967 3572 3010 mortuus
3595 2968 3769 3023 σειρίε-

2207 3053 2323 3095 cato
2367 3043 2615 3111 (subaudi
2663 3043 2839 3098 alieno
2861 3045 3149 3115 ‘tollendo)
3204 3059 3450 3100 mortuus
3485 3061 3572 3110 est
3617 3051 3765 3102 semei.

2211 3133 2362 3198 Quod
2393 3146 2565 3189 autem
2599 3136 2736 3200 vivit,
2771 3139 2890 3194 vivit
2931 3137 3060 3202 Deo,
3111 3138 3164 3192 id
3219 3150 3302 3204 est
3335 3142 3404 3192 ad
3439 3141 3660 3210 gloriam
3696 3142 3770 3196 llsi

2209 3226 2403 3284 Patris.
2440 3228 2512 3282 Ita
2545 3240 2596 3283 et
2629 3247 2748 3294 vos,
2780 3231 3000 3295 fratres,
3047 3235 3137 3302 qui
3179 3235 3234 3287 in
3275 3234 3504 3289 Christo
3542 3237 3773 3306 baptizati

2204 3318 2357 3383 estis,
2389 3320 2698 3374 existimate
2736 3338 2830 3377 vos
2860 3333 3102 3379 mortuos
3129 3325 3357 3393 quidem
3389 3342 3516 3380 esse
3558 3341 3775 3397 pet-cato,

2202 3411 2355 3467 vivos
2380 3421 2557 3468 autetn
2590 3413 2717 3478 Deo,
2749 3414 2798 3468 id
2827 3428 2911 3468 est
2935 3416 3001 3469 ad
3034 3417 3265 3486 gloriam
3294 3418 3393 3473 Dei
3425 3421 3773 3488 qumrendam,

2203 3513 2254 3558 et
2293 3506 2360 3560 ad
2411 3507 2744 3562 voluntatem
2783 3508 2901 3576 eius
2960 3508 3288 3566 faciendam.
3344 3513 3556 3584 Itaque,
3607 3513 3777 3569 fratres

2202 3598 2337 3664 mei,
2381 3599 2428 3652 si
2483 3601 2596 3654 veri
2649 3601 2942 3657 Christiani
2990 3620 3198 3670 sumus,
3235 3617 3471 3663 mortem
3525 3617 3579 3662 et
3626 3611 3775 3662 vitam

2200 3691 2397 3748 Christi
2419 3694 2754 3750 minulemur.
2770 3696 3174 3769 Cruciligamus
3199 3700 3446 3754 membra
3470 3713 3648 3756 nostra
3673 3717 3779 3755 cum

2206 3787 2354 3842 vitiis
2381 3798 2436 3842 et
2464 3790 2942 3870 concupiscentiis.
2973 3792 3374 3864 Cruciligamus
3402 3811 3504 3850 cor
3531 3807 3777 3859 nostrum,

2200 3895 2271 3934 ne
2299 3893 2535 3950 unquam
2565 3883 2723 3947 male,
2754 3884 2846 3937 sed
2873 3899 3086 3954 semper
3110 3886 3252 3941 bene
3277 3889 3513 3958 cogitet;
3547 3889 3772 3957 linguam

2200 3982 2468 4041 nostram,
2486 3989 2552 4029 ne
2568 3990 2803 4046 unquam
2822 3977 2984 4043 male,
3001 3979 3095 4034 sed
3113 3993 3335 4049 semper
3359 3981 3501 4035 bona
3520 3981 3779 4050 loquatur;

2204 4079 2399 4120 manus
2426 4075 2660 4134 nostras,
2706 4083 2772 4122 ne
2807 4085 3043 4140 unquam
3078 4072 3250 4138 mala,
3277 4073 3374 4126 sed
3407 4090 3625 4144 semper
3659 4076 3780 4127 beas

2201 4169 2366 4225 opera
2405 4155 2636 4218 faciant;
2685 4160 2852 4230 pedes
2903 4172 3152 4228 nostros,
3195 4177 3265 4216 ne
3314 4179 3552 4233 unquam
3603 4165 3778 4217 instare

2202 4249 2377 4319 viam,
2408 4251 2506 4308 sed
2531 4266 2746 4323 semper
2782 4253 2978 4308 bonam
3015 4256 3322 4321 ambulent;
3361 4272 3528 4311 aures
3559 4267 3777 4319 nostras,

2203 4356 2272 4395 ne
2307 4356 2545 4411 unquam
2575 4343 2733 4398 tnalis
2761 4345 2960 4409 verbis,
2985 4347 3076 4400 sed
3099 4360 3317 4418 semper
3347 4349 3508 4401 bonis
3539 4357 3778 4418 μητρυιῇ

2200 4443 2278 4494 ut,
2305 4433 2376 4487 ita
2395 4446 2515 4487 eum
2540 4435 2756 4490 Christo
2779 4451 2917 4491 novo
2948 4437 3163 4494 homine
3190 4440 3459 4503 renovari,
3485 4441 3648 4493 simul
3674 4455 3780 4493 eum

2118 4551 2172 4614 υ
2200 4539 2264 4580 eo
2291 4525 2451 4580 beate
2477 4527 2658 4582 vivere
2686 4527 2979 4583 valeamus.
3000 4528 3155 4614 Quod
3178 4531 3290 4600 ipse
3316 4543 3584 4601 praestare
3610 4534 3781 4601 digla-

2205 4626 2292 4672 tur
2324 4617 2560 4686 quicum
2599 4617 2760 4673 Patre
2787 4627 2839 4675 et
2881 4603 3084 4690 Spiriiu
3121 4632 3312 4678 sancto
3351 4623 3486 4695 vivit
3523 4634 3579 4678 et
3613 4632 3782 4693 regini

2201 4710 2342 4766 Deus
2365 4724 2460 4781 per
2488 4713 2668 4765 omnia
2710 4713 2905 4780 saecula
2929 4713 3271 4788 seculorum.
3306 4716 3500 4772 Amen.

2770 4806 3050 4862 llOMlLlA
3091 4807 3204 4862 xv.
3465 4879 3472 4882 _

2482 4915 2732 4958 oculares
2765 4915 2938 4956 sexu
2978 4917 3109 4961 rosr
3141 4893 3524 4972 ratatrsrcu.

2273 4991 2421 5048 Dixit
2446 4993 2606 5049 Iesus
2631 4993 2909 5062 discipulis
2937 4994 3047 5047 suis
3079 5009 3098 5048 :
3133 4994 3302 5048 Antea
3329 4996 3451 5048 dico
3481 4994 3658 5057 vobis,
3694 4992 3782 5044 nisi

2196 5084 2538 5141 abundaverit
2576 5084 2790 5153 justitia
2837 5099 3006 5142 vestra
3054 5085 3335 5157 plusquam
3383 5084 3696 5141 Scribarum
3741 5095 3776 5134 cl

2197 5176 2636 5245 Pharisworum,
2685 5196 2788 5234 non
2841 5179 3103 5234 iutrabitis
3152 5181 3206 5233 in
3261 5197 3477 5250 regnum
3530 5180 3777 5233 eceteram

2197 5267 2412 5342 (Matth.
2445 5271 2522 5343 v).
2555 5272 2752 5328 Tribus
2776 5271 3022 5342 capitulis
3061 5271 3414 5344 distinguitur
3445 5273 3560 5325 hac
3611 5271 3730 5323 lecti
3751 5287 3777 5328 ι.

2195 5363 2396 5420 fratres
2443 5363 2772 5420 cbarissimi.
2809 5363 2989 5422 Primo
3032 5366 3177 5420 enim
3228 5365 3472 5420 ostendit
3520 5363 3778 5417 Duriores

2188 5455 2457 5526 justitiam
2497 5452 2810 5512 Scribarum
2855 5465 2910 5512 et
2948 5455 3346 5512 Pharissaorum
3384 5471 3490 5511 non
3531 5453 3779 5509 sufﬁcere

2193 5549 2262 5602 ad
2311 5548 2616 5604 habendum
2667 5562 2886 5617 regnum
2924 5545 3210 5602 ctelorum.
3267 5547 3514 5603 Secundo
3567 5543 3773 5612 suppiil

2196 5643 2338 5712 quod
2364 5641 2446 5696 lex
2475 5641 2652 5698 minus
2681 5641 2962 5698 videbatur
2986 5642 3291 5696 continere.
3317 5640 3514 5706 Tertio,
3539 5631 3766 5695 ostendit

2196 5737 2470 5806 quomodo
2497 5737 2570 5791 sit
2613 5735 2722 5790 Deo
2749 5734 3105 5791 oll‘erendum.
3139 5736 3228 5790 Ait
3257 5751 3387 5806 ergo
3409 5754 3426 5812 _:
3457 5735 3626 5790 Arnen
3659 5730 3761 5781 es?

2193 5829 2354 5895 vobis,
2377 5830 2480 5883 nisi
2507 5828 2842 5884 abundaverit
2873 5828 3076 5883 iustitia
3105 5839 3278 5886 vestra
3303 5821 3590 5899 plusquam
3629 5820 3760 5877 Scri-
