3896 6320
181 399 298 462 1997

853 397 1154 455 HOMILUE
1207 397 1274 453 ΙΝ
1331 398 1547 458 EPIST.
1578 404 1666 458 ET

1806 405 1953 462 ANG.
1994 406 2292 464 DOMINIC.
2321 439 2387 450 ——
2427 409 2602 463 PARS
2637 413 2697 467 ll.

3264 381 3402 479 i993

180 521 341 574 barum
369 521 409 566 et
443 508 853 575 Pharistrorum,
898 520 1003 566 etc.
1051 511 1222 567 Porro
1263 511 1468 570 Scribzn
1497 523 1549 570 et
1583 515 1724 570 Pha-
1747 519 1799 579 Α
1833 519 2178 576 homicidium
2210 521 2408 592 operis,
2442 523 2532 577 sed
2561 525 2723 578 etiam
2768 527 3114 587 homicidium
3160 538 3403 595 volunta-

177 609 300 666 risrci
325 617 441 660 tunc
473 603 734 671 putabant
756 597 815 658 se
839 617 960 658 esse
983 604 1177 675 iustos,
1211 606 1425 675 quando
1454 619 1721 678 111-1110011111

179 685 296 770 legis
330 697 434 751 solo
457 703 620 765 opere
652 695 1038 764 adin'tplehant,‘
1067 707 1318 766 putantes
1350 700 1414 754 de
1442 700 1572 755 solis
1593 707 1721 770 ope-

175 788 343 847 ribus,
390 787 489 840 non
555 785 624 840 de
691 787 1105 856 cogitationibus
1160 804 1278 843 esse
1347 789 1717 856 iudicandum.

174 869 506 940 Alsiim‘ahant
535 878 732 948 quippe
756 869 1126 948 homicidium,
1155 883 1499 948 adulterium,
1525 893 1579 939 et
1609 884 1719 938 fur-

171 980 270 1029 tum
299 971 468 1041 operis
496 976 700 1024 tantum
732 972 788 1024 in
834 971 950 1042 lege
985 985 1106 1027 esse
1143 967 1494 1042 prohibitum.
1529 975 1716 1029 Homi-

170 1059 348 1121 cidium
393 1073 532 1127 vero,
581 1060 902 1116 adulterium
947 1071 1003 1117 et
1039 1063 1240 1118 furtum
1277 1061 1598 1131 voluntatis,
1630 1067 1716 1122 vel

166 1153 373 1219 nullum,
414 1151 492 1206 vel
537 1148 744 1207 veniale
782 1167 903 1210 esse
940 1163 1239 1224 peceatum.
1283 1155 1390 1212 Sed
1424 1158 1536 1212 haec
1581 1156 1716 1212 falsa

159 1243 349 1319 iustiila
379 1247 442 1300 ad
471 1246 696 1300 salutem
731 1243 840 1303 non
883 1248 1203 1304 sufﬁciebat.
1234 1248 1386 1305 Sicut
1419 1251 1564 1305 enim
1599 1251 1713 1306 sola

163 1341 286 1395 bona
314 1333 554 1394 voluittas
585 1339 634 1393 ei
667 1338 759 1408 qui
793 1339 912 1410 plus
952 1354 1058 1395 non
1088 1351 1265 1412 potest
1305 1341 1502 1397 sulllcit
1533 1345 1598 1397 ad
1631 1359 1716 1398 sa-

163 1430 331 1493 lutem,
362 1429 513 1498 iuxta
549 1426 708 1495 illud,
749 1440 794 1484 et
837 1432 892 1484 in
919 1430 1059 1487 terra
1099 1445 1206 1502 pax
1241 1431 1537 1488 hominibus
1565 1437 1715 1490 honre

155 1518 420 1577 voluntatis
451 1517 601 1589 (Luc.
630 1519 741 1583 ﬂ),-
771 1519 847 1576 ita
886 1521 996 1576 sola
1049 1523 1188 1577 mala
1236 1523 1488 1578 voluntas
1518 1525 1567 1580 ei
1620 1527 1711 1595 qui

153 1613 260 1682 plus
286 1611 387 1666 non
429 1611 608 1682 potest
644 1611 842 1668 1111111011
879 1615 944 1670 ad
991 1615 1411 1672 damnationem.
1444 1618 1540 1673 Est
1584 1633 1713 1689 ergo

150 1702 250 1757 sola
281 1703 416 1768 mala
447 1704 719 1771 voluntas,
748 1715 855 1762 tam
904 1707 1047 1778 apud
1090 1709 1336 1765 homines
1375 1726 1537 1780 quam
1570 1711 1714 1782 apud

150 1796 335 1860 Deum,
387 1797 730 1852 damnabilis.
777 1800 874 1855 Est
917 1801 1060 1856 enim
1105 1803 1246 1872 apud
1300 1804 1546 1860 homines
1590 1819 1714 1861 reus

144 1995 256 2034 nent
295 1979 512 2048 implere
542 1997 649 2036 11011
681 1983 875 2050 potuit.
915 1983 1068 2053 Apud
1109 1985 1273 2039 Deum
1311 1993 1526 2056 quoque
1553 1988 1708 2042 adul-

145 2083 217 2127 ter
246 2074 323 2127 vel
371 2074 923 2140 homicidaltabetur,
956 2079 1046 2148 qui
1087 2093 1160 2133 ea
1213 2080 1441 2146 crimina
1487 2082 1711 2152 implere

139 2167 315 2230 voluit,
344 2168 560 2223 etiamsi
607 2172 713 2224 non
746 2171 938 2240 potuit.
971 2169 1124 2226 Unde
1157 2172 1271 2242 ipse
1297 2173 1560 2230 Dominus
1595 2176 1706 2231 ait:

140 2259 234 2325 Qui
274 2260 456 2314 uiderit
499 2262 772 2316 mulierem
811 2264 880 2316 ad
915 2266 1383 2334 concupiscendam
1419 2283 1566 2334 eam,
1591 2269 1709 2340 jam

132 2353 404 2411 machatus
432 2365 508 2409 est
535 2357 598 2427 iu
624 2357 780 2409 corde
805 2374 900 2412 suo
929 2355 1141 2427 (Matth.
1167 2358 1242 2430 v).
1269 2358 1335 2414 Et
1366 2370 1522 2429 poeta
1548 2379 1563 2416 :

129 2467 196 2524 Et
217 2471 261 2524 si
288 2482 518 2525 servetur
540 2469 660 2543 (58)
691 2471 815 2543 hanc
842 2487 1048 2537 corpus,
1079 2459 1320 2527 adultera
1349 2491 1494 2531 mens
1516 2486 1616 2533 est.

666 2541 863 2613 (Ovtn.,
883 2543 1064 2597 Amor.
1085 2543 1174 2598 lib.
1202 2561 1290 2614 nt,
1318 2547 1456 2615 eleg.
1477 2549 1531 2615 4,
1559 2550 1705 2621 v.5.)

125 2649 518 2722 Requiritergo
563 2653 820 2708 Dominus
850 2671 878 2708 a
921 2656 1034 2709 suis
1084 2669 1188 2709 non
1219 2657 1390 2713 solum
1439 2660 1702 2719 innocen-

123 2742 242 2797 tiant
279 2745 554 2814 corporis,
588 2747 682 2800 sed
728 2747 890 2801 etiam
926 2748 1139 2803 mentis.
1173 2749 1324 2805 Unde
1357 2752 1496 2808 idem
1531 2756 1703 2813 Filius

119 2833 207 2890 Dei
235 2845 286 2889 et
333 2836 577 2893 hominis
616 2840 852 2893 ostendit
891 2853 948 2894 se
990 2841 1041 2894 itt
1084 2840 1403 2916 Apocalypsi
1449 2844 1698 2914 Joannis,

118 2930 457 2996 praecinctum
486 2931 560 2985 ad
591 2931 852 2988 mamillas
876 2948 1010 2988 zona
1032 2949 1194 2988 aurea
1211 2936 1393 3005 (Apoc.
1413 2938 1472 3008 t).
1493 2939 1704 3006 Quare?

115 3019 244 3086 Quia
279 3020 546 3078 Dominus
600 3025 652 3078 in
700 3024 989 3096 Evangelio
1021 3042 1124 3080 non
1166 3029 1339 3082 solum
1388 3048 1575 3102 opera,
1608 3035 1702 3089 sed

110 3117 268 3168 etiam
315 3115 494 3172 ﬂuxas
545 3119 929 3186 cogitationes,
963 3136 1084 3190 qua:
1118 3137 1146 3175 a
1181 3133 1400 3191 pectore
1441 3135 1698 3196 surgunt,

110 3208 358 3278 restringi
386 3209 570 3279 jubet.
597 3205 802 3280 Itaque,
836 3210 1032 3270 fratres
1065 3217 1188 3283 ntei,
1222 3231 1325 3269 non
1354 3217 1528 3272 solum
1558 3221 1694 3275 mala
1724 3231 1766 3291 α

104 3314 286 3369 opera,
329 3303 427 3355 sed
465 3302 639 3356 etiam
677 3303 844 3358 malas
875 3305 1180 3363 voluntates
1209 3308 1432 3372 evitate,
1469 3324 1562 3365 cas
1605 3311 1698 3365 de-

101 3393 239 3455 ﬂete,
257 3404 309 3448 et
336 3394 390 3449 in
415 3395 636 3464 judicio
665 3399 1002 3454 sacerdotum
1028 3414 1124 3471 per
1147 3401 1546 3459 confessionem
1571 3417 1700 3473 sup-

98 3489 299 3566 ponite.
325 3489 598 3544 Judicate
619 3505 730 3556 eas,
755 3499 1048 3562 antequam
1073 3493 1384 3562 iudicentur
1409 3499 1476 3551 ab
1498 3497 1696 3566 illoqui

97 3563 373 3638 scrutatur
415 3600 586 3638 rencs
617 3595 672 3638 et
709 3586 892 3652 corda,
925 3587 978 3641 id
1014 3597 1096 3642 est
1127 3589 1366 3645 occultas
1396 3591 1696 3660 voluptates

91 3684 145 3728 et
165 3669 544 3747 cogitaiimtes
571 3678 753 3747 (Apoc.
781 3680 862 3747 tt),
877 3680 972 3750 qui
992 3681 1213 3736 veniens
1231 3682 1552 3738 illuminabit
1573 3684 1700 3740 abs-

90 3765 306 3826 condita
338 3773 727 3837 tenebrarum,-
746 3773 1180 3829 clmanifestabit
1205 3775 1428 3830 consilia
1452 3778 1692 3832 cordium

87 3860 137 3931 (Ι
170 3861 296 3916 Cor.
331 3865 436 3933 tv).
475 3862 640 3928 Nam,
669 3862 866 3920 fratres
886 3867 1012 3930 mei,
1044 3876 1247 3935 quanto
1277 3867 1470 3924 melius
1499 3879 1583 3923 est
1607 3870 1695 3926 hic

86 3956 150 4008 ad
203 3953 403 4010 lioram
457 3955 792 4012 erubescere
822 3972 1004 4012 coram
1049 3959 1345 4024 sacerdote,
1376 3976 1694 4030 (1001110111-

79 4047 310 4103 bescere
344 4051 402 4103 in
435 4049 738 4104 universali
761 4050 961 4120 iudicio
984 4067 1166 4106 coram
1196 4053 1306 4106 Deo
1327 4061 1382 4106 et
1409 4053 1613 4121 angelis
1637 4063 1694 4108 et

80 4141 287 4194 sanctis
321 4141 491 4211 eius?
525 4139 700 4207 Quam
739 4141 931 4196 melius
959 4151 1042 4196 est
1073 4142 1159 4196 hic
1181 4143 1246 4196 ad
1271 4145 1460 4197 horam
1489 4143 1617 4198 flere
1639 4152 1694 4200 et

75 4234 310 4301 tristari,
345 4249 531 4303 quam
557 4230 614 4287 in
645 4233 905 4288 tuteruum
937 4233 1151 4303 plorare
1174 4243 1229 4290 et
1249 4236 1510 4292 cruciari!

143 4326 428 4396 Sequitur
462 4341 599 4397 pars
641 4326 901 4392 secunda,
938 4328 988 4379 iu
1032 4341 1135 4396 qua
1178 4327 1438 4382 Dominus
1481 4329 1694 4398 supplet

64 4419 208 4487 quod
241 4419 334 4474 lex
375 4419 577 4474 minus
601 4415 882 4473 continere
909 4419 1214 4488 videbatur,
1244 4436 1364 4474 cum
1400 4422 1688 4479 subditur:

62 4511 316 4566 Audistis
349 4512 494 4583 quia
529 4510 728 4563 dictum
752 4520 824 4582 est
855 4510 1130 4582 antiquis:
1166 4509 1290 4566 Non
1316 4514 1542 4568 occides.
1577 4513 1690 4586 Ego

1831 610 1914 675 tis,
1944 619 1995 666 et
2025 622 2218 667 caetera
2250 628 2448 684 genera
2493 614 2792 672 homicidii.
2823 616 2962 674 Sttttt
2988 623 3133 678 enim
3175 640 3270 681 sex
3307 646 3404 698 ge-

1824 717 1951 756 nera
2007 704 2301 759 homicidii.
2366 705 2601 760 Primum
2659 717 2741 764 cst
2796 709 3144 771 homicidium
3194 723 3397 789 operis,

1823 798 1964 864 quod
2008 799 2058 851 111
2099 797 2212 868 lege
2253 808 2442 869 aperte
2474 800 2811 871 prohibetur.
2843 799 3148 864 Secundum
3180 821 3262 867 est
3310 829 3405 868 vo-

1822 889 2066 946 luntatis.
2114 891 2266 948 Unde
2313 892 2548 949 Joannes
2588 913 2600 949 :
2645 895 2849 963 Omnis,
2904 898 3109 969 inquit,
3153 907 3242 974 qui
3288 909 3400 962 odit

1821 983 2039 1052 fratrem
2082 1002 2254 1044 suum.
2289 988 2549 1044 homicida
2592 1001 2668 1044 est
2702 991 2751 1062 (Ι
2776 990 2937 1046 Joan.
2980 995 3082 1064 111).
3130 995 3398 1066 Tertium,

1823 1076 1948 1130 mali
1979 1079 2229 1150 exempli.
2266 1078 2418 1134 Unde
2469 1082 2722 1136 Dominus
2751 1103 2765 1138 :
2796 1085 2899 1150 Qui
2938 1088 3395 1156 scandalizarerit,

1823 1166 2012 1236 inquit,
2040 1186 2201 1224 unum
2238 1173 2302 1226 de
2331 1172 2542 1243 pusillis
2569 1176 2682 1230 istis
2718 1177 2808 1248 qui
2837 1179 2892 1233 in
2925 1196 3005 1234 me
3034 1181 3274 1249 erectum,
3305 1200 3400 1241 ea:-

1819 1258 1959 1328 1101111
1989 1260 2034 1312 ei
2074 1271 2127 1312 ut
2167 1259 2518 1330 suspendatur
2563 1265 2702 1319 mola
2748 1269 2985 1323 asinaria
3017 1271 3071 1326 in
3099 1273 3232 1328 collo
3262 1275 3397 1344 ejus,

1819 1361 1866 1403 et
1911 1351 2244 1420 demergatur
2287 1355 2341 1408 in
2387 1357 2708 1426 profundum
2754 1365 2914 1416 maris
2963 1363 3198 1434 (Matth.
3235 1384 3394 1436 xvnt;

1820 1443 1992 1498 Marc.
2024 1445 2123 1515 Ix).
2157 1445 2439 1517 Quartum,
2470 1465 2646 1519 prava:
2692 1455 2971 1511 doctrinae.
3019 1457 3171 1514 Unde
3220 1461 3401 1517 Domi-

1818 1551 1923 1592 nus
1978 1554 1993 1590 :
2051 1535 2110 1592 Si
2168 1555 2336 1594 circus
2384 1543 2861 1614 circumduxerit,
2915 1565 3085 1605 nonne
3134 1554 3286 1607 ambo
3341 1555 3399 1609 in

1817 1629 2020 1698 foueam
2047 1629 2294 1684 cadunt?
2318 1630 2535 1702 (Matth.
2557 1651 2654 1702 xv;
2678 1637 2806 1693 Luc.
2829 1640 2929 1713 vr.)
2954 1642 3210 1710 Quintum
3229 1685 3244 1711 ,
3267 1647 3398 1700 sub-

1819 1719 2102 1773 tractionis
2149 1717 2389 1773 alimenti
2418 1725 2692 1791 .corporis.
2745 1726 2895 1783 Unde
2949 1732 3206 1800 scriptum
3257 1742 3393 1788 est:

259 1812 335 1860 ut,
387 1811 730 1852 natttnattttts.
777 1811 874 1855 Est.
917 1811 1060 1856 enim
1105 1811 1246 1872 apud
1300 1811 1546 1860 homines
1590 1819 1703 1861 reus

259 1889 326 1943 tis
377 1888 466 1951 qui
529 1903 714 1951 regem
769 1893 1000 1951 prodere
1053 1893 1253 1951 voluit.
1297 1897 1396 1950 etsi
1447 1897 1703 1951 proditio-

1823 1831 1841 1864 1
1863 1811 1966 1880 Qui
2009 1814 2255 1884 pereunti
2288 1828 2608 1871 succurrere
2636 1829 2834 1887 potest.
2862 1831 3048 1878 etnon
3093 1827 3396 1891 succurrit,

1815 1907 2035 1951 nnltit‘il-
2074 1926 2093 1951 I
2143 1907 2367 1951 Sextum
2426 1909 2812 1951 ﬁlllllrnnlinnia
2874 1915 3019 1951 vat-lui
3076 1917 3168 1951 nn:
3237 1917 3395 1951 ‘1lll.d

147 1903 326 1943 morus
377 1905 466 1960 qut
529 1903 714 1957 regem
769 1903 1000 1960 prouere
1053 1903 1253 1960 vetuit,
1297 1903 1396 1950 etsi
1447 1903 1715 1965 proditio-

1815 1907 2036 1962 occidit.
2074 1926 2093 1958 ι
2143 1907 2370 1962 Sextum
2426 1909 2812 1967 subtractionis
2874 1915 3021 1968 verbi
3076 1917 3190 1971 Dei.
3237 1917 3396 1972 Unde

1817 1999 2078 2055 Dominus
2102 2016 2197 2070 per
2221 2001 2575 2070 prophetam:
2600 2003 2659 2057 Si
2690 2020 2790 2057 non
2818 2005 3210 2060 annuutiaveris
3235 2008 3395 2076 impio

1815 2102 1874 2145 ut
1899 2100 2252 2146 convertatur
2287 2110 2318 2146 a
2356 2093 2440 2146 via
2473 2109 2570 2146 sua
2611 2095 2775 2158 mala,
2815 2097 2926 2164 ipse
2958 2098 3163 2166 quidem
3194 2099 3248 2153 in
3288 2099 3395 2154 ini-

1813 2184 2009 2253 quitate
2037 2200 2134 2237 sua
2162 2185 2435 2250 morietur,
2464 2187 2770 2255 sanguinem
2799 2195 2974 2242 autem
3003 2188 3114 2257 ejus
3142 2191 3204 2242 de
3235 2207 3396 2245 manu

1813 2286 1905 2330 tua
1953 2276 2213 2346 requiram
2267 2276 2484 2346 (Ezech.
2515 2279 2619 2348 111).
2657 2279 2905 2334 Ostendit
2953 2281 3116 2350 igitur
3153 2282 3239 2338 hic
3286 2282 3394 2338 Do-

1813 2368 1995 2422 minus
2021 2385 2126 2424 non
2153 2369 2328 2423 solum
2363 2369 2719 2424 homicidium
2751 2371 2952 2440 operis,
2981 2373 3072 2427 sed
3099 2376 3260 2428 etiam
3291 2375 3392 2429 lto-

1812 2459 2091 2515 mieidium
2130 2461 2425 2517 voluntatis
2472 2477 2623 2517 reum
2668 2477 2789 2518 esse
2829 2463 3054 2531 iudicio,
3102 2481 3222 2520 cum
3271 2466 3389 2520 ait:

1813 2550 1928 2624 Ego
1953 2564 2127 2608 autem
2155 2555 2273 2609 dico
2297 2556 2460 2623 vobis,
2486 2558 2610 2626 quia
2641 2559 2810 2612 omnis
2835 2560 2924 2630 qui
2958 2559 3207 2613 irascitur
3238 2558 3392 2617 fratri

1810 2664 1924 2710 suo,
1959 2663 2079 2702 reus
2105 2649 2201 2703 erit
2239 2649 2468 2719 judicio.
2508 2649 2796 2706 Sciendum
2826 2661 2908 2707 est
2949 2662 3150 2719 tamen,
3189 2653 3389 2710 fratres

1811 2740 1940 2805 mei,
1975 2743 2114 2808 quod
2149 2757 2252 2795 non
2293 2743 2469 2797 omnis
2509 2742 2586 2796 ira
2636 2743 2916 2812 culpabilis
2943 2754 3044 2810 est,
3086 2761 3182 2801 nec
3216 2747 3392 2802 omnis

1811 2831 1889 2886 ira
1938 2832 2242 2902 culpabilis,
2292 2833 2617 2890 damnabilis
2648 2845 2752 2890 est.
2785 2835 2887 2903 Qui
2937 2838 3079 2891 enim
3131 2840 3391 2894 irascitur

1808 2940 1916 2979 non
1944 2926 2206 2981 adversus
2237 2935 2508 2990 naturam,
2547 2928 2641 2982 sed
2669 2938 2857 2982 contra
2895 2929 3084 2982 vitium
3115 2929 3301 2986 frattis
3329 2939 3390 2986 ut

1808 3017 1957 3073 illum
2003 3019 2261 3089 corrigat,
2303 3019 2393 3073 illa
2437 3019 2516 3074 ira
2549 3019 2833 3075 laudabilis
2871 3030 2972 3083 est,
3024 3023 3124 3076 nisi
3170 3025 3388 3080 modum

1807 3110 2052 3164 excedat.
2083 3109 2193 3165 llac
2226 3111 2304 3164 ira
2337 3119 2513 3166 motus
2538 3121 2622 3168 est
2649 3113 2878 3185 Moyses,
2920 3113 3171 3180 Phinees,
3199 3115 3388 3185 Josue,

1806 3201 2018 3267 Petrus,
2048 3204 2336 3273 ceterique
2384 3207 2556 3260 sancti
2607 3217 2796 3261 contra
2848 3217 3178 3276 peccatores.
3232 3209 3385 3266 Unde

1805 3296 2067 3351 Dominus
2095 3297 2229 3351 istos
2259 3299 2638 3366 praedicatores
2665 3299 2755 3367 qui
2791 3314 2894 3352 non
2929 3300 3236 3356 irascuntur
3278 3319 3378 3359 nec

1801 3385 2095 3456 obiurgant
2127 3386 2259 3441 vitia
2297 3389 2659 3458 peccantium,
2687 3404 2851 3457 canes
2881 3402 3056 3444 mutos
3090 3404 3247 3445 vocat
3291 3410 3386 3462 per

1800 3481 2119 3550 prophetam
2148 3499 2162 3533 :
2194 3480 2382 3546 Canes,
2418 3481 2615 3550 ittqttit,
2642 3485 2774 3536 muti
2807 3500 2909 3537 non
2934 3487 3157 3540 valentes
3187 3487 3384 3541 latrare

1803 3572 1948 3642 (Isa.
1976 3574 2119 3644 LVI).
2160 3574 2386 3642 Quando
2425 3591 2554 3631 vero
2596 3576 2848 3632 irascitur
2877 3577 3071 3647 aliquis
3105 3596 3206 3632 11011
3241 3579 3383 3634 bono

1800 3665 1918 3720 zelo
1940 3678 2131 3722 contra
2165 3667 2414 3735 fratrem,
2448 3670 2494 3723 si
2528 3670 2734 3738 primus
2767 3680 2943 3726 tttotus
2981 3688 3103 3726 mox
3141 3672 3382 3727 refrene-

1799 3768 1908 3825 tur,
1936 3760 2013 3814 ira
2047 3761 2262 3830 quidem
2295 3761 2577 3828 culpabilis
2623 3771 2730 3827 est,
2778 3765 2870 3818 sed
2915 3764 3140 3818 venialis
3172 3775 3225 3817 et
3259 3780 3381 3830 pro.

1796 3855 1979 3926 passio
2009 3866 2253 3910 vocatur.
2291 3854 2364 3908 De
2393 3856 2494 3910 hac
2523 3855 2719 3909 dicitur
2749 3875 2761 3910 :
2804 3856 3104 3911 Irascintiui
3142 3868 3186 3909 ct
3221 3857 3380 3910 tto/ile

1796 3966 2009 4019 peccare
2039 3947 2212 4019 (Paul.
2242 3949 2338 4020 tv).
2369 3949 2435 4004 Et
2460 3969 2472 4004 :
2503 3950 2596 4006 Sol
2619 3968 2720 4004 non
2749 3951 2951 4004 occidat
2980 3966 3134 4018 super
3165 3950 3379 4002 iracun-

1797 4041 1939 4094 diam
1973 4053 2192 4096 uestram
2231 4041 2446 4113 (Ephes.
2471 4045 2566 4113 tv).
2607 4042 2780 4110 Tunc,
2813 4041 3007 4098 fratres
3055 4043 3182 4109 mei,
3215 4057 3378 4111 Super

1798 4137 2134 4192 iracundiam
2182 4149 2421 4192 nostram
2453 4124 2533 4193 sol
2579 4139 2798 4206 occidit,
2847 4155 2966 4194 cum
3000 4149 3225 4210 propter
3253 4155 3380 4222 eam

1795 4232 1876 4286 sol
1905 4232 2189 4286 charitatis
2238 4234 2290 4286 in
2333 4233 2490 4288 nobis
2519 4234 2809 4289 occumbit.
2840 4235 3067 4301 Quando
3107 4249 3235 4290 vero
3265 4235 3380 4306 pri-,-

1797 4341 1916 4379 tntts
1941 4325 2098 4379 malae
2123 4326 2214 4379 ira:
2262 4335 2439 4381 motus
2473 4343 2578 4381 non
2623 4327 2946 4395 refrenatur,
2976 4328 3068 4384 sed
3110 4343 3278 4397 usque
3307 4327 3380 4385 ad

1796 4431 2117 4474 consensum
2159 4420 2387 4474 nocendi
2441 4421 2772 4484 extenditur,
2807 4421 2882 4474 ira
2920 4421 3242 4475 damnabilis
3291 4430 3376 4494 est

1803 4519 1859 4564 et
1888 4510 2048 4580 digna
2069 4509 2295 4578 iudicio,
2330 4510 2379 4564 id
2412 4520 2496 4564 est
2533 4511 2897 4564 accusatione.
2929 4511 2986 4564 Si
3023 4525 3152 4565 vero
3182 4512 3258 4564 ira
3292 4512 3377 4566 in-

54 4613 239 4658 0111001
271 4607 408 4659 dico
445 4603 603 4659 vobis
644 4603 767 4674 quia
793 4605 962 4659 omnis
989 4605 1078 4676 qui
1107 4606 1356 4662 irascitur
1389 4606 1544 4678 fratri
1571 4585 1688 4673 suo,
1719 4585 1769 4646 υ
1798 4605 1968 4658 101101
1999 4602 2255 4659 01Ῐο1111111
2282 4605 2337 4659 111
2375 4603 2596 4658 fratrem
2626 4619 2723 4673 per
2768 4605 2999 4692 aliquam
3051 4605 3376 4676 indignatio-

54 4712 176 4750 reus
231 4699 341 4753 erit
373 4699 626 4769 judicio.
656 4697 789 4753 Cum
825 4697 1006 4752 littera
1053 4701 1188 4770 legis
1228 4703 1398 4756 solum
1457 4701 1694 4758 homici-

46 4790 204 4848 dium
244 4795 458 4864 operis
517 4793 767 4847 videatur
809 4793 1122 4860 prohibere,
1163 4794 1421 4848 Dominus
1475 4798 1689 4865 supplet

44 4885 221 4941 etiam
259 4885 653 4943 homicidium
685 4884 981 4940 voluntatis
1023 4885 1329 4941 damnabile
1377 4884 1516 4941 esse.
1562 4887 1687 4944 Haec

42 4985 264 5042 tamen,
319 4976 558 5032 fratres
593 4975 920 5038 charissimi,
951 4983 1004 5030 et
1045 4985 1256 5033 0110101111
1295 4976 1627 5047 adiectiones
1656 4995 1692 5034 a

37 5071 292 5126 Domino
341 5079 495 5125 sunt
539 5069 590 5123 111
641 5069 779 5140 lege,
816 5075 1074 5138 quantum
1114 5071 1180 5124 ad
1236 5070 1495 5137 litteram,
1535 5072 1692 5126 etad

29 5162 330 5234 sequaces
383 5161 604 5216 littera:
658 5160 962 5218 additiones
1020 5159 1102 5215 vel
1159 5161 1523 5230 suppletiones
1577 5161 1690 5216 diei

28 5266 308 5324 possunt.
339 5248 649 5323 Quantum
685 5267 810 5306 vero
833 5253 900 5306 ad
928 5252 1264 5322 spiritualem
1287 5267 1508 5308 sensum
1535 5267 1590 5309 et
1617 5255 1687 5310 ad

22 5348 441 5419 spiritualiter
483 5343 874 5416 intelligentes,
915 5359 1020 5398 non
1055 5353 1180 5398 sunt
1206 5345 1552 5410 adiectiones,
1589 5347 1684 5402 sed

21 5443 226 5510 putius
273 5439 714 5510 expositiones.
761 5435 1112 5508 Evangelintu
1161 5437 1306 5492 enim
1361 5437 1496 5492 nihil
1535 5438 1683 5494 aliud

15 5544 128 5602 est,
171 5551 369 5606 quam
410 5533 521 5587 lex
563 5531 915 5603 spiritualiter
951 5531 1242 5592 intellecta.
1274 5532 1458 5600 Itaque
1502 5533 1547 5587 si
1581 5533 1686 5602 spi-

11 5629 327 5684 ritua‘liter
359 5624 648 5695 intelligis
679 5626 780 5679 hoc
806 5625 1162 5680 mandatum:
1192 5624 1318 5679 Non
1346 5625 1570 5691 occides,
1608 5626 1682 5680 in-

9 5720 238 5793 telligis
290 5721 358 5776 in
397 5721 530 5776 hoc
558 5718 814 5775 mandato
842 5714 1171 5788 prohibitum
1204 5732 1323 5776 esse
1350 5735 1457 5776 non
1506 5720 1680 5778 solum

82 5878 216 5952 (58)
259 5876 457 5934 Ovid.
493 5872 571 5929 Ut
590 5876 709 5948 jam
735 5845 978 5933 servaris.

1799 4696 1882 4750 nis
1913 4711 2121 4758 vocem,
2152 4697 2311 4766 digna
2336 4697 2440 4750 erit
2459 4696 2706 4764 consilio,
2738 4696 2788 4749 id
2811 4706 2893 4750 est
2923 4697 3190 4751 sententia
3223 4698 3374 4753 dant-

1796 4787 2050 4840 nationis.
2110 4788 2204 4842 Est
2249 4797 2427 4840 autem
2482 4802 2605 4839 raca
2667 4786 2970 4853 interiectio
3019 4786 3370 4856 indignantis.

1795 4882 1935 4948 apud
1966 4879 2238 4941 llebrzeOs,
2268 4880 2406 4933 sicut
2433 4880 2574 4948 apttd
2605 4878 2828 4934 Latinos
2853 4881 2977 4944 heu,
3005 4880 3174 4934 solam
3205 4883 3375 4952 signi-

1797 4970 1967 5026 ficans
1993 4971 2437 5040 indignationem.
2463 4970 2616 5039 Quod
2647 4971 2691 5026 si
2725 4972 2866 5026 illius
2909 4973 3001 5028 irae
3040 4973 3221 5030 fervor
3250 4991 3370 5044 pro-

1792 5066 1931 5120 ferat
1976 5067 2028 5120 in
2073 5064 2298 5118 fratrem
2327 5081 2536 5132 vocem,
2576 5074 2782 5120 certum
2820 5066 3126 5120 convicium
3159 5067 3371 5137 signifi-

1792 5166 2029 5222 cantem,
2058 5166 2114 5210 ut
2145 5156 2187 5209 si
2219 5165 2375 5211 vocet
2400 5171 2523 5210 eum
2549 5155 2775 5220 fatuum,
2801 5156 2884 5210 vel
2909 5155 3178 5224 insanum,
3203 5158 3367 5228 digna

1791 5229 1893 5305 erit
1923 5250 2177 5319 gehe‘una:
2206 5248 2361 5318 ignis.
2397 5248 2563 5303 Porro
2595 5249 2794 5316 gradus
2823 5260 3168 5318 peccatorum
3200 5250 3366 5314 exigit

1794 5341 2018 5412 gradum
2052 5354 2354 5410 pinnarum.
2383 5340 2528 5396 Sicut
2560 5341 2703 5396 enim
2746 5341 2825 5394 ira
2876 5343 2928 5394 111
2960 5350 3139 5396 mente
3188 5342 3368 5397 minus

1791 5433 2115 5490 damnabilis
2149 5442 2252 5498 est,
2281 5448 2446 5503 quam
2475 5433 2648 5486 excita
2685 5446 2780 5501 per
2823 5445 3006 5487 vocem
3041 5431 3368 5500 indignatio-

1789 5534 1896 5598 nis,
1941 5543 1996 5586 et
2041 5532 2217 5587 excita
2251 5547 2348 5602 per
2391 5546 2582 5586 vocem
2627 5530 3010 5602 indignationis
3058 5528 3236 5583 minus
3281 5539 3366 5585 est

1788 5625 2114 5681 damnabilis
2138 5640 2297 5694 quam
2330 5641 2423 5695 per
2452 5639 2636 5679 vocem
2660 5623 2916 5686 convicii,
2937 5623 3011 5676 ita
3033 5629 3248 5692 oportet
3276 5621 3364 5679 hic

1787 5719 2052 5777 minorem
2108 5734 2324 5791 pinnam
2373 5728 2428 5774 et
2473 5717 2736 5788 judicium
2787 5713 3012 5786 intelligi
3056 5728 3221 5787 quam
3269 5728 3366 5791 per
