3896 6320
504 329 646 417 tias

1541 342 1886 402 ADDENDA.
1924 370 1997 387 --
2031 339 2382 400 RADULPHI
2434 337 2782 395 ABDENTIS

2951 261 3092 284 --~.~

3651 339 3760 400 2000

507 473 818 541 consilium,
843 477 896 526 et
924 469 1187 526 minorem
1220 479 1316 537 per
1341 460 1651 523 consilium,
1680 473 1841 527 quam
1872 471 1970 527 per
1996 469 2090 526 ge-
2119 461 2168 519 Α
2198 455 2364 511 tando
2397 454 2732 509 Dominicam
2768 450 3093 508 Orationem
3130 449 3381 506 venisset
3421 450 3490 505 ad
3519 449 3652 507 illam
3691 472 3764 526 pe.

505 571 767 633 bennam,
809 566 949 622 sicut
981 564 1159 620 minus
1202 560 1422 614 timetur
1459 553 1736 610 accusatio
1778 567 1938 622 quam
1971 565 2092 604 sen-

507 664 704 728 tentia,
737 671 794 718 et
822 661 1000 716 minus
1029 655 1294 714 sententia
1327 665 1488 722 quam
1521 662 1702 719 poena.
1753 646 1917 716 Igitur
1968 659 2092 707 nos,

507 756 709 813 fratres
741 755 845 810 mei
867 794 882 819 ,
912 752 1134 808 omnino
1156 748 1420 803 evitemus
1440 741 1684 798 convicia
1714 738 1971 794 fratribus
1999 753 2095 792 no-

509 849 640 904 stris
672 846 896 911 inferre,
941 853 997 900 et
1033 843 1194 898 etiatn
1244 835 1536 908 indignari,
1565 834 1650 888 vel
1701 832 1861 888 irasci
1902 839 2092 885 contra

504 941 647 1005 illos.
680 951 733 996 et
782 939 1054 994 discamus
1097 934 1406 988 discernere
1449 936 1702 984 naturam
1746 941 1776 980 a
1825 924 1984 989 vitio,
2019 923 2096 978 di-

512 1053 732 1095 scamus
761 1037 986 1102 diligere
1023 1031 1076 1086 itt
1123 1042 1339 1083 omnem
1392 1025 1664 1082 hominem
1704 1029 1956 1076 naturam
2003 1033 2096 1074 nu-

503 1141 676 1186 stram
718 1138 772 1183 et
802 1127 989 1181 vitium
1031 1122 1156 1178 odio
1187 1121 1424 1186 habere;
1456 1119 1727 1174 discamus
1759 1128 1973 1185 semper
2002 1129 2095 1184 pa-

502 1235 638 1280 rata)
680 1237 802 1279 esse
868 1228 1076 1274 naturai
1123 1229 1180 1272 et
1205 1225 1394 1272 contra
1446 1214 1634 1268 vitium
1683 1211 1866 1276 irasci,
1909 1220 2080 1266 tantes

503 1335 624 1374 cum
682 1315 844 1370 modo
891 1324 946 1368 et
997 1310 1444 1374 mansuetudine,
1495 1307 1750 1379 quoniam
1812 1313 2095 1360 mansueta

501 1411 776 1468 correctio
836 1416 1153 1478 peccatores
1204 1402 1483 1468 emendat,
1538 1401 1906 1469 intemperans
1962 1412 2094 1452 vero

503 1504 668 1558 etiam
698 1498 1066 1555 emendandas
1097 1496 1398 1567 perturbat.
1450 1494 1555 1548 Sed
1588 1490 1797 1546 etiamsi
1850 1490 2090 1560 quando,

507 1596 707 1654 fratres
739 1594 866 1660 tnei,
895 1591 1184 1663 contigerit
1237 1605 1336 1644 nos
1379 1588 1495 1643 sine
1527 1585 1736 1641 ratione
1792 1584 1954 1639 irasci
2005 1583 2092 1638 vel

503 1685 810 1757 indignari,
855 1685 939 1740 vel
984 1685 1149 1740 etiam
1181 1681 1562 1738 contumeliam
1592 1679 1676 1735 vel
1724 1678 1977 1749 injuriam
2010 1676 2090 1731 fa-

503 1796 630 1835 cere
673 1789 859 1833 contra
892 1777 1091 1832 fratres
1127 1785 1363 1842 nostros,
1396 1790 1500 1830 non
1531 1773 1745 1828 occidat
1789 1771 1867 1826 sol
1923 1785 2086 1841 super

501 1871 840 1926 Iracundiam
871 1878 1135 1934 nostram,
1161 1866 1254 1922 sed
1278 1881 1439 1936 quam
1463 1865 1573 1920 cito
1607 1863 1862 1918 fratribus
1892 1862 2091 1917 nostris

501 1980 600 2019 nos
624 1963 988 2026 humiliemus,
1009 1961 1221 2017 veniam
1244 1971 1296 2016 et
1313 1975 1500 2031 pacem
1524 1957 1734 2029 postule
1758 1971 1911 2020 mus;
1938 1954 2091 2022 alias,

503 2054 836 2126 quotidianae
889 2053 1194 2118 orationes,
1234 2051 1567 2115 oblationes;
1625 2059 1682 2104 et
1734 2048 2093 2119 eleemosyna:

500 2154 701 2202 nostra:
757 2146 864 2200 Deo
906 2143 1269 2215 acceptabiles
1308 2157 1413 2197 non
1456 2149 1682 2212 possunt
1720 2154 1862 2195 esse.

569 2237 724 2294 Unde
764 2249 817 2294 et
851 2238 1138 2292 subditur:
1170 2235 1231 2292 Si
1257 2252 1379 2306 ergo
1411 2235 1569 2304 o/j‘ers
1609 2250 1796 2288 munus
1824 2243 1974 2286 tuum
2020 2232 2090 2286 ad

496 2331 688 2399 altare,
712 2339 762 2385 et
804 2330 873 2384 ibi
901 2330 1204 2387 recordanti;
1236 2329 1400 2402 fueris
1431 2328 1554 2400 quia
1589 2326 1757 2400 frater
1780 2337 1906 2384 tuus
1931 2326 2087 2383 habet

496 2424 700 2496 aliquid
736 2426 1006 2480 adversum
1035 2435 1104 2487 te,
1135 2424 1364 2495 relinque
1390 2423 1460 2476 ibi
1490 2439 1681 2476 manus
1711 2434 1856 2476 tuum
1891 2427 1960 2475 ad
2008 2420 2092 2473 al-

496 2529 630 2587 tare,
654 2530 699 2573 et
731 2519 858 2573 vade
885 2519 1032 2588 prius
1064 2516 1391 2572 reconciliari
1426 2515 1584 2585 fratri
1611 2523 1734 2581 tuo,
1764 2526 1814 2570 et
1856 2526 1980 2569 tunc
2004 2533 2090 2570 ve-

495 2613 643 2667 niens
666 2612 852 2682 oﬁ'eres
875 2628 1062 2664 munus
1090 2620 1260 2663 tuum.
1288 2609 1382 2664 Est
1405 2620 1584 2664 autem
1611 2609 1726 2663 huic
1756 2624 1882 2676 pars
1906 2610 2084 2671 tertia,

495 2706 551 2764 in
601 2722 705 2776 qua
755 2705 1061 2760 ostenditur
1112 2704 1386 2773 quonme
1435 2702 1632 2758 debeat
1691 2701 1807 2756 fieri
1863 2701 2084 2757 oblatio.

493 2793 649 2854 llauc
679 2797 823 2852 enim
867 2796 1029 2850 debes
1063 2795 1242 2850 facere
1266 2795 1332 2849 de
1369 2805 1480 2860 tuo,
1511 2809 1615 2848 non
1661 2795 1726 2848 de
1757 2793 1964 2858 alieno;
1997 2793 2087 2863 qui

495 2893 634 2945 enim
674 2891 829 2959 offert
877 2889 1199 2955 sacriﬁcium
1245 2889 1309 2942 de
1351 2889 1538 2957 rapina
1576 2903 1886 2957 pauperum,
1934 2888 2088 2956 quasi

491 2982 584 3052 qui
611 2980 840 3034 victimat
871 2979 1040 3046 ﬁlium
1072 2989 1192 3032 ante
1217 2989 1544 3047 conspectum
1574 2979 1740 3047 patris
1783 2980 1867 3032 sui
1893 2977 2083 3048 (Eccli.

494 3087 708 3140 nam.
741 3069 892 3125 Unde
921 3079 976 3122 et
1005 3069 1093 3123 hic
1141 3068 1340 3122 dicitur
1371 3083 1558 3122 munus
1593 3078 1763 3132 tuum,
1811 3084 1917 3122 non
1953 3069 2088 3124 alie-

2201 548 2446 602 titionem
2475 546 2527 600 in
2553 561 2657 616 qua
2686 561 2948 616 rogamus
2971 544 3180 599 dimitti
3215 544 3381 599 nobis
3407 543 3578 598 debita
3604 559 3766 619 nostra,

2198 644 2332 696 sicut
2369 652 2416 695 et
2454 657 2547 696 nos
2591 642 2907 695 dimittimus
2955 640 3293 695 debitoribus
3343 641 3539 694 uostris
3584 643 3768 713 (Matth.

2197 736 2297 804 vr),
2332 733 2579 789 meminit
2607 747 2731 787 eum
2773 733 2841 787 de
2870 732 3097 804 querela
3133 731 3408 802 quadam,
3435 746 3557 801 quae
3579 743 3688 788 erat
3707 734 3772 790 in-

2201 837 2282 885 ter
2306 843 2431 884 eum
2471 837 2527 882 et
2553 827 2846 898 quemdam
2875 827 3166 882 clericum.
3203 824 3429 882 Taceas
3463 826 3624 898 igitur
3651 845 3771 886 man-

2198 923 2348 979 davit
2392 922 2653 978 clericum
2686 921 2868 989 illum,
2919 921 3181 992 factaque
3229 937 3361 976 cum
3393 936 3464 976 eo
3499 925 3774 979 reconcilia-

2201 1018 2370 1081 tione,
2397 1015 2612 1071 rediens
2641 1016 2709 1072 ad
2742 1017 3045 1087 proprium,
3067 1017 3320 1070 cantavit
3343 1015 3537 1072 dicens
3561 1032 3576 1069 :
3600 1017 3776 1076 Diutius

2200 1111 2346 1167 nobis
2376 1111 2549 1164 debito
2569 1119 2772 1175 nostra,
2795 1111 2931 1165 sicut
2947 1121 2996 1166 et
3019 1127 3114 1166 nos
3131 1110 3464 1165 dimittimus
3495 1111 3774 1169 debitoribus

2174 1205 2413 1260 inauris.
2448 1204 2654 1276 Itaque,
2693 1206 2891 1260 fratres
2943 1205 3071 1268 mei,
3123 1206 3170 1260 si
3202 1204 3467 1260 volumus
3512 1207 3773 1276 orationes,

2199 1297 2524 1363 oblationes,
2552 1307 2606 1352 et
2629 1297 3006 1370 eleemosynas
3025 1305 3246 1352 nostras
3277 1295 3393 1352 Deo
3427 1296 3666 1366 placere,
3692 1299 3771 1354 illis

2198 1390 2393 1462 quibus
2419 1391 2680 1446 debemus
2706 1390 3138 1457 satisfaciamus,
3168 1399 3227 1446 et
3257 1389 3371 1446 illis
3396 1390 3495 1460 qui
3531 1390 3680 1445 nobis
3703 1393 3774 1446 de-

2200 1483 2329 1538 bent
2353 1483 2710 1549 dimittamus,
2737 1497 2833 1537 cor
2861 1492 3110 1540 nostrum
3145 1483 3218 1538 ab
3244 1482 3400 1537 omni
3441 1481 3586 1536 mala
3621 1483 3775 1538 volan-

2201 1585 2312 1631 tate
2334 1577 2677 1642 mandemus,
2703 1575 3020 1630 mundatum
3054 1575 3440 1640 humiliemus,
3468 1575 3773 1633 humiliantur

2198 1686 2321 1725 cum
2358 1669 2615 1742 lacrymis
2641 1669 2861 1740 superni
2893 1669 3153 1726 desiderii
3181 1677 3238 1725 et
3267 1669 3477 1724 ardore
3504 1669 3582 1740 pii
3611 1672 3773 1726 amoris

2197 1763 2309 1818 Deo
2357 1761 2667 1818 offeramus.
2703 1762 2970 1831 Quoniam
3020 1763 3353 1834 sacrificium
3408 1761 3548 1827 Deo,
3593 1764 3774 1831 spirits:

2197 1857 2704 1923 contribulatus,ror
2731 1855 3011 1911 contritum
3040 1865 3093 1910 et
3121 1855 3498 1921 humiliatum,
3529 1853 3772 1920 Densum

2193 1948 2446 2019 despicies
2493 1947 2668 2020 (Psal.
2691 1949 2766 2020 ι).
2819 1949 2975 2017 Quod
3026 1950 3363 2006 sacriﬁcium
3416 1948 3584 2006 nobis
3627 1948 3774 2006 facta

2197 2042 2423 2110 tribuat,
2453 2042 2546 2114 qui
2573 2051 2656 2098 est
2684 2043 3004 2098 benedictus
3040 2043 3094 2098 in
3127 2042 3357 2098 saecula.
3390 2043 3595 2098 Amen.

2763 2134 3046 2192 llOLllLlA
3089 2135 3232 2190 XVI.

2435 2242 2691 2283 DOIIIICA
2730 2242 2957 2283 SEPTIIA
2999 2243 3132 2284 POST
3174 2243 3551 2284 TBINITATEI.

2268 2320 2574 2381 Humanum
2606 2321 2744 2390 dico,
2774 2335 2985 2395 propter
3019 2322 3388 2396 infimitatem
3415 2321 3596 2380 cereis
3620 2333 3775 2382 nostra

2194 2419 2374 2492 (Rom.
2399 2422 2495 2490 vt).
2525 2419 2583 2475 In
2613 2420 2714 2475 hac
2746 2419 3004 2487 lectione,
3036 2421 3236 2478 fratres
3285 2421 3627 2487 charissimi,
3656 2439 3771 2494 pr:-

2191 2516 2324 2586 cipit
2357 2514 2514 2569 nobis
2561 2513 2854 2584 Apostolus
2899 2514 3209 2584 relinquere
3261 2528 3521 2585 peccata,
3559 2524 3614 2569 et
3639 2516 3771 2584 sequi

2186 2605 2478 2676 justitiam,
2506 2616 2562 2661 et
2598 2607 2702 2663 hoc
2750 2607 2950 2662 modo:
2980 2606 3164 2662 Primo
3209 2607 3345 2662 dicit
3400 2622 3463 2662 se
3503 2608 3772 2678 prmeipere

2192 2702 2430 2757 humana
2459 2710 2514 2756 et
2543 2701 2715 2766 levia;
2765 2700 3004 2756 secundo
3052 2702 3300 2772 praecipit
3332 2702 3500 2758 nobis
3526 2702 3659 2757 vitia
3703 2718 3774 2757 re-

2193 2794 2460 2866 linquere,
2507 2803 2562 2849 et
2594 2793 2862 2862 justitiam
2913 2791 3124 2859 facere;
3161 2793 3326 2849 tertio
3373 2795 3620 2850 ostendit
3666 2793 3774 2865 quid

2192 2895 2455 2957 sequatur
2488 2893 2805 2957 peccatum;
2836 2894 3034 2955 quarto
3081 2886 3210 2956 quid
3244 2897 3520 2957 sequatur
3553 2887 3772 2958 justitia;

2191 2982 2386 3053 quinto
2430 2981 2671 3037 ostendit
2697 2990 2926 3036 mortem
2976 2989 3238 3036 aeternam
3267 2996 3370 3052 pro
3399 2992 3629 3052 peccato
3652 2983 3774 3051 iuste

2191 3077 2398 3143 deberi,
2431 3077 2598 3132 vitam
2630 3091 2760 3131 vero
2809 3084 3070 3130 :eternam
3123 3077 3297 3146 gratis
3344 3077 3497 3131 dari.
3531 3078 3622 3132 Ait
3661 3092 3776 3149 ergo

495 3180 647 3219 num.
681 3163 851 3218 Debes
877 3161 1042 3217 etiam
1073 3176 1192 3215 eam
1223 3159 1420 3216 oll'erre
1448 3164 1514 3216 ad
1546 3161 1742 3228 altare,
1770 3172 1831 3217 ut
1868 3163 2080 3218 scilicet
2117 3194 2163 3257 ο
2194 3173 2370 3243 primo
2398 3186 2412 3226 :
2451 3171 2754 3225 [Iunianum
2785 3170 2926 3236 dico,
2956 3179 3170 3241 propter
3196 3171 3574 3240 inﬁrmitatem
3616 3173 3774 3226 cenis

495 3267 663 3311 totam
691 3256 1043 3311 intentionem
1067 3255 1270 3324 dirigas
1295 3255 1361 3308 ad
1390 3253 1582 3318 altare,
1610 3255 1661 3309 id
1690 3264 1773 3309 est
1797 3254 1862 3308 ad
1891 3255 2082 3310 licunt.

495 3350 609 3405 Iloc
632 3358 820 3404 contra
869 3349 991 3404 illos
1017 3357 1102 3403 est
1133 3347 1427 3403 offerentes
1455 3349 1548 3420 qui
1582 3364 1688 3403 non
1725 3348 1970 3420 dirigunt
2000 3350 2089 3405 in—

496 3446 794 3500 tentiouem
825 3459 980 3498 suam
1009 3443 1074 3496 ad
1106 3442 1297 3506 Deum,
1331 3441 1440 3494 imo
1471 3440 1538 3493 ad
1567 3440 1753 3495 oculos
1781 3441 2084 3498 hominum.

495 3537 670 3594 Debes
697 3538 862 3592 etiam
892 3553 1012 3594 eam
1043 3537 1222 3594 facere
1257 3554 1381 3593 cum
1409 3538 1609 3593 munda
1641 3540 2000 3605 conscientia,
2027 3548 2086 3594 ut

495 3629 706 3685 scilicet
747 3629 1004 3684 mundam
1054 3640 1201 3685 tuam
1238 3631 1628 3686 conscientiam
1661 3632 1836 3702 primo
1869 3633 1981 3687 Deo
2009 3631 2087 3686 of-

495 3726 657 3782 feras.
696 3724 811 3780 Non
839 3726 987 3780 enim
1018 3723 1255 3780 offerens
1284 3733 1508 3795 propter
1542 3724 1746 3792 oblata,
1779 3726 1888 3780 imo
1909 3725 2085 3780 oblata

492 3829 716 3896 propter
760 3819 1077 3876 offerentem
1113 3819 1221 3875 Deo
1254 3821 1550 3890 placerent.
1590 3819 1785 3876 Unde:
1826 3819 2084 3875 Dominus

493 3913 717 3984 respexit
740 3911 808 3965 ad
837 3911 963 3965 Abel
989 3921 1036 3964 et
1067 3911 1136 3964 ad
1182 3927 1402 3964 munera
1448 3909 1562 3980 ejus
1611 3909 1766 3981 (Gen.
1795 3909 1890 3981 tv),
1926 3911 2085 3980 quasi

492 4007 672 4080 primo
693 4005 760 4061 ad
784 4021 932 4071 eum,
963 4013 1148 4075 postea
1177 4003 1242 4056 ad
1277 4019 1500 4058 munera
1527 4003 1677 4073 ejus;
1712 4002 1780 4055 ad
1807 4001 1938 4055 (.‘ain
1964 4019 2082 4057 vero

492 4108 540 4154 et
565 4099 634 4152 ad
661 4114 878 4152 munera
902 4097 1017 4167 ejus
1049 4112 1151 4150 non
1181 4097 1399 4165 respexit
1429 4095 1626 4164 (ibitL).
1655 4094 1819 4162 Quasi
1845 4094 2079 4150 diceret:

492 4191 628 4261 Quia
660 4191 791 4246 Cain
824 4190 933 4246 Deo
959 4190 1297 4260 displicebat,
1328 4189 1450 4245 ideo
1501 4200 1554 4244 et
1604 4204 1831 4244 munera
1874 4189 1991 4260 ejus
2030 4190 2081 4244 ei

493 4285 905 4357 displicuerunt.
941 4285 997 4339 Si
1026 4300 1157 4356 ergo
1186 4299 1309 4339 cum
1339 4281 1528 4348 oﬁ‘ers,
1559 4285 1878 4338 recordatus
1915 4285 2082 4339 fueris

489 4380 633 4452 quod
672 4377 840 4432 frater
869 4387 991 4432 tuus
1037 4377 1204 4430 habet
1249 4374 1451 4443 aliquid
1491 4375 1778 4428 adversum
1810 4385 1883 4440 te,
1917 4374 1970 4429 id
1997 4383 2083 4430 est

489 4475 535 4529 si
567 4470 897 4528 conscientia
936 4479 1027 4524 tua
1056 4477 1110 4524 te
1143 4467 1471 4531 remordeat,
1522 4476 1574 4522 te
1620 4467 1850 4522 fratrem
1897 4467 1948 4522 in
1980 4467 2080 4522 ali-

2188 3275 2394 3322 vestrm.
2435 3266 2513 3320 Ac
2542 3269 2584 3319 si
2614 3273 2801 3336 aperte
2831 3262 2980 3318 dicat
3007 3282 3020 3317 :
3055 3263 3332 3331 Quoniam
3367 3265 3558 3321 adhuc
3589 3263 3777 3319 inﬁrmi

2188 3371 2246 3416 et
2275 3357 2528 3415 carnales
2557 3359 2711 3425 estis,
2748 3373 2854 3413 non
2885 3357 3150 3412 exhortor
3192 3373 3289 3413 vos
3337 3359 3409 3414 ad
3459 3359 3705 3429 graviora
3728 3368 3780 3414 et

2187 3453 2516 3523 perfectiora
2547 3467 2562 3505 :
2595 3453 2689 3506 sed
2722 3450 2905 3520 potius
2935 3450 3002 3504 ad
3035 3449 3241 3506 leviora
3271 3459 3330 3506 et
3375 3451 3637 3507 humana.

2187 3547 2333 3600 enim
2366 3544 2622 3614 praecipio
2651 3543 2806 3598 vobis
2830 3543 3013 3598 omnia
3042 3542 3355 3614 relinquere
3384 3555 3612 3614 propter
3636 3544 3785 3600 Citrio

2188 3648 2357 3702 stum,
2386 3645 2436 3690 et
2473 3636 2604 3690 dare
2633 3635 2985 3706 pauperibus,
3010 3646 3064 3691 et
3098 3638 3272 3691 nudos
3302 3637 3464 3707 sequi
3491 3635 3789 3693 Christum.

2187 3728 2374 3798 Neque
2402 3728 2657 3799 principio
2688 3728 2859 3793 vobis,
2891 3737 2949 3783 ut
2979 3730 3284 3785 oecurratis
3316 3732 3783 3801 persecutoribus,

2186 3832 2241 3879 et
2274 3822 2510 3877 fundatis
2553 3823 2874 3891 sanguinem
2907 3838 3005 3892 pro
3051 3822 3296 3890 Christo,
3329 3833 3425 3879 aut
3452 3826 3596 3897 quod
3633 3825 3790 3881 relin-

2187 3918 2368 3987 quatis
2414 3916 2690 3986 conjugia,
2736 3925 2793 3971 et
2830 3917 3213 3972 castimoniam
3262 3917 3680 3989 proﬁteamini,
3732 3929 3788 3974 et

2187 4018 2381 4063 caetera
2433 4007 2763 4078 hnjusmodi,
2790 4022 2912 4078 quae
2942 4007 3313 4078 perfecturum
3342 4020 3497 4064 sunt.
3531 4010 3642 4065 Sed
3677 4022 3794 4066 tan-

2187 4108 2300 4154 tum
2330 4099 2432 4154 hoc
2463 4114 2605 4154 nunc
2629 4099 2784 4154 vobis
2812 4099 3091 4170 prtecipin,
3121 4108 3180 4154 ut
3205 4099 3532 4170 relinquatis
3559 4111 3791 4170 pacata

2184 4204 2240 4248 et
2269 4193 2395 4247 vitia
2423 4201 2624 4255 vestra,
2655 4201 2708 4247 et
2738 4207 2903 4263 opera
2927 4189 3159 4260 justitia:
3189 4192 3441 4257 faciatis;
3473 4208 3595 4263 quae
3624 4195 3788 4249 etiam

2185 4285 2634 4357 imper-lectorum
2666 4296 2814 4341 sunt.
2847 4285 3004 4342 Unde
3033 4294 3090 4342 et
3119 4286 3374 4342 subditur
3401 4305 3417 4342 :
3454 4286 3614 4342 Sicut
3644 4287 3794 4342 aliis

2184 4379 2367 4434 buistis
2395 4379 2628 4434 membra
2674 4389 2842 4434 vestra
2886 4380 3082 4435 servire
3122 4381 3483 4435 immunditire
3510 4391 3559 4435 et
3589 4381 3791 4448 iniqui-

2183 4477 2277 4529 tati
2317 4476 2384 4529 ad
2435 4475 2784 4546 iniquitatem,
2833 4475 2910 4529 ita
2956 4492 3096 4530 nunc
3148 4476 3448 4530 exhibeatis
3488 4493 3550 4530 ea
3595 4477 3794 4530 sentire

488 4581 599 4637 quo
628 4565 848 4630 laesisse,
879 4563 960 4618 vel
992 4563 1092 4624 ira,
1118 4560 1204 4616 vel
1245 4560 1636 4632 indignatione,
1666 4560 1750 4615 vel
1795 4570 2076 4616 contume-
2109 4573 2153 4630 1)
2169 4569 2400 4640 justitia:
2425 4569 2482 4622 in
2511 4568 3004 4636 sanctiﬁcationem.
3032 4567 3128 4622 Est
3157 4578 3345 4622 autem
3386 4569 3508 4624 haec
3535 4584 3683 4639 pars
3711 4582 3793 4624 ῶ-

487 4659 579 4723 lia,
620 4657 703 4712 vel
738 4657 956 4726 injuria,
1008 4656 1091 4710 vel
1129 4654 1466 4722 Itnjusmodi,
1505 4663 1559 4708 et
1611 4654 1732 4708 ideo
1780 4653 1868 4708 ille
1916 4655 2078 4710 habet

484 4767 708 4808 causam
760 4750 993 4821 querela:
1041 4749 1328 4804 adversum
1383 4757 1456 4812 te,
1497 4747 1730 4818 relinque
1781 4748 1854 4801 ibi
1885 4765 2076 4802 munus

487 4854 633 4897 tuum
661 4855 780 4897 ante
802 4842 991 4907 altare,
1015 4851 1061 4894 et
1094 4843 1224 4894 vade
1252 4841 1399 4909 prius
1424 4839 1755 4892 reconciliari
1782 4838 1939 4908 fratri
1960 4849 2071 4894 tuo.

485 4938 640 5007 Quod
673 4938 717 4992 si
751 4937 887 4991 forte
926 4936 1184 4991 remotior
1233 4933 1396 4986 fuerit
1425 4948 1455 4985 a
1501 4945 1552 4989 te
1599 4932 1794 4998 frater,
1842 4933 2074 5004 relinque

483 5033 558 5088 ibi
588 5048 777 5087 munus
805 5040 974 5096 tuum,
1003 5031 1054 5083 id
1081 5040 1164 5083 est
1189 5028 1386 5082 seriem
1418 5025 1680 5083 olferendi
1709 5027 1867 5098 quasi
1902 5027 2074 5082 inter-

484 5137 702 5191 rtttnpe,
728 5132 783 5176 et
809 5121 1014 5192 sponde
1045 5130 1095 5174 te
1125 5119 1276 5174 fratri
1306 5120 1544 5185 invento,
1576 5136 1672 5192 per
1699 5121 1882 5175 omnia
1911 5121 2073 5201 satis-

483 5216 776 5276 facturum,
810 5222 863 5266 ct
899 5221 1026 5267 tunc
1055 5213 1327 5283 inceptum
1361 5228 1712 5283 prosequens,
1742 5213 1926 5282 o/feres
1953 5230 2072 5267 mu-

484 5325 582 5362 nus
613 5320 783 5360 tuum.
814 5306 870 5361 Si
903 5321 1028 5361 vero
1070 5306 1241 5362 frater
1272 5322 1379 5360 non
1428 5307 1590 5362 habet
1623 5306 1826 5375 aliquid
1871 5308 2069 5361 adver-

483 5418 603 5458 sum
647 5412 721 5466 te,
765 5399 855 5456 sed
909 5409 963 5454 tu
1014 5401 1274 5457 adversus
1304 5416 1451 5464 eum,
1490 5415 1595 5454 non
1631 5397 1841 5468 juberis
1871 5415 2068 5457 munus

485 5506 634 5549 tuum
692 5495 1031 5565 relinquere,
1081 5505 1135 5550 et
1183 5510 1306 5549 eum
1359 5493 1658 5564 postulare,
1709 5492 1803 5547 sed
1855 5502 2065 5548 tantum

481 5585 662 5642 odium
689 5593 745 5640 et
777 5600 1057 5640 raucorem
1091 5586 1255 5639 animi
1306 5585 1378 5638 tui
1428 5593 1618 5639 contra
1651 5599 1773 5639 eum
1821 5585 2064 5640 habitum

481 5678 772 5750 deponere,
805 5685 859 5730 et
895 5677 967 5731 ita
1015 5691 1213 5731 munus
1263 5675 1480 5731 offerre.
1534 5676 1821 5742 Legimus,
1867 5675 2064 5734 fratres

481 5773 620 5835 mei,
679 5771 749 5825 de
799 5780 988 5825 sancto
1039 5768 1247 5824 Joanne
1295 5769 1666 5824 Alexandrino
1724 5770 2063 5840 patriarcha,

482 5863 623 5929 quod
651 5877 772 5920 cum
803 5864 1034 5934 quadam
1068 5863 1154 5918 die
1203 5863 1424 5918 missam
1471 5862 1794 5930 celebraret,
1838 5874 1893 5920 et
1931 5880 2062 5919 cau-

2180 4660 2379 4715 cunda.
2413 4657 2470 4712 lu
2502 4674 2610 4728 qua
2649 4657 2895 4728 prtecipit
2929 4656 3087 4712 nobis
3116 4657 3430 4727 relinquere
3469 4670 3792 4730 peccatum,

2179 4762 2236 4810 et
2279 4751 2434 4822 sequi
2473 4751 2765 4820 justitiam.
2810 4749 2982 4805 Porro
3011 4751 3102 4807 hic
3135 4751 3378 4807 insinuat
3430 4753 3596 4808 nobis
3645 4752 3794 4824 Apo-

2178 4846 2349 4902 stolus
2378 4844 2619 4900 breviter
2645 4845 2917 4916 quomodo
2949 4854 3207 4917 peccator
3237 4846 3497 4917 proﬁciat
3531 4848 3616 4903 de
3647 4848 3795 4902 maio

2177 4941 2231 4997 in
2266 4941 2440 5012 pejus,
2481 4950 2538 4996 et
2583 4942 2856 5012 quomodo
2901 4942 3078 4996 bonus
3110 4940 3362 5010 proﬁciat
3411 4943 3480 4998 de
3523 4944 3692 4997 licito
3737 4945 3788 4996 in

2176 5033 2391 5088 melius.
2427 5031 2612 5086 Primo
2643 5032 2790 5086 enim
2833 5032 3128 5087 assuefacit
3153 5050 3212 5086 se
3237 5043 3496 5102 peccator
3531 5035 3789 5087 ὶωηιιιιι-

2175 5126 2323 5182 ditia:
2351 5125 2549 5181 mentis
2584 5133 2641 5179 et
2669 5125 2933 5195 corporis,
2968 5133 3025 5178 ut
3075 5125 3349 5194 ingluviei,
3385 5126 3653 5190 luxuriae,
3685 5140 3787 5179 cr

2176 5218 2416 5288 terisque
2445 5217 2892 5288 turpitudinibus.
2925 5215 3134 5272 Deinde
3161 5225 3219 5272 ut
3248 5215 3448 5272 habeat
3478 5218 3646 5274 unde
3670 5233 3788 5275 se:

2173 5312 2530 5369 immunditite
2559 5310 2872 5367 satisfacere
2895 5320 3082 5380 queat,
3107 5309 3400 5366 assuefacit
3429 5325 3484 5365 se
3502 5314 3785 5382 aperihes

2172 5405 2495 5476 iniquitatis.
2525 5403 2621 5459 Est
2649 5402 2792 5458 enim
2835 5403 3176 5459 immunditia
3207 5404 3263 5459 in
3306 5418 3383 5467 se,
3409 5405 3698 5473 iniquitas
3723 5407 3778 5460 in

2169 5497 2502 5566 proximum.
2530 5494 2600 5551 Ut
2628 5495 2790 5564 igitur
2821 5504 2984 5564 queat
3013 5495 3266 5551 sufﬁcere
3291 5494 3584 5567 ingluviei,
3619 5498 3779 5552 luxe-

2172 5587 2266 5642 ria:
2290 5585 2610 5658 caaterisque
2653 5586 3104 5656 turpitudinibus,
3138 5588 3358 5652 invidet,
3391 5591 3771 5660 concupiscit,

2169 5675 2401 5743 furatur,
2443 5679 2607 5747 rapit,
2635 5677 2790 5743 fallit,
2818 5679 3058 5748 acquirit
3085 5693 3186 5749 per
3225 5678 3310 5732 fas
3337 5686 3397 5731 et
3434 5693 3547 5746 per
3593 5681 3763 5735 nefas

2169 5773 2236 5828 Et
2270 5787 2336 5826 ex
2379 5771 2461 5826 his
2487 5772 2704 5842 prolicit
2748 5773 2816 5827 ad
2850 5772 3218 5843 iniquitatem,
3247 5772 3297 5826 id
3325 5780 3409 5825 est
3453 5771 3518 5826 in
3559 5777 3768 5830 malitia

2169 5875 2598 5924 consummatur.
2641 5867 2961 5925 Ecoutrario
2990 5881 3207 5939 quoque
3234 5866 3406 5922 bonus
3433 5866 3644 5934 primo
3683 5885 3766 5925 ss-
