3896 6320
196 379 328 438 2001

861 374 1171 435 HOMILIJE
1196 376 1263 434 IN
1302 377 1518 436 EPIST.
1559 378 1648 436 ET
1687 377 1938 436 EVANG.
1978 378 2279 438 DOMINIC.
2310 408 2381 422 --
2411 378 2593 436 PARS
2632 377 2694 436 ll.

3298 385 3446 447 2001

195 493 414 556 suefacit
467 506 524 548 se
569 493 825 563 operibus
868 495 1127 567 iustitiae,
1176 498 1426 555 videlicet
1470 509 1530 555 ut
1566 499 1758 554 reddat
1786 501 1835 560 Α
1865 496 1960 552 Est
1993 498 2154 553 etiam
2182 505 2236 553 et
2268 498 2430 552 timor
2465 498 2556 568 qui
2587 512 2708 552 eum
2741 500 2895 569 punit
2923 510 2978 556 et
3017 510 3252 574 torquet.
3288 505 3444 562 Unds

193 585 473 655 unicuique
518 585 661 654 quod
711 601 867 642 suum
919 598 1038 658 est,
1090 591 1200 646 Deo
1253 592 1604 664 religionem,
1653 595 1756 650 sibi

191 680 524 745 munditiam,
560 681 878 749 parentibus
914 684 1196 752 honorem,
1238 687 1552 744 domesticis
1578 689 1756 758 provi-

186 775 432 837 dentiam,
475 774 774 844 majoribus
803 775 1188 844 obedientiam,
1230 781 1530 837 minoribus
1559 783 1754 852 guber-

184 874 464 937 nationem,
491 871 792 941 aaqualibus
836 875 1174 944 societatem,
1203 878 1360 936 bonis
1384 881 1751 950 dilectionem,

182 964 331 1020 malis
376 964 797 1032 correctionem,
825 970 1096 1038 Oppressis
1147 971 1600 1039 misericordiam,
1639 991 1753 1031 om-

180 1058 333 1114 nibus
359 1057 694 1126 aquitatem.
736 1059 816 1115 Ex
844 1075 1074 1131 quorum
1113 1065 1513 1123 assuefactione
1537 1069 1753 1139 proficit

177 1148 232 1206 in
273 1151 583 1216 sanitatem,
621 1151 676 1206 id
706 1161 790 1208 est
825 1154 881 1209 in
919 1155 1178 1212 bonitatis
1205 1157 1613 1229 perfectionem.
1642 1163 1750 1220 ita-

177 1257 296 1314 que,
327 1242 527 1298 fratres
555 1244 682 1312 mei,
723 1246 879 1316 juxta
923 1251 1238 1307 mandatum
1277 1253 1556 1325 Apostoli,
1605 1257 1748 1312 sicut

174 1338 488 1395 exhibuistis
521 1341 765 1398 membra
815 1356 993 1400 vestra
1040 1349 1247 1404 servire
1291 1349 1646 1406 immunditia:
1693 1360 1748 1408 et

175 1431 465 1501 iniquitati,
498 1434 572 1488 ita
611 1435 864 1493 exhibete
888 1454 950 1493 ea
984 1441 1192 1496 servire
1215 1441 1440 1512 iustitiae
1461 1452 1516 1498 et
1542 1443 1744 1500 sancti-

170 1525 284 1580 tati.
313 1524 428 1579 Non
473 1527 617 1581 enim
663 1528 812 1584 dedit
850 1530 992 1588 Deus
1031 1534 1115 1588 vel
1169 1535 1396 1590 redemit
1446 1551 1644 1607 corpus
1688 1547 1744 1595 et

165 1617 400 1672 membra
435 1619 592 1673 nobis
636 1620 703 1674 ad
732 1623 1076 1679 serviendum
1115 1636 1356 1696 peccato,
1404 1629 1498 1684 sed
1526 1630 1592 1684 ad
1620 1646 1740 1685 ser-

162 1709 410 1765 viendum
441 1711 568 1766 sibi.
595 1711 748 1768 Unde
778 1716 1108 1786 Apostolus:
1141 1717 1364 1788 Corpus,
1401 1723 1602 1794 inquit,
1635 1741 1739 1779 non

160 1803 526 1875 fornicationi,
569 1805 661 1860 sed
697 1806 922 1864 Domino
973 1809 1026 1882 (1
1068 1811 1192 1868 Cor.
1227 1815 1338 1884 vt).
1387 1815 1456 1870 Et
1490 1817 1687 1872 iterum
1721 1832 1734 1870 :

164 1892 412 1962 Nescitis,
443 1897 637 1967 inquit,
662 1903 787 1971 quia
825 1902 1056 1958 membra
1083 1917 1251 1961 vestra
1291 1905 1489 1963 Christi
1515 1920 1658 1966 sunt.
1688 1921 1739 1966 et

156 2003 255 2043 non
279 1989 404 2044 estis
430 1992 632 2046 vestri?
665 1995 824 2064 empti
851 1995 990 2050 enim
1026 1998 1150 2053 estis
1185 2001 1351 2069 pretio
1381 2017 1594 2072 magno,
1625 2002 1736 2072 glo-

152 2081 349 2151 riﬁcate
388 2093 440 2139 et
485 2095 694 2155 portate
741 2087 908 2142 Deum
947 2090 1005 2145 in
1050 2107 1267 2162 corpore
1313 2102 1481 2149 vestro
1519 2094 1734 2166 (lbid.).

149 2171 290 2229 Heu!
325 2174 524 2232 fratres
547 2179 676 2244 mei,
702 2195 866 2251 quam
889 2197 1055 2252 grave
1083 2183 1458 2255 praeiudicium
1487 2185 1733 2241 Creatori

144 2274 327 2321 nostro
351 2265 603 2334 facimus,
631 2271 848 2339 quando
877 2287 1108 2344 corpore
1133 2285 1190 2331 et
1220 2277 1480 2332 membris
1510 2277 1731 2343 nostris,

141 2371 256 2428 qua:
285 2357 401 2428 ipse
429 2361 640 2416 creavit
677 2373 732 2418 et
763 2365 992 2420 redemit
1027 2367 1095 2422 ad
1127 2368 1473 2425 serviendum
1515 2369 1640 2435 sibi,
1675 2369 1730 2424 in

138 2449 356 2506 servitio
398 2454 612 2523 peccati
637 2463 694 2510 et
723 2456 920 2512 diaboli
949 2458 1246 2516 abutimur.
1289 2460 1517 2526 Totiens,
1549 2461 1731 2532 inquit

134 2542 444 2612 Apostolus,
490 2548 728 2603 membra
769 2548 1001 2620 Christi,
1049 2553 1246 2624 faciant
1293 2555 1528 2610 membra
1556 2572 1728 2610 mere-

133 2637 314 2692 tricis?
337 2638 529 2694 Absit!
556 2641 747 2716 (ιιξιι.)
772 2643 932 2701 Absit
955 2661 1083 2717 ergo
1110 2662 1142 2711 a
1181 2647 1336 2704 nobis
1357 2688 1374 2713 ,
1405 2648 1636 2717 fratres,
1669 2657 1728 2703 ut

130 2728 368 2786 membra
403 2742 594 2789 nostra
630 2735 741 2791 Deo
787 2739 1149 2807 sanctificata,
1192 2741 1261 2798 de
1290 2752 1490 2799 caetero
1535 2743 1590 2798 in
1619 2743 1724 2798 im-

127 2821 452 2878 munditiam
483 2825 689 2882 diaholi
715 2831 1150 2886 contaminemus
1176 2833 1190 2887 !
1226 2831 1548 2890 Nullateuus
1575 2835 1724 2890 enim

127 2923 352 2980 possunt
405 2919 660 2974 membra
706 2929 893 2976 nostra
937 2923 1098 2978 simul
1149 2926 1360 2982 servire
1412 2927 1628 2982 diabolo
1669 2936 1726 2984 et

125 3004 254 3068 Deo.
293 3008 450 3068 Uttde
478 3022 540 3068 et
573 3014 828 3070 subditur
853 3034 867 3070 :
907 3016 1039 3072 Cum
1064 3019 1203 3074 enim
1239 3020 1376 3075 servi
1402 3023 1578 3076 essetis
1603 3037 1722 3092 pec-

118 3105 252 3171 cati,
296 3105 464 3161 alieni
513 3109 678 3162 eratis
705 3126 738 3163 a
780 3108 1015 3178 justitia.
1045 3111 1114 3166 Et
1154 3127 1296 3182 qum,
1355 3113 1554 3170 fratres
1589 3115 1718 3182 mei,

1858 591 2118 662 scriptum
2145 602 2228 647 est
2254 609 2266 645 :
2297 610 2316 643 ‹
2340 589 2506 645 Nemo
2539 605 2760 656 noeens,
2785 608 2841 647 se
2861 591 3044 662 judice
3075 596 3434 651 absolvitur.»

1855 684 1952 740 Est
1999 694 2206 749 tamen,
2253 685 2471 751 fratres,
2512 685 2754 755 quaedam
2798 687 2961 742 animi
3007 688 3255 745 confusio
3287 690 3436 745 utilis

1855 787 2078 848 peccata
2103 793 2198 833 sua
2225 777 2582 848 respicientis,
2613 777 2950 848 respiciendo
2983 781 3278 845 horrentis,
3311 782 3438 837 hor-

1855 871 2023 926 rendo
2065 872 2458 937 crubesceutis,
2501 872 2877 928 erubescendo
2906 856 3249 944 corrigentis.
3289 877 3357 931 Et
3389 877 3437 933 si

1853 967 2115 1038 iniquitas
2142 969 2210 1024 ab
2256 969 2372 1039 ipso
2416 967 2582 1024 etiam
2627 979 2837 1040 agente,
2874 977 2928 1025 et
2956 970 3118 1025 etiam
3169 974 3221 1026 in
3255 971 3436 1028 fructu

1852 1075 1951 1115 suo
1983 1044 2055 1115 ita
2079 1061 2170 1116 hic
2195 1062 2503 1128 damnatur,
2528 1073 2788 1134 quantum
2815 1063 3037 1133 putatis,
3071 1062 3271 1119 fratres
3302 1066 3432 1133 mei,

1855 1167 2080 1222 passura
2105 1163 2188 1209 est
2212 1154 2265 1208 in
2290 1154 2471 1210 futuro
2494 1173 2523 1211 a
2546 1172 2759 1212 summo
2777 1154 2962 1226 judice
2989 1157 3438 1214 damnationem?
3502 1161 3514 1218 ξ

1854 1243 1997 1298 Nam
2025 1247 2148 1314 ﬁnis
2196 1247 2408 1302 illorum
2443 1267 2585 1305 mors
2631 1261 2727 1305 est.
2776 1250 2917 1307 Mors
2957 1251 3164 1307 scilicet
3215 1249 3431 1320 duplex.
3504 1235 3513 1287 ἶ

1853 1336 2006 1394 Unde
2029 1341 2291 1412 propheta
2318 1361 2334 1396 :
2363 1343 2578 1414 Duplici
2603 1345 2921 1399 contritione
2943 1356 3150 1399 contere
3176 1359 3263 1398 eos
3294 1344 3431 1414 (Jcr.

1851 1432 2006 1500 xvu).
2050 1431 2230 1487 Prima
2262 1443 2346 1490 est
2387 1452 2533 1492 mors
2569 1436 2765 1492 enin-ta:
2799 1437 2850 1490 in
2900 1437 3140 1504 peccatis
3185 1435 3430 1506 sepultae.
3460 1459 3479 1476 -

1847 1520 2096 1577 Secunda
2143 1535 2227 1578 est
2274 1540 2422 1581 mors
2476 1527 2672 1584 anima:
2728 1530 3034 1598 pariter‘et
3081 1528 3327 1598 corporis
3377 1527 3434 1583 in

1845 1616 2124 1685 gehenna,
2157 1628 2422 1686 perpetuo
2448 1622 2715 1678 crttciatu.
2744 1622 2893 1678 Finis
2930 1638 3083 1695 ergo,
3118 1621 3171 1676 id
3201 1630 3283 1676 est
3312 1635 3435 1675 con-

1845 1709 2140 1763 summatio
2202 1711 2414 1765 illorum
2473 1723 2817 1783 peccatorum
2866 1725 2948 1772 est
2995 1731 3144 1771 mors
3204 1715 3431 1778 animat,

1843 1805 2098 1874 quoniam
2125 1819 2223 1873 per
2249 1804 2336 1859 illa
2367 1820 2397 1858 a
2425 1820 2552 1860 vero
2581 1807 2742 1874 bono,
2773 1823 2804 1862 a
2832 1825 2959 1863 vera
2988 1810 3126 1874 luce,
3151 1818 3206 1864 et
3236 1825 3264 1862 a
3294 1824 3424 1863 vera

1845 1897 1956 1952 vita
2004 1897 2270 1968 privatur,
2330 1898 2664 1966 brutificata,
2714 1910 3022 1966 excmcata,
3077 1901 3426 1966 mortificata,

1845 1989 2076 2044 vinculis
2115 2000 2465 2061 peccatorum
2493 1991 2772 2051 obvoluta.
2811 1991 2994 2063 ligata,
3034 1992 3241 2046 tumulo
3274 1991 3432 2046 vitio-

1845 2093 1965 2133 rum
2007 2079 2235 2148 sepulta,
2285 2097 2526 2137 arenosze
2553 2081 2963 2137 consuetudinis
2994 2080 3213 2136 cumulo
3240 2095 3431 2150 super-

1841 2185 2156 2244 aggravata.
2207 2174 2357 2230 Finis
2410 2191 2624 2244 quoque
2658 2175 2873 2228 illorum
2917 2190 3066 2230 mors
3113 2172 3432 2246 gehennalis

1839 2275 1943 2332 est,
1991 2267 2247 2336 quoniam
2295 2284 2522 2337 quorum
2567 2267 2677 2322 vita
2720 2275 2929 2322 mortua
2969 2278 3024 2322 et
3065 2266 3217 2321 finita
3255 2275 3337 2321 est
3375 2265 3429 2320 in

1843 2358 2025 2428 culpa,
2056 2375 2242 2414 eorum
2274 2376 2420 2415 mors
2447 2361 2590 2415 vivet
2619 2362 2670 2415 in
2697 2376 2876 2431 paena.
2911 2358 3066 2426 Nam,
3090 2358 3244 2428 juxta
3277 2357 3430 2412 Psal-

1838 2450 2086 2516 mistam,
2121 2469 2260 2506 mors
2291 2453 2526 2521 depascet
2563 2469 2650 2506 eos
2696 2449 2868 2523 (Psal.
2897 2453 3106 2522 XLVIII),
3151 2467 3256 2507 non
3301 2465 3428 2505 con-

1836 2552 2052 2600 sumet.
2083 2544 2216 2599 Nam
2258 2546 2398 2600 sicut
2433 2548 2531 2600 bos
2575 2561 2681 2600 non
2731 2546 2987 2600 radicitus
3016 2544 3254 2600 comedit
3301 2542 3429 2596 lier~

1847 2635 1996 2700 bam,
2030 2636 2126 2690 sed
2160 2635 2233 2690 ita
2263 2652 2382 2691 eam
2409 2637 2663 2702 comedit,
2699 2645 2756 2690 ut
2801 2652 2919 2691 eam
2960 2634 3200 2706 quotidie
3246 2645 3428 2686 come-

1842 2723 1978 2781 dere
2021 2727 2213 2796 possit,
2250 2728 2321 2781 ita
2358 2727 2574 2798 reprobi
2598 2744 2628 2782 a
2658 2737 2828 2783 morte
2859 2742 3073 2798 semper
3102 2721 3426 2778 eruciabun-

1837 2829 1948 2889 tur,
1996 2835 2098 2876 nec
2127 2831 2306 2877 tamen
2348 2822 2811 2888 adnihilabuntur,
2863 2829 2922 2876 ut
2964 2834 3178 2890 semper
3224 2817 3336 2873 sint
3366 2823 3428 2873 et

1838 2930 2058 2985 semper
2107 2915 2428 2970 moriantur.
2481 2914 2632 2970 Unde
2671 2914 2910 2970 Joannes
2958 2913 3010 2967 in
3049 2907 3418 2982 Apocalypsi:

1831 3004 2097 3078 Optabunt
2120 3009 2277 3072 mori,
2299 3008 2390 3062 sed
2417 3009 2550 3062 mori
2573 3007 2736 3078 fugiet
2760 3009 2826 3061 ab
2853 3007 2925 3061 eis
2948 3006 3134 3078 (Apoc.
3151 3003 3252 3074 ιχ).
3275 3000 3418 3057 Οτι·

1827 3100 2118 3156 ciabuntur
2143 3110 2322 3156 autem
2349 3110 2586 3172 quatuor
2617 3101 2906 3174 generibus
2929 3112 3236 3170 poenarum,
3260 3109 3418 3151 vero-

117 3210 237 3266 que
283 3199 527 3254 servitus
601 3199 852 3256 miserior
895 3211 952 3256 ει
1008 3202 1373 3258 miserabilior
1414 3215 1499 3259 esi
1553 3221 1716 3274 quam
1746 3235 1789 3293 C
1826 3195 2042 3258 cundia,
2066 3194 2280 3260 timore,
2298 3195 2636 3266 pontitentia,
2660 3211 2715 3250 et
2737 3194 2940 3249 dolore.
2961 3193 3067 3249 Sed
3090 3190 3418 3248 verecundia

113 3290 322 3346 servire
371 3300 611 3362 peccato
655 3302 711 3348 et
751 3293 1004 3350 diabolo?
1055 3295 1120 3350 Et
1161 3311 1280 3367 quae
1315 3296 1538 3352 libertas
1566 3300 1719 3370 pejor

114 3396 274 3454 quam
307 3384 555 3442 liberum
586 3401 709 3443 esse
737 3401 766 3441 a
793 3387 1028 3457 iustitia,
1079 3405 1202 3460 qua:
1244 3399 1328 3444 est
1372 3389 1562 3463 iugum
1613 3393 1720 3449 Do-

109 3477 238 3533 mini
268 3493 468 3546 suave,
508 3488 569 3534 et
604 3495 744 3536 onus
773 3481 892 3551 ejus
923 3481 1073 3537 leve?
1119 3481 1337 3551 (Matth.
1367 3485 1470 3551 xi.)
1511 3483 1569 3538 in
1609 3499 1719 3554 quo

111 3571 277 3640 (unde
303 3573 608 3630 dolendum
634 3574 740 3646 est)
765 3574 1174 3631 confunduntur
1199 3575 1422 3646 quidam
1451 3577 1717 3634 habentes

105 3664 356 3722 velamen
408 3667 670 3734 malitia,
706 3667 1034 3726 libertatem.
1085 3668 1214 3737 Qui,
1242 3669 1368 3739 quia
1399 3678 1525 3724 sunt
1559 3669 1712 3725 liberi

107 3769 333 3825 genere,
366 3758 570 3814 volunt
588 3773 709 3815 esse
737 3759 892 3816 liberi
919 3777 948 3815 a
973 3761 1104 3832 jugo
1133 3761 1455 3817 obedientia:
1477 3770 1533 3816 et
1551 3761 1714 3832 justi-

103 3849 210 3914 tian,
239 3851 528 3908 malentes
557 3867 679 3908 esse
721 3851 922 3908 subditi
962 3853 1284 3908 criminibus
1317 3867 1478 3924 quam
1527 3853 1711 3908 senio-

103 3942 275 4004 ribus,
326 3954 386 3999 et
417 3944 674 4000 dicentes
701 3963 714 3999 :
749 3944 1156 4016 Disrumpamus
1184 3945 1394 4000 vincula
1425 3963 1632 4013 eorum,
1657 3956 1710 4001 et

93 4036 459 4106 projiciamus
504 4055 538 4091 ιι
569 4039 716 4092 nobis
758 4039 949 4109 jugum
988 4040 1223 4108 ipsorum
1271 4037 1446 4111 (Psal.
1473 4040 1558 4111 ll).
1601 4040 1710 4096 Sed

97 4129 229 4198 quid
260 4131 567 4201 sequitur?
594 4129 698 4196 Qui
727 4131 932 4186 habitat
961 4133 1016 4186 in
1044 4132 1206 4200 caelis,
1242 4133 1483 4188 irridebit
1517 4150 1630 4201 eos,
1658 4143 1707 4189 et

91 4220 363 4282 Dominus
387 4225 745 4282 subsannabit
771 4243 858 4280 eos
888 4225 1104 4297 (lbid.).

165 4317 446 4390 Sequitur
480 4335 609 4389 pars
640 4320 825 4385 tertia,
853 4319 908 4373 in
937 4335 1046 4389 qua
1076 4321 1384 4378 ostenditur
1423 4339 1544 4394 qua:
1571 4339 1704 4395 pec-

86 4420 276 4467 eatum
311 4414 753 4483 subsequantur,
783 4428 906 4469 cum
941 4412 1233 4469 subditur:
1265 4415 1430 4480 Quem
1451 4434 1571 4489 ergo
1594 4419 1706 4488 frn-

85 4511 230 4555 ctum
263 4505 542 4558 habuistis
581 4513 726 4570 tunc,
754 4504 808 4558 in
854 4506 1040 4575 quibus
1088 4521 1227 4559 nunc
1263 4507 1603 4563 erubescitis?
1625 4508 1704 4565 Ac

1828 3291 1918 3346 illa
1950 3292 2057 3346 erit
2077 3292 2195 3347 sine
2218 3293 2473 3363 tegmine,
2507 3292 2668 3347 timor
2692 3291 2782 3346 ille
2809 3291 2926 3345 sine
2955 3304 3072 3360 spe,
3096 3287 3418 3359 poenitentia

1826 3384 1914 3438 illa
1960 3385 2078 3439 sine
2110 3384 2344 3440 utilitate
2372 3425 2389 3452 ,
2429 3384 2583 3440 dolor
2641 3384 2731 3438 ille
2777 3384 2894 3440 sine
2937 3383 3312 3452 compassione
3359 3388 3418 3436 et

1825 3477 1942 3532 sine
1977 3487 2172 3544 morte,
2221 3493 2368 3534 mors
2411 3478 2529 3533 sine
2565 3477 2694 3544 fine,
2737 3476 2862 3532 finis
2910 3476 3027 3531 sine
3069 3475 3304 3532 defectu.

1895 3569 2154 3640 Sequitur
2183 3586 2310 3639 pars
2354 3581 2570 3641 quarta,
2608 3570 2661 3624 in
2704 3585 2809 3638 qua
2855 3569 3164 3625 ostenditur
3194 3583 3314 3640 qua:
3342 3583 3413 3624 ex

1817 3660 2027 3732 iustitia
2070 3671 2392 3731 sequantur,
2429 3675 2553 3716 cum
2591 3661 2882 3716 subditur:
2921 3661 3080 3716 Nunc
3124 3673 3299 3717 autem
3343 3661 3412 3716 li-

1820 3754 1989 3808 berati
2029 3771 2062 3808 a
2101 3765 2331 3825 peccato,
2379 3770 2476 3826 per
2523 3755 2851 3824 baptismum
2884 3754 3092 3810 scilicet
3129 3765 3186 3810 et
3233 3755 3412 3826 poeni-

1821 3847 2068 3910 tentiam,
2101 3849 2236 3902 servi
2272 3859 2446 3902 autent
2477 3848 2606 3919 facti
2639 3848 2767 3915 Deo,
2802 3863 2898 3920 per
2919 3847 3207 3918 justitiam,
3247 3849 3296 3904 id
3321 3857 3411 3916 est

1819 3939 1990 4010 ipsius
2015 3937 2257 4010 iustitiae,
2294 3939 2493 3995 habetis
2542 3940 2771 4009 fructum
2819 3943 2873 3995 in
2907 3941 3404 4010 sanctiﬁcationem,

1814 4032 1973 4101 ﬁnem
2028 4050 2143 4088 vero
2193 4031 2404 4087 illorum
2458 4036 2619 4090 vitam
2678 4044 2952 4091 wternam.
3012 4035 3091 4090 Ex
3148 4035 3404 4106 operibus

1815 4125 2014 4196 quippe
2043 4135 2097 4180 et
2130 4143 2230 4183 usu
2277 4127 2505 4197 justitize
2555 4129 2871 4199 proficimus
2915 4130 2967 4184 in
3019 4128 3403 4185 fructificatio-

1813 4230 1964 4281 nem,
1991 4217 2117 4286 quia
2151 4218 2284 4273 nihil
2320 4219 2534 4285 melius,
2568 4219 2700 4273 nihil
2734 4218 3034 4290 pulchrius,
3069 4221 3122 4274 in
3161 4221 3261 4275 hac
3293 4221 3403 4276 vita

1812 4316 1992 4380 potest
2025 4309 2232 4365 haberi.
2260 4310 2400 4377 Quid
2425 4313 2597 4376 enim,
2639 4311 2840 4368 fratres
2868 4314 2996 4380 mei,
3023 4312 3152 4384 quid
3183 4313 3398 4380 melius,

1815 4403 1946 4474 quid
1997 4404 2278 4474 pulchrius
2304 4446 2320 4472 ,
2360 4422 2523 4476 quam
2568 4408 2716 4463 omni
2774 4409 3103 4478 turpitudine
3140 4409 3400 4480 omnique

1812 4495 1946 4549 vitio
1972 4510 2184 4562 carere,
2216 4499 2472 4552 inundum
2507 4508 2687 4554 mente
2717 4508 2770 4554 et
2820 4514 3046 4569 corpore
3085 4514 3225 4564 esse,
3275 4499 3396 4555 dia-

79 4595 127 4649 εί
178 4595 428 4660 diceret,
473 4596 714 4661 Malum;
768 4613 893 4651 nam
947 4598 1070 4654 ιιηίε
1123 4599 1338 4654 illorum
1394 4616 1541 4656 mors
1595 4610 1698 4656 ρει,
1729 4603 1782 4664 ι)
1812 4585 1996 4642 bolum
2026 4589 2126 4644 sub
2155 4590 2380 4659 pedibus
2403 4591 2623 4657 habere,
2655 4592 2835 4646 omnia
2867 4591 3139 4646 mundana
3169 4577 3398 4664 vilipen-

79 4685 261 4745 Porro
308 4689 593 4745 immundi
634 4699 690 4746 et
728 4689 898 4761 iniqui
947 4691 1202 4748 desiderii
1252 4692 1586 4763 adimpletio,
1618 4695 1703 4748 vi~

75 4783 248 4839 detur
279 4785 685 4854 peccatoribus
733 4799 855 4841 esse
882 4786 1036 4854 quasi
1076 4787 1296 4856 quidam
1331 4785 1540 4842 fructus
1571 4802 1703 4842 sua-

73 4879 184 4943 vis,
222 4894 296 4934 eo
325 4879 490 4948 quod
521 4877 574 4932 in
601 4875 719 4946 eius
747 4892 845 4933 usu
878 4878 946 4932 ad
979 4878 1169 4934 horam
1200 4879 1559 4935 delectantur.
1594 4878 1702 4935 Sed

64 4972 224 5043 quod
253 4971 555 5044 pessimus
581 4973 656 5027 sit
687 4970 809 5028 talis
836 4970 1066 5037 fructus,
1095 4973 1289 5042 probat
1316 4974 1609 5044 Apostolus
1631 4989 1699 5030 ex

66 5065 592 5137 consequentibus.
627 5063 900 5144 quoniam
949 5078 1015 5119 ex
1069 5065 1160 5119 tali
1207 5064 1389 5120 fructu
1452 5067 1700 5136 sequitur

62 5161 255 5230 pudor
281 5168 346 5216 et
381 5173 564 5214 mors.
609 5157 725 5214 Non
773 5158 918 5215 enim
960 5172 1029 5213 ex
1061 5159 1203 5214 bono
1229 5168 1282 5213 et
1326 5160 1572 5225 honesto,
1603 5160 1699 5216 sed

63 5261 299 5309 tantum
333 5269 413 5310 ex
448 5253 597 5323 turpi
625 5262 681 5308 et
708 5253 999 5310 inhonesto
1029 5267 1251 5308 necesse
1279 5252 1545 5308 habemus
1570 5269 1699 5309 eru-

59 5343 336 5404 bescere.
393 5345 516 5400 Iste
567 5360 695 5417 ergo
748 5346 921 5415 pudor
974 5352 1296 5415 perpetrata:
1347 5343 1698 5414 turpitudinis

59 5440 232 5496 testis
279 5447 401 5494 est.
449 5436 608 5493 Adeo
651 5438 848 5509 quippe
885 5435 1212 5492 damnabilis
1260 5437 1604 5492 immunditia
1641 5447 1698 5494 et

54 5531 352 5604 iniquitas
382 5537 500 5594 est,
548 5531 690 5600 quod
719 5532 884 5586 etiam
919 5529 987 5585 ab
1026 5529 1140 5600 ipso
1184 5528 1460 5584 immundo
1489 5539 1546 5585 et
1584 5529 1694 5585 ini-

52 5641 172 5695 quo
223 5623 674 5680 condemnatur.
712 5623 769 5678 In
809 5625 924 5696 ipsa
966 5625 1111 5679 enim
1159 5631 1340 5681 mente
1388 5625 1560 5695 iniqui
1608 5633 1694 5682 est

45 5717 208 5774 mala
245 5715 613 5775 conscientia
641 5732 760 5786 qua:
801 5734 924 5772 eum
960 5728 1204 5775 accusat.
1239 5719 1346 5776 Sed
1375 5721 1540 5776 etiam
1572 5733 1692 5775 me-

49 5810 250 5864 moria
287 5817 354 5863 et
389 5805 578 5878 pudor
607 5815 774 5864 testes
801 5809 890 5879 qui
918 5819 1108 5866 contra
1148 5827 1272 5867 eum
1303 5811 1689 5880 testificantur,

45 5911 106 5959 ct
153 5902 350 5965 etiam
378 5899 529 5973 ipsa
562 5899 724 5972 ratio,
755 5915 872 5974 qua:
919 5915 1042 5963 eum
1090 5903 1299 5975 jmlicat
1340 5912 1397 5962 et
1444 5897 1688 5963 damnat.

1815 4684 1968 4748 dere,
2001 4685 2216 4740 modico
2245 4695 2557 4740 contentum
2587 4700 2730 4752 esse,
2763 4687 3128 4757 indigentibus
3165 4689 3312 4759 pium
3339 4698 3396 4746 et

1809 4776 2062 4832 onmihus
2099 4777 2382 4832 amabilem
2423 4791 2564 4843 esse,
2609 4777 2675 4830 ad
2707 4776 2982 4833 cmlestem
3021 4780 3250 4849 patriam
3280 4790 3394 4836 toto

1808 4869 2078 4926 desiderio
2100 4871 2374 4934 festinare,
2404 4885 2503 4925 nec
2524 4871 2686 4925 etiam
2720 4871 2887 4938 ipsam
2920 4883 3148 4928 mortem
3177 4875 3386 4942 timere,

1807 4963 1902 5018 sed
1935 4964 2115 5034 potius
2141 4978 2258 5018 eam
2285 4978 2475 5019 secure
2499 4973 2838 5033 exspectare,
2866 4974 2920 5019 et
2948 4966 3166 5035 quando
3206 4967 3388 5022 caeteri

1810 5061 2021 5125 timent,
2046 5061 2102 5114 iu
2136 5061 2247 5115 Deo
2272 5074 2462 5116 secure
2489 5069 2544 5116 et
2573 5059 2754 5114 lmtum
2780 5061 2938 5116 esse?
2965 5061 3028 5115 Et
3054 5061 3099 5116 si
3125 5063 3390 5131 tantisper

1806 5155 1977 5211 dulcis
2007 5163 2090 5211 est
2119 5154 2328 5210 fructus
2357 5153 2583 5223 iustitia:
2611 5154 2663 5208 in
2697 5155 2798 5210 hac
2819 5155 2949 5221 vita,
2981 5171 3142 5226 quam
3174 5155 3386 5212 dulcius

1804 5250 2032 5318 putatis,
2060 5251 2258 5304 fratres
2287 5249 2413 5314 mei,
2437 5250 2544 5303 erit
2572 5247 2692 5318 ejus
2722 5250 2999 5320 prtemium
3026 5251 3079 5304 in
3108 5250 3211 5304 alia
3240 5249 3387 5304 vita?

1805 5342 1997 5398 Finem
2020 5360 2162 5408 vero,
2187 5343 2380 5412 inquit,
2407 5343 2567 5397 vitam
2596 5353 2870 5397 wternam.
2895 5342 2962 5398 Et
2993 5357 3120 5398 vere
3153 5344 3240 5398 illa
3276 5344 3384 5397 vita

1803 5438 1907 5493 erit
1936 5437 2069 5504 vita,
2100 5437 2153 5492 in
2186 5452 2292 5507 qua
2321 5435 2456 5490 nihil
2504 5436 2755 5503 mortale,
2791 5436 2928 5492 nihil
2957 5439 3060 5492 erit
3108 5436 3384 5505 corrupti-

1798 5533 1927 5590 bile.
1958 5532 2074 5588 Non
2109 5539 2489 5601 corrumpetur
2517 5530 2748 5602 amplius
2775 5531 2956 5587 anima
3001 5531 3260 5602 peccatis,
3285 5530 3384 5586 sed

1797 5625 1977 5698 potius
2020 5624 2270 5680 omnibus
2314 5622 2608 5679 virtutibus
2658 5624 2984 5680 coruscabit.
3033 5624 3150 5678 Non
3202 5625 3383 5680 varia-

1796 5717 1946 5774 bitur
1993 5717 2522 5788 perturbationibus,
2575 5719 2672 5774 sed
2728 5719 2909 5789 ponus
2963 5733 3178 5790 semper
3225 5717 3379 5786 laeta,

1795 5825 2010 5882 semper
2062 5825 2291 5875 secura,
2335 5825 2551 5882 semper
2585 5811 2838 5882 pacifica,
2889 5827 3104 5882 semper
3146 5826 3381 5869 concors

1796 5904 1924 5962 erit.
1955 5903 2070 5964 Non
2099 5904 2462 5964 minorabitur
2505 5904 2825 5975 defectibus,
2853 5907 2946 5964 sed
2975 5907 3122 5966 omni
3161 5907 3378 5980 sapien-
