3896 6320
530 386 672 444 9003

1519 371 1862 430 ADDENDA.
1901 401 1974 413 —
2010 365 2355 428 BADULPlll
2395 363 2737 424 ARDENTIS

3580 371 3675 434 ω

536 504 633 568 tia,
665 497 814 554 omni
857 495 1054 568 gratia,
1097 493 1242 549 omni
1290 491 1620 563 perfectione
1651 488 1969 545 abundabit.
2005 485 2119 542 Non
2153 489 2197 547 Δ
2302 487 2564 558 Sequitur
2593 500 2723 556 pars
2749 481 3020 544 secunda,
3048 480 3100 536 in
3129 494 3228 550 qua
3254 485 3509 551 compassio
3531 487 3676 553 bonum

538 600 918 660 eorrumpetur
963 604 1162 657 corpus
1211 586 1392 650 vitiis,
1438 583 1530 638 sed
1580 583 1725 637 omni
1780 582 2120 651 integritate,

539 686 685 742 omni
711 681 1128 754 pulchritudine,
1145 679 1288 735 omni
1311 678 1594 732 honestate
1615 672 1983 729 decorabitur.
2008 670 2123 726 Non
2171 688 2179 700 “

545 779 811 832 allicit-tur
839 772 1154 845 indigentia,
1183 771 1276 826 sed
1302 768 1445 825 onmi
1471 767 1756 823 saturitate
1785 775 1833 820 et
1854 763 2126 820 affluentia

2228 582 2658 642 demonstratur,
2684 593 2806 630 cum
2838 575 2956 645 ipse
2987 575 3126 628 dixit
3157 573 3410 643 discipulis
3431 581 3554 634 suis:
3577 584 3680 642 Μία.

2227 691 2362 739 reor,
2399 671 2596 741 inquit,
2624 686 2783 738 super
2811 672 3044 729 turbam,
3073 667 3196 736 quia
3210 667 3487 736 jamtridtw
3505 677 3680 734 natium

2227 784 2329 831 me,
2360 781 2452 820 nec
2477 764 2662 819 habent
2693 767 2832 832 quod
2855 760 3190 816 manducent.
3219 759 3279 814 Et
3315 762 3354 815 si
3387 763 3581 820 dimisero
3607 770 3683 827 illos

543 868 928 926 cumulabitur.
950 866 1064 921 Non
1084 863 1396 936 gravabitur
1413 860 1733 925 defectibus,
1755 858 1848 915 sed
1867 857 2124 924 sanitate,
2219 860 2458 930 jejunae,
2483 856 2723 920 deﬁcient
2748 857 2802 910 in
2833 857 2936 909 uia.
2961 851 3190 919 Quidam
3218 853 3344 907 enim
3370 871 3426 908 ea:
3444 856 3505 910 eis
3523 859 3572 912 tle
3588 863 3684 929 longe

537 963 839 1035 juventute,
882 959 1085 1014 viribus
1121 964 1175 1011 et
1214 953 1455 1024 agilitate
1493 952 1770 1008 dilabitur.

617 1051 872 1123 Sequitur
917 1063 1042 1121 pars
1091 1047 1302 1116 quinta,
1336 1045 1389 1100 in
1415 1060 1518 1116 qua
1542 1044 1843 1099 ostenditur
1899 1051 2124 1097 mortem

541 1157 800 1202 aeternam
846 1158 944 1214 pro
973 1150 1196 1211 peccato
1222 1138 1368 1206 iuste
1419 1138 1626 1202 deberi,
1657 1152 1778 1191 cum
1827 1133 2079 1190 subditur
2111 1149 2122 1185 :

537 1231 815 1305 Stipendia
863 1235 1001 1288 enim
1046 1234 1244 1303 peccati
1292 1247 1432 1284 mors
1463 1242 1571 1296 est,
1621 1231 1672 1284 id
1717 1237 1799 1283 est
1849 1226 2129 1282 diabolica:

545 1328 762 1382 malitia:
793 1325 1030 1382 debitum
1061 1335 1143 1380 est
1173 1338 1337 1378 mors.
1372 1321 1506 1390 Quia
1533 1322 1677 1376 enim
1706 1327 1960 1389 peccatur
1987 1333 2051 1373 ex
2072 1332 2131 1372 se

481 1416 501 1435 °
541 1419 713 1476 noluit
743 1421 964 1484 bonum,
995 1427 1046 1472 et
1076 1417 1202 1473 fecit
1227 1425 1528 1487 peccatum,
1565 1431 1632 1468 ex
1661 1430 1718 1468 se
1746 1414 1941 1466 meruit
1985 1425 2132 1465 mor-

541 1499 675 1580 tem,
711 1512 851 1566 unde
873 1520 928 1565 et
951 1525 1120 1574 mors,
1151 1518 1406 1578 tanquam
1437 1522 1646 1562 merces
1669 1507 1716 1560 ei
1749 1506 1993 1560 debetur.
2017 1504 2130 1558 Non

544 1621 673 1678 ergo
689 1607 851 1662 habet
867 1606 1153 1661 damnatus
1172 1604 1312 1658 unde
1337 1609 1637 1656 murmuret
1655 1609 1843 1654 contra
1869 1598 2132 1668 judicent,

531 1701 642 1754 'sed
698 1700 874 1770 potius
903 1699 1044 1752 unde
1077 1697 1265 1752 sceviat
1301 1695 1352 1749 in
1387 1696 1644 1762 seipsum,
1688 1691 1777 1760 qui
1810 1697 2001 1760 sponte
2043 1688 2138 1742 de-

544 1793 716 1847 seruit
755 1792 942 1856 vitam,
995 1801 1048 1846 et
1093 1790 1252 1860 elegit
1306 1795 1558 1850 mortem,
1599 1788 1755 1855 juxta
1787 1784 1914 1838 illud
1947 1798 1960 1836 :
1999 1782 2136 1836 Deus

2227 962 2503 1010 uenerunt.
2532 951 2667 1007 Cum
2706 950 3116 1006 miserationem
3150 956 3204 1003 et
3241 951 3597 1018 compassionem
3617 956 3685 1011 Do.

2229 1047 2410 1102 minus
2433 1043 2672 1100 ostendit
2698 1042 2750 1096 in
2781 1056 2863 1105 se,
2901 1042 2956 1095 in
2994 1040 3200 1094 duobus
3226 1055 3317 1094 nos
3343 1041 3538 1105 instruit,
3557 1044 3594 1096 in
3616 1047 3682 1101 litis

2231 1140 2486 1194 videlicet
2508 1147 2565 1191 et
2582 1137 2845 1192 moribus.
2869 1135 2926 1190 In
2947 1135 3054 1190 ﬁde
3069 1135 3278 1204 quidem
3295 1149 3382 1190 nos
3399 1135 3587 1202 instruit,
3599 1156 3686 1207 quo-

2235 1235 2379 1289 niam
2407 1248 2528 1286 eum
2562 1231 2802 1286 ostendit
2837 1245 2898 1284 se
2927 1229 3134 1283 habere
3165 1228 3432 1282 humanam
3457 1234 3688 1300 companio-

2233 1342 2378 1389 nem,
2410 1325 2648 1378 ostendit
2683 1337 2740 1379 se
2767 1337 2896 1377 vere
2931 1321 3239 1390 suscepisse
3279 1329 3452 1376 nostra
3478 1321 3691 1382 humanita-

2238 1419 2307 1474 tis
2332 1417 2726 1472 inlirmitatcm.
2774 1415 2830 1470 In
2861 1414 3110 1468 moribus
3141 1427 3266 1467 vero
3290 1427 3378 1466 nos
3401 1412 3693 1484 iusti-uiuim-

2238 1513 2382 1568 niam
2403 1527 2522 1574 nos,
2539 1509 2788 1579 exemplo
2807 1509 2914 1572 sui,
2936 1521 3102 1576 super
3117 1504 3334 1561 alllictos
3348 1506 3514 1562 debere
3527 1522 3612 1563 esse
3621 1511 3695 1578 pios

2237 1617 2293 1662 et
2327 1605 2712 1661 misericordes
2742 1601 3003 1658 ostendit.
3049 1599 3204 1655 [Iride
3241 1609 3293 1653 et
3316 1599 3440 1655 hanc
3463 1602 3693 1669 compassio-

2240 1715 2389 1764 nem,
2420 1715 2525 1754 non
2551 1697 2779 1753 interius
2805 1696 2894 1750 hic
2924 1693 3145 1756 celavit,
3170 1693 3260 1746 sed
3286 1692 3465 1762 potius,
3486 1695 3698 1750 convocatis

2241 1792 2520 1863 discipulis
2549 1791 2679 1852 suis,
2712 1803 2831 1843 eam
2861 1785 3124 1848 ostendit,
3149 1784 3356 1839 dicens:
3378 1783 3582 1840 Misereor
3605 1803 3699 1852 tlptt

543 1901 648 1938 non
673 1884 793 1955 fecit
820 1895 1037 1938 mortem
1063 1881 1220 1952 (Sap.
1252 1884 1311 1952 t),
1347 1882 1399 1936 id
1427 1893 1511 1935 est
1533 1895 1754 1935 causam
1787 1877 1999 1932 mortis.
2040 1874 2133 1929 sed

2246 1889 2471 1942 turbam.
2500 1884 2663 1953 Quasi
2689 1885 2897 1937 diceret
2919 1899 2934 1934 :
2956 1878 3396 1949 llisericordiam,
3417 1893 3551 1948 quam
3577 1895 3637 1935 me
3654 1881 3702 1936 vi-

544 1974 792 2030 homiues
827 1975 1052 2046 pedibus
1082 1983 1136 2029 et
1162 1975 1409 2028 manibus
1425 1973 1795 2028 accersierunt
1838 1970 1939 2024 sibi
1989 1982 2136 2021 mor-

544 2075 676 2120 tem.
706 2065 908 2119 Deinde
928 2066 1230 2120 ostenditur
1254 2066 1414 2118 vitam
1449 2072 1708 2118 teternam
1738 2070 1944 2115 tantum
1963 2059 2136 2130 gratis

544 2158 684 2223 dari,
723 2173 845 2212 cum
897 2157 1184 2212 subditur:
1215 2155 1402 2210 Gratia
1429 2169 1603 2209 autem
1653 2153 1747 2208 Dei
1781 2155 1883 2208 uita
1915 2161 2132 2205 aterna.

545 2247 716 2302 llomo
739 2250 882 2302 enim
911 2265 1008 2302 nec
1039 2266 1105 2303 ex
1151 2264 1210 2304 se
1250 2249 1437 2313 voluit,
1473 2264 1573 2304 nec
1614 2249 1812 2318 potuit,
1864 2261 1963 2301 nec
2010 2245 2137 2298 fecit

543 2343 765 2407 bonum,
799 2343 892 2396 sed
923 2357 988 2396 ex
1026 2341 1137 2397 sola
1164 2341 1256 2397 Dei
1299 2343 1494 2414 gratia,
1519 2358 1639 2412 quae
1670 2341 1929 2412 praevenit
1956 2339 2136 2394 homi-

543 2447 668 2488 nem
705 2442 760 2487 et
787 2435 1158 2504 subsequitur,
1206 2437 1339 2490 dans
1383 2435 1518 2489 velle
1545 2445 1599 2488 et
1628 2433 1911 2504 perlicere.
1944 2431 2135 2487 Gratia

543 2542 674 2598 ergo
693 2526 785 2582 Dei
815 2538 962 2595 sunt,
993 2538 1097 2582 tant
1122 2538 1321 2583 nostra:
1345 2527 1571 2598 justiti:e
1595 2543 1760 2598 quam
1785 2541 2014 2582 merces.
2035 2525 2138 2578 So.

527 2615 652 2673 ‘lam
685 2619 828 2674 enim
859 2621 1090 2690 gratiam
1125 2636 1275 2675 suam
1301 2631 1526 2677 coronat
1552 2622 1602 2676 in
1630 2621 1786 2675 nobis
1820 2621 1984 2675 Deus.
2020 2618 2135 2672 Non

528 2709 747 2766 habent
772 2726 902 2782 ergo
947 2711 1077 2782 justi
1111 2713 1253 2766 unde
1283 2729 1402 2767 sese
1448 2713 1720 2784 jactitent,
1760 2711 1902 2765 unde
1935 2710 2140 2778 aliquid

545 2804 649 2859 sibi
681 2805 978 2872 ascribant,
1029 2807 1123 2860 sed
1160 2805 1258 2859 soli
1295 2807 1484 2872 gratia:
1518 2807 1630 2872 Dei,
1687 2821 1807 2877 qua:
1843 2819 1940 2859 nos
1971 2803 2140 2874 gratis

545 2895 972 2967 prmdestinavit,
999 2902 1169 2971 gratis
1193 2902 1422 2965 vocavit,
1454 2900 1983 2973 gratisjustitlcavit,
2017 2911 2141 2968 gra-

531 2979 618 3044 'tis
639 2991 802 3044 etiam
829 2993 1114 3047 coronabit
1143 3009 1238 3062 per
1284 2991 1468 3046 Iesum
1503 2993 1779 3046 Christum
1811 2991 2141 3058 Redempto-

535 3089 662 3133 ’νοω
694 3092 972 3147 nostrum,
1005 3082 1097 3152 qui
1130 3097 1252 3138 cum
1275 3098 1339 3138 eo
1375 3093 1428 3138 et
1464 3083 1667 3152 Spiritu
1696 3091 1886 3137 sancto
1916 3081 2048 3136 vivit
2088 3089 2143 3136 et

547 3168 740 3239 regnat
765 3187 862 3244 per
888 3177 1068 3230 omnia
1101 3175 1297 3230 saecula
1336 3174 1678 3230 seculorum.
1706 3176 1900 3229 Amen.

1098 3267 1379 3324 HOMILIA
1422 3267 1583 3322 XVII.

817 3378 1070 3420 DONINICL
1110 3379 1340 3420 SBPTIIA
1380 3379 1509 3419 P081
1541 3378 1899 3419 τιιικιτηιιί.

619 3451 750 3510 Cum
771 3458 922 3511 turba
947 3457 1112 3512 multa
1140 3467 1271 3512 esset
1289 3473 1406 3511 eum
1429 3455 1461 3509 J
1470 3473 1582 3524 esu,
1610 3473 1702 3511 nec
1724 3457 1972 3512 haberent
1998 3459 2137 3530 quod

547 3549 952 3615 manducarent,
1011 3551 1308 3606 conuocatis
1368 3551 1641 3620 discipulis
1687 3552 1798 3605 suis
1862 3552 1938 3604 ait
1977 3551 2136 3618 illis;

552 3639 809 3697 Misereor
835 3660 992 3714 super
1017 3644 1246 3710 turbam,
1275 3654 1383 3700 etc.
1413 3643 1782 3716 (Matth.vttt.)
1801 3645 2138 3715 Quadripar-

549 3738 647 3789 tlta
675 3745 756 3792 est
785 3735 946 3790 lectio
982 3737 1106 3802 ista,
1133 3735 1330 3793 fratres
1345 3737 1675 3793 charissimi.
1707 3736 1893 3792 Primo
1914 3739 2138 3793 demon-

549 3835 757 3885 stratur
787 3828 964 3883 inedia
996 3844 1187 3885 eorum
1235 3831 1326 3900 qui
1370 3839 1676 3887 erantcum
1714 3829 1864 3898 Jesu,
1897 3831 2138 3886 secundo

549 3919 765 3976 Domini
801 3924 1126 3992 compassio,
1167 3925 1328 3980 tertio
1359 3924 1744 3994 discipulorum
1773 3923 2136 3994 imperfectio,

547 4025 746 4084 quarto
787 4024 1025 4085 quatuor
1067 4013 1292 4070 millium
1320 4016 1598 4071 hominum
1643 4016 1711 4072 de
1739 4029 1944 4085 septem
1978 4017 2137 4086 pani-

549 4107 650 4162 bus
685 4101 934 4178 repletio,
973 4119 1028 4163 et
1053 4109 1604 4178 superabundantium
1635 4108 2141 4164 sublatio.Demon-

549 4206 758 4252 stratur
803 4215 930 4268 ergo
979 4201 1216 4270 primum
1265 4203 1443 4256 inedia
1489 4217 1675 4256 eorum
1731 4203 1980 4272 quicum
2008 4202 2136 4258 Jesu

548 4300 727 4355 erant,
755 4306 876 4346 cum
901 4292 1100 4348 dicitur
1123 4310 1136 4346 :
1157 4291 1293 4347 Cum
1322 4294 1489 4348 multa
1517 4296 1669 4349 turba
1691 4306 1820 4350 esset
1848 4313 1966 4350 cum
1987 4295 2135 4352 .Iestt.

553 4383 661 4439 Sed
691 4401 880 4456 quare,
917 4383 1114 4442 fratres
1146 4388 1276 4452 mei,
1304 4386 1582 4449 Dominus,
1615 4389 1704 4458 qui
1737 4389 1892 4458 panis
1931 4399 2015 4444 est
2046 4404 2136 4444 sa-

551 4477 812 4545 turitatis,
843 4491 970 4532 suos
995 4491 1258 4548 sequaces
1283 4477 1517 4532 inediam
1553 4478 1660 4548 pati
1695 4478 1907 4534 voluit?
1931 4479 2138 4549 Duplici

2241 1985 2379 2038 detis
2395 1996 2556 2048 super
2578 1977 2803 2032 amictus
2827 1977 3048 2037 habere,
3069 1974 3273 2028 habere
3288 1981 3582 2027 mementote.
3595 1973 3702 2040 Super

2239 2073 2436 2145 quibus
2480 2087 2610 2127 vero
2654 2071 2921 2141 praecipue
2964 2067 3218 2124 misereri
3258 2065 3533 2132 debeamus,
3555 2069 3704 2122 ostendit

2241 2181 2363 2220 cum
2396 2165 2607 2219 subdit:
2631 2161 2769 2228 Quia
2790 2162 2906 2231 jam
2938 2161 3120 2216 triduo
3153 2161 3398 2214 sustinent
3441 2175 3525 2212 nte.
3557 2158 3604 2213 Et
3630 2174 3704 2212 cum

2240 2260 2511 2322 omnibus,
2537 2256 2737 2310 fratres
2774 2256 2896 2318 mei,
2931 2252 3180 2308 misereri
3218 2260 3272 2306 et
3309 2249 3557 2306 subvenire
3584 2251 3707 2306 debet.

2243 2368 2384 2413 Inus,
2405 2360 2583 2404 tamen
2603 2347 2872 2420 pracipue
2887 2347 2967 2402 eis
2983 2347 3078 2416 qui
3101 2345 3380 2399 Dominum
3395 2355 3642 2412 sequuntur,
3653 2343 3706 2411 qui

2242 2445 2360 2514 ejus
2379 2441 2628 2496 mandata
2647 2437 2913 2510 portando
2931 2439 3206 2503 laborant,
3227 2435 3364 2491 unde
3381 2435 3631 2506 Apostolus:
3646 2433 3709 2488 Fr-

2243 2537 2444 2588 eiamus
2465 2535 2655 2586 bonum
2678 2532 2745 2585 ad
2764 2547 2966 2595 omnes,
2989 2531 3230 2584 maxime
3248 2539 3412 2582 autem
3431 2529 3491 2580 ad
3504 2529 3710 2581 dantuiri:

2242 2627 2366 2697 ﬁdei
2385 2624 2528 2692 (Gal.
2549 2626 2644 2692 tv).
2662 2621 2767 2679 Sed
2785 2631 2838 2678 et
2858 2622 2908 2676 in
2929 2622 3035 2678 hoc
3050 2620 3200 2690 quod
3219 2619 3463 2684 Dominus
3474 2634 3560 2674 nun
3571 2618 3716 2673 dimittit

2241 2733 2338 2774 eos
2374 2713 2591 2787 jejunos
2633 2714 2685 2769 in
2717 2714 2938 2774 domum
2976 2727 3162 2777 suam,
3207 2727 3275 2766 ne
3301 2709 3560 2766 deficerent
3586 2708 3624 2762 in
3649 2710 3712 2768 ria.

2244 2811 2484 2867 ostendit
2511 2824 2574 2864 se
2596 2821 2716 2864 esse
2747 2808 2893 2878 pium
2921 2816 2979 2862 et
3005 2805 3222 2862 fidelem
3267 2817 3421 2874 super
3453 2801 3601 2858 fideles
3627 2816 3715 2860 nos.

2239 2902 2393 2972 juxta
2427 2902 2568 2972 quod
2591 2899 2883 2970 Apostolus
2899 2899 2976 2954 ait
2995 2916 3010 2953 :
3027 2898 3209 2966 ﬁdelis
3229 2896 3486 2956 Dominus.
3499 2895 3651 2963 quinos
3663 2909 3718 2958 pa-

2247 2996 2406 3049 tietur
2422 3010 2511 3048 vos
2531 2993 2724 3048 tentari
2745 3007 2905 3061 supra
2929 2990 2985 3046 id
3011 2989 3158 3060 quod
3174 2988 3405 3057 potestis,
3421 2985 3499 3042 sed
3519 2984 3632 3053 feciet
3648 2995 3717 3046 aa.

2247 3087 2533 3142 tentatione
2553 3095 2878 3156 proventum,
2906 3092 2963 3140 ut
2997 3083 3219 3154 possitis
3243 3083 3481 3136 sustinere
3499 3077 3542 3147 (ι
3565 3076 3654 3131 Cor.
3672 3081 3716 3144 ι).

2170 3212 2215 3272 c
2246 3183 2354 3239 Nos
2383 3198 2538 3254 ergo,
2580 3181 2799 3272 fratres,
2826 3179 3080 3249 exemplo
3113 3178 3354 3240 Domini,
3382 3177 3562 3234 viscera
3584 3171 3719 3230 stiteri-

2247 3275 2450 3332 cordia:
2506 3289 2672 3344 super
2715 3270 2944 3330 alllietos
2991 3283 3216 3339 semper
3259 3269 3546 3332 habeamus,
3569 3267 3722 3326 scim

2243 3370 2510 3435 quoniam
2535 3367 2682 3438 quali
2707 3381 2960 3436 mensura
2991 3363 3170 3420 mensi
3198 3361 3454 3422 fuerimus
3481 3361 3595 3426 aliis,
3613 3371 3724 3416 reu-

2243 3460 2600 3526 tieturnobis.
2632 3457 2689 3514 Si
2712 3457 3097 3514 misericordes
3125 3454 3409 3530 fuerimus,
3431 3451 3725 3508 misericordes

2239 3551 2479 3624 iudicem
2509 3549 2871 3620 inveniemus.
2907 3547 2964 3604 Si
2985 3545 3448 3608 immisericordes
3463 3541 3728 3600 erimusaliis,

2242 3653 2299 3699 et
2322 3643 2463 3698 Deus
2486 3643 2871 3698 immisericors
2891 3637 3197 3704 critnobis.
3217 3637 3372 3698 Unde
3395 3636 3615 3702 Iacobus:
3632 3631 3731 3686 led;-

2244 3738 2381 3790 cium
2411 3735 2524 3790 sine
2545 3733 2908 3806 misericordia
2934 3733 3022 3806 ﬁet
3047 3733 3094 3788 ei
3119 3733 3220 3803 qui
3241 3749 3344 3786 non
3355 3725 3731 3800 [eceritutisetitar-

2243 3830 2386 3882 diam
2414 3827 2557 3897 (Jac.
2585 3827 2671 3897 ιι).
2709 3812 2881 3893 Unde,
2920 3826 3158 3892 fratres,
3208 3825 3405 3895 plango
3433 3821 3640 3892 quosdam
3661 3815 3732 3868 ωὲῡ

2243 3921 2462 3976 nomine
2505 3920 2870 3985 Christianos,
2901 3920 3015 3990 qui,
3048 3917 3214 3990 quasi
3258 3916 3420 3978 ferrei
3455 3925 3536 3969 aut
3557 3911 3733 3968 sanies

2244 4025 2388 4081 scnt,
2414 4031 2580 4086 super
2615 4016 2843 4086 afﬂictos
2883 4016 3030 4072 nulla
3079 4025 3378 4088 moventur
3409 4014 3594 4084 pietate.
3617 4006 3734 4062 Sedet

2241 4108 2291 4164 si
2317 4109 2540 4179 quando
2572 4109 2808 4164 transire
2849 4109 2931 4164 eis
2970 4108 3044 4162 sit
3071 4122 3304 4164 necesse
3328 4107 3474 4178 juxta
3501 4099 3731 4158 tuendum.

2244 4203 2399 4273 juxta
2432 4201 2732 4273 leprosum,
2775 4200 2928 4271 juxta
2979 4201 3188 4272 nudum
3235 4208 3292 4258 et
3342 4189 3734 4258 miserumJadﬁP

2245 4307 2530 4366 avertunt;
2580 4312 2675 4353 eos
2699 4311 2797 4352 nec
2847 4297 3092 4366 aspicere
3131 4305 3366 4366 queunt,
3406 4290 3545 4363 quasi
3569 4289 3735 4346 human!

2246 4389 2560 4461 fragilitatis
2588 4391 2956 4446 conditionem
2985 4391 3137 4460 obliti
3168 4399 3322 4448 sunt.
3349 4387 3445 4454 Qui
3468 4380 3664 4440 tanteua'i
3691 4377 3737 4440 τέ·

2247 4482 2428 4536 derint
2447 4481 2658 4538 asinum
2678 4480 2761 4538 vel
2779 4496 3002 4551 porcum
3019 4496 3180 4536 suum
3208 4479 3500 4541 inﬁrmum,
3519 4468 3733 4528 condoluit.
3810 4471 3811 4478 “

552 4571 620 4626 de
663 4586 847 4635 causa,
876 4580 934 4624 ut
966 4571 1123 4625 fidem
1163 4587 1315 4626 suam
1358 4572 1411 4626 in
1436 4572 1690 4628 cordibus
1720 4589 1942 4628 suormn
1975 4575 2136 4628 robo-
2174 4580 2220 4638 ι)
2247 4572 2513 4629 medelam
2563 4573 2841 4634 adhibent,
2900 4573 3163 4642 plangunt
3206 4578 3534 4642 pereuntem.
3575 4562 3629 4622 .Ul
3663 4554 3736 4627 ςιωί

551 4671 719 4724 raret,
748 4663 874 4719 dum
898 4661 1108 4718 scilicet
1131 4665 1440 4718 esurientes
1471 4664 1610 4718 miro
1633 4674 1688 4718 et
1712 4663 1957 4718 inaudito
1981 4665 2144 4719 modo

557 4756 812 4818 satiaret.
841 4765 896 4809 et
935 4765 993 4810 ut
1021 4757 1348 4828 sequacibus
1376 4757 1489 4811 suis
1511 4757 1818 4826 exemplum
1852 4759 2141 4827 praeberet,

554 4858 614 4904 ut
672 4849 880 4906 scilicet
908 4849 952 4905 si
990 4850 1318 4920 quandoque
1372 4849 1606 4905 inediam
1641 4860 1982 4920 paterentur,
2037 4867 2144 4906 non

556 4943 924 5013 desperarent,
957 4941 1052 4995 sed
1085 4940 1502 4995 recordarentur
1546 4941 1712 4996 etiam
1760 4941 1901 5006 illos,
1931 4943 2025 5012 qui
2052 4941 2146 4997 Je-

558 5050 675 5090 sum
726 5037 1002 5093 Christum
1055 5038 1415 5108 corporaliter
1468 5041 1860 5111 sequebantur,
1908 5041 2144 5096 inediam

556 5128 726 5183 tuisse
747 5145 957 5198 passos,
984 5139 1038 5186 et
1063 5130 1241 5188 subito
1266 5130 1497 5202 gloriose
1519 5134 1767 5196 satiatos,
1795 5142 2142 5204 etsperaren'

559 5233 622 5273 se
648 5235 864 5289 quoque
912 5221 979 5277 ab
1010 5235 1077 5274 eo
1105 5230 1358 5291 potenter
1379 5222 1702 5279 visitandos.
1731 5222 1847 5294 ipsa
1887 5224 2143 5290 nimirum

561 5311 741 5366 inedia
776 5310 1088 5382 frequenter
1113 5315 1315 5370 sanctis
1335 5316 1582 5386 perutilis
1607 5325 1710 5382 est,
1729 5317 1856 5372 dum
1881 5317 2026 5386 cogit
2050 5331 2146 5372 eos

557 5411 910 5460 contemnere
939 5406 1275 5476 temporalia,
1301 5418 1354 5464 et
1375 5408 1649 5479 suspirare
1677 5409 1742 5464 ad
1771 5417 1996 5473 aeterna,
2022 5410 2148 5466 dum

559 5497 803 5553 maculas
841 5515 1024 5556 eorum
1050 5511 1264 5572 purgat,
1283 5503 1408 5558 dum
1436 5503 1662 5558 virtutes
1685 5504 1875 5568 nutrit,
1906 5504 2030 5558 dum
2057 5519 2150 5560 eos

559 5591 772 5646 modico
820 5601 1100 5648 contentos
1139 5594 1288 5650 facit.
1322 5594 1806 5652 Sicuteeoutrario
1832 5597 2148 5666 quotidiana

560 5686 758 5740 multos
799 5688 1104 5756 corrumpit
1144 5688 1499 5744 abundantia.
1556 5689 1706 5746 Unde
1753 5691 2012 5746 Dominus
2056 5705 2152 5760 per

559 5780 923 5848 prophetam:
964 5779 1117 5846 Παῖς,
1165 5782 1358 5850 inquit,
1396 5784 1495 5853 fuit
1529 5784 1782 5851 iniquitas
1816 5786 2013 5842 sororis
2046 5794 2152 5839 tua

562 5870 827 5933 Sodomw,
857 5873 1112 5928 saturitas
1138 5875 1290 5928 uanis
1315 5885 1360 5928 et
1401 5877 1726 5930 abundantia
1765 5877 1982 5931 tEsec/r.
2011 5876 2148 5937 ινι).

2250 4667 2376 4730 hoc,
2413 4668 2634 4734 fratres,
2671 4664 2775 4722 nisi
2804 4665 2928 4733 quia
2968 4663 3240 4730 cbaritate
3273 4663 3366 4724 Dei
3407 4669 3458 4724 et
3481 4651 3664 4728 prasini
3689 4661 3736 4701 τε·

2251 4767 2396 4823 rent,
2430 4757 2514 4812 cui
2554 4766 2871 4827 prazponunt
2901 4756 3115 4826 asinum
3151 4755 3236 4819 sel
3264 4768 3486 4826 peresam
3507 4746 3657 4818 suum!

2325 4849 2583 4917 Sequitur
2609 4863 2738 4918 pars
2773 4848 2956 4914 tertia,
3006 4848 3060 4912 in
3089 4863 3194 4918 qua
3246 4845 3539 4916 ostenditur
3568 4832 3736 4909 imperi?
3808 4843 3809 4904 Ι

2249 4940 2361 4994 ctio
2414 4938 2824 5012 discipulorum,
2878 4955 3003 4994 cum
3050 4925 3302 5008 Domino
3334 4923 3738 5016 respondentesdi-

2250 5042 2413 5090 cunt:
2439 5029 2591 5090 Unde
2613 5032 2731 5102 quis
2751 5032 2937 5102 poterit
2959 5031 3052 5100 fias
3073 5042 3324 5104 saturare
3340 5029 3544 5102 pagi!!!
3559 5024 3603 5094 ἰέι

2251 5125 2421 5189 dine?
2448 5123 2918 5195 lmperfectionem
2974 5124 3121 5194 enim
3181 5111 3344 5195 suain
3376 5118 3595 5196 discipuli
3625 5122 3740 5184 0⁸⁸⁵⁸

2251 5219 2408 5284 dunt,
2449 5218 2576 5282 dum
2601 5218 2657 5284 in
2686 5219 2972 5289 praesentia
2988 5217 3198 5284 Domini
3226 5216 3441 5289 turbam
3461 5226 3582 5288 pane
3599 5197 3734 5262 ειιὶπίο
3805 5219 3807 5282 l

2253 5310 2338 5372 vel
2379 5308 2713 5378 impossibile
2753 5308 2833 5374 sel
2855 5307 3069 5383 difﬁcile
3099 5307 3315 5374 dicunt.
3346 5303 3618 5382 llumanatn
3639 5292 3738 5364 etiam
3806 5313 3807 5383 1

2254 5401 2608 5462 tentationem
2656 5413 2718 5466 se
2769 5415 2959 5471 passos
3009 5399 3413 5476 demonstrauit,
3459 5395 3570 5448 dum
3607 5393 3736 5460 εςριεω

2253 5510 2425 5564 Panes
2457 5494 2631 5560 turbis
2659 5493 2983 5558 suffecturas
3014 5494 3067 5547 iu
3091 5481 3311 5548 Domini
3335 5483 3599 5563 praesentia
3618 5479 3737 5543 desse

2257 5597 2403 5648 rant.
2429 5585 2578 5652 lianc
2618 5585 2728 5640 imo
2772 5584 3055 5654 majorem,
3105 5582 3463 5654 pejoremth
3489 5569 3736 5630 tentatioﬂ'iﬁ

2253 5680 2568 5749 frequenter
2599 5681 2855 5749 patimur,
2885 5679 3082 5733 fratres
3129 5676 3257 5739 mei,
3301 5657 3736 5730 cumlamelicoth'

2256 5786 2438 5838 mante
2465 5780 2532 5830 ad
2550 5773 2793 5843 ianuam,
2833 5788 3124 5828 causamur
3161 5787 3258 5826 nos
3293 5771 3556 5848 modicum
3588 5764 3735 5814 anno:

2255 5871 2456 5932 habere
2484 5874 2539 5927 in
2594 5871 2810 5940 horreo,
2865 5866 3134 5924 modicum
3179 5865 3345 5940 panis
3389 5866 3443 5922 iu
3480 5859 3734 5925 arcam?“

3803 5561 3805 5696 ι

3801 5699 3805 5873 l
