3896 6320
499 416 636 478 200‘!

1035 518 1311 584 HOMILIA
1360 527 1540 585 XVIII.

778 624 1029 676 DOIINICA
1059 635 1265 675 ocnva
1287 635 1415 675 ros'r
1442 635 1794 677 TRIM'I‘ATEI.

570 715 838 769 Debitores
867 731 1047 768 sumus
1095 730 1197 768 non
1228 714 1398 777 carni,
1438 723 1492 766 ut
1517 716 1819 783 :secundum
1872 730 2085 769 carnem

498 809 727 861 vivamus
778 808 957 877 (Rom.
1006 808 1159 877 vm),
1192 816 1298 862 etc.
1348 805 1609 877 Bipertita
1636 817 1719 863 est
1756 808 1871 864 haec
1900 807 2083 873 lectio,

500 898 697 953 fratres
730 898 1059 954 cbarissimi.
1104 896 1287 951 Primo
1334 897 1479 951 enim
1516 914 1615 953 nos
1642 908 1823 954 monet
1852 900 2083 970 Aposto-

495 990 604 1059 lus,
642 1001 701 1047 ut
746 1008 851 1047 non
879 991 1172 1047 secundum
1200 1006 1442 1054 carnem,
1474 992 1567 1047 sed
1598 993 1890 1048 secundum
1924 993 2089 1063 spiri-

500 1094 615 1138 tum
645 1086 910 1139 vivamus.
960 1083 1210 1139 Secundo
1235 1085 1472 1141 ostendit
1508 1086 1751 1141 viventes
1792 1088 2086 1142 secundum

499 1173 748 1243 spiritum
794 1190 917 1229 esse
967 1174 1061 1228 Dei
1121 1175 1260 1231 filios
1302 1187 1359 1231 et
1399 1178 1656 1233 lueredes.
1708 1177 1930 1232 Ilioneus
1960 1193 2089 1249 ergo

498 1284 603 1323 nos
637 1268 949 1338 Apostolus,
990 1279 1050 1323 ut
1090 1284 1194 1324 non
1242 1272 1539 1326 secundum
1589 1286 1829 1335 carnem,
1875 1271 1968 1325 sed
2003 1286 2091 1327 se-

496 1362 733 1414 cttndum
790 1361 1039 1430 spiritum
1075 1362 1345 1428 vivamus,
1398 1363 1474 1417 ait
1514 1380 1526 1415 :
1571 1362 1843 1417 Debitores
1883 1380 2086 1431 sumus,

498 1455 728 1511 subaudi
762 1456 997 1527 spiritui,
1047 1472 1151 1511 non
1181 1457 1354 1510 carni.
1398 1455 1465 1510 Ut
1496 1456 1698 1521 nostis,
1733 1455 1931 1511 fratres
1960 1456 2092 1511 elia-

498 1550 723 1616 tissimi,
776 1560 904 1605 tunc
948 1552 1120 1619 patris
1158 1551 1393 1605 familias
1439 1552 1633 1605 domus
1670 1550 1809 1605 bene
1840 1552 2089 1605 ordinata

498 1653 599 1707 est,
636 1661 756 1700 cum
788 1648 868 1700 vir
900 1655 982 1701 cst
1005 1646 1282 1714 subjectus
1311 1657 1366 1701 et
1386 1647 1644 1701 obedieus
1672 1645 1803 1712 Deo,
1835 1655 1889 1701 et
1914 1646 2091 1701 domi-

500 1746 659 1791 natur
682 1750 735 1793 ct
763 1740 901 1809 regit
923 1750 1089 1793 totam
1113 1738 1371 1793 familiam
1399 1748 1453 1794 et
1478 1754 1701 1794 uxorem
1728 1749 1783 1795 et
1806 1755 1944 1795 uxor
1966 1754 2087 1795 cum

502 1838 611 1883 tota
668 1832 871 1887 familia
912 1834 960 1887 ei
1006 1832 1300 1887 famulatur
1339 1843 1394 1887 et
1430 1832 1634 1888 ubedit.
1673 1833 1823 1888 Unde
1852 1835 2089 1904 Aposto-

501 1921 583 1976 lus
613 1941 624 1975 :
666 1922 777 1985 Vir,
808 1924 1002 1994 inquit,
1027 1936 1099 1978 est
1133 1936 1288 1995 caput
1332 1926 1605 1991 mulieris;
1640 1925 1884 1981 Christus
1917 1940 2091 1983 autem
2122 1895 2170 1956 Β

502 2012 600 2063 riri
623 2010 842 2082 (Epltes.
870 2014 945 2085 v).
981 2013 1114 2068 Cum
1147 2030 1276 2069 vero
1299 2016 1491 2069 mulier
1519 2026 1573 2069 et
1600 2015 1803 2071 familia
1836 2034 1941 2073 non
1965 2027 2094 2074 sunt

501 2102 728 2159 subdita:
749 2106 884 2172 viro,
907 2106 999 2161 sed
1026 2107 1205 2176 potius
1224 2107 1307 2159 vir
1332 2108 1430 2171 eis,
1456 2108 1650 2163 domus
1679 2109 1819 2164 male
1842 2110 2090 2166 ordinata

501 2204 607 2249 est.
636 2196 805 2250 Porro
848 2198 961 2251 haec
1016 2197 1348 2252 iuordinatio
1391 2196 1493 2253 fuit
1554 2200 1605 2253 in
1656 2200 1891 2271 hospitio
1933 2201 2093 2272 primi

501 2289 761 2356 parentis,
796 2288 889 2358 qui
932 2288 1317 2355 obedientiam,
1366 2304 1527 2360 quam
1580 2290 1812 2347 debebat
1862 2295 1992 2359 Deo,
2045 2292 2095 2349 ei

502 2393 609 2433 non
643 2381 894 2449 reddidit,
926 2385 1018 2440 sed
1073 2386 1254 2455 potius
1309 2387 1521 2442 mulieri
1554 2390 1789 2444 seducta:
1826 2390 1933 2459 (cui
1987 2404 2094 2446 non

498 2472 890 2543 obedientiam,
922 2479 1014 2533 sed
1048 2480 1286 2551 regimen
1318 2492 1373 2536 et
1414 2482 1811 2537 correctionem
1837 2483 2094 2555 debebat)

499 2564 759 2623 obediens
816 2569 936 2635 fuit,
975 2581 1197 2643 propter
1242 2573 1397 2644 quod;
1426 2574 1479 2628 in
1515 2574 1971 2630 inordinatiouem
2012 2575 2095 2630 sui

502 2656 673 2727 ipsius
704 2661 917 2727 cecidit,
962 2664 1087 2733 quia
1141 2666 1472 2721 sensualitas
1502 2667 1733 2737 propria:
1764 2667 1945 2722 carnis
1972 2682 2095 2723 cum

502 2752 755 2808 sensibus
795 2755 910 2809 suis
956 2771 1054 2811 suo
1093 2758 1279 2827 capiti,
1313 2759 1364 2814 id
1392 2767 1475 2814 est
1500 2759 1735 2829 spiritui,
1772 2760 2097 2830 plerumque

501 2861 610 2900 nou
643 2847 850 2912 obedit,
880 2850 973 2904 sed
1001 2850 1177 2920 potius
1224 2852 1572 2916 contradicit,
1599 2861 1654 2907 et
1695 2868 1819 2906 eum
1870 2853 1935 2906 ad
1967 2869 2099 2908 con-

502 2939 873 3006 sentiendum,
900 2957 1004 2996 non
1035 2943 1199 3013 capiti
1229 2958 1327 2999 suo
1348 2945 1477 3009 Deo,
1503 2943 1597 2999 sed
1628 2944 1741 2999 suis
1767 2945 2099 3014 serpentiuis

504 3033 940 3102 suggestionibus
965 3035 1223 3102 trabit,ut
1246 3037 1435 3093 relicto
1466 3036 1595 3101 Deo,
1622 3036 1848 3100 et‘cmlo,
1867 3039 1932 3090 ad
1954 3036 2098 3107 quod

502 3134 718 3179 creatus
756 3135 867 3190 est,
896 3126 1011 3181 sola
1054 3127 1333 3192 inferiora,
1369 3138 1584 3183 terrena
1620 3128 1827 3183 scilicet
1862 3129 2093 3199 cogitet.

503 3227 719 3287 appetat
745 3229 798 3274 et
818 3229 1042 3289 qnzrrat,
1069 3232 1122 3276 et
1150 3222 1225 3276 ita
1260 3222 1426 3283 vivat,
1452 3236 1557 3276 non
1586 3219 1960 3291 spiritualiter,
2001 3221 2095 3277 sed

503 3312 816 3368 carnaliter.
862 3314 996 3369 Cum
1042 3315 1247 3384 itaque,
1288 3314 1487 3370 fratres
1532 3315 1657 3379 tnei,
1705 3324 1853 3369 tanta
1884 3324 1939 3368 et
1971 3314 2094 3371 talis

503 3404 834 3462 inordinatio
874 3422 904 3461 a
938 3408 1114 3476 primo
1150 3417 1376 3477 parente
1411 3408 1463 3463 in
1492 3421 1680 3462 omnes
1718 3422 1816 3462 nos
1847 3407 2092 3463 derivata

503 3505 667 3561 esset,
709 3498 857 3551 venit
892 3500 1059 3555 Filius
1093 3501 1186 3555 Dei
1237 3501 1413 3555 factus
1447 3500 1631 3566 homo,
1663 3509 1722 3553 ut
1749 3501 1995 3569 exemplo
2033 3510 2089 3556 et

503 3592 677 3660 gratia
710 3596 969 3647 amissam
1015 3594 1415 3649 ordinationem
1462 3592 1516 3647 in
1549 3594 1712 3648 nobis
1759 3595 2091 3660 restitueret,

503 3684 825 3756 praecipiens
859 3696 918 3740 ut
947 3687 1013 3741 de
1046 3696 1243 3741 caetero
1274 3702 1425 3742 mens
1454 3696 1639 3742 nostra
1689 3688 1797 3743 Deo
1844 3689 2093 3755 serviret,

504 3779 914 3835 sensualitatem
965 3795 1088 3834 cum
1148 3780 1405 3836 sensibus
1468 3780 1581 3834 suis
1632 3780 2095 3837 sibi-consentire

505 3871 871 3939 compelleret,
904 3882 961 3927 ut
986 3876 1059 3928 ita
1089 3874 1393 3929 viveremus
1419 3874 1712 3929 secundum
1740 3874 2010 3944 spiritum,
2042 3881 2097 3929 et

503 3978 612 4018 non
638 3965 933 4019 secundum
965 3980 1203 4021 carnem.
1229 3967 1295 4021 Et
1324 3969 1424 4025 IIOC
1447 3980 1530 4025 cst
1573 3972 1716 4041 quod
1754 3968 1830 4022 ait
1858 3968 2098 4037 Aposto-

503 4053 609 4120 lus,
660 4059 933 4115 debitores
979 4074 1168 4116 sumus
1220 4062 1454 4133 spiritui,
1512 4079 1615 4119 non
1647 4063 1822 4118 carni.
1871 4061 1937 4117 Et
1966 4060 2095 4132 quia

504 4148 749 4215 quaedam
798 4150 1057 4205 debemus
1090 4153 1264 4216 carni,
1296 4162 1353 4207 ut
1383 4153 1799 4216 correctionem,
1833 4152 2094 4223 regimen,

504 4244 562 4291 et
588 4240 1247 4313 providentiam,exponit
1280 4245 1462 4315 inquo
1486 4262 1592 4300 non
1624 4247 1795 4301 simus
1821 4245 2096 4299 debitores

506 4330 685 4395 carui,
716 4346 838 4385 cum
864 4334 1045 4387 subdit
1082 4353 1095 4387 :
1130 4332 1198 4388 Ut
1244 4338 1529 4391 secundum
1576 4353 1787 4391 carnem
1837 4335 2093 4391 riramus.

508 4420 768 4488 Quamvis
790 4424 960 4490 enim,
996 4423 1194 4481 fratres
1244 4429 1372 4493 mei,
1412 4430 1465 4483 in
1498 4443 1666 4484 carne
1716 4430 1979 4491 vivamus.
2013 4438 2097 4484 ta-

505 4531 631 4569 tuen
671 4517 970 4572 secundum
1020 4534 1265 4588 carnem,
1310 4520 1363 4575 id
1405 4532 1488 4576 est
1529 4532 1822 4577 secundum
1850 4522 2097 4578 volunta-

1545 404 1893 477 sponsos.
1931 395 2001 464 ξ
2042 414 2390 479 BADULPHI
2431 416 2779 478 ARDENTIS

2118 538 2161 598 Α
2191 535 2281 590 ille
2313 536 2427 608 qui,
2488 538 2694 593 amisso
2748 536 2982 601 bonore,
3024 534 3079 590 in
3113 547 3225 606 quo
3263 532 3332 589 ad
3374 529 3656 604 imaginem
3688 540 3756 592 Lei

3397 392 3455 411 ηιθ-

3649 412 3760 483 suos

2190 641 2407 685 creatus
2431 630 2627 694 fuerat,
2655 629 2833 685 factus
2863 640 2945 685 est
2972 631 3175 687 brutus
3195 636 3253 684 et
3278 644 3504 692 curvus,
3533 643 3671 683 more
3691 648 3761 699 pe-

2190 720 2365 785 cudis,
2393 735 2556 789 super
2576 731 2800 786 terram,
2830 731 2888 777 ut
2912 722 2979 777 de
3007 738 3075 777 eo
3101 721 3306 776 merito
3333 720 3552 775 dicatur
3582 738 3595 774 :
3628 720 3759 777 Homo

2192 827 2309 864 cum
2335 815 2389 865 in
2418 811 2615 867 honore
2666 824 2796 868 esset
2852 832 2958 868 non
3012 814 3303 879 intellexit,
3335 823 3665 882 comparatus
3708 826 3763 869 est

2192 904 2447 969 iumentis
2475 905 2862 975 insipientibus,
2897 918 2946 961 et
2969 907 3163 961 similis
3191 906 3375 977 factus
3406 916 3481 959 est
3501 906 3604 959 illis
3626 905 3762 965 (Ρωι.

2192 996 2415 1066 XLVIII).
2446 995 2636 1053 Nonne
2656 998 2819 1053 etiam
2849 998 2937 1055 hic
2988 999 3132 1053 male
3189 998 3436 1053 moritur
3482 998 3575 1066 qui
3602 997 3695 1050 vita
3726 1008 3767 1053 et

2193 1101 2323 1141 vera
2350 1088 2468 1143 luce
2518 1090 2659 1161 (qtue
2693 1090 2832 1146 Deus
2862 1090 2967 1161 est)
3017 1091 3107 1145 hic
3155 1090 3435 1161 privatur,
3488 1092 3767 1145 ettenebris

2195 1183 2545 1238 interioribus
2604 1186 2931 1240 involvitur?
2988 1184 3183 1240 Nonne
3236 1186 3291 1239 in
3347 1183 3539 1239 futuro
3574 1184 3767 1253 pessime

2195 1276 2463 1329 morietur
2487 1276 2579 1345 qui
2631 1277 2882 1333 tenebras
2926 1279 3253 1344 exteriores,
3293 1277 3391 1332 ubi
3436 1278 3547 1332 erit
3570 1276 3769 1334 lletnset

2195 1366 2399 1422 stridor
2420 1368 2659 1423 dentium
2690 1384 2904 1441 semper
2930 1371 3173 1441 patietur
3200 1388 3217 1427 :
3250 1385 3420 1442 quem
3448 1384 3657 1440 semper
3673 1386 3770 1424 cru~

2196 1460 2361 1515 ciabit
2416 1461 2555 1532 ignis
2603 1463 2693 1532 qui
2744 1479 3023 1533 nunquam
3072 1464 3477 1534 exstinguitur,
3516 1472 3571 1517 et
3609 1462 3771 1521 vermis

2195 1549 2285 1618 qui
2320 1566 2597 1621 nunquam
2656 1553 2932 1607 moritur?
2988 1552 3048 1608 Si
3104 1565 3308 1620 autem,
3367 1554 3570 1625 inquit,
3621 1556 3771 1624 spirits

2196 1640 2340 1708 facta
2371 1644 2543 1696 carnis
2597 1644 3059 1712 mortiﬁeareritis,
3093 1645 3301 1698 vinetis.
3346 1643 3549 1699 Posset
3598 1644 3769 1713 quidem

2195 1733 2505 1804 Apostolus,
2538 1735 2681 1789 sicut
2703 1736 2948 1791 dixerat:
2996 1734 3058 1790 Si
3088 1739 3387 1790 secundum
3423 1750 3637 1789 carnem
3664 1737 3773 1792 riss-

2197 1828 2318 1881 ritis
2354 1827 2671 1892 moriemini,
2706 1828 2777 1882 ita
2802 1829 3117 1883 econtrario
3143 1828 3333 1885 dicere
3364 1843 3382 1882 :
3413 1829 3477 1883 Si
3513 1838 3680 1883 autem
3703 1845 3770 1885 se-

2198 1922 2435 1975 cundum
2488 1920 2740 1990 spiritum
2791 1920 3063 1985 vixeritis,
3106 1922 3330 1975 vivetis.
3391 1919 3509 1976 Sed
3561 1923 3772 1991 quoniam

2196 2013 2416 2083 quidam
2467 2012 2585 2067 sine
2632 2013 2959 2067 abstinentia
3006 2023 3064 2067 et
3095 2012 3484 2068 maceratione
3521 2015 3704 2077 carnis,
3729 2028 3773 2068 se

2198 2104 2555 2174 spiritualiter
2581 2104 2763 2158 vivere
2805 2104 3050 2173 possein
3095 2103 3200 2160 hac
3254 2104 3372 2157 vita
3416 2111 3634 2174 putant,
3668 2104 3771 2174 vigi-

2199 2199 2374 2253 lanter
2397 2198 2471 2251 ait
2518 2216 2532 2251 :
2578 2195 2634 2251 Si
2687 2196 2828 2265 facta
2888 2198 3064 2251 carnis
3100 2198 3296 2265 spiritu
3340 2196 3773 2264 ntortiﬁeareritis,

2199 2290 2394 2345 viceris.
2419 2290 2585 2356 Quasi
2608 2289 2821 2345 diceret
2854 2306 2867 2342 :
2915 2288 2973 2343 Si
3002 2288 3230 2358 spiritus
3253 2289 3446 2344 saneti
3482 2289 3689 2351 virtute,
3710 2287 3776 2343 vel

2198 2382 2364 2438 etiam
2395 2387 2594 2439 virtute
2618 2383 2841 2453 spiritus
2868 2382 3060 2447 vestri,
3087 2398 3118 2437 a
3141 2381 3357 2452 Spiritu
3387 2390 3588 2437 sancto
3618 2380 3777 2435 illumi-

2205 2477 2345 2542 nati,
2376 2491 2475 2547 per
2515 2475 2900 2531 abstinentiam
2928 2475 3062 2531 vitia
3090 2485 3146 2530 et
3174 2484 3411 2546 peccata
3437 2474 3498 2528 in
3530 2488 3683 2529 carne
3704 2488 3775 2527 ve-

2202 2581 2317 2627 stra
2357 2570 2839 2636 mortificaveritis,
2882 2569 3098 2634 vivctis,
3145 2579 3203 2625 et
3232 2570 3329 2625 hic
3362 2569 3483 2622 vita
3528 2566 3775 2638 spirituali,

2199 2676 2255 2721 et
2291 2666 2345 2719 in
2396 2663 2579 2718 futuro
2618 2663 2725 2717 vita
2756 2662 2987 2717 caelesti.
3023 2662 3163 2717 Cum
3216 2660 3397 2724 enim,
3454 2655 3777 2723 fratresnci.

2201 2754 2432 2825 spiritus
2458 2762 2515 2808 et
2543 2768 2673 2808 caro
2699 2752 3001 2808 adiuvicem
3029 2768 3246 2822 semper
3270 2752 3581 2815 laetentur,
3611 2759 3781 2821 quanto

2201 2855 2286 2902 est
2330 2844 2562 2899 debilior
2616 2859 2782 2910 caro,
2835 2853 2989 2900 tanto
3045 2843 3241 2899 fortior
3295 2852 3389 2899 est
3442 2843 3685 2914 spiritus.
3726 2839 3778 2895 Et

2201 2948 2407 3010 quanto
2439 2937 2633 2993 fortior
2674 2946 2757 2993 est
2785 2952 2935 3001 caro,
2984 2946 3133 2991 tanto
3164 2936 3411 2992 debilior
3435 2945 3528 2992 est
3569 2935 3777 3007 spiritus.

2206 3032 2357 3088 Unde
2378 3030 2673 3101 Apostolus
2702 3044 2718 3083 :
2746 3029 2993 3096 Quando,
3018 3031 3216 3099 inquit,
3246 3030 3529 3098 iri/imor,
3552 3038 3672 3082 lue
3692 3028 3780 3095 {or-

2204 3128 2309 3181 tior
2322 3142 2437 3181 sum
2461 3135 2509 3179 et
2524 3134 2706 3194 potens
2729 3122 2816 3194 (Il
2839 3124 2962 3179 Cor.
2982 3124 3107 3191 ιιι).
3137 3122 3209 3177 Et
3232 3123 3367 3177 alibi
3391 3142 3408 3176 :
3443 3120 3597 3186 γεω,
3621 3121 3784 3190 inquit,

2201 3234 2317 3289 ego,
2333 3218 2449 3288 jam
2481 3233 2585 3271 non
2614 3233 2730 3287 ego,
2755 3216 2874 3271 vivit
2902 3232 3020 3270 vero
3049 3216 3107 3268 in
3127 3230 3210 3270 me
3248 3212 3507 3268 Christus
3560 3212 3695 3283 (Col.
3717 3216 3781 3281 tt).

2203 3312 2281 3365 Ac
2305 3310 2352 3365 si
2379 3319 2564 3380 aperte
2595 3309 2770 3363 dicat:
2793 3308 2927 3363 Vivo
2946 3308 3192 3378 quidem,
3213 3308 3314 3361 sed
3343 3323 3461 3383 non
3482 3306 3594 3360 vita
3620 3319 3787 3361 catu-

2204 3402 2333 3457 lium
2357 3401 2638 3467 vitiorum,
2656 3416 2762 3470 qua
2787 3399 2939 3470 prius
2962 3399 3233 3466 vivebam,
3262 3398 3361 3454 sed
3381 3399 3498 3453 vita
3522 3395 3782 3469 spiritnaIi.

2278 3497 2539 3568 Sequitur
2565 3511 2691 3566 pars
2718 3496 2982 3561 secunda,
3014 3495 3068 3549 in
3098 3510 3205 3564 qua
3236 3495 3493 3551 ostendit
3520 3495 3790 3567 Apostolus

2205 3593 2447 3647 viventes
2475 3588 2769 3645 secundum
2813 3588 3064 3659 spiritum
3095 3602 3219 3643 esse
3256 3587 3406 3643 ﬁlios
3432 3588 3528 3643 Dei
3559 3598 3614 3642 et
3639 3588 3787 3642 barre-

2201 3686 2319 3753 tles,
2372 3686 2559 3741 dicens
2600 3702 2615 3738 :
2668 3683 2773 3750 Qui
2800 3684 2939 3738 enim
2968 3684 3159 3753 spiritu
3185 3682 3288 3737 Dei
3318 3694 3581 3753 aguntur,
3632 3684 3684 3735 lii
3704 3680 3789 3751 ﬁlii

2200 3788 2321 3834 sunt
2378 3777 2494 3831 Dei.
2540 3776 2742 3846 Spiritu
2783 3775 2876 3831 Dei
2942 3783 3177 3845 aguntur
3217 3776 3317 3846 qui
3372 3792 3485 3831 non
3538 3792 3567 3830 a
3613 3788 3785 3837 carne.

2203 3870 2287 3924 vel
2314 3885 2342 3922 a
2369 3868 2560 3938 spiritu
2586 3866 2843 3937 maligno,
2874 3867 2969 3921 sed
2997 3882 3027 3919 a
3060 3864 3271 3937 Spiritu
3295 3876 3498 3920 sancto
3522 3866 3625 3935 ipsi
3655 3860 3787 3919 cani

2201 3964 2525 4035 pncsidente
2547 4003 2561 4028 ,
2585 3963 2650 4016 ad
2674 3962 2811 4016 bene
2832 3960 3219 4033 cogitandum,
3252 3961 3592 4033 loquendum
3611 4003 3625 4026 ,
3651 3972 3788 4028 agen-

2201 4057 2440 4126 dumque
2508 4067 2759 4125 aguntur.
2823 4052 2941 4108 Non
3004 4064 3187 4107 autem
3235 4054 3316 4107 ait
3364 4064 3661 4123 reguntur,
3708 4048 3786 4105 sed

2202 4154 2345 4227 quod
2374 4153 2551 4224 majus
2576 4162 2681 4218 est,
2709 4160 2963 4222 aguntur.
2982 4149 3110 4223 ,Nou
3142 4152 3292 4207 enim
3317 4132 3524 4216 solum,
3559 4162 3614 4205 ιιι
3638 4162 3783 4220 eques

2200 4267 2423 4321 equum,
2442 4263 2541 4307 nos
2564 4248 2703 4319 regit
2732 4246 2991 4317 Spiritus,
3011 4246 3105 4301 sed
3127 4246 3296 4301 etiam
3324 4245 3538 4301 latente
3558 4244 3782 4315 energia,

2202 4347 2255 4401 id
2288 4354 2372 4401 est
2408 4343 2757 4415 operatione,
2817 4339 3047 4395 interius
3091 4344 3147 4393 tn
3172 4338 3332 4394 nobis
3360 4348 3647 4409 operatur.
3679 4334 3784 4404 Agit

2202 4439 2347 4494 enim
2380 4440 2433 4493 in
2458 4440 2617 4495 nobis
2647 4449 2707 4493 ut
2738 4453 2985 4508 agamus.
3012 4438 3131 4507 Ipse
3159 4437 3327 4501 enim,
3363 4448 3426 4491 ut
3449 4437 3529 4491 ait
3571 4436 3784 4505 Aposto-

2203 4530 2307 4594 lus,
2343 4546 2591 4600 operatur
2612 4534 2664 4587 in
2692 4534 2839 4587 nobis
2870 4542 2918 4586 et
2945 4530 3071 4585 velle
3090 4540 3138 4584 et
3161 4530 3419 4599 perﬁcere
3447 4527 3783 4598 (Philippm;

508 4616 615 4662 tem
646 4610 825 4664 carnis
849 4613 1032 4666 vivere
1059 4629 1166 4667 non
1210 4613 1487 4669 debemus.
1542 4614 1635 4668 llle
1665 4616 1811 4670 enim
1844 4616 1979 4671 vivit
2009 4631 2096 4672 se-
2132 4641 2177 4698 υ
2204 4625 2358 4691 Quod
2407 4635 2591 4694 aperte
2638 4633 2830 4679 contra
2877 4623 3000 4677 illos
3046 4632 3129 4677 est
3157 4622 3251 4693 qui
3303 4637 3364 4677 se
3393 4636 3494 4692 per
3519 4636 3576 4676 se
3600 4618 3785 4688 aliquid

507 4700 742 4755 cundum
798 4719 1040 4772 carnem,
1101 4707 1193 4776 qui
1236 4716 1718 4777 quantumcunque
1763 4718 1958 4779 potest,
2009 4726 2098 4765 vo-

507 4790 700 4847 luntati
727 4796 932 4862 pariter
954 4808 1008 4853 et
1032 4798 1293 4867 voluptati
1317 4801 1501 4854 carnis
1525 4800 1814 4867 satisfacit,
1838 4804 1928 4872 qui
1955 4803 2101 4857 scili-

418 4938 423 4941 _
508 4884 635 4941 licet
664 4885 837 4942 fertur
859 4887 1106 4955 ell'renis,
1150 4904 1302 4945 more
1346 4894 1583 4961 pecoris,
1623 4894 1679 4948 in
1706 4894 2017 4964 ingluviem,
2045 4894 2099 4949 in

507 4977 804 5047 luxuriam,
840 4983 891 5036 in
918 4982 1077 5049 iram,
1113 4983 1166 5038 in
1190 4984 1654 5056 incredulitatem,
1687 4989 1739 5043 in
1763 4990 2097 5059 superbiam,

509 5083 820 5144 caeteraque
870 5076 998 5129 vitia
1051 5093 1169 5146 quce
1224 5092 1290 5132 ex
1341 5094 1507 5134 carne
1563 5082 1763 5150 partim
1815 5083 2096 5149 oriuntur,

509 5170 564 5215 et
586 5166 833 5221 ltmuines
856 5166 1103 5221 carnales
1129 5168 1371 5225 efliciunt
1399 5179 1453 5225 ct
1476 5173 1758 5227 animales.
1777 5173 1935 5228 Tales
1954 5174 2099 5228 enim

508 5255 645 5311 nihil
670 5259 968 5326 spirituale,
999 5261 1131 5316 nihil
1160 5262 1401 5331 cwleste,
1432 5266 1564 5321 nihil
1594 5268 1836 5321 divinum
1862 5268 2097 5337 sapiunt,

508 5350 607 5405 sed
638 5350 807 5405 solam
834 5368 1053 5409 carnem
1086 5366 1139 5410 et
1167 5366 1387 5412 terram.
1417 5357 1570 5413 Unde
1594 5360 1883 5429 Apostolus
1916 5376 1931 5412 :
1965 5362 2100 5414 Aui-

509 5442 665 5497 malis
702 5444 857 5500 homo
908 5464 1011 5502 nou
1062 5452 1278 5520 percipit
1326 5469 1385 5506 ea
1429 5469 1546 5523 quin
1590 5454 1807 5522 spiritus
1842 5452 1934 5506 Dei
1980 5462 2099 5507 sunt

511 5532 567 5604 (Ι
597 5534 719 5588 Cor.
755 5537 839 5607 ιι).
893 5538 1031 5606 Quid
1079 5552 1259 5597 autern
1314 5543 1445 5596 tales
1500 5552 1817 5613 sequantur,
1862 5543 2100 5599 ostendit

511 5627 833 5700 Apostolus,
863 5649 986 5689 cum
1020 5637 1201 5692 subdit
1232 5655 1245 5693 :
1292 5637 1354 5691 Si
1402 5638 1543 5692 enim
1572 5639 1860 5691 secundum
1888 5654 2101 5693 carnem

511 5724 767 5791 vixeritis,
791 5728 1108 5783 moriemini.
1131 5730 1199 5783 Et
1227 5730 1315 5785 hic
1337 5741 1510 5785 morte
1534 5729 1729 5783 animae
1759 5729 1811 5783 in
1836 5729 2096 5799 peccatis,

512 5814 649 5867 etin
688 5815 892 5882 luturo,
949 5829 1123 5875 morte
1174 5820 1367 5875 anima:
1418 5820 1623 5890 pariter
1671 5829 1725 5874 et
1755 5821 2002 5889 corporis
2043 5821 2097 5875 in

511 5906 780 5975 eehcnna.
820 5907 1032 5978 Nonne,
1080 5912 1301 5980 fratres,
1349 5912 1512 5969 etiam
1559 5912 1646 5968 hic
1694 5913 1835 5971 male
1864 5913 2099 5971 moritur

2204 4733 2363 4787 agere
2393 4733 2552 4787 posse
2579 4727 2805 4787 putant;
2844 4732 2966 4771 cum
2998 4716 3262 4771 Dominus
3292 4714 3446 4770 dicat
3472 4716 3527 4769 in
3556 4714 3783 4781 Evange-

2204 4810 2275 4865 lio
2304 4826 2317 4864 :
2350 4810 2477 4864 Siue
2513 4826 2595 4863 nte
2619 4809 2747 4863 nihil
2773 4810 2991 4871 potestis
3019 4809 3215 4878 facere.
3259 4807 3367 4873 Qui
3391 4809 3553 4872 enim,
3596 4805 3781 4875 inquit,

2204 4901 2408 4969 Spiritu
2451 4900 2548 4955 Dei
2592 4912 2845 4971 aguntur,
2897 4901 2953 4954 Iti
3003 4910 3125 4955 sunt
3170 4898 3400 4969 ﬁliiDei
3451 4898 3632 4971 (Joan.
3678 4900 3778 4955 XV)-

2204 4993 2402 5061 Quales
2428 5008 2523 5048 vos
2548 5008 2670 5047 esse
2697 4992 2929 5048 debetis.
2977 4991 3100 5047 Non
3123 4994 3264 5047 enim
3287 4994 3558 5063 accepistis
3604 4992 3661 5045 in
3696 4989 3779 5044 ba-

2202 5087 2402 5157 ptismo
2447 5085 2657 5141 scilicet
2683 5096 2737 5139 et
2766 5086 3207 5150 conﬁrmatione,
3238 5087 3487 5155 spiritum
3529 5082 3778 5138 seri-ituris

2203 5181 2394 5233 iterum
2420 5179 2474 5233 in
2495 5179 2706 5243 timore,
2755 5180 2846 5233 sed
2893 5179 3168 5247 accepistis
3192 5179 3441 5247 spiritum
3473 5174 3775 5244 “optimis.

2206 5273 2355 5329 Unus
2389 5281 2443 5327 et
2491 5272 2657 5337 idem,
2694 5272 2892 5328 fratres
2931 5273 3059 5339 mei,
3091 5280 3177 5326 est
3214 5270 3459 5340 spiritus,
3492 5268 3575 5339 qui
3606 5282 3676 5321 ex
3704 5266 3775 5319 ὥ-

2204 5366 2396 5421 vcrsis.
2421 5380 2541 5433 qtuc
2570 5366 2806 5428 confert,
2829 5364 3009 5427 donis,
3032 5363 3262 5417 diversis
3299 5361 3599 5416 nominibus
3620 5371 3771 5411 von-

2206 5462 2311 5505 tur.
2345 5451 2580 5506 Vocatur
2603 5450 2747 5503 enim
2774 5448 2996 5517 spiritus
3019 5446 3116 5501 ira:
3137 5446 3427 5517 Egyptiis,
3448 5446 3560 5515 quia
3588 5444 3673 5496 eis
3700 5442 3773 5493 ia-

2207 5546 2327 5600 tulit
2376 5543 2676 5597 vindictam
2720 5540 2951 5610 peccati.
2986 5536 3225 5593 Vocatur
3255 5537 3476 5606 spiritus
3502 5530 3766 5588 servitutis

2201 5646 2258 5693 et
2294 5636 2501 5692 timoris
2539 5632 2759 5699 ludatis,
2785 5630 3042 5702 quoniam
3073 5628 3128 5683 in
3157 5628 3275 5699 lege
3298 5628 3378 5683 eis
3420 5628 3661 5681 timoreti-
3686 5622 3763 5675 ia-

2203 5728 2390 5784 cussit.
2435 5726 2585 5782 Unde
2635 5742 2703 5781 ex
2751 5726 2945 5781 timore
2991 5723 3174 5794 potius
3206 5738 3371 5794 quam
3398 5737 3460 5778 es
3501 5732 3686 5773 amore
3713 5712 3759 5768 ei

2203 5821 2534 5877 serviebant.
2564 5817 2805 5875 Vocatur
2844 5832 2990 5875 nunc
3016 5815 3242 5886 spiritus
3274 5813 3559 5885 adoptionis
3597 5806 3763 5861 ﬁdes.

2203 5918 2325 5985 bus,
2353 5914 2610 5987 quoniam
2658 5913 2741 5972 eis
2778 5910 2996 5969 lilialem
3037 5909 3254 5968 confert
3292 5908 3644 5967 dilectionem,
3672 5912 3765 5971 per

2258 6036 2293 6051 κ
