3890 6302
549 412 644 468 I9I

1465 399 1668 456 PAULI
1709 397 1768 452 S.
1811 392 2016 451 PETRI
2051 386 2534 449 CARNOTENSIS
2571 385 2878 445 MONACIII

2759 303 2764 307 .
2847 291 2914 308 ‘-‘

3715 388 3817 445 I92

539 539 729 601 garum
768 538 876 579 non
903 497 1058 591 longe
1084 521 1152 574 ab
1175 517 1310 572 urbe
1331 514 1622 571 Carnotum
1660 511 1935 581 eleganter
1961 509 2123 562 situm
2161 512 2199 565 Α
2233 519 2426 575 magno
2459 503 2654 574 gaudio
2687 501 2954 572 receptis,
2991 509 3155 572 atque
3207 502 3487 559 adnitente
3526 503 3693 558 totius
3729 517 3826 572 po-

543 599 661 675 solo
689 626 844 672 tenus
877 612 1164 686 destruxit,
1190 611 1402 668 hostilis
1431 621 1620 662 manus
1654 604 1932 660 civitatem
1983 599 2128 655 obsi-

545 709 704 764 dione
718 704 958 779 cepitet,
977 704 1118 758 sicut
1147 699 1522 772 praemisimus,
1547 695 1669 765 igne
1689 691 1970 747 succendit
1992 689 2127 758 ('26).

545 797 696 852 Tunc
717 795 967 863 equidem
993 806 1134 860 sape
1160 791 1338 845 dictus
1363 788 1511 842 locus
1533 785 1600 839 ab
1622 783 1867 838 hostibus
1892 781 2131 852 praphac

545 898 726 953 natus,
753 887 966 958 ignibus
1010 886 1170 939 etiam
1203 889 1604 938 concrematur.

620 978 746 1034 VIII.
787 978 927 1032 Pace
965 991 1114 1038 vero,
1157 973 1336 1028 divina
1368 967 1783 1042 propiciatione,
1830 965 2067 1029 reddita,
2100 977 2130 1016 a

543 1061 777 1141 quodam
817 1071 1067 1138 episcopo
1105 1065 1218 1136 (27)
1259 1063 1439 1118 divino
1471 1061 1751 1123 instinctu,
1795 1071 1962 1127 parvo
2009 1055 2133 1110 licet

545 1171 785 1219 scemate
829 1159 1167 1216 reediticatus
1213 1154 1326 1225 (28)
1375 1152 1698 1209 clericorum
1754 1149 1946 1208 oﬂiciis
2007 1163 2130 1204 cum

544 1257 758 1310 modico
784 1267 943 1309 sensu
981 1249 1209 1318 traditus
1239 1263 1358 1304 esse
1398 1247 1735 1318 perhibetur.

615 1347 704 1403 IX.
765 1346 1144 1402 Verumtamen
1179 1383 1196 1409 ,
1237 1342 1436 1398 civium
1479 1341 1653 1412 culpis
1690 1336 2052 1407 exigentibus,
2104 1350 2134 1390 a

543 1438 766 1508 paganis
836 1434 1218 1490 transmarinis
1286 1433 1418 1487 urbs
1484 1445 1702 1486 rursum
1748 1435 2030 1493 vastatur,
2080 1434 2137 1482 et

544 1531 656 1598 ipse
702 1527 854 1584 locus
899 1528 1143 1584 funditus
1191 1527 1511 1589 destruitur,
1544 1531 1598 1579 et
1626 1535 1798 1591 usque
1824 1520 1891 1574 ad
1923 1526 2135 1588 tempus

543 1620 873 1692 lIaganonis,
903 1607 1122 1690 gloriosi
1156 1620 1424 1691 praesulis,
1449 1619 1522 1673 ita
1551 1612 1868 1688 permansit.
1889 1611 1990 1680 Qui
2020 1611 2133 1666 cla-

543 1729 638 1768 rus
673 1715 890 1784 generis
941 1711 1222 1768 nobilitate
1269 1727 1332 1772 ac
1366 1711 1724 1766 humanarum
1755 1720 1933 1760 rerum
1964 1705 2136 1774 copiis

542 1806 882 1868 habundans,
915 1804 1180 1873 bonisque
1222 1803 1515 1857 virtutibus
1551 1787 1819 1864 emicans,
1857 1797 2136 1854 condoluit

544 1897 720 1952 locum
742 1897 870 1952 olim
891 1895 1110 1965 quidem
1142 1895 1210 1950 ab
1234 1892 1545 1949 hominibus
1567 1890 1959 1955 venerandum,
1988 1902 2136 1942 nunc

545 1997 726 2044 autem
757 1987 1044 2043 admodum
1093 1985 1399 2056 neglectum
1441 1983 1579 2038 etin
1631 1980 1920 2038 solitudine
1977 1979 2138 2034 reda-

545 2091 713 2138 ctum.
743 2079 947 2133 Divinzr
974 2079 1188 2133 virtutis
1215 2076 1332 2133 zelo
1373 2089 1695 2140 succensus,
1724 2070 1977 2128 accersiit
2005 2069 2139 2140 lapi-

549 2173 677 2226 dum
709 2183 928 2226 cesores
973 2179 1135 2238 atque
1184 2166 1569 2230 cementarios,
1621 2165 1878 2233 inpensas
1927 2161 2135 2226 tribuit,

549 2275 876 2332 magnopere
924 2259 1096 2312 locum
1124 2257 1299 2328 ipsum
1345 2265 1651 2312 restaurare
1677 2251 2016 2328 (9.9)jubens,
2047 2264 2136 2304 re-

547 2361 959 2419 stauratumque
993 2347 1287 2418 pontiﬁcali
1316 2345 1690 2402 benedictione
1711 2355 1930 2398 sacrare
1952 2341 2140 2396 decre-

543 2445 639 2498 vit.
667 2441 1006 2497 Clerinomia!
1033 2455 1248 2509 quoque
1282 2438 1482 2506 seriem
1513 2436 1825 2501 instituens,
1855 2451 1974 2507 qua:
2014 2450 2139 2505 per-

545 2535 634 2590 dia
665 2547 986 2604 pernoxque
1027 2531 1214 2586 laudes
1256 2529 1365 2586 Deo
1401 2528 1610 2584 debitas
1659 2527 1789 2582 inibi
1839 2526 2134 2586 redderet;

544 2633 602 2680 et
649 2625 703 2704 in
745 2639 873 2679 usus
921 2621 1257 2678 necessarios
1305 2621 1550 2676 tribuens
1587 2619 1636 2676 ei
1670 2621 1842 2673 vinea:
1889 2617 2136 2674 clausum

548 2727 858 2786 terramque
896 2715 1228 2784 contiguam,
1273 2729 1437 2784 quam
1467 2722 1844 2772 antecessores
1868 2714 2002 2783 ejus,
2049 2728 2136 2767 sa-

545 2808 751 2879 crilego
792 2819 940 2873 veto,
991 2806 1094 2862 sibi
1142 2805 1546 2876 subripuerant,
1581 2821 1706 2861 rura
1754 2821 1972 2877 quoque
2017 2819 2137 2874 qua:

545 2900 774 2964 credidit
804 2897 1050 2955 sullicerc
1093 2898 1420 2952 clericorum
1472 2913 1701 2953 numero
1729 2907 1993 2968 perpetua
2029 2896 2137 2949 lar-

545 2992 749 3064 gitione
804 2988 1149 3044 condonavit.
1204 2987 1329 3055 Qui,
1355 2989 1595 3057 quandiu
1627 2987 1792 3052 vixit,
1843 2985 2025 3040 cordis
2057 2986 2139 3042 in»

550 3085 684 3139 tuitu
714 3082 893 3151 sagire
937 3079 1126 3146 voluit,
1163 3069 1402 3133 i'ntentus
1443 3078 1770 3133 utilitatibus
1808 3086 1972 3148 atque
2013 3091 2138 3148 pro-

2233 595 2344 665 puli
2388 610 2680 662 consensu,
2722 609 2888 663 supra
2939 602 3240 650 memorato
3288 593 3456 649 Alreo
3495 593 3696 648 abbate
3739 609 3827 648 sa-

2233 701 2406 754 crato,
2437 686 2636 743 victum
2665 696 2721 742 et
2777 687 2962 741 omnia
3012 687 3323 743 necessaria
3358 686 3590 758 largiter.
3610 687 3694 743 eis
3746 699 3831 743 ac-

2234 779 2623 845 commodavit,
2678 778 2952 835 tecclesias
3009 782 3174 835 etiam
3239 788 3402 849 atque
3470 779 3630 834 villas
3687 792 3831 848 quas

2233 879 2612 924 antecessores
2664 868 2750 922 sui
2815 881 2981 938 prava
3037 877 3433 936 usurpaverant
3491 867 3828 931 ambitione,

2233 959 2380 1012 omni
2429 957 2651 1012 excluso
2698 956 2992 1012 dubietatis
3048 957 3352 1027 bithalapso
3392 956 3537 1027 (5|),
3607 956 3832 1011 subtra-

2235 1049 2370 1105 hens
2408 1049 2532 1114 sibi,
2565 1048 2932 1120 stipendiariis
2983 1047 3170 1103 usibus
3211 1047 3548 1118 jamjamqne
3599 1046 3828 1102 rcdivivi

2233 1142 2410 1198 ordini
2438 1141 2692 1196 alacriter
2741 1141 2992 1196 reddidit.
3030 1139 3376 1196 Viridiarium
3427 1153 3644 1209 quoque
3686 1137 3834 1206 quod

2235 1235 2397 1290 situm
2429 1242 2548 1288 erat
2588 1233 2744 1302 juxta
2779 1232 3087 1288 coenobium
3141 1241 3450 1301 terramque
3491 1229 3831 1299 contiguam,

2234 1325 2428 1398 priscis
2479 1325 2834 1396 temporibus,
2875 1324 2945 1379 ab
2996 1323 3268 1395 episcopis
3326 1321 3466 1377 male
3527 1330 3833 1384 retentam,

2237 1433 2331 1488 per
2378 1417 2571 1488 ingens
2627 1417 2896 1488 quoddam
2942 1415 3238 1471 turibulum
3291 1422 3612 1484 argenteum
3661 1410 3836 1465 libens

2237 1509 2586 1565 contradidit.
2617 1508 2752 1576 Quia
2805 1522 2936 1564 vero
2970 1516 3078 1562 tam
3130 1507 3198 1562 ab
3236 1505 3349 1560 Elia
3393 1520 3555 1575 quam
3587 1503 3657 1558 ab
3710 1501 3838 1556 aliis

2237 1609 2359 1671 post
2382 1613 2506 1656 eum
2524 1598 2963 1670 cpiscopantibus
2984 1597 3212 1653 reddere
3238 1606 3414 1654 terras
3443 1593 3690 1665 nequivit
3717 1592 3838 1648 sine

2236 1689 2478 1761 quolibet
2519 1688 2947 1759 recuperationis
2982 1696 3251 1759 respectu,
3289 1686 3554 1742 militibus
3585 1684 3640 1740 in
3675 1698 3836 1749 casa-

2238 1790 2421 1837 mento
2448 1781 2626 1848 datas,
2660 1796 2735 1836 xn
2779 1779 3083 1852 prebendas
3110 1779 3163 1834 in
3219 1779 3408 1850 majori
3438 1776 3686 1833 ecclesia
3721 1790 3840 1830 mo-

2242 1872 2431 1928 nachis
2461 1872 2720 1926 adtribuit
2753 1870 2877 1940 jure
2915 1880 3176 1942 perpetuo
3210 1870 3584 1942 possidendas,
3608 1867 3840 1922 anathe-

2242 1965 2401 2019 matis
2419 1963 2607 2036 jugqu
2620 1963 2819 2020 feriens
2840 1963 3022 2033 aliqua
3043 1964 3329 2019 dolositatc
3345 1961 3505 2032 hujus
3521 1959 3836 2031 largitionis

2241 2057 2442 2112 donum
2472 2055 2752 2111 adnullare
2801 2055 3046 2112 volentes
3097 2055 3180 2111 vel
3223 2055 3403 2126 aliqua
3434 2053 3840 2110 exorbitatione

2241 2147 2488 2204 minuere
2521 2146 2916 2202 machinantes.
2953 2147 3142 2218 Itaque
3160 2148 3474 2204 monachos
3511 2147 3566 2201 in
3617 2162 3840 2201 summa

2240 2249 2373 2307 pace
2422 2239 2678 2308 degentes
2727 2240 3130 2307 agmentando,
3175 2239 3414 2310 quandiu
3455 2239 3611 2305 vixit,
3647 2237 3839 2292 fovere

2241 2343 2346 2381 non
2379 2327 2606 2396 destitit,
2637 2329 3027 2384 ammonitione
3051 2339 3273 2400 paterna
3299 2343 3523 2400 persepe
3548 2336 3838 2392 exortans,

2240 2418 2398 2474 ﬁrmo
2433 2434 2620 2491 gressu
2672 2419 2726 2474 in
2757 2429 2947 2475 sancta
2988 2419 3248 2489 religione
3300 2420 3621 2488 persistere,
3651 2433 3840 2474 corrc-

2239 2512 2436 2568 ctinnis
2471 2512 2687 2568 sarculo
2723 2513 2967 2568 desidum
3011 2513 3153 2567 vicia
3180 2513 3436 2578 evellere,
3480 2513 3659 2568 bonos
3688 2520 3750 2566 ut
3787 2511 3839 2565 in

2239 2604 2433 2662 melius
2463 2603 2789 2676 proficerent
2827 2603 2942 2675 jugi
2972 2603 3268 2660 informare
3303 2603 3554 2676 eulogiis,
3589 2604 3762 2659 rudes
3791 2613 3842 2658 ct

2240 2694 2442 2750 inscios
2481 2704 2790 2752 sanctarum
2824 2692 3229 2762 Scripturarum
3277 2693 3513 2749 oraculis
3560 2693 3838 2759 imbuere,

2239 2789 2305 2843 ad
2333 2788 2525 2858 gaudia
2551 2787 2787 2843 uranicac
2811 2786 2999 2856 patria:
3027 2771 3153 2840 totis
3203 2785 3520 2856 praecordiis
3547 2785 3837 2841 annelare.

2239 2882 2357 2950 Quo
2381 2881 2523 2938 felici
2553 2881 2701 2937 obitu
2731 2882 2800 2937 ab
2824 2879 2984 2950 hujus
3011 2880 3196 2936 mundi
3244 2879 3560 2937 fluctuantis
3603 2879 3839 2936 naufra-

2239 2979 2328 3047 gio
2358 2976 2425 3031 ad
2477 2976 2753 3032 caelestem
2800 2975 3033 3048 patriam
3073 2975 3494 3046 transmigrante
3524 2975 3672 3047 ('52),
3721 2975 3842 3046 ejus

2239 3070 2392 3142 gleba
2419 3069 2663 3139 corporis
2695 3068 2748 3123 in
2780 3069 3032 3124 emnobio
3065 3083 3226 3140 supra
3258 3079 3561 3124 memorato
3583 3078 3720 3124 ante
3763 3070 3844 3123 al-

546 3173 792 3230 vectibus
828 3169 954 3224 loci.
1001 3169 1119 3236 Quo
1167 3169 1307 3226 felici
1354 3169 1504 3224 obitu
1540 3168 1654 3239 ('50)
1701 3168 1769 3223 ad
1821 3179 2134 3224 sanctorum
2165 3194 2207 3252 ο
2244 3170 2358 3218 tare
2386 3161 2528 3217 beati
2554 3161 2702 3216 Petri
2733 3159 2962 3231 apostoli
3008 3175 3132 3215 cum
3167 3159 3350 3215 choris
3380 3159 3737 3230 psallentium
3766 3160 3842 3216 si-

548 3263 820 3320 consortia
843 3265 909 3318 de
931 3263 1113 3316 mundi
1142 3261 1299 3330 hujus
1320 3260 1509 3330 pelago
1530 3258 1602 3315 ab'
1621 3258 1826 3330 angelis
1851 3259 2132 3328 translato,

547 3353 605 3410 in
647 3352 961 3422 episcOpatu
991 3353 1038 3406 ei
1071 3349 1396 3405 venerabilis
1425 3348 1803 3420 Ragenfredus
1847 3348 2134 3418 successit,

548 3441 641 3511 qui
671 3450 875 3510 quanto
929 3453 1114 3494 amore
1155 3439 1332 3494 locum
1385 3438 1634 3493 dilexerit
1677 3435 1835 3492 facile
1887 3438 2134 3508 sequenti

548 3547 712 3603 opere
743 3540 924 3601 potest
954 3530 1197 3602 agnosci.
1250 3530 1382 3584 Nam
1416 3529 1532 3599 ejus
1561 3531 1742 3600 sagaci
1787 3530 2006 3601 ingenio
2053 3540 2137 3585 at-

547 3640 656 3698 que
708 3625 932 3682 instanti
979 3623 1350 3696 sucgestione,
1394 3623 1574 3679 clarus
1614 3637 1816 3694 genere
1861 3633 1917 3679 et
1971 3638 2136 3692 opere

549 3716 768 3782 Alveus;
797 3715 1036 3785 ejusdem
1072 3715 1175 3770 loci
1209 3715 1397 3781 abbas,
1431 3727 1552 3768 eum
1611 3713 1888 3771 canonicis
1940 3715 2137 3784 quibus

549 3823 786 3878 praeesse
813 3808 1098 3864 videbatur
1143 3816 1318 3862 artam
1357 3806 1502 3862 viam
1533 3807 1742 3878 ingredi
1775 3807 2000 3877 cupiens
2029 3821 2136 3877 qua

553 3899 792 3954 tenditur
819 3898 888 3954 ad
913 3898 1100 3964 Deum,
1131 3898 1185 3953 in
1226 3897 1559 3954 Floriacensi
1604 3899 1855 3954 etenobio
1901 3898 2137 3953 clerino-

550 3991 674 4045 mite
699 3990 894 4045 seriem
927 3990 1200 4061 religionis
1226 3990 1412 4046 habitu
1448 4005 1738 4056 exornans,
1760 4004 1858 4061 per
1878 3991 2134 4046 trienium

551 4099 798 4140 normam
825 4071 966 4140 beati
986 4082 1262 4139 Benedicti
1310 4083 1495 4139 sedula
1543 4084 1845 4139 intentione
1880 4097 1977 4154 per
2001 4085 2134 4140 obc-

549 4174 766 4230 dientia:
794 4173 992 4231 bonum
1017 4173 1222 4240 didicit,
1257 4173 1508 4245 indeque,
1526 4183 1813 4230 revocante
1849 4189 1978 4244 sepe
2023 4191 2136 4231 mc-

549 4263 813 4318 morando
849 4263 1102 4334 episcopo
1138 4262 1498 4334 Ragenfredo,
1537 4279 1660 4319 cum
1697 4264 1809 4320 suis
1835 4264 2134 4321 instructus

549 4357 889 4428 regularibus
935 4357 1273 4427 disciplinis,
1311 4358 1379 4412 ad
1427 4357 1604 4413 locum
1644 4359 1924 4428 proprium
1973 4359 2134 4414 rediit

548 4448 816 4515 Carnotis,
848 4462 1030 4504 secum
1081 4463 1301 4503 sumens
1325 4455 1380 4502 et
1420 4447 1557 4504 alios
1605 4447 1895 4505 duodecim
1945 4465 2132 4506 mona-

2241 3252 2353 3308 mul
2380 3261 2435 3309 et
2463 3252 2704 3309 flentium
2751 3251 2956 3307 honore
2982 3250 3164 3306 dtbito
3193 3262 3279 3306 est
3315 3250 3547 3320 sepulta,
3579 3250 3651 3305 ad
3681 3252 3843 3322 cujus

2240 3347 2415 3404 levam
2446 3347 2496 3401 in
2537 3359 2766 3417 corpore
2807 3343 3036 3415 quiescit
3063 3342 3439 3409 Guantelmus,
3487 3345 3843 3399 venerandus

2239 3441 2488 3505 antistes,
2532 3439 2624 3509 qui
2669 3438 2890 3508 proprio
2917 3438 3248 3502 interventu,
3297 3445 3470 3506 atque
3514 3437 3841 3492 ostensione

2241 3531 2518 3587 interioris
2571 3529 2764 3585 tunica:
2807 3543 3024 3598 semper
3065 3526 3299 3598 Virginis
3328 3527 3535 3593 Marias,
3567 3527 3639 3582 ab
3687 3526 3843 3582 obsi-

2239 3621 2400 3678 dionc
2447 3620 2597 3676 urbis
2646 3621 2864 3676 odiosas
2909 3618 3344 3673 Normannorum
3380 3619 3564 3689 abegit
3597 3619 3839 3688 phalan-

2237 3729 2353 3786 ges.
2399 3713 2604 3770 Deinde
2651 3711 2936 3768 Fulbertus
2988 3711 3189 3780 praesul
3236 3711 3350 3783 (53)
3398 3712 3838 3780 memorandus,

2237 3808 2328 3879 qui
2361 3815 2580 3878 quantas
2632 3805 2800 3860 fuerit
2847 3804 3132 3875 sapientia:
3171 3804 3289 3875 ejus
3325 3805 3658 3878 agiographa
3692 3807 3842 3862 mira

2237 3900 2521 3956 dulcedine
2543 3897 2827 3971 ﬂagrantia
2867 3896 3172 3968 legentibus
3199 3897 3498 3953 insinuant.
3522 3898 3607 3954 Ad
3639 3900 3843 3956 dexte~

2237 4007 2357 4047 ram
2401 4005 2553 4057 vero,
2585 3988 2954 4046 Theodericus
2991 3988 3301 4059 episcopus,
3340 3989 3494 4069 cujus
3521 3988 3840 4045 Ambrosias

2235 4097 2367 4154 opes
2389 4081 2537 4138 velut
2558 4089 2773 4136 torrens
2806 4077 3113 4149 afﬂuentes,
3144 4079 3466 4152 praeclarum
3505 4096 3646 4153 opus
3669 4083 3844 4138 alma

2236 4175 2430 4232 matris
2455 4173 2668 4231 Domini
2697 4173 2832 4228 aula:
2861 4173 3212 4245 complentes,
3240 4175 3472 4246 perediae
3500 4159 3725 4246 quoque
3752 4185 3846 4230 at-

2235 4282 2342 4340 que
2366 4265 2590 4324 bibesiae
2610 4264 2725 4337 (54)
2758 4266 2977 4335 inopum
3002 4265 3203 4338 jugiter
3227 4265 3476 4322 oviantes
3494 4265 3635 4336 (35),
3665 4281 3847 4323 sacro

2235 4361 2456 4430 dignum
2479 4359 2754 4430 praeconio
2789 4356 3049 4413 cilicium.

2307 4449 2376 4506 Χ.
2406 4449 2534 4507 Post
2563 4449 2773 4506 obitum
2798 4449 3032 4518 denique
3059 4463 3186 4520 sepe
3212 4449 3548 4505 memorandi
3575 4450 3846 4520 praesulis

549 4542 706 4608 chos,
753 4555 891 4610 quos
945 4555 1012 4595 cx
1049 4539 1470 4610 congregatione
1520 4541 1975 4611 supramemorati
2020 4555 2134 4598 (τωο
2159 4529 2586 4616 DRagenfredi,
2619 4542 2957 4614 episcopavit
2997 4542 3111 4614 (36)
3143 4542 3314 4599 frater
3359 4543 3480 4614 ejus
3529 4543 3841 4605 Arduinus,

549 4634 696 4690 nobii
742 4633 930 4689 maluit
983 4633 1205 4703 eligere,
1249 4643 1308 4688 tit
1354 4643 1543 4690 contra
1584 4635 1795 4690 hostem
1848 4637 2132 4708 antiquum

549 4727 699 4782 Velut
724 4725 1132 4784 robustissimos
1155 4735 1374 4794 tyrones
1395 4725 1448 4780 in
1473 4741 1613 4782 novo
1636 4729 1939 4784 certamine
1964 4730 2132 4786 habe-

551 4827 636 4879 ret
673 4817 974 4888 adjutores.
1015 4818 1316 4890 Episcopus
1359 4835 1513 4891 ergo,
1545 4834 1643 4891 per
1676 4821 1843 4878 totius
1886 4823 2132 4878 lntersti-

549 4911 693 4968 cium
722 4911 936 4967 triennii
973 4927 1080 4981 quo
1111 4925 1170 4966 se
1199 4912 1252 4965 in
1290 4922 1478 4968 sancta
1509 4913 1768 4984 religione
1802 4912 2132 4971 informave-

553 5011 699 5070 t‘ttnt,
730 5006 858 5060 edes
882 5005 951 5059 ad
993 5008 1354 5073 manendum,
1394 5005 1804 5078 claustrumque
1852 5009 2133 5067 monachis

549 5112 847 5168 congruum
901 5098 1124 5152 instanti
1168 5100 1476 5156 construxit
1517 5115 1704 5172 opere.
1749 5101 1956 5168 Quibus
2005 5118 2128 5159 cum

621 5250 905 5333 (εβγαοπιη
947 5251 988 5305 Β
1027 5253 1296 5333 subiungit
1339 5272 1356 5333 :_
1389 5255 1556 5326 Atque
1599 5257 1872 5314 christiani
1913 5260 2129 5315 diversis

549 5321 803 5392 mortibus
831 5321 963 5374 velut
995 5321 1538 5392 pecudesvlaniautur.

620 5391 734 5461 (~27)
769 5391 812 5445 Β
841 5407 857 5446 :
886 5392 930 5446 A
981 5391 1275 5450 successore
1313 5394 1500 5464 Helia,
1547 5413 1644 5470 pro
1681 5415 1714 5452 a
1752 5401 1978 5472 quodam
2023 5401 2130 5472 epi-

548 5475 725 5528 scapo.

621 5529 735 5602 (28)
760 5529 804 5583 Β
823 5547 854 5612 ξ.
873 5529 1230 5602 Reediﬁcatur
1249 5538 1487 5612 ecclesia,
1516 5537 1926 5611 clericorumque
1947 5542 2128 5612 Oﬁciis

549 5615 671 5682 euut
713 5601 916 5682 modico
951 5601 1107 5682 censu
1151 5607 1449 5682 perhibetur
1473 5601 1591 5664 esse
1640 5601 1878 5682 tradita}
1909 5601 2124 5682 deinde,

549 5669 824 5745 meliorato
855 5680 1102 5745 tempore,
1132 5669 1438 5731 monac/ritis
1468 5682 1598 5732 ordo
1623 5669 1885 5738 adibatur.

762 5741 920 5822 {anno
948 5739 1169 5822 circiter
1345 5747 1408 5800 D.
1440 5749 1632 5822 Muley,

618 5810 732 5882 (50)
761 5811 918 5868 Anno
945 5812 1067 5884 950,
1107 5816 1166 5870 D.
1200 5815 1397 5888 Mulcy.

2231 4637 2409 4693 locum
2440 4635 2558 4707 ejus
2591 4633 2864 4701 obtinens,
2892 4647 2999 4689 non
3031 4633 3346 4705 religionem
3375 4651 3388 4701 ;
3423 4635 3515 4708 qui
3555 4634 3702 4692 fastu
3737 4653 3846 4692 su-

2233 4729 2435 4800 pcrbitc
2463 4729 2701 4785 tumidus
2721 4726 2841 4799 plus
2858 4741 3000 4800 equo
3025 4725 3326 4782 secularem
3350 4729 3683 4800 sequebatur
3709 4747 3845 4786 am-

2234 4825 2516 4880 bitionem.
2541 4822 2695 4879 Unde
2720 4821 2924 4878 factum
2953 4828 3036 4875 est
3075 4829 3134 4876 ut
3177 4824 3473 4878 monachos
3499 4837 3704 4879 exesos
3735 4825 3847 4879 ha-

2234 4915 2406 4983 beret,
2452 4930 2516 4972 ac
2555 4928 2745 4970 eorum
2794 4917 3140 4973 commodum
3187 4930 3347 4970 suum
3394 4914 3510 4971 fore
3562 4931 3843 4986 magnum

2234 5015 2450 5076 putaret
2487 5007 2893 5066 detrimentum.
2925 5007 3192 5080 Quicquid
3237 5006 3383 5062 cnim
3427 5007 3845 5063 monachorum

2234 5099 2423 5156 usibus
2439 5100 2672 5156 eximius
2691 5100 2886 5170 praesul
2915 5107 3267 5157 concesserat
3289 5098 3645 5156 oblucuviaus
3666 5098 3845 5169 quasi

2304 5260 2418 5331 (51)
2450 5260 2581 5330 Leg.
2613 5257 2916 5314 bitlralasso.

2304 5333 2416 5404 (52)
2448 5335 2604 5386 Λιιηο
2634 5332 2757 5404 960.

2302 5401 2416 5472 (55)
2447 5404 2602 5457 Anno
2635 5401 2793 5457 1007.

2302 5470 2416 5544 (54)
2456 5471 2684 5544 Ρεγγεάία
2715 5471 2907 5544 edendi
2935 5471 3194 5544 aviditas;
3228 5471 3423 5544 bibesia
3451 5470 3674 5528 bibendi
3708 5475 3844 5528 avi-

2231 5541 2485 5608 ditas,'ex
2530 5543 2976 5611 interpretatione
3007 5541 3195 5598 Domni
3228 5542 3421 5614 Muley.

2301 5615 2415 5684 (35)
2444 5615 2519 5667 Ita
2548 5615 2737 5686 codex,
2771 5613 3001 5670 fortasse
3037 5630 3135 5686 pro
3181 5613 3464 5682 obrmntcs,
3505 5615 3649 5686 quod
3675 5626 3846 5671 esset

2231 5687 2370 5742 idem
2406 5700 2468 5739 ac
2493 5684 2838 5753 providentes.

2303 5756 2412 5829 (56)
2442 5757 2594 5810 Anno
2622 5755 2742 5810 960.
