3896 6320
164 394 293 454 2509

810 391 1118 452 HOMILIIE
1154 393 1224 452 IN
1249 389 1468 456 EPIST.
1497 395 1586 454 ET
1615 392 1868 454 EVANG.
1911 393 2212 456 DOMINIC.
2250 423 2332 475 -λ
2355 397 2537 457 PARS
2575 398 2637 456 ll.

3273 405 3416 464 2010

164 530 317 587 quam
346 522 437 568 eos
463 508 517 567 in
548 509 688 568 ﬁlios
715 511 953 584 adoptat.
978 512 1088 572 Vos
1108 530 1258 586 ergo,
1299 517 1517 585 fratres,
1551 516 1597 572 si
1621 530 1728 572 non
1758 515 1812 579 Α
1837 517 2113 575 caelestem
2170 528 2284 578 toto
2341 520 2614 576 desiderio
2665 520 2946 578 tendamus
3004 520 3410 596 lnereditatem,

162 626 223 664 ex
248 603 571 663 conscientia
616 605 844 674 peccati,
880 621 980 662 nec
1013 607 1206 664 timore
1230 610 1512 679 gehennae,
1547 610 1640 665 sed
1661 623 1726 664 ex

162 714 335 755 amore
361 697 408 753 ei
440 696 712 763 serviatis,
743 697 993 768 spiritum
1021 699 1328 769 adoptionis
1349 703 1537 773 utique
1565 716 1728 756 acce-

157 790 326 862 pistis,
381 791 436 842 in
490 803 590 858 quo
635 787 877 842 clamatis
924 805 943 844 :
995 788 1164 854 Abba,
1198 790 1379 848 Pater.
1417 792 1565 848 Abba
1617 791 1725 846 He-

155 885 372 947 brzeutn,
407 879 569 935 Pater
590 896 717 935 vero
745 890 829 936 est
853 881 1098 937 Graecum
1135 893 1189 938 ct
1216 881 1488 957 Latinum.
1524 884 1728 940 Omnes

154 975 352 1041 fideles,
407 973 615 1028 Hebraei
660 973 834 1029 Graeci
878 981 933 1028 et
959 971 1158 1040 Latini,
1187 974 1234 1030 si
1283 976 1452 1032 Deum
1491 974 1728 1030 ﬁlialiter

152 1065 415 1137 diligimus
457 1072 513 1120 et
561 1065 857 1131 imitamur,
903 1082 1026 1122 eum
1069 1082 1262 1123 secure
1302 1068 1532 1144 Patrem.
1564 1083 1726 1124 voea-

150 1175 281 1215 mus.
314 1158 474 1225 Ecce,
507 1156 704 1213 fratres
741 1159 869 1226 mei,
921 1169 1126 1230 quanta
1175 1170 1258 1216 est
1288 1163 1461 1232 pictas
1491 1169 1548 1216 et
1573 1161 1727 1216 beni-

148 1253 317 1324 gnitas
349 1250 464 1316 Dei,
502 1251 593 1320 qui
641 1266 763 1306 cum
811 1267 1058 1309 essemus
1112 1253 1318 1324 indigni
1361 1255 1526 1319 servi,
1564 1251 1724 1307 utvi-

145 1360 291 1401 scera
337 1343 556 1414 pietatis
600 1360 712 1400 suae
759 1360 888 1417 erga
945 1361 1045 1403 nos
1093 1347 1522 1414 demonstraret,
1575 1353 1630 1400 et
1667 1351 1726 1400 ut

144 1452 239 1493 nos
267 1452 371 1492 non
400 1437 468 1491 ad
511 1451 570 1492 se
603 1437 922 1506 timendum,
952 1439 1045 1494 sed
1077 1439 1255 1509 potius
1283 1439 1351 1494 ad
1391 1453 1452 1494 se
1499 1437 1724 1509 diligen-

143 1532 262 1588 dum
300 1529 578 1597 invitaret,
628 1531 888 1601 praecepit
932 1532 1113 1600 nobis,
1159 1540 1218 1586 ut
1265 1547 1387 1587 eum
1419 1530 1600 1603 potius
1622 1529 1724 1586 Pa-

145 1634 274 1680 trem
303 1639 468 1694 quam
513 1623 800 1679 Dominum
832 1638 1174 1690 vocaremus,
1207 1635 1264 1682 et
1292 1636 1351 1682 ut
1395 1625 1599 1681 nullum
1627 1640 1722 1697 pa-

141 1727 273 1774 trem
317 1719 370 1774 in
419 1722 832 1792 comparatione
875 1721 992 1791 ejus
1039 1732 1449 1794 reputaremus,
1491 1723 1717 1778 dicens:

139 1807 347 1864 Patrem
397 1813 556 1867 nolite
583 1831 768 1870 uocare
811 1813 955 1869 vobis
999 1831 1158 1884 super
1192 1825 1421 1882 terram;
1470 1831 1606 1870 unus
1645 1823 1721 1868 est

1834 623 2100 670 aeternam
2128 616 2247 672 sine
2276 615 2646 681 successione,
2668 613 3010 672 distributam
3032 617 3148 674 sine
3175 618 3413 674 diminu-

1817 708 2000 774 tione,
2028 723 2371 766 communem
2399 708 2517 764 sine
2539 707 2762 771 invidia.
2786 707 3157 778 sufﬁcientem,
3186 711 3304 767 sine
3331 712 3414 766 in.-

1830 800 2071 870 digcntia
2096 798 2389 870 jucundam
2421 801 2538 856 sine
2577 799 2820 867 tristitia,
2853 800 3064 856 beatam
3111 802 3230 858 sine
3262 803 3410 858 omni

1831 891 2072 948 miseria.
2103 894 2186 948 Ad
2207 909 2371 964 quam
2399 894 2660 966 perducat
2681 909 2780 950 nos
2802 891 3133 965 unusgDeus,
3167 893 3328 950 Pater
3355 902 3412 950 et

1818 983 2000 1051 Filius
2041 995 2096 1042 et
2129 987 2362 1058 Spiritus
2406 997 2653 1054 sanctus,
2689 987 2774 1044 cui
2806 995 2890 1043 est
2929 987 3106 1044 honor
3139 995 3195 1041 et
3237 985 3408 1058 gloria

1829 1091 1926 1145 per
1956 1077 2170 1134 inﬁnita
2193 1080 2516 1136 saeculorum
2543 1080 2757 1137 saecula.
2789 1079 2984 1137 Amen.

2391 1170 2672 1229 HOMILIA
2701 1171 2842 1229 XIX.

2077 1281 2334 1322 DOIINICA
2372 1280 2580 1321 OCTAVA
2619 1280 2750 1321 νοεῖ
2790 1281 3146 1323 τΙΚΙΝΙτᾹΤΕΙ.

1901 1353 2162 1410 Attendite
2189 1375 2220 1411 a
2246 1356 2398 1425 falsis
2426 1358 2709 1428 prophetis,
2755 1359 2843 1430 qui
2886 1360 3095 1414 veniunt
3137 1360 3207 1415 ad
3242 1375 3330 1434 vos
3353 1359 3408 1416 in

1826 1446 2141 1501 vestimentis
2181 1450 2376 1513 ouium,
2408 1450 2723 1505 intrinsecus
2755 1462 2926 1506 autem
2950 1462 3071 1507 sunt
3102 1453 3214 1522 lupi
3252 1469 3412 1523 rapa-

1827 1553 1910 1591 ces
1939 1535 2156 1606 (Matth.
2182 1538 2305 1608 vn).
2335 1539 2594 1596 Dominus
2619 1548 2676 1597 et
2700 1540 3030 1612 Redemptor
3059 1552 3264 1607 noster,
3299 1541 3409 1596 fra-

1827 1639 1938 1686 tres
1960 1630 2290 1696 charissimi,
2342 1633 2645 1702 praevidens
2685 1635 3091 1704 persecutiones
3133 1633 3409 1705 discipulis

1825 1723 1940 1779 suis
1965 1733 2277 1789 eventuras,
2302 1739 2395 1779 eas
2424 1726 2501 1780 eis
2542 1726 2859 1795 praedicere,
2891 1735 2948 1783 et
2974 1735 3163 1784 contra
3199 1741 3291 1782 eas
3317 1741 3411 1782 eos

1825 1829 2158 1884 praearmare
2190 1817 2423 1872 curavit.
2478 1815 2734 1872 Przedixit
2762 1833 2892 1888 ergo
2921 1821 3027 1875 duo
3060 1833 3256 1890 genera
3285 1832 3408 1888 per-

135 1909 268 1962 enim
298 1908 462 1964 Pater
491 1923 656 1966 uester
677 1912 769 1985 qui
789 1914 846 1968 in
876 1912 1018 1968 caelis
1039 1922 1113 1968 est
1147 1912 1364 1984 (Matth.
1394 1915 1575 1984 XXIII).
1617 1912 1720 1968 Pa-
1747 1901 1797 1962 Β
1824 1910 2162 1966 secutionum
2185 1911 2266 1966 eis
2284 1921 2540 1966 eventura
2566 1910 2784 1983 :‘Unum
2810 1921 3054 1980 apertum
3071 1913 3136 1968 de
3156 1928 3264 1982 quo
3285 1911 3410 1967 alibi

136 1993 215 2056 ter
233 2003 375 2057 enim
409 2012 660 2060 terrenus
701 2006 789 2062 vel
817 2022 918 2062 nos
960 2006 1310 2077 derelinquit,
1340 2007 1422 2061 vel
1468 2022 1569 2063 nos
1611 2022 1718 2064 non

132 2094 323 2167 diligit,
356 2098 439 2153 vel
488 2100 631 2156 male
674 2100 865 2170 diligit,
917 2117 1040 2158 cum
1099 2102 1260 2157 l’ater
1299 2100 1536 2158 ctelestis
1591 2115 1720 2157 suos

131 2188 371 2245 oblivisci
404 2207 512 2246 non
552 2193 744 2262 possit.
778 2193 930 2250 Unde
980 2193 1268 2250 Psalmista
1308 2211 1321 2249 :
1385 2191 1541 2248 Pater
1571 2210 1718 2259 meus

129 2290 174 2334 et
197 2291 364 2335 mater
400 2299 520 2336 mea
549 2284 933 2355 dereliquerunt
957 2302 1038 2340 me
1065 2299 1084 2337 :
1126 2284 1384 2340 Dominus
1431 2294 1606 2339 autem
1635 2301 1723 2338 ns-

129 2374 343 2442 sumpsit
368 2391 452 2428 me
480 2375 654 2441 (Psal.
686 2375 858 2445 xxvi),
891 2378 1000 2448 ipse
1035 2379 1253 2448 spiritus
1283 2379 1454 2433 reddit
1488 2379 1721 2433 testimo-

129 2466 267 2519 nium
315 2468 530 2536 spiritui
569 2479 766 2532 nostra,
804 2470 857 2525 id
900 2479 983 2526 est
1006 2469 1477 2526 conﬁrmationem
1506 2468 1719 2541 spiritui

129 2569 337 2625 nostro,
365 2562 510 2625 quod
536 2579 718 2616 sumus
742 2561 842 2632 ﬁlii
864 2562 982 2618 Dei.
1013 2563 1128 2620 Hoc
1158 2573 1342 2620 autem
1381 2564 1514 2620 facit
1545 2565 1718 2620 tribus

129 2654 320 2718 modis,
377 2669 478 2723 per
516 2654 829 2727 Scripturas
859 2671 1060 2713 vocans
1090 2673 1190 2713 nos
1222 2657 1384 2722 ﬁlios,
1416 2666 1476 2713 ut
1502 2657 1720 2728 quando

126 2743 272 2806 dicit,
305 2741 515 2810 Venite,
538 2745 663 2814 ﬁlii,
689 2748 868 2802 audite
894 2764 997 2814 me,
1022 2749 1260 2802 timorem
1290 2748 1501 2804 Domini
1525 2748 1720 2803 docebo

127 2835 400 2908 vos(Psal.
425 2840 624 2911 xxxul)
643 2882 657 2908 ,
686 2841 1166 2910 peradmirabilem
1186 2856 1413 2914 operum
1431 2841 1721 2898 miriﬁcen-

125 2929 275 2998 tiam,
329 2945 431 2987 nos
487 2931 628 2988 filios
689 2933 783 2988 Dei
833 2933 1208 2990 manifestans.
1239 2934 1319 2990 Ex
1365 2934 1472 2998 bis,
1522 2932 1722 2992 fratres

125 3024 248 3089 mei,
279 3027 650 3097 argumentis,
677 3025 917 3097 Spiritus
948 3037 1172 3085 sanctus
1187 3028 1436 3098 spiritum
1465 3039 1713 3085 nostrum

124 3118 176 3175 in
210 3119 339 3186 ﬁde,
373 3132 431 3175 et
452 3137 552 3192 spe
592 3131 648 3178 et
673 3121 946 3178 charitate
997 3123 1268 3178 firmatum
1297 3139 1489 3179 secure
1521 3124 1720 3191 reddit,

122 3213 262 3284 quod
312 3214 408 3269 lilii
443 3214 540 3270 Dei
579 3230 788 3271 sumus.
837 3214 897 3271 Si
945 3215 1090 3270 enim
1129 3216 1244 3271 haec
1275 3216 1563 3282 habemus,
1607 3215 1721 3285 jam

1825 2001 1957 2058 dicit
2001 2019 2016 2058 :
2067 2001 2373 2058 Trademini
2399 2012 2575 2058 autem
2621 2021 2654 2058 a
2680 2003 3004 2074 parentibus,
3031 2012 3078 2057 et
3105 2004 3337 2074 cognatis
3363 2009 3412 2056 et

1824 2096 2007 2150 amicis
2048 2096 2102 2150 in
2144 2105 2382 2161 mortem,
2433 2104 2480 2149 ct
2529 2105 2694 2149 morte
2723 2095 2946 2165 afﬁcient
2990 2111 3055 2150 ea:
3085 2094 3228 2150 vobis
3256 2091 3410 2165 (Luc.

1825 2195 1963 2265 xxi).
1995 2191 2242 2248 Alterum
2267 2189 2563 2256 occultum,
2589 2198 2780 2246 contra
2817 2189 2960 2259 quod
2992 2187 3084 2244 hic
3112 2201 3213 2242 nos
3238 2183 3413 2240 munit

1823 2292 1880 2338 et
1905 2282 2010 2338 hoe
2031 2281 2208 2336 modo.
2253 2279 2438 2336 Primo
2484 2287 2668 2336 monet
2695 2294 2795 2335 nos
2821 2291 3072 2334 caveres
3101 2275 3253 2331 falsis
3288 2289 3414 2345 pro-

1823 2374 2023 2448 phetis.
2049 2371 2302 2429 Secundo
2328 2372 2527 2442 quibus
2560 2370 2733 2443 signis
2759 2377 3156 2442 cognoscantur
3185 2378 3414 2438 genera-

1824 2467 1951 2523 liter
1978 2475 2033 2522 et
2067 2483 2165 2538 per
2204 2465 2613 2522 similitudinem
2648 2463 2905 2521 ostendit.
2933 2461 3118 2518 Tertio
3161 2459 3412 2532 spiritua-

1824 2559 1970 2624 liter,
2003 2560 2202 2629 quibus
2222 2559 2604 2615 discernantur
2626 2556 2708 2615 vel
2735 2571 2844 2612 non
2870 2556 3254 2612 discernantur
3277 2564 3412 2622 ape-

1825 2653 1916 2707 rit.
1944 2651 2037 2706 Ait
2079 2665 2212 2723 ergo
2248 2664 2264 2705 :
2295 2649 2585 2717 Attendite,
2628 2649 2682 2706 id
2728 2659 2812 2705 est
2860 2656 3203 2704 attendentes
3228 2650 3416 2700 cavete

1826 2760 1857 2801 a
1885 2744 2037 2802 falsis
2063 2743 2365 2816 prophetis.
2392 2744 2568 2802 Porro
2597 2744 2755 2800 istam
2781 2741 3210 2815 persecutionem
3233 2736 3417 2794 occul-

1828 2849 1938 2895 tam
1984 2840 2262 2911 praecipue
2317 2847 2504 2894 monet
2550 2853 2651 2895 nos
2681 2845 2886 2893 attente
2915 2849 3133 2900 cavere,
3157 2831 3414 2905 quoniam

1824 2931 1980 3005 pejor
2009 2942 2094 2990 est
2143 2947 2305 3003 quam
2336 2940 2547 3003 aperta,
2605 2940 2716 2986 tum
2763 2928 2889 3000 quia
2938 2927 3060 2998 plus
3090 2933 3251 2981 nocet
3271 2923 3416 2979 occi-

1825 3027 1960 3083 dens
1993 3026 2160 3082 etiam
2187 3025 2418 3088 animas,
2469 3033 2587 3079 tum
2609 3023 2736 3093 quia
2765 3018 3035 3076 diliicilius
3064 3016 3414 3088 praevidetur,

1826 3116 2037 3173 facilius
2063 3117 2262 3189 quippe
2285 3131 2383 3173 nos
2413 3115 2731 3187 supplantat
2773 3113 2886 3183 qui,
2932 3111 3034 3168 sub
3056 3109 3239 3181 specie
3272 3107 3412 3162 ami-

1826 3208 1971 3266 citia:
1991 3218 2047 3266 et
2070 3207 2338 3278 obsequii,
2371 3206 2618 3263 fraudem
2654 3205 2912 3262 occultat.
2958 3201 3242 3273 Proprium
3268 3200 3413 3255 enim

122 3320 227 3359 non
245 3303 420 3360 Deum
449 3306 726 3370 timemus,
749 3306 842 3361 sed
859 3307 1037 3377 potius
1062 3322 1186 3362 eum
1219 3318 1476 3378 tanquam
1500 3307 1719 3363 Patrem
1750 3286 1794 3350 C
1827 3302 1936 3358 doli
1971 3310 2058 3358 est
2099 3317 2159 3359 se
2193 3300 2558 3358 dissimulare.
2593 3297 2880 3355 Veneﬁcus
2928 3294 3029 3351 sub
3079 3293 3237 3349 melle
3287 3292 3420 3363 tegit

119 3398 422 3470 diligimus,
449 3399 592 3456 bene
617 3400 684 3455 de
703 3415 770 3456 eo
795 3414 1101 3470 speramus,
1129 3400 1195 3454 ad
1224 3415 1348 3454 eum
1375 3414 1566 3455 secure
1593 3413 1725 3455 con-

120 3485 385 3560 fugimus.
421 3490 583 3557 Quod
616 3492 662 3546 si
699 3491 801 3560 filii
834 3507 1040 3556 sumus,
1071 3500 1118 3544 et
1151 3490 1406 3545 lueredes.
1435 3489 1562 3544 Tria
1594 3505 1726 3546 con-

119 3585 356 3640 stituunt
390 3585 670 3641 hominem
699 3584 1010 3640 haeredem:
1043 3582 1333 3649 Nativitas,
1368 3584 1620 3639 meritum
1668 3591 1727 3640 et

116 3682 402 3737 voluntas.
456 3679 569 3735 Nos
618 3695 856 3751 quoque,
893 3679 1092 3736 fratres
1147 3679 1275 3744 mei,
1325 3679 1440 3735 haec
1473 3679 1575 3734 tria
1614 3693 1718 3736 nos

119 3774 470 3828 constituunt
516 3772 758 3827 lueredes
787 3782 1003 3827 arternte
1048 3771 1404 3827 baereditatis.
1434 3770 1620 3826 Primo
1647 3771 1737 3827 si-‘

115 3867 344 3937 quidem
372 3867 552 3922 libera
593 3864 847 3921 voluntas
876 3865 968 3920 Dei
999 3865 1067 3920 ab
1087 3873 1292 3921 aeterno
1313 3864 1556 3920 lneredes
1581 3881 1724 3936 prte-

115 3959 456 4016 destinavit:
479 3958 730 4014 Secundo
747 3957 1042 4029 spiritualis
1058 3957 1312 4028 baptismi
1333 3957 1606 4022 nativitas,
1623 3972 1725 4014 nos

112 4054 184 4108 ad
214 4051 512 4109 celestem
555 4049 925 4106 haereditatem
963 4051 1196 4105 vocavit.
1239 4049 1421 4106 Tertio
1467 4050 1721 4106 meritum

114 4157 400 4213 nostrum,
438 4144 617 4215 gratia
662 4144 927 4216 adjutum,
980 4159 1083 4200 nos
1122 4143 1267 4200 illius
1295 4143 1490 4216 dignos
1537 4144 1721 4202 ellicit.

112 4239 278 4299 Unde
301 4236 610 4311 Apostolus
638 4254 652 4292 :
691 4236 856 4304 Quos,
882 4237 1082 4308 inquit,
1113 4237 1529 4308 prtedestinavit,
1558 4240 1651 4294 hos
1673 4247 1725 4294 et

109 4337 342 4392 vocavit.
378 4333 529 4401 Quos
558 4332 774 4400 uocauit,
813 4332 910 4387 hos
953 4343 999 4387 et
1023 4332 1338 4403 justificavit
1371 4330 1552 4402 (Rom.
1577 4333 1723 4406 vm).

107 4424 402 4482 Caeterum
430 4426 486 4480 in
516 4425 621 4482 hoc
646 4421 824 4479 differt
854 4423 1095 4480 caelestis
1125 4422 1418 4480 baereditas
1449 4440 1480 4479 a
1520 4435 1728 4496 tempo-

109 4519 243 4584 rali,
267 4519 547 4588 quoniam
591 4517 764 4573 haeres
795 4530 901 4570 non
934 4515 1040 4570 nisi
1074 4523 1200 4586 post
1241 4525 1472 4572 mortem
1503 4525 1727 4572 testato-

1828 3407 2126 3458 venenum;
2160 3391 2424 3462 proditor,
2457 3389 2557 3446 sub
2601 3387 2865 3458 obsequio
2902 3385 3188 3451 fraudem;
3244 3384 3416 3454 hypo-

1827 3486 1988 3552 crita,
2018 3484 2119 3541 sub
2165 3484 2424 3557 religione
2455 3481 2753 3548 malitiam;
2789 3479 3097 3544 hmreticus.
3137 3476 3238 3534 sub
3266 3475 3409 3532 veri-

1829 3587 1940 3634 tate
1964 3578 2278 3635 falsitatem.
2309 3578 2443 3634 Cum
2479 3588 2661 3634 autem
2702 3576 2811 3643 hic,
2850 3589 2948 3645 per
2975 3572 3140 3630 falsos
3180 3573 3417 3644 prophe-

1830 3681 1936 3739 tas,
1986 3671 2258 3744 quoslibct
2315 3671 2662 3744 hypocritas,
2704 3669 2797 3742 qui
2847 3667 2991 3723 aliud
3035 3665 3308 3722 occultant
3357 3670 3418 3721 et

1829 3764 1974 3820 aliud
2003 3763 2283 3831 simulant,
2313 3778 2600 3836 possemus
2626 3761 2954 3833 intelligere,
2988 3768 3168 3816 tamen
3209 3758 3276 3813 de
3303 3758 3418 3813 ha-

1830 3856 2016 3913 reticis
2045 3856 2355 3928 specialiter
2385 3855 2592 3912 dictum
2636 3863 2740 3911 est.
2769 3853 2873 3922 Qui
2917 3868 3041 3909 cum
3074 3851 3318 3908 exterius
3340 3851 3422 3908 si-

1829 3951 2038 4008 mulent
2070 3951 2408 4024 religionem,
2438 3948 2666 4005 interius
2691 3947 2872 4004 celant
2919 3944 3230 4002 luereticam
3257 3958 3418 4013 rapa-

1832 4043 2077 4111 citatem,
2108 4057 2206 4114 per
2233 4056 2397 4112 quam
2430 4039 2642 4096 animas
2693 4035 3020 4108 simplicium
3061 4033 3310 4106 jugulare
3337 4032 3418 4088 fc-

1831 4136 2057 4192 stinant.
2092 4132 2196 4190 Per
2216 4131 2544 4188 vestimenta
2574 4129 2740 4204 igitur
2766 4128 2972 4195 ovium,
2999 4126 3219 4183 oviuam
3254 4123 3419 4180 intel-

1832 4225 2055 4297 ligimus
2103 4223 2536 4294 simplicitatem,
2565 4236 2673 4292 qua
2709 4219 2948 4276 haeretici
2982 4227 3038 4274 et
3075 4231 3267 4273 omnes
3319 4215 3418 4271 do-

1832 4319 1935 4375 losi
1962 4333 2114 4376 suam
2138 4315 2364 4388 palliant
2389 4314 2766 4388 iniquitatem;
2801 4320 2861 4368 ut
2899 4310 3087 4376 verbo,
3120 4307 3419 4365 vestimen-

1832 4419 1922 4480 to,
1967 4411 2262 4481 obsequio,
2293 4409 2446 4474 cibo,
2481 4417 2538 4464 et
2582 4406 2888 4477 huiusmodi
2929 4401 3311 4460 exterioribus.
3340 4401 3419 4456 De

1834 4501 2002 4559 verbo
2033 4503 2220 4572 talium
2269 4501 2345 4556 ait
2375 4500 2545 4556 David
2578 4517 2591 4555 :
2633 4497 2828 4554 Molliti
2858 4503 2983 4550 sunt
3007 4500 3270 4549 sertnones
3302 4492 3417 4561 ejus

107 4613 188 4666 ris
217 4584 314 4667 hic
344 4608 708 4679 consequitur
756 4584 1152 4664 haereditatein.
1194 4607 1340 4664 Deus
1367 4621 1493 4663 vero
1522 4623 1622 4663 nos
1652 4608 1722 4664 ita

1837 4612 1994 4665 super
2019 4594 2192 4650 oleum
2211 4637 2226 4662 ,
2258 4603 2305 4648 et
2333 4592 2434 4662 ipsi
2479 4600 2600 4647 sunt
2630 4589 2819 4660 jacula
2851 4586 3027 4658 (Psal.
3057 4588 3186 4656 Ltv).
3222 4584 3296 4639 De
3325 4600 3418 4640 ve-

1869 4690 1902 4705 ..
2042 4697 2082 4705 .,
2135 4688 2165 4705 ..
2208 4689 2241 4705 ..
2292 4703 2315 4705 __
2515 4684 2764 4705 ...ωλιμ
2799 4699 2823 4705 -
2863 4681 3010 4705 μω-
3038 4679 3299 4705 .._-_..-..--
3331 4678 3417 4705 -..ε

106 4705 380 4760 haeredes
411 4703 718 4767 constituit,
741 4711 800 4756 ut
822 4701 984 4756 etiam
1007 4716 1130 4756 cum
1151 4715 1217 4755 eo
1238 4709 1496 4756 aeternam
1523 4701 1725 4757 sortia-

103 4813 238 4853 mur
270 4796 691 4854 haereditatem.
727 4794 939 4850 Rursus
972 4794 1286 4866 temporalis
1318 4794 1606 4850 luereditas
1630 4809 1729 4864 per

107 4893 332 4947 multos
359 4890 618 4946 haeredes
647 4889 935 4946 distributa
965 4890 1290 4946 minoratur.
1319 4887 1570 4945 Caelestis
1597 4903 1728 4944 vero

102 4985 458 5048 hmreditas,
488 4985 690 5039 nullam
737 4984 886 5038 novit
913 4983 1027 5055 pati
1057 4984 1492 5040 diminutionem.
1517 4981 1728 5039 Rursus

100 5078 526 5150 extemporali
569 5077 890 5133 haereditate
935 5077 1081 5132 inter
1129 5079 1437 5134 cobaeredes
1489 5076 1730 5133 nascitur

101 5172 355 5228 invidia.
390 5170 554 5235 Nam,
574 5170 729 5239 juxta
761 5182 998 5241 poetam,
1027 5189 1047 5223 ‹
1082 5171 1260 5226 omnis
1289 5178 1531 5240 potestas
1560 5171 1730 5240 impa-

99 5267 259 5322 tiens
283 5265 582 5321 consortis
605 5265 708 5320 erit
736 5265 872 5335 (60).
902 5263 984 5317 Ab
1022 5261 1111 5316 illa
1160 5277 1289 5317 vero
1329 5272 1532 5316 mterna
1558 5260 1731 5317 haem-

99 5358 296 5416 ditate
329 5357 527 5413 omnis
550 5356 749 5412 invidia
795 5355 1143 5424 relegabitnr.
1183 5353 1318 5408 Nam
1361 5354 1731 5424 unusquisque

99 5452 188 5510 sic
215 5449 508 5524 gaudebit
539 5451 604 5504 de
642 5449 872 5519 proximi
924 5447 1116 5519 gloria,
1159 5446 1299 5501 sicut
1336 5446 1401 5500 de
1431 5461 1548 5501 sua.
1579 5443 1734 5500 Unde

97 5556 162 5604 et
195 5547 329 5617 ipse
361 5542 566 5598 unicus
611 5542 813 5609 Patris,
840 5557 946 5596 non
979 5541 1126 5596 solus
1156 5539 1331 5594 haeres
1359 5553 1497 5603 esse,
1528 5536 1622 5592 sed
1649 5550 1735 5592 se-

97 5655 243 5696 cum
281 5635 477 5694 voluit
510 5636 824 5691 cohaeredes
872 5634 1093 5688 habere.
1144 5630 1254 5687 Nos
1298 5630 1502 5700 itaque,
1535 5628 1734 5683 fratres

98 5731 251 5800 mei,
285 5736 498 5800 Spreta
524 5727 806 5799 temporali
845 5735 901 5783 et
931 5741 1066 5781 vana
1119 5723 1459 5791 haereditate,
1489 5722 1559 5778 ad
1583 5720 1731 5777 illam

176 5910 314 5984 (60)
356 5908 575 5966 Lucan.
607 5907 801 5966 Phars.
837 5908 930 5968 lib.
960 5925 999 5978 I,
1031 5923 1177 5966 vers.
1206 5906 1296 5977 92,
1329 5905 1418 5964 95.

1833 4690 2094 4746 stimento
2117 4688 2318 4745 dicitur
2346 4686 2435 4741 hic
2458 4702 2472 4738 :
2498 4684 2765 4739 Attendite
2791 4699 2824 4736 a
2858 4681 3010 4752 falsis
3037 4679 3299 4750 prophetis
3327 4678 3417 4748 qui

1833 4784 2046 4839 veniunt
2081 4782 2150 4837 ad
2182 4797 2269 4836 uos
2300 4780 2354 4833 in
2389 4776 2709 4832 vestimentis
2746 4775 2939 4830 ovium.
2990 4773 3057 4828 Et
3079 4769 3416 4843 Apostolus:

1833 4873 2088 4940 Satanas,
2108 4872 2304 4942 inquit,
2339 4868 2688 4938 transfigurat
2716 4883 2771 4922 se
2799 4867 2856 4921 in
2901 4864 3142 4936 angelum
3169 4862 3299 4916 lucis
3330 4857 3417 4930 (II

1832 4968 1954 5026 Cor.
1987 4969 2086 5034 Ix).
2114 4967 2189 5021 De
2208 4963 2468 5033 obsequio
2495 4962 2624 5018 dicit
2646 4969 2805 5030 poeta
2831 4976 2844 5018 τ

1978 5059 2242 5130 Obsequio
2271 5056 2425 5112 vincit
2457 5056 2706 5110 meretrix
2738 5064 2785 5108 et
2818 5052 3055 5110 proditor
3083 5053 3271 5104 omnis.

1835 5157 1910 5211 De
1970 5151 2222 5208 simulata
2277 5145 2606 5204 abstinentia
2634 5153 2693 5200 et
2718 5143 3069 5207 continentia,
3121 5139 3251 5195 dicit
3275 5137 3420 5207 Apo-

1836 5245 2010 5303 s-tulus
2031 5246 2097 5299 ad
2135 5242 2482 5298 Timotheum
2517 5256 2531 5294 :
2565 5237 2800 5308 Spiritus
2829 5235 3102 5305 manifeste
3129 5233 3256 5287 dicit
3278 5227 3417 5300 quod

1835 5339 1889 5393 in
1942 5335 2237 5390 novissimis
2281 5330 2598 5402 temporibus
2647 5328 2909 5383 discedent
2950 5327 3164 5398 quidam
3211 5340 3243 5375 a
3291 5319 3418 5389 fide,

1838 5427 2162 5483 attendentes
2211 5426 2481 5495 spiritibus
2520 5421 2714 5476 erroris
2761 5431 2813 5476 et
2841 5418 3093 5474 doctrinis
3128 5412 3417 5468 da'monio-

1837 5537 1976 5588 rum,
1999 5520 2057 5576 in
2082 5518 2350 5591 hypocrisi
2396 5515 2720 5587 loquentium
2751 5513 3104 5574 mendacium;
3149 5503 3416 5591 prohibenf

1837 5614 1970 5668 tium
1997 5590 2212 5676 nubere,
2237 5609 2499 5662 abstinere
2527 5625 2559 5663 a
2589 5604 2738 5672 cibis,
2779 5620 2908 5676 quos
2953 5600 3093 5654 Deus
3134 5594 3325 5651 crearit
3348 5590 3417 5645 ad

1835 5705 2231 5778 percipiendum
2272 5718 2391 5758 cum
2420 5702 2717 5771 gratiarum
2747 5698 2949 5753 actione
2996 5690 3254 5752 ﬁdelibus,
3296 5684 3418 5752 quia

1963 5939 2024 5957 ,θη
2068 5927 2089 5954 ‘)
2131 5927 2159 5954 ,ἰ
2211 5946 2218 5960 V,
2283 5923 2397 5969 .I‘fx,
2473 5941 2476 5948 .
