3896 6320
423 407 558 469 εοιι

1451 393 1773 456 Αυυιειιυλ
1799 421 1874 438 --
1900 388 2249 450 RADULPHI
2271 381 2630 444 ARDEN‘YIS

3213 340 3234 353 δ’
3255 342 3352 354 -ρρειγ
3373 344 3392 349 _

426 526 594 582 omnis
621 530 861 578 creatura
897 516 992 574 Dei
1035 517 1166 573 bella
1213 525 1286 572 est
1323 514 1374 582 (1
1403 513 1536 568 Tim.
1569 513 1665 582 iv).
1698 510 1858 566 Tales
1885 517 2012 564 sunt
2042 515 2090 574 Α
2115 507 2362 562 existens
2388 503 2588 563 bonus,
2618 502 2803 570 potest
2833 493 3027 551 facere
3059 501 3240 562 opera
3280 482 3428 540 mala
3457 491 3510 582 et
3530 495 3709 545 :eterna

427 619 610 680 hodie,
647 617 843 669 fratres
873 611 1002 678 mei,
1039 611 1278 667 lucretici
1311 607 1615 670 Matiichaei,
1653 605 1744 675 qui
1777 621 1871 660 sua
1897 602 2007 657 hae-

425 716 533 770 resi
571 714 798 780 patriam
842 713 1216 782 Agenncnsem
1259 707 1704 768 maculaverunt,
1733 703 1821 773 qui
1855 717 2008 755 men-

429 807 636 858 tiuntur
669 819 726 858 se
759 797 923 856 vitam
977 813 1162 857 tenere
1215 796 1608 868 apostolorum,
1657 793 1902 848 dicentes
1951 807 2009 846 se

427 911 537 952 non
567 897 785 952 mentiri
821 911 919 950 nec
943 892 1162 949 omnino
1185 889 1394 957 iurare,
1421 886 1522 942 sub
1553 892 1814 955 pnetextu
1843 880 2011 958 absti-

425 991 626 1044 nentia
682 997 736 1042 et
786 984 1150 1046 contine-mite,
1205 993 1361 1034 escas
1410 977 1653 1031 carnium
1713 982 1766 1026 ct
1798 971 2010 1040 nuptias

401 1083 766 1135 damnantss.
791 1080 984 1132 Dicunt
1013 1073 1157 1129 enim
1186 1081 1391 1126 tantum
1419 1069 1676 1138 flagitium
1707 1081 1827 1119 esse
1860 1077 2012 1117 acce-

428 1173 554 1225 dere
588 1175 652 1225 ad
685 1183 941 1228 uxorem,
973 1175 1235 1234 quantum
1267 1161 1330 1215 ad
1359 1171 1584 1214 matrem
1613 1157 1692 1210 vel
1724 1157 1788 1208 ad
1819 1154 2008 1207 filiam.

429 1262 698 1315 Datnnant
737 1262 900 1313 etiam
931 1258 1099 1312 Vetus
1139 1254 1567 1309 Testamentum.
1601 1249 1678 1303 De
1703 1246 1851 1301 Novo
1887 1259 2014 1299 vero

427 1355 667 1424 quadam
697 1355 982 1422 recipiunt,
1017 1350 1259 1420 qnzetlam
1298 1363 1427 1402 non.
1479 1345 1543 1398 Et
1596 1340 1740 1411 quod
1793 1339 2014 1409 gravius

426 1458 532 1511 est,
567 1449 700 1502 duos
727 1447 1026 1515 praedicant
1053 1459 1232 1498 rermn
1265 1451 1539 1500 auctores,
1577 1437 1740 1491 Deum
1773 1432 2017 1487 invisibi-

427 1538 576 1601 liunt,
605 1538 878 1591 diabolum
903 1533 1198 1590 visibilium
1229 1543 1509 1586 auctorem
1533 1528 1837 1584 credentes.
1861 1522 2016 1578 Unde

425 1639 482 1685 et
509 1629 719 1685 occulte
742 1631 970 1682 adorant
1002 1627 1302 1692 diabolum,
1331 1639 1488 1694 quem
1513 1621 1594 1676 sui
1620 1617 1864 1689 corporis
1892 1631 2015 1670 crc-

427 1726 560 1780 dunt
577 1737 902 1780 creatorem.
925 1725 1334 1778 Sacramentnm
1361 1735 1486 1774 vero
1507 1718 1692 1772 altaris
1713 1729 1903 1786 purum
1924 1730 2018 1784 pa-

426 1831 551 1871 nem
582 1833 703 1872 esse
723 1817 927 1871 dicunt.
960 1815 1293 1884 Baptismum
1322 1820 1541 1882 negant,
1568 1810 1837 1864 neminem
1861 1821 2019 1874 posse

2110 597 2474 654 damnationis
2505 594 2685 664 digna.
2730 589 2898 645 Facit
2929 596 3125 643 tamen
3155 585 3333 664 homo
3365 579 3543 634 malus
3567 595 3710 650 quan.

2117 695 2291 763 doque
2321 689 2566 762 quaedam
2597 689 2822 742 minima
2851 687 3022 750 bona,
3053 681 3189 754 quia
3225 676 3560 748 quandoque
3588 689 3710 732 natu-

2113 787 2211 840 t'ali
2242 786 2436 839 ductus
2467 783 2671 855 pietate
2702 781 2881 853 pascit
2912 777 3298 836 esurientem,
3329 770 3497 826 vestit
3523 772 3712 836 nudum,

2113 877 2420 946 hospitatur
2461 865 2808 945 peregrinum
2853 886 2868 926 :
2924 869 3075 941 quod
3136 867 3194 921 ei
3246 866 3304 919 in
3357 861 3715 916 alleviationetn

2111 984 2286 1040 pennae
2321 977 2498 1038 potest
2533 967 2743 1030 valere,
2781 982 2893 1021 non
2938 965 3009 1018 ad
3061 963 3248 1016 vitam
3303 965 3587 1012 :eternam.
3626 955 3717 1023 Ipse

2115 1062 2259 1116 enim
2295 1077 2398 1114 non
2428 1059 2562 1114 bene
2597 1059 2745 1123 facit,
2775 1041 2964 1113 sed'de
2993 1071 3062 1111 eo
3097 1053 3252 1108 bene
3293 1049 3379 1102 fit.
3417 1047 3484 1101 Et
3506 1058 3715 1101 econtra-

2118 1151 2202 1206 rio
2233 1151 2405 1204 bonus
2432 1150 2558 1206 facit
2584 1151 2912 1220 quandoque
2942 1146 3209 1217 quedam
3255 1141 3494 1196 minima
3527 1152 3711 1209 peccata

2123 1243 2354 1298 naturali
2376 1244 2548 1297 victus
2573 1241 2882 1314 fragilitate,
2910 1257 3010 1311 per
3037 1255 3169 1310 quae
3200 1250 3321 1291 non
3351 1243 3604 1287 aeternam
3628 1249 3716 1302 pac-

2123 1352 2246 1389 nam
2289 1344 2543 1397 meretur,
2585 1335 2680 1387 sed
2735 1333 3121 1403 temporalem.
3180 1325 3340 1395 Quid
3386 1334 3569 1379 autem
3610 1325 3720 1381 mala

2123 1429 2287 1483 arbor
2313 1437 2603 1489 mercatur,
2623 1427 2862 1481 ostendit
2892 1441 3017 1479 cum
3062 1420 3376 1494 subiungit
3407 1437 3421 1471 :
3457 1417 3626 1470 0mm:
3650 1436 3717 1471 er-

2119 1523 2214 1575 ‘bor
2257 1539 2372 1593 qua:
2426 1537 2525 1574 non
2561 1520 2692 1588 facit
2722 1521 2955 1588 fructum
3002 1518 3236 1578 bonum,
3298 1511 3580 1566 excidetnr
3616 1523 3652 1562 et
3680 1513 3721 1564 is

2123 1615 2293 1683 ignem
2321 1615 2577 1667 mittetur.
2624 1612 2834 1675 Notate,
2878 1612 3101 1673 fratres,
3137 1593 3348 1663 nntate
3395 1623 3410 1658 :
3471 1621 3571 1658 non
3612 1605 3721 1658 enim

2121 1709 2199 1761 ait
2231 1726 2242 1762 :
2282 1707 2473 1763 Otnnis
2501 1707 2664 1761 arhor
2694 1721 2814 1774 quae
2847 1704 2976 1758 facit
3003 1703 3260 1758 fruuum
3299 1699 3520 1754 malum
3551 1697 3724 1752 excide-

2125 1812 2234 1867 tur,
2269 1805 2414 1872 quod
2449 1803 2634 1871 utique
2663 1811 2920 1856 constans
2952 1808 3060 1864 est,
3089 1797 3188 1852 sed
3221 1796 3306 1849 ait
3339 1811 3354 1848 :
3388 1792 3580 1847 Omnis
3605 1793 3726 1844 arbor

428 1911 647 1972 calvari,
675 1912 772 1964 nisi
802 1925 896 1979 per
925 1922 1052 1961 suas
1080 1921 1269 1960 manus
1297 1905 1611 1974 praedicant.
1641 1898 2020 1952 Resurrcctio-
2053 1882 2096 1938 Β
2123 1913 2241 1965 qua:
2271 1913 2371 1949 non
2403 1895 2531 1964 facit
2569 1894 2800 1965 fructum
2835 1895 3053 1957 bonum,
3079 1887 3405 1947 excidetur.
3448 1885 3562 1940 Non
3597 1887 3724 1950 enim,

428 2017 549 2054 nem
570 2003 733 2056 etiam
757 2013 1038 2070 corporum
1061 2007 1273 2068 negant.
1295 1996 1416 2050 Illos
1437 1992 1732 2046 diabolicos
1749 1990 2020 2054 homines,

427 2095 627 2149 fratres
670 2096 806 2156 mei,
846 2093 1033 2157 vitate,
1072 2091 1196 2160 quia
1239 2090 1382 2144 sicut
1414 2087 1672 2140 Dominus
1722 2082 1970 2152 praedixit
2005 2098 2018 2136 :

435 2184 663 2239 Veniunt
705 2187 758 2237 in
801 2182 1113 2236 vestimentis
1158 2182 1351 2244 ovium,
1399 2195 1516 2232 cum
1570 2179 1881 2230 intrinsecus
1917 2178 2020 2230 sint

426 2276 536 2345 lupi
562 2292 772 2343 rapaces
795 2273 1014 2342 (Matth.
1043 2272 1158 2343 vn).
1183 2271 1288 2326 Vos
1311 2287 1439 2342 ergo
1462 2272 1526 2324 ad
1552 2272 1818 2326 cavendas
1835 2283 2020 2325 eorum

425 2369 717 2430 versutias,
749 2375 923 2421 estote
955 2367 1245 2436 prudentes
1269 2366 1412 2420 sicut
1438 2372 1735 2434 serpentes.

501 2457 762 2527 Sequitur
793 2474 919 2528 pars
947 2458 1210 2522 secunda,
1242 2458 1294 2510 in
1343 2472 1447 2526 qua
1495 2455 1751 2510 Dominus
1783 2454 2021 2509 ostendit

430 2552 755 2621 generaliter
778 2561 831 2605 et
852 2567 947 2621 per
965 2551 1372 2604 similitudinem
1403 2550 1672 2616 quomodo
1696 2548 2023 2618 dignoscan-

431 2654 539 2708 tur,
570 2644 753 2698 dicens
779 2662 791 2697 :
821 2646 860 2697 Α
887 2644 1141 2713 fructibus
1167 2660 1345 2696 eorum
1373 2642 1690 2713 cognoscetis
1719 2657 1825 2706 eos,
1856 2641 1904 2692 id
1937 2649 2020 2694 est

431 2731 502 2786 ab
526 2734 800 2801 operibus.
831 2733 1095 2802 Loquitur
1121 2743 1300 2788 autem
1329 2733 1416 2788 hic
1443 2732 1810 2802 nielaphorice
1838 2733 2016 2785 Dorul-

431 2839 558 2889 t-us,
587 2828 844 2895 quoniam
880 2829 1014 2881 sicut
1072 2841 1102 2880 a
1159 2840 1354 2894 sapore
1407 2825 1616 2880 fructus
1665 2825 2016 2895 dignoscitur,

431 2916 582 2986 cujus
626 2921 871 2974 humoris
917 2920 987 2974 sit
1023 2929 1249 2974 truncus
1280 2930 1334 2974 et
1383 2920 1534 2974 radix
1581 2920 1815 2982 arboris,
1850 2920 1922 2973 ita
1955 2935 2018 2973 ex

433 3011 688 3078 operibus
734 3014 1099 3068 exterioribus
1153 3014 1506 3084 perpenditur
1537 3014 1690 3083 cujus
1726 3013 2021 3067 voluntatis

432 3103 503 3158 sit
560 3118 656 3157 cor
705 3105 958 3160 hominis.
1004 3107 1106 3173 Qui
1162 3117 1343 3163 autem
1375 3109 1446 3162 sit
1475 3109 1682 3162 fructus
1729 3108 2016 3168 malorum,

431 3195 722 3266 Apostolus
749 3200 816 3253 ad
867 3198 1088 3256 Galatas
1115 3203 1395 3257 ostendit:
1455 3200 1764 3270 Manifesta,
1821 3199 2015 3268 inquit,

431 3301 554 3343 sunt
597 3307 753 3359 opera
781 3294 980 3358 carnis,
1012 3310 1129 3364 qua!
1158 3305 1275 3348 sunt
1323 3293 1625 3364 fornicatio,
1659 3294 2014 3354 immunditia,

431 3381 678 3451 luxuria,
728 3387 981 3451 avaritia,
1013 3387 1276 3441 idolorum
1317 3388 1565 3448 servitus,
1601 3387 1846 3455 veneﬁcia
1869 3425 1884 3450 ,
1917 3385 2020 3439 ini.

432 3475 672 3538 mit-itte,
702 3477 1076 3541 contentiones,
1107 3476 1496 3540 et’mulalioms,
1526 3476 1690 3541 ria-tr,
1740 3475 2023 3533 dissentio-

432 3581 544 3627 nes,
583 3566 826 3629 Ita'reses,
860 3566 1093 3633 inuidiae,
1138 3568 1451 3633 homicidia,
1483 3565 1775 3630 ebrietates,
1818 3585 2020 3622 contes-

435 3658 680 3721 sationes,
708 3669 754 3712 et
781 3660 862 3714 Itis
891 3660 1088 3713 similia
1115 3676 1232 3729 quis
1277 3660 1506 3728 precilico
1543 3659 1700 3722 vobis,
1737 3661 1874 3714 sicut
1905 3660 2023 3729 jam

434 3752 679 3821 prtedizi,
705 3754 953 3821 quoniam
983 3753 1073 3820 qui
1103 3752 1232 3806 talia
1282 3763 1462 3823 agunt,
1517 3771 1732 3825 regnum
1766 3754 1862 3807 Dei
1917 3770 2020 3809 non

437 3856 814 3912 consequentur
837 3843 980 3914 (Cal.
1007 3842 1200 3913 v).Qui
1228 3859 1358 3900 vero
1383 3845 1489 3899 sint
1529 3845 1734 3899 fructus
1757 3845 2023 3899 bonorum

436 3938 695 4001 ostendit,
721 3936 957 3991 subdens
996 3952 1010 3990 :
1049 3933 1279 3989 Fructus
1321 3944 1494 3990 autem
1544 3936 1759 4005 spiritus
1789 3946 1864 3990 est
1896 3935 2026 3988 cliu-

439 4026 592 4091 ritas,
629 4029 904 4094 gaudium,
943 4025 1068 4095 pas,
1113 4027 1392 4096 patientia,
1435 4025 1833 4096 longanimitas,
1870 4040 2024 4077 mon—

437 4117 682 4180 suetudo,
713 4117 866 4184 ﬁdes,
884 4120 1163 4184 modestia,
1187 4120 1510 4173 continentia
1529 4159 1543 4184 ,
1570 4119 1790 4173 castitas
1821 4116 2023 4188 (ibist).

443 4203 720 4276 Nunquid,
753 4209 947 4274 inquit,
981 4211 1232 4280 colligunt
1256 4211 1319 4270 tle
1341 4212 1504 4280 spinis
1533 4227 1683 4277 uvas,
1716 4218 1808 4263 aut
1838 4209 1903 4262 de
1928 4209 2027 4263 tri-

443 4300 579 4353 bulis
608 4300 784 4368 ﬁcus.’
811 4301 864 4354 id
891 4310 973 4355 est
1000 4304 1242 4372 nunquid
1268 4305 1336 4359 de
1369 4303 1772 4375 peccatoribus,
1801 4302 2026 4366 malitia,

441 4399 498 4445 et
526 4390 594 4445 de
619 4391 764 4446 vitiis
788 4391 1043 4462 spinosis,
1086 4404 1313 4463 possunt
1353 4396 1505 4449 exire
1535 4392 1743 4450 fructus
1791 4389 2032 4448 dulcedi-

444 4483 528 4538 nis
553 4491 607 4537 et
630 4483 999 4554 benignitatis,
1030 4495 1084 4542 st
1117 4502 1235 4543 uva
1262 4486 1484 4541 fervida:
1511 4487 1818 4541 cbaritatis.
1862 4485 2029 4552 Quasi

2129 1989 2318 2044 sufﬁcit
2361 1987 2564 2043 homini
2603 2003 2707 2042 non
2741 1987 2923 2041 facere
2960 1986 3197 2050 malum,
3249 1983 3367 2035 nisi
3401 1981 3569 2036 etiam
3601 1977 3726 2033 faciat

2129 2085 2360 2138 bonum.
2397 2083 2670 2151 Scriptum
2707 2092 2790 2135 est
2820 2079 2964 2134 enim
3001 2094 3014 2132 ε
3052 2078 3292 2132 Declina
3332 2093 3368 2128 α
3404 2075 3569 2136 malo,
3605 2073 3727 2142 ctfac

2131 2177 2324 2230 bonum
2353 2174 2526 2244 (Psal.
2563 2175 2771 2232 xxxvi).
2808 2173 2861 2226 In
2888 2172 2991 2226 hoc
3014 2153 3162 2227 enim
3194 2169 3359 2240 quod
3394 2169 3542 2220 vitas
3568 2168 3728 2220 malum

2127 2270 2268 2323 vitas
2302 2277 2508 2322 tantum
2543 2284 2781 2339 pmnam,
2815 2283 2913 2321 nec
2944 2267 3195 2337 acquiris
3233 2263 3568 2338 praemium.
3595 2261 3643 2315 Si
3670 2261 3728 2314 dio

2128 2364 2208 2419 cis
2240 2363 2365 2417 mihi
2396 2361 2511 2416 Non
2537 2360 2737 2438 furtum
2761 2356 2863 2415 feci
2889 2378 2902 2415 :
2932 2357 3093 2415 Loris
3118 2374 3234 2414 non
3262 2357 3475 2423 uteris,
3501 2356 3613 2417 aio;
3640 2355 3726 2410 .‘ien

2127 2456 2401 2514 hominem
2434 2455 2604 2511 occidi
2631 2471 2646 2509 :
2678 2453 2791 2509 Non
2826 2469 3020 2526 pasces
3051 2454 3105 2508 in
3139 2471 3324 2510 cruce
3355 2468 3582 2509 corvos.
3603 2451 3728 2506 Dives

2128 2552 2326 2622 quippe
2374 2557 2704 2619 purpuratus
2755 2547 2950 2614 legitur
2997 2547 3049 2601 in
3093 2545 3331 2601 inferno
3359 2545 3619 2605 cruciari.
3648 2561 3727 2598 non

2126 2645 2250 2716 quia
2289 2642 2530 2712 rapuerit
2575 2642 2773 2704 aliena,
2807 2640 2901 2694 sed
2943 2641 3069 2712 quia
3106 2656 3222 2694 non
3260 2640 3429 2693 dedit
3459 2655 3556 2694 sua
3590 2635 3730 2706 :quid

2127 2753 2255 2808 et‘go
2282 2736 2541 2806 patietur,
2574 2733 2663 2804 qui
2694 2734 2871 2807 rapuit
2899 2731 3073 2786 aliena
3096 2731 3120 2785 ?
3145 2732 3375 2804 Itaque,
3412 2730 3609 2784 fratres
3631 2730 3726 2791 mei,

2126 2845 2248 2886 eum
2276 2825 2783 2890 vitaveritis'mala,
2811 2823 2972 2877 facite
3013 2822 3180 2890 bona,
3221 2823 3361 2892 quia
3387 2822 3514 2891 jam
3559 2823 3726 2875 securis

2127 2925 2195 2977 ad
2226 2924 2453 2976 radicem
2476 2920 2680 2974 arboris
2711 2917 2881 2986 posita
2907 2924 2984 2972 est
3007 2914 3241 2986 (Matth.
3277 2916 3402 2984 tit),
3439 2930 3546 2968 non
3579 2913 3720 2969 sutum

2127 3013 2302 3078 malm,
2341 3012 2434 3066 sed
2475 2993 2639 3066 etiam
2672 3006 2895 3063 sterilis.

2198 3104 2456 3173 Sequitur
2479 3117 2605 3170 pars
2640 3101 2820 3165 tertia,
2848 3099 2899 3154 in
2927 3114 3033 3170 qua
3065 3098 3322 3154 ostendit
3351 3098 3623 3153 Dominus
3644 3097 3731 3167 spi—

2126 3199 2392 3254 ritualiter
2424 3196 2617 3266 quibus
2655 3195 2909 3265 operilms
2935 3197 3061 3250 boni
3095 3209 3123 3246 a
3154 3191 3326 3248 malis
3390 3209 3502 3246 non
3556 3192 3728 3246 discer-

2126 3299 2344 3354 nantur,
2394 3299 2450 3343 et
2502 3286 2699 3359 quibus
2755 3285 3157 3342 discernantur.
3228 3283 3458 3356 Quibus
3504 3283 3730 3355 operibus

2131 3399 2238 3439 non
2266 3379 2646 3460 discernantur
2676 3378 2934 3447 ostendit,
2971 3397 3092 3434 cum
3119 3377 3322 3452 subdit
3365 3394 3382 3434 :
3434 3367 3560 3433 Non
3582 3373 3726 3434 omnis

2125 3475 2216 3545 qui
2254 3475 2381 3528 dicit
2421 3472 2572 3535 mihi,
2604 3472 2852 3538 Domine,
2885 3461 3399 3538 Domine,‘intrabit
3441 3473 3502 3526 in
3541 3489 3727 3542 regem

2126 3563 2396 3626 caelorum.
2445 3568 2586 3623 Sunt
2634 3551 2815 3622 autem
2859 3567 2959 3622 tria
2995 3582 3191 3639 genera
3226 3582 3473 3637 operum
3520 3582 3536 3621 :
3578 3565 3725 3621 Unum

2127 3663 2269 3735 quod
2293 3672 2377 3718 est
2410 3662 2688 3734 proprium
2723 3661 2987 3714 bonorum
3008 3700 3024 3726 ,
3057 3669 3115 3713 ut
3143 3656 3382 3714 dilecuo
3414 3659 3511 3714 Dei
3549 3669 3600 3713 et
3622 3674 3725 3730 pro-

2127 3755 2258 3810 ximi
2284 3771 2299 3819 ;
2329 3737 2649 3809 beliefacere
2675 3752 2837 3806 etiam
2869 3751 3138 3820 inimicis,
3171 3751 3490 3807 observare
3541 3765 3722 3820 pacem,

2130 3846 2494 3904 concordiam.
2524 3843 2864 3913 sapientiam.
2892 3838 3158 3908 justitiam
3213 3851 3271 3895 et
3305 3855 3549 3896 ceteras
3583 3843 3723 3893 virtu-

2131 3949 2236 3994 tes.
2275 3938 2436 3992 Aliud
2473 3945 2556 3990 est
2582 3937 2722 4005 quod
2751 3944 2832 3989 est
2863 3933 3139 4005 proprium
3171 3935 3482 3994 malorum,
3513 3945 3568 3988 ut
3594 3933 3718 3995 vitis,

2131 4040 2186 4087 et
2223 4045 2411 4083 eorum
2461 4014 2645 4100 opera.
2688 4029 2932 4084 Tertium
2971 4024 3100 4084 vero
3149 4037 3235 4083 est
3285 4044 3589 4084 commune
3633 4037 3721 4079 tam

2130 4123 2395 4178 bonorum
2422 4135 2584 4190 quam
2611 4121 2912 4182 malorum,
2944 4129 3002 4174 ut
3040 4121 3295 4190 quaedam
3333 4122 3522 4176 media
3560 4135 3717 4190 opera.

2132 4223 2192 4268 ut
2218 4213 2686 4282 orare,jejunare,
2711 4213 2855 4267 indui
2888 4213 3084 4277 cilicio,
3124 4213 3258 4268 dare
3309 4213 3716 4284 clecmosynam,

2133 4305 2411 4361 refrenare
2439 4305 2730 4384 luxuriam,
2754 4315 2808 4360 et
2835 4305 3164 4375 huiusmodi.
3201 4305 3333 4360 llaec
3368 4308 3525 4359 enirn
3553 4318 3718 4357 secun-

2134 4398 2261 4452 dum
2298 4397 2652 4452 intentionem
2685 4399 2891 4466 agentis
2920 4411 3118 4451 nomen
3150 4405 3471 4451 assumunt.
3511 4397 3566 4450 in
3606 4397 3716 4450 beo:

2135 4489 2408 4547 utentibus
2438 4499 2562 4544 sunt
2589 4490 2847 4560 bona;,in
2880 4489 3018 4544 male
3048 4489 3330 4544 utentibus
3357 4489 3527 4542 mals.
3550 4489 3717 4543 Osteno

444 4575 587 4630 dicat
621 4593 634 4629 :
669 4576 810 4668 ῌυιι.
841 4577 1013 4633 Malus
1043 4577 1259 4648 quidem
1309 4591 1473 4649 opera
1510 4580 1726 4634 virtutis
1773 4580 2032 4635 simulare
2065 4607 2110 4668 η
2137 4586 2214 4639 dit
2238 4600 2366 4654 ergo
2394 4583 2652 4638 Dominus
2681 4582 2822 4652 quod
2852 4591 3072 4652 propter
3114 4583 3215 4636 ista
3241 4579 3585 4642 communia,
3626 4594 3714 4632 non

443 4675 644 4736 potest,
672 4667 742 4724 fat
759 4683 852 4726 ezo
875 4671 1098 4726 omnino
1121 4685 1225 4725 non
1244 4679 1440 4739 potest.
1468 4671 1574 4724 Sed
1606 4671 1649 4723 si
1673 4669 2028 4738 simulaverit,

445 4761 713 4830 quoinodo
753 4765 950 4832 poterit
973 4762 1402 4827 discernUQuia
1434 4760 1736 4826 simulator,
1760 4763 1860 4818 etsi
1888 4779 2036 4834 quan-

447 4858 602 4919 dam,
640 4865 818 4910 tanien
867 4872 972 4912 non
1023 4865 1202 4923 potest
1247 4855 1429 4908 omnia
1481 4853 1786 4910 simulare:
1827 4865 1881 4910 et
1908 4855 2032 4924 quia

445 4948 586 5014 quod
613 4957 699 5003 est
725 4947 1059 5010 simulatum,
1098 4961 1204 5000 non
1240 4955 1322 4998 est
1356 4945 1590 5010 lit-mum,
1621 4947 1765 5000 sicut
1797 4960 1897 5001 nec
1943 4962 2032 5001 co-

446 5037 529 5094 lor
579 5049 838 5104 mutatus,
873 5048 928 5093 et
956 5039 1082 5109 quia
1139 5037 1415 5093 simulatio
1460 5038 1706 5096 lacessita
1736 5039 2028 5110 detegitur.

446 5130 548 5198 Qui
574 5147 706 5199 ergo
738 5145 867 5185 vero
911 5131 1395 5188 dissimulationem
1445 5133 1852 5203 deprehendere
1896 5133 2027 5197 vult,

446 5221 687 5293 inquirat
713 5237 820 5278 non
850 5223 980 5294 quid
1010 5223 1209 5294 palam,
1241 5226 1334 5280 sed
1378 5226 1506 5295 quid
1546 5228 1686 5282 clam
1729 5223 1918 5292 faciat,
1949 5223 2034 5278 vel

451 5312 614 5370 dicat.
674 5313 944 5369 Pmterea
1005 5316 1054 5370 si
1111 5324 1316 5372 attente
1377 5327 1434 5372 et
1498 5318 1716 5373 assidue
1777 5316 2035 5387 inspicias

447 5421 614 5476 opera
643 5408 1273 5481 simulatoris,paulatim
1294 5411 1388 5467 tibi
1415 5412 1655 5468 vilescet.
1688 5412 1875 5468 Virum
1904 5426 2034 5466 vero

449 5497 649 5554 bonum
708 5504 1033 5574 quantoplus
1091 5505 1493 5569 observaveris,
1535 5513 1687 5562 tanto
1739 5505 1858 5575 plus
1909 5519 2032 5559 eum

454 5591 760 5646 miraberis.
803 5595 892 5650 Sic
931 5613 1035 5650 non
1067 5607 1232 5666 potest
1264 5596 1410 5651 mala
1445 5598 1606 5651 arbor
1635 5597 1796 5650 bonos
1829 5597 2032 5666 fructus

451 5688 644 5755 facere,
679 5705 772 5743 nec
812 5691 966 5744 arbor
1009 5697 1147 5746 bona
1185 5692 1389 5760 fructus
1429 5692 1594 5746 malos
1639 5692 1832 5761 facere,
1866 5691 1919 5745 id
1947 5701 2034 5748 est

453 5781 615 5836 homo
647 5783 885 5838 existens
914 5785 1107 5852 malus,
1141 5802 1248 5840 non
1291 5794 1468 5855 potest
1515 5783 1699 5838 facere
1729 5799 1891 5854 opera
1926 5786 2034 5841 Deo

453 5874 744 5951 placentia,
771 5887 825 5931 et
849 5890 1063 5934 aeterna:
1091 5879 1462 5934 retributionis
1495 5878 1691 5950 digna;
1734 5879 1836 5935 nec
1869 5879 2033 5938 homo

2138 4677 2424 4733 habebitur
2455 4691 2678 4746 regnum
2713 4675 2972 4731 caelorum
2997 4690 3120 4730 cum
3151 4675 3300 4729 dicat
3334 4691 3349 4729 :
3415 4673 3543 4728 Non
3572 4678 3714 4726 omnis

2137 4771 2226 4842 qui
2255 4767 2383 4822 dicit
2419 4768 2546 4822 mihi
2579 4785 2595 4822 :
2623 4767 2866 4832 Domine,
2899 4761 3144 4832 Domine,
3167 4767 3394 4820 intrabit
3443 4767 3497 4820 in
3528 4781 3714 4830 regnum

2139 4863 2407 4918 calorum.
2445 4859 2713 4916 Similiter
2749 4876 2849 4915 nec
2887 4861 3064 4916 omnis
3099 4861 3191 4930 qui
3216 4858 3459 4930 jejunat,
3495 4874 3592 4913 nec
3617 4874 3715 4909 om-

2138 4957 2222 5011 nis
2266 4955 2356 5025 qui
2409 4953 2499 5008 dat
2533 4951 2956 5022 cleemosynam,
2989 4958 3060 5006 aet
3098 4951 3259 5018 hujus
3315 4951 3488 5005 modi.
3534 4947 3713 5004 Deinde

2137 5047 2376 5103 ostendit
2415 5059 2524 5116 quo
2555 5058 2718 5114 opere
2753 5047 3133 5100 discernantur
3160 5043 3288 5098 boni
3325 5060 3354 5097 a
3383 5043 3545 5097 malis
3569 5083 3583 5105 ,
3607 5040 3716 5094 sub-

2137 5142 2304 5196 dens:
2331 5139 2433 5195 Sed
2465 5140 2634 5194 omnis
2655 5138 2744 5208 qui
2778 5138 2908 5207 facit
2946 5135 3268 5190 uoluntatem
3308 5133 3495 5188 Patris
3520 5135 3617 5186 mei
3641 5132 3713 5201 qui

2137 5233 2193 5286 in
2224 5231 2364 5286 ralis
2395 5241 2512 5297 est;
2557 5231 2668 5300 ipse
2708 5231 2922 5284 intrabit
2944 5230 2998 5282 in
3031 5245 3248 5298 regnum
3302 5230 3577 5282 calorum.
3622 5223 3708 5276 Vo-

2136 5325 2399 5388 luntatem
2425 5324 2520 5380 Dei
2548 5324 2679 5380 facit
2701 5324 2790 5394 qui
2823 5338 2949 5377 vere
2993 5323 3186 5389 credit,
3220 5331 3371 5377 recte
3404 5334 3607 5392 sperat.
3637 5323 3712 5372 ﬁr-

2136 5435 2224 5475 rne
2287 5419 2492 5489 diligit;
2543 5418 2874 5472 voluntatem
2927 5415 3020 5470 Dei
3072 5415 3236 5481 facit,
3280 5418 3373 5486 qui
3423 5417 3564 5485 quod
3612 5414 3706 5466 vult

2136 5513 2296 5580 Deus,
2344 5519 2487 5565 etut
2524 5510 2657 5574 vult,
2707 5507 2860 5563 facit.
2910 5506 3257 5563 Voluntatem
3306 5508 3406 5563 Dei
3451 5508 3598 5567 facit,
3630 5505 3707 5576 qui

2136 5619 2280 5670 eam,
2310 5604 2474 5657 etiam
2499 5616 2609 5657 sute
2637 5610 2692 5657 et
2731 5601 2982 5657 omnibus
3019 5601 3142 5658 aliis
3174 5603 3466 5672 praeponit,
3497 5604 3704 5658 dicens:

2140 5695 2263 5750 Non
2289 5711 2427 5760 mea,
2446 5694 2793 5762 Domine,sed
2818 5704 2913 5747 tua
2928 5694 3170 5748 uoluntas
3195 5695 3292 5764 ﬁat
3323 5694 3544 5764 (Matth.
3572 5705 3696 5748 sm:

2137 5787 2311 5843 Marc.
2347 5787 2480 5854 xiv).
2511 5785 2618 5842 Nos
2635 5801 2787 5856 ergo,
2807 5784 3005 5840 fratres
3022 5787 3155 5851 mei,
3172 5786 3228 5841 in
3247 5787 3503 5841 omnibus
3516 5795 3694 5852 quisn-

2137 5897 2258 5938 tuus
2277 5890 2330 5936 et
2345 5879 2610 5935 faciamus
2631 5878 2965 5934 voluntatem
2996 5879 3120 5945 Dei,
3149 5880 3439 5951 diligentes
3462 5892 3576 5932 eum
3597 5877 3690 5929 toto
