3896 6320
500 390 648 457 9015

1534 391 1884 449 ADDENDA.
1922 420 1993 432 —
2031 383 2382 448 RADULPHI
2421 382 2768 445 ARDENTIS

3648 382 3760 441 sua

508 519 752 570 laverunt
796 508 967 568 Deum
1014 510 1070 567 in
1109 511 1354 568 cordibus
1402 512 1533 579 suis,
1575 522 1632 567 ut
1680 522 1907 583 peterent
1946 529 2090 567 escas
2118 515 2166 576 Α
2194 511 2248 565 in
2277 510 2383 566 ﬁne
2412 509 2733 565 szeculorum
2779 504 2894 562 nati
2928 517 3149 570 sumus,
3203 510 3261 559 et
3288 501 3413 557 ideo
3449 496 3494 557 si
3523 508 3756 575 transgre.

509 607 783 661 animabus
817 607 946 660 suis.
994 605 1057 660 Et
1088 607 1224 661 male
1262 604 1424 660 locuti
1462 615 1580 659 sunt
1611 606 1675 660 de
1710 606 1839 673 Deo,
1872 616 1919 659 et
1948 606 2093 660 dise-

510 713 669 755 runt:
698 701 953 773 Nunquid
989 703 1174 773 poterit
1216 701 1358 755 Deus
1381 718 1569 771 parare
1600 701 1746 755 nobis
1777 717 2007 754 mensam
2037 700 2094 754 in

508 792 711 847 deserto
736 793 761 847 ?
790 793 929 859 Quia
977 796 1229 864 percussit
1261 801 1485 861 petram,
1530 804 1577 847 et
1607 794 1875 863 ﬂuxerunt
1918 806 2089 863 aquas,

508 892 560 937 et
599 896 853 939 torrentes
880 887 1279 942 inundaverant.
1316 885 1572 955 Nunquid
1606 896 1652 940 et
1683 902 1873 954 panem
1904 885 2091 955 poterit

509 973 679 1028 dare?
701 974 872 1044 (Psat.
899 979 1128 1047 Lxxvn.)
1160 976 1225 1031 Et
1248 994 1352 1033 non
1378 977 1549 1033 solum
1583 976 1774 1039 semel,
1804 976 1897 1031 sed
1926 976 2089 1031 etiam

507 1068 711 1135 pluries
755 1080 1096 1124 tentavcruut
1146 1070 1316 1125 Deum
1366 1072 1419 1125 in
1464 1071 1700 1126 deserto.
1734 1070 2027 1139 Propterea
2061 1084 2092 1124 a

508 1161 849 1231 serpentibus
883 1161 1084 1230 ignitis,
1115 1163 1205 1231 qui
1256 1164 1465 1220 scilicet
1506 1164 1702 1219 ardore
1731 1171 1786 1218 et
1820 1163 1909 1219 siti
1948 1163 2093 1229 peri-

508 1251 747 1316 mebant,
792 1253 1089 1321 perierunt.
1142 1254 1198 1309 In
1252 1272 1360 1325 quo
1414 1257 1819 1327 praeﬁguratum
1854 1266 1937 1311 est
1996 1272 2093 1311 nos

507 1357 743 1412 quoque,
765 1344 808 1397 si
835 1347 1222 1402 tantm-erimus
1237 1346 1425 1412 Deum,
1448 1348 1500 1402 in
1520 1356 1780 1403 aeternum
1800 1349 2091 1418 perituros.

505 1430 621 1485 Non
647 1441 729 1487 est
752 1445 951 1501 autem,
980 1435 1176 1492 fratres
1213 1438 1340 1504 mei,
1370 1448 1579 1494 tentare
1604 1440 1792 1501 Deum,
1819 1440 1863 1493 si
1896 1438 2091 1505 ﬁdelis,

505 1524 793 1596 ingruente
833 1530 1071 1597 periculo
1110 1541 1165 1586 et
1217 1533 1457 1589 lmmano
1505 1534 1792 1589 deﬁciente
1838 1534 2088 1599 consilio,

504 1630 564 1671 se
598 1615 710 1672 Deo
744 1628 910 1675 totum
954 1622 1004 1675 in
1031 1622 1270 1693 periculo
1300 1626 1613 1692 committit,
1644 1626 1728 1681 vel
1768 1627 1814 1681 si
1864 1627 1929 1679 ad
1978 1625 2093 1679 lau-

504 1706 626 1761 dem
662 1708 753 1763 Dei
807 1721 860 1765 et
890 1711 1173 1767 utilitatem
1217 1715 1467 1784 proximi,
1500 1716 1716 1785 quando
1744 1717 1889 1770 videt
1933 1730 2093 1786 opor-

502 1803 639 1865 tere,
670 1816 697 1853 a
726 1800 835 1857 Deo
874 1802 990 1858 fieri
1043 1806 1301 1860 miracula
1342 1808 1535 1876 poscit.
1580 1809 1624 1862 A
1659 1810 2090 1865 murmuratione

2196 604 2395 670 dimur,
2422 604 2595 674 magis
2624 600 2883 672 puniendi
2915 613 3134 656 sumus.
3186 596 3446 651 Priorum
3495 598 3649 659 enim.
3681 610 3758 657 tam

2194 698 2427 753 virtutes
2448 712 2611 766 quam
2651 696 2847 759 ruinte,
2901 709 3068 764 quam
3114 690 3411 756 doctrinae,
3462 690 3513 745 in
3562 702 3758 747 nostrum

2196 791 2413 861 scripta:
2459 798 2585 845 sunt
2638 788 3062 843 erudimentum.
3121 784 3182 840 Si
3239 800 3379 854 ergo
3408 784 3630 855 priores,
3680 787 3763 843 sius

2195 882 2311 954 lege
2343 891 2631 953 peccantes
2670 893 2727 936 et
2760 879 3191 951 magnitudinem
3254 886 3603 947 peccatorum
3648 878 3764 948 igno-

2200 984 2412 1039 rantes,
2437 982 2546 1028 tam
2575 972 2814 1044 graviter
2842 980 2970 1026 sunt
2994 970 3194 1040 puniti,
3218 977 3434 1039 quanto
3459 968 3669 1039 gravius
3697 987 3765 1027 nos

2198 1066 2253 1121 in
2293 1076 2537 1137 tempore
2575 1064 2765 1136 gratia:
2801 1073 2856 1118 et
2912 1062 3216 1132 Scripturis
3254 1061 3485 1125 eruditi,
3532 1061 3579 1115 si
3626 1070 3766 1118 trans-

2198 1158 2497 1229 gredimur,
2525 1172 2713 1213 sumus
2764 1155 3059 1227 puniendi?
3116 1154 3327 1225 Itaque,
3381 1152 3581 1223 inquit,
3620 1156 3701 1223 qui
3728 1173 3768 1209 se

2198 1260 2339 1305 stare
2368 1252 2660 1315 existimat,
2691 1249 2862 1304 videat
2908 1266 2972 1303 ne
2997 1249 3176 1302 cadat.
3208 1250 3292 1302 Ac
3317 1246 3367 1301 si
3398 1255 3589 1317 aperte
3635 1246 3763 1311 dicat,

2199 1341 2297 1397 Via
2349 1344 2509 1413 hujus
2559 1340 2743 1397 mundi
2776 1339 2980 1395 lubrica
3012 1349 3115 1405 est,
3155 1347 3210 1393 et
3239 1337 3421 1402 multi,
3451 1346 3561 1391 tam
3591 1336 3766 1406 priores

2200 1449 2362 1502 quam
2402 1441 2712 1503 sequentes,
2764 1440 3049 1487 corruunt.
3082 1429 3384 1501 Propterea
3425 1428 3603 1484 omnis
3635 1429 3767 1483 etiam

2200 1526 2289 1595 qui
2322 1526 2421 1582 sibi
2454 1526 2668 1580 videtur
2691 1533 2858 1586 stare.
2893 1524 3082 1578 timeat
3131 1524 3259 1578 dum
3303 1532 3491 1593 potest
3517 1522 3715 1577 cadere.

2272 1619 2533 1689 Sequitur
2562 1634 2689 1687 pars
2718 1617 2901 1681 tertia,
2929 1617 2980 1669 in
3006 1631 3112 1687 qua
3147 1631 3248 1670 nos
3271 1626 3459 1669 monet
3496 1612 3767 1683 Apostolus,

2197 1724 2267 1764 ne
2302 1708 2771 1779 apprehendamur
2793 1723 2821 1760 a
2849 1706 3177 1772 tentatione,
3212 1720 3339 1760 cum
3365 1705 3501 1759 dicit
3529 1703 3769 1760 :Teructis

2198 1818 2287 1856 vos
2316 1817 2419 1854 non
2442 1802 2796 1869 apprehendat
2846 1801 2947 1853 nisi
2986 1800 3242 1851 humana.
3282 1797 3404 1851 Non
3444 1808 3629 1853 autem
3682 1799 3765 1852 ait:

504 1905 603 1945 nos
630 1894 967 1961 dehortatur,
1000 1913 1121 1952 cum
1146 1899 1360 1954 subdit:
1398 1900 1583 1971 Neque
1608 1903 2091 1957 murmuraveritis.
2128 1882 2173 1940 Β
2199 1894 2279 1951 Ne
2312 1895 2617 1959 tentemini.
2652 1894 2779 1964 (ιυίίι
2806 1894 3081 1948 hominem
3117 1895 3169 1948 ίιι
3198 1894 3301 1948 hac
3328 1893 3446 1947 Vim
3490 1894 3684 1947 ιεηίπί
3709 1902 3768 1946 εει

502 1980 600 2035 Est
630 1993 809 2039 autem
841 1991 1197 2047 murmuratio
1229 2006 1330 2047 nec
1351 1994 1573 2048 omnino
1610 2004 1819 2064 aperta,
1849 2012 1949 2052 nec
1972 2014 2092 2053 om-

502 2070 633 2127 nino
663 2077 876 2130 occulta
906 2081 1275 2149 reprehensio,
1312 2084 1487 2137 media
1522 2085 1664 2140 inter
1696 2087 2091 2145 detractionem

501 2168 555 2213 et
572 2160 1023 2233 objurgationem.
1057 2166 1123 2220 Et
1150 2178 1235 2223 est
1264 2170 1483 2240 proprie
1510 2170 1782 2229 inferioris
1810 2191 1968 2231 suum
1996 2193 2089 2232 su-

501 2253 771 2319 periorem
811 2270 907 2324 per
944 2258 1338 2328 impatientiam
1388 2262 1531 2319 ferre
1567 2282 1672 2321 non
1708 2267 1958 2335 volentis,
1994 2286 2092 2327 nec

501 2350 680 2399 tamen
717 2361 840 2401 eum
872 2359 1059 2419 aperte
1105 2352 1389 2425 objurgare
1445 2359 1714 2415 audentis.
1768 2360 1863 2415 Est
1910 2373 2090 2419 autem

501 2434 606 2492 hoc
632 2438 823 2494 vitium
862 2443 1183 2513 maximum,
1217 2447 1533 2517 seditiones,
1567 2451 1866 2507 discordias
1893 2463 1947 2508 et
1970 2454 2093 2509 lites

499 2541 783 2597 generans.
808 2532 976 2587 Porro
1008 2535 1158 2605 probi
1191 2538 1292 2593 viri
1333 2550 1416 2595 est
1447 2555 1553 2597 non
1585 2558 1951 2609 murmurare,
1996 2543 2092 2599 sed

498 2621 697 2688 potius,
738 2623 783 2678 si
824 2626 1262 2695 reprchensibilis
1287 2640 1392 2695 est,
1418 2631 1505 2687 vel
1537 2646 1783 2688 seorsum
1839 2649 2088 2706 arguere,

500 2709 587 2766 vel
616 2724 803 2783 aperte
820 2716 1129 2789 obiurgare.
1156 2720 1236 2777 Ab
1262 2721 1365 2777 hoc
1392 2731 1576 2778 autem
1606 2724 1737 2779 vitio
1772 2740 1868 2780 nos
1896 2727 2096 2782 dehor-

501 2811 647 2861 tatur
669 2810 917 2882 exemplo
947 2810 1340 2870 lsraelitarum.
1374 2815 1614 2883 Quorum
1651 2818 1869 2888 quidam
1897 2829 2091 2875 contra

498 2895 722 2970 Moysen
756 2913 810 2958 ct
837 2904 1018 2961 Aaron
1055 2921 1535 2966 murmuraverunt
1561 2912 1627 2968 de
1677 2912 2009 2978 sacerdotio,
2037 2921 2092 2969 et

498 2992 663 3048 etiam
686 3006 875 3052 contra
910 2998 1078 3055 Deum
1118 3002 1184 3058 de
1212 3001 1399 3059 labore
1421 3003 1630 3061 itineris
1664 3020 1761 3076 per
1789 3004 2088 3073 desertum,

499 3091 556 3137 et
589 3083 711 3140 ideo
738 3088 1014 3156 perierunt
1044 3091 1113 3146 ab
1162 3095 1609 3162 exterminatore,
1657 3096 1713 3151 id
1752 3104 1834 3151 est
1868 3097 2091 3167 quidam

500 3173 571 3229 ab
604 3176 853 3236 incendio
891 3190 945 3237 et
972 3181 1059 3238 alii
1084 3184 1154 3240 ab
1181 3186 1328 3241 hiatu
1373 3198 1551 3255 terrae,
1578 3197 1634 3243 et
1679 3187 1768 3244 alii
1801 3188 1869 3243 ab
1900 3188 2090 3261 angelo

496 3270 839 3337 percutiente
883 3277 1231 3334 exterminari
1286 3289 1413 3336 sunt
1437 3297 1468 3336 a
1501 3293 1647 3337 terra
1680 3281 2000 3339 viventium.
2030 3283 2089 3339 In

498 3374 609 3431 quo
656 3362 943 3432 ﬁguratum
973 3378 1059 3426 est
1109 3386 1206 3428 nos
1230 3388 1466 3445 quoque,
1496 3374 1541 3429 si
1572 3384 1761 3431 contra
1810 3375 1979 3431 Deum
2006 3375 2093 3431 vel

498 3462 687 3509 contra
710 3461 1017 3529 superiores
1040 3474 1257 3521 nostros
1287 3468 1803 3525 murmuraverimus
1845 3470 1929 3542 (ut
1972 3469 2093 3540 qui-

499 3543 622 3601 dam
647 3549 873 3625 faciunt)
909 3570 938 3608 a
967 3556 1074 3612 vita
1106 3568 1309 3615 aeterna
1336 3560 1799 3617 exterminandos.

571 3637 830 3712 Sequitur
856 3659 986 3715 pars
1012 3651 1269 3717 secunda,
1298 3651 1350 3705 in
1389 3667 1495 3723 qua
1538 3651 1779 3708 ostendit
1798 3652 2091 3724 Apostolus

498 3744 655 3788 casus
678 3737 1023 3807 antiquorum
1046 3742 1099 3797 in
1130 3742 1359 3813 ﬁguram
1388 3747 1758 3817 praecessisse,
1784 3757 1839 3803 et
1862 3748 1929 3803 ad
1957 3762 2090 3802 cau-

500 3818 661 3875 telam
695 3835 933 3882 nostram
986 3832 1218 3900 scriptos
1244 3848 1387 3898 esse,
1421 3850 1545 3891 cum
1579 3836 1760 3891 subdit
1789 3854 1802 3891 :
1837 3836 1966 3892 Han:
1993 3855 2093 3891 au-

497 3920 601 3968 tem
624 3917 677 3969 in
709 3916 883 3988 ﬁgura
910 3922 1285 3994 contingebant
1314 3926 1445 3981 illis.
1493 3928 1846 4001 Temporales
1889 3932 2092 4001 quippe

496 4023 685 4080 ρατηερ,
727 4013 923 4083 quibus
979 4017 1138 4086 primi
1196 4022 1651 4090 praevaricatores
1706 4024 2089 4095 puniebantur,

493 4101 871 4171 signiﬁcabant
900 4117 1130 4164 aeternas
1161 4124 1374 4181 poenas,
1415 4113 1613 4185 quibus
1649 4131 1839 4171 omnes
1880 4132 2093 4186 praeva-

493 4192 760 4251 ricatores
813 4199 868 4253 in
923 4200 1135 4257 inferno
1186 4206 1441 4274 puniendi
1478 4218 1626 4263 sunt.
1677 4209 1913 4264 Primam
1944 4212 2090 4266 enim

496 4286 784 4360 ingluviem
808 4303 863 4349 et
899 4295 1322 4356 inobedientiam
1373 4303 1599 4359 damnat
1633 4305 1772 4360 Deus
1803 4307 1856 4360 in
1900 4307 2091 4377 primis

494 4382 816 4449 parentibus
846 4399 1007 4456 panni
1034 4391 1402 4461 mortalitatis,
1451 4403 1511 4450 ut
1538 4394 1874 4452 demonstret
1902 4414 2093 4455 omnes

495 4473 711 4543 gulosos
750 4486 805 4531 et
854 4479 1226 4540 inobedientes
1280 4496 1485 4541 :eterna
1539 4497 1710 4544 morte
1766 4489 2090 4559 puniendos.

2200 2002 2424 2045 necesse
2468 1996 2524 2042 ct
2560 1986 2717 2053 utile,
2757 1987 2848 2041 sed
2900 1985 2975 2041 ait
3006 2006 3019 2041 :
3050 1985 3293 2041 Tentatio
3324 2002 3415 2040 eos
3468 2002 3571 2040 non
3622 2002 3770 2054 appre-

2200 2083 2416 2145 hendat,
2446 2080 2497 2135 id
2536 2089 2642 2145 est,
2666 2095 2775 2135 non
2808 2095 2901 2135 vos
2930 2089 3169 2150 superet.
3217 2079 3285 2135 Et
3314 2081 3446 2150 quia
3483 2094 3675 2133 rursus
3694 2080 3770 2132 hoc

2201 2171 2534 2242 impossibile
2569 2180 2674 2237 est,
2708 2172 2835 2225 dum
2887 2170 2939 2224 in
2998 2172 3101 2226 hac
3129 2172 3242 2225 vita
3282 2186 3505 2233 sumus,
3538 2170 3769 2241 adiungit,

2200 2266 2305 2319 nisi
2334 2265 2588 2319 humana.
2638 2263 2705 2319 Et
2745 2265 2977 2319 humana
3025 2264 3245 2334 quidem
3281 2264 3521 2318 tentatio
3547 2272 3656 2327 est,
3685 2278 3773 2333 qua

2197 2359 2450 2430 provenit
2471 2374 2534 2414 es
2562 2358 2865 2429 ignorantia
2904 2365 2998 2412 aut
3025 2373 3094 2412 ex
3131 2355 3456 2427 fragilitate,
3486 2365 3583 2410 aut
3614 2371 3678 2408 es
3702 2372 3775 2410 ne-

2198 2452 2474 2506 cessitate.
2509 2449 2589 2504 Ex
2646 2449 2947 2518 ignorantia
2989 2448 3241 2521 provenit
3276 2448 3534 2512 tentatio,
3584 2448 3775 2518 quando

2198 2542 2403 2613 aliquis
2443 2542 2757 2613 ignoranter
2786 2551 2999 2613 peccat,
3034 2550 3093 2595 ut
3144 2540 3368 2611 quando
3398 2540 3602 2609 aliquis
3657 2549 3778 2611 potat

2198 2650 2259 2690 se
2294 2636 2477 2690 dicere
2516 2649 2731 2699 verum,
2758 2644 2813 2689 et
2852 2635 2984 2690 dicit
3014 2631 3247 2698 falsum;
3280 2640 3338 2689 et
3382 2632 3607 2703 quando
3656 2638 3777 2702 potat

2198 2740 2259 2781 se
2289 2726 2426 2782 bene
2448 2726 2538 2781 alii
2568 2726 2873 2793 consulere,
2901 2736 2956 2782 et
2992 2736 3169 2783 tamen
3214 2741 3320 2781 non
3359 2725 3601 2781 eottsulit
3646 2725 3777 2792 bene,

2197 2827 2255 2874 et
2294 2818 2622 2888 hujusmodi.
2661 2818 2740 2874 Es
2778 2818 3070 2890 fragilitate
3095 2834 3227 2873 vero
3257 2819 3515 2890 provenit
3546 2818 3776 2887 tentatio,

2198 2919 2260 2965 ut
2297 2912 2513 2982 quando
2536 2922 2659 2982 post
2687 2912 2910 2967 nimiam
2939 2912 3109 2978 sitim,
3141 2911 3310 2967 ninns
3336 2912 3584 2966 bibimus
3611 2922 3668 2966 et
3696 2911 3778 2965 hu-

2192 3004 2451 3076 iusmodi.
2509 3005 2590 3060 Ex
2648 3005 2975 3062 necessitate
3039 3018 3169 3060 vero
3224 3004 3462 3060 tentatio
3528 3004 3775 3073 provenit,

2198 3099 2413 3168 quando
2444 3099 2634 3168 primis
2664 3098 2920 3163 motibus,
2953 3112 3089 3169 quos
3111 3097 3323 3152 evitare
3353 3112 3466 3152 non
3491 3110 3779 3166 possumus,

2200 3203 2495 3250 tentantur.
2553 3194 2813 3266 Dirigitur
2856 3202 3037 3250 autem
3082 3194 3188 3249 hoc
3237 3193 3405 3250 modo
3450 3193 3682 3246 tentatio
3708 3193 3782 3244 ha.

2197 3303 2382 3353 mana,
2409 3288 2535 3358 quia
2566 3288 2640 3342 ita
2665 3288 2859 3343 tentari
2898 3296 2980 3343 est
3003 3286 3307 3344 humanum
3346 3294 3403 3340 et
3440 3299 3541 3355 pro
3580 3294 3783 3356 peccato

2194 3378 2359 3449 primi
2403 3378 2647 3449 parentis
2688 3377 2975 3434 inﬁictum.
3005 3375 3064 3431 Si
3101 3391 3252 3446 vero,
3279 3375 3487 3432 fratres
3522 3378 3662 3441 mei,
3695 3390 3782 3429 non

2196 3488 2267 3529 ex
2308 3472 2641 3543 ignorantia,
2673 3472 2767 3528 sed
2812 3486 2882 3526 ex
2931 3470 3194 3525 industria
3247 3484 3577 3540 peccamus,
3626 3478 3787 3523 antes

2196 3567 2564 3633 contumacia,
2594 3575 2687 3621 aut
2711 3581 2775 3620 ex
2801 3564 2969 3619 libera
3001 3563 3280 3619 voluntate
3310 3565 3458 3617 imus
3505 3572 3637 3631 post
3678 3576 3786 3616 coa-

2196 3659 2567 3729 cupiscentias
2607 3666 2846 3721 nostras,
2887 3654 3077 3725 procul
3103 3654 3268 3709 dubio
3301 3669 3411 3709 non
3459 3662 3547 3710 est
3582 3653 3790 3709 tentatio

2195 3751 2460 3817 lnunana,
2491 3752 2583 3808 sed
2612 3751 2791 3823 potius
2820 3748 3081 3804 diabolica
3107 3760 3162 3803 et
3196 3746 3319 3803 ideo
3348 3746 3704 3802 damnabilis.

2272 3845 2530 3917 Sequitur
2578 3861 2707 3915 pars
2746 3853 2964 3914 quarta,
2996 3842 3050 3897 in
3099 3855 3207 3906 qua
3250 3841 3498 3897 ostendit
3527 3838 3789 3910 apostolus

2194 3938 2369 3996 Deum
2400 3956 2508 3994 non
2542 3950 2936 4009 permissurum
2960 3950 3059 3990 nos
3096 3942 3302 3989 tentari
3331 3936 3482 3999 ultra
3515 3950 3680 4005 posse
3703 3948 3790 3987 no-

2198 4042 2395 4098 strum,
2427 4047 2550 4085 cum
2589 4030 2770 4086 subdit
2800 4046 2813 4084 :
2840 4026 3047 4082 Fidelis
3081 4036 3156 4080 est
3184 4025 3349 4094 Deus,
3372 4030 3465 4098 qui
3496 4046 3604 4081 non
3638 4028 3789 4097 petie-

2198 4134 2288 4177 tur
2306 4139 2392 4178 vos
2422 4122 2617 4177 tentari
2641 4138 2801 4191 supra
2826 4121 2880 4175 id
2908 4121 3050 4189 quod
3083 4122 3324 4191 potestis.
3371 4119 3595 4175 Dicitur
3626 4129 3786 4174 autem

2196 4212 2345 4271 Deus
2398 4214 2596 4280 ﬁdelis,
2651 4213 2706 4268 id
2757 4220 2842 4267 est
2890 4226 3057 4267 verax
3082 4211 3139 4266 in
3190 4210 3504 4282 promissis,
3547 4210 3786 4280 quoniam

2196 4319 2413 4375 semper
2444 4313 2641 4374 praesto
2671 4312 2755 4358 est
2792 4301 3041 4357 ﬁdelibus
3064 4300 3200 4365 suis,
3232 4302 3379 4356 sicut
3406 4300 3525 4370 ipse
3554 4300 3787 4372 promisit

2197 4397 2386 4451 dicens
2409 4414 2421 4450 :
2452 4396 2585 4449 Ecce
2610 4412 2703 4467 ego
2726 4394 2988 4448 vobiscum
3014 4410 3129 4449 sum
3148 4392 3397 4448 omnibus
3438 4396 3622 4448 diebus
3644 4408 3786 4462 una:

2198 4489 2270 4541 ad
2302 4489 2808 4543 consummationem
2832 4486 3014 4542 saeculi
3057 4485 3278 4557 (Matth.
3322 4486 3547 4557 xxvtn).
3590 4486 3657 4541 Et
3683 4485 3786 4538 ideo

492 4561 733 4664 {finiam
758 4586 975 4643 quoque
1006 4575 1240 4631 ﬁliorum
1279 4578 1372 4632 Dei
1400 4592 1525 4633 cum
1560 4580 1771 4635 liliabus
1806 4583 2087 4638 hominum
2114 4600 2173 4664 D
2198 4596 2301 4634 non
2336 4582 2588 4650 patietur,
2618 4580 2813 4650 inquit,
2846 4596 2932 4634 vos
2964 4580 3156 4634 tentari
3190 4596 3354 4649 supra
3379 4580 3437 4633 id
3484 4582 3624 4650 quod
3658 4587 3787 4647 pste-

494 4655 771 4717 libidinem
803 4664 1026 4722 danmat
1073 4669 1215 4726 Deus
1245 4670 1466 4734 diluvio,
1511 4671 1823 4740 significans
1852 4675 2089 4733 fornica-

494 4757 640 4807 tores
669 4768 861 4813 omnes
888 4761 1044 4828 aquis
1067 4760 1272 4814 nivium
1295 4760 1625 4817 aeternaliter
1648 4765 1940 4833 perituros.
1970 4768 2091 4826 Pri-

495 4856 613 4901 mos
634 4859 851 4918 quoque
891 4849 1201 4907 Sodomitas
1234 4853 1355 4920 igne
1384 4862 1440 4907 et
1489 4856 1747 4926 sulphure
1780 4860 1922 4917 Deus
1965 4880 2091 4933 per-

495 4938 651 5006 cutit,
684 4942 997 5013 signiﬁcans
1029 4960 1220 5002 omnes
1244 4946 1551 5006 Sodomitas
1587 4961 1792 5011 aeterno
1815 4958 2011 5014 ardore
2033 4970 2089 5016 et

493 5025 668 5088 fetore
698 5034 1102 5103 percutiendos.
1146 5036 1386 5095 Primam
1439 5058 1650 5112 quoque
1690 5048 1756 5102 ad
1805 5048 2085 5105 abrenun-

493 5120 629 5176 tiata
656 5124 1034 5193 respicientem
1069 5144 1290 5187 uxorem
1323 5131 1425 5189 Lot
1473 5135 1683 5207 lapideo
1710 5141 1887 5209 rigore
1910 5151 1965 5196 et
2000 5144 2086 5197 in-

493 5212 852 5269 sensibilitate
892 5217 1135 5291 damnat,
1160 5224 1474 5293 signiﬁcans
1507 5245 1698 5286 omnes
1728 5234 1795 5288 ad
1818 5234 2088 5290 abrenun-

495 5306 659 5362 tiatas
704 5311 890 5367 mundi
938 5329 1406 5388 concupiscenttas
1458 5325 1829 5395 respicientes,
1883 5338 2089 5386 aeterno

494 5397 676 5468 rigore
705 5410 758 5456 et
783 5408 1145 5466 excmcatioue
1168 5414 1463 5480 feriendus,
1493 5425 1549 5469 et
1585 5416 1837 5472 similiter
1859 5418 1913 5472 in
1943 5419 2085 5475 aliis.

494 5488 701 5561 Scripta
758 5509 956 5566 autem,
1017 5503 1211 5573 inquit,
1269 5517 1389 5561 sunt
1437 5510 1548 5561 Iuec
1592 5510 1662 5563 ad
1707 5513 2088 5565 correctionem

491 5597 744 5643 nostram.
777 5591 968 5649 Ruina;
1007 5598 1152 5652 enim
1192 5601 1435 5669 priorum
1464 5602 1681 5674 scripta:
1710 5614 1834 5658 sunt
1865 5604 1932 5659 ad
1961 5620 2090 5660 cau-

493 5680 657 5738 telam
690 5691 1072 5756 posteriorum.
1104 5692 1314 5750 Stultus
1340 5712 1539 5768 qutppe
1574 5706 1677 5763 est,
1711 5697 1911 5753 fratres
1957 5699 2087 5767 mei,

493 5776 587 5847 qui
640 5784 1033 5848 praecedentem
1083 5787 1280 5843 cadere
1331 5788 1499 5855 videt,
1549 5800 1605 5845 et
1645 5806 1753 5846 non
1793 5802 1968 5847 cavet.
2021 5793 2091 5848 In

490 5886 644 5939 quos,
685 5873 881 5945 inquit,
911 5878 1041 5946 ﬁnes
1072 5881 1386 5938 seculorum
1416 5884 1755 5955 devenerunt,
1786 5884 1838 5943 id
1865 5894 1967 5953 est,
1996 5886 2091 5954 qui

1369 6034 1408 6047 *Α
1416 6044 1419 6047 λ

2192 4674 2311 4728 stis.
2347 4672 2448 4731 llic.
2476 4684 2663 4744 aperte
2693 4674 2810 4728 illos
2837 4672 3082 4728 confutat
3108 4668 3224 4740 qui,
3248 4680 3477 4741 peccata
3505 4687 3602 4727 sua
3628 4686 3786 4725 excu-

2196 4778 2402 4833 santes,
2440 4778 2493 4822 et
2522 4767 2687 4822 Deum
2723 4773 3062 4830 accusantes,
3087 4766 3275 4821 dicunt
3304 4783 3318 4818 :
3347 4766 3495 4821 Deus
3517 4780 3610 4820 nos
3638 4765 3784 4819 dese-

2195 4861 2413 4932 linquit,
2451 4870 2504 4915 et
2534 4859 2865 4929 importabili
2902 4859 3141 4929 pondere
3174 4871 3573 4930 praeceptorum
3604 4869 3660 4914 et
3686 4866 3786 4912 ten-

2196 4955 2463 5011 tationum
2485 4970 2584 5010 nos
2612 4954 2893 5025 opprimit,
2920 4969 3046 5010 cum
3077 4952 3233 5009 nobis
3280 4963 3537 5008 naturam
3585 4952 3781 5006 dederit

2197 5046 2519 5101 imbecillem
2538 5055 2591 5101 et
2617 5046 2870 5101 resistere
2887 5046 3029 5098 vitiis
3053 5044 3435 5113 impotentem.
3460 5040 3781 5097 Probnefas!

2198 5140 2265 5195 de
2296 5138 2636 5199 inﬁdelitate.
2688 5136 2755 5192 de
2786 5136 3133 5202 crudelitate,
3166 5139 3233 5192 de
3287 5136 3584 5206 ignorantia
3622 5150 3781 5190 accu-

2195 5240 2350 5287 satur
2394 5232 2558 5288 Deus.
2596 5230 2676 5287 De
2718 5229 3052 5295 inﬁdelitate,
3102 5229 3259 5299 quasi
3303 5229 3646 5300 derelinquat
3690 5241 3781 5281 nos

2195 5337 2491 5397 antequam
2552 5325 2955 5395 derelinquatur
3006 5338 3036 5377 a
3074 5323 3271 5378 nobis:
3316 5325 3386 5380 de
3439 5323 3775 5381 crudelitate.

2196 5418 2352 5483 quasi
2383 5427 2654 5489 praecepta
2698 5417 3057 5487 importabilia
3088 5416 3245 5471 nobis
3282 5402 3513 5481 dederit,
3540 5432 3659 5486 qua
3702 5414 3778 5468 fa.

2198 5529 2323 5568 cere
2349 5530 2454 5569 non
2480 5512 2779 5577 valeamus,
2809 5520 2863 5567 et
2896 5510 3226 5565 tentationes
3264 5511 3426 5566 nobis
3455 5510 3636 5565 venire
3664 5522 3775 5578 per-

2190 5609 2404 5673 mittat,
2437 5608 2635 5677 quibus
2665 5609 2919 5664 resistere
2940 5622 3045 5663 non
3069 5619 3391 5677 possumus;
3417 5605 3482 5661 de
3527 5605 3775 5675 ignoras:

2198 5700 2297 5764 tia,
2329 5700 2484 5770 quasi
2533 5700 2743 5770 ignoret
2780 5699 2909 5769 quid
2964 5698 3204 5753 humana
3237 5706 3431 5752 natura
3472 5696 3653 5750 facere
3692 5700 3769 5747 aet

2198 5792 2345 5846 ferre
2374 5792 2569 5848 valeat.
2602 5792 2732 5859 Sed,
2774 5792 2972 5848 fratres
3001 5794 3129 5859 mei,
3156 5792 3301 5848 Deus
3330 5794 3586 5847 neminem
3626 5788 3769 5858 ptiar

2199 5884 2418 5953 deserit,
2458 5886 2586 5957 quia
2614 5885 2790 5945 ﬁdelis
2826 5896 2933 5956 est,
2966 5898 3065 5945 nec
3105 5884 3463 5958 importabilia
3491 5881 3646 5939 nobis
3673 5881 3765 5939 ia-
