3896 6320
129 363 261 430 2017

746 355 1055 419 ΗΟΜΙΗΔ
1088 357 1158 418 ιΝ
1195 360 1418 420 EPIST.
1449 364 1538 423 ET
1577 365 1682 424 EVl

1779 367 1829 426 Si.
1872 370 2173 434 DOMINIC.
2208 402 2280 422 ο-
2315 375 2496 437 PARS
2526 380 2591 441 If.

3236 394 3380 458 2018

130 485 286 561 ponit,
309 477 427 553 quia
454 476 574 579 pius
595 483 701 579 est,
729 487 831 532 nec
853 476 1157 579 viro-equas
1179 478 1506 579 deditnobis
1531 483 1687 554 igno—
1715 484 1765 544 Α
1790 487 1946 579 nobis
1964 530 1980 556 ,
2028 490 2179 547 dives
2231 493 2286 549 in
2343 510 2532 553 omnes
2572 497 2665 571 qui
2713 500 2968 565 invocant
3019 523 3142 568 eum
3162 551 3179 579 ,
3211 512 3378 573 habet

127 586 224 642 rat,
247 573 364 644 quia
386 569 712 626 omnisciens
736 576 840 624 est.
867 568 975 626 Sed
997 569 1178 639 faciet.
1202 571 1398 644 inquit.
1427 591 1546 629 cum
1568 587 1685 630 ten-

129 670 307 722 tatione
327 667 654 735 proventum,
699 660 753 715 id
783 668 868 717 est
895 660 1128 729 lucrum,
1175 671 1230 716 ut
1270 666 1480 736 possitis
1526 668 1687 722 susti-

125 774 251 815 nere.
281 753 438 822 Quasi
459 753 640 807 dicat:
671 749 806 807 Cum
835 753 1134 808 tentatione
1169 753 1336 812 faciet
1366 757 1525 814 nobis
1556 759 1686 830 duo,

123 863 173 908 et
216 855 525 921 proventum
557 843 872 916 proficiendi
913 855 968 901 et
1021 847 1316 916 potentiam
1357 851 1682 908 sustinendi.

119 947 310 1016 itaque,
335 939 550 1005 fratres,
587 940 912 997 tentationes
943 940 1239 998 diabolicas
1262 943 1511 1000 omnibus
1552 944 1686 1000 viri-

120 1037 213 1092 bus
248 1049 277 1088 a
323 1031 476 1088 nobis
521 1029 907 1098 excludamus;
937 1032 1206 1091 humanas
1235 1050 1386 1098 vero,
1412 1045 1683 1107 quantum

116 1139 406 1197 possumus,
450 1119 808 1189 refrenemus,
857 1132 1195 1196 perpetratae
1224 1124 1482 1199 lacrymis
1509 1128 1684 1200 poeni-

117 1213 290 1273 tentizn
339 1221 394 1268 et
440 1213 696 1284 operibus
759 1212 1147 1271 misericordiae
1195 1217 1563 1274 redimamus:
1612 1219 1683 1274 ad

117 1316 358 1362 teternam
385 1305 638 1374 patriam,
685 1305 775 1362 ubi
805 1307 948 1362 nulla
983 1308 1207 1364 tentatio
1236 1320 1339 1372 est.
1377 1318 1492 1365 toto
1541 1311 1684 1366 desi-

117 1398 257 1455 derio
284 1396 618 1463 festinemus,
651 1397 718 1454 ad
740 1414 899 1470 quam
927 1402 1213 1472 pervenire
1237 1402 1501 1458 concedat
1525 1403 1683 1459 nobis

115 1490 442 1562 omnipotens
468 1499 522 1546 et
551 1490 863 1549 misericors
911 1494 1076 1562 Deus,
1107 1494 1199 1566 qui
1229 1494 1362 1549 vivit
1391 1503 1446 1551 et
1491 1504 1683 1566 regnat

112 1598 204 1658 per
225 1581 402 1640 omnia
424 1583 622 1639 saacula
645 1585 988 1642 saeculorum.
1021 1587 1212 1643 Amen.

655 1676 932 1736 llOMlLlA
974 1679 1118 1736 XXI.

376 1787 634 1828 »οιιιιιιω
661 1787 800 1829 κομι
828 1789 960 1830 Ροετ
995 1788 1396 1831 Ριιιτεοοετειι.

175 1864 320 1922 Dixit
344 1864 501 1920 Jesus
525 1866 815 1937 discipulus
860 1867 971 1923 suis
1004 1885 1018 1922 :
1057 1866 1288 1934 Quidam
1333 1870 1488 1925 homo
1534 1871 1678 1928 dives
1710 1857 1758 1921 Β

107 1959 312 2018 habebat
357 1958 614 2026 villicum,
657 1969 708 2014 et
744 1961 828 2015 hic
864 1962 1171 2032 diffamatus
1218 1974 1292 2018 est
1338 1966 1479 2036 apud
1528 1966 1681 2023 illum

105 2053 248 2126 quasi
282 2052 589 2123 dissipasset
622 2054 755 2109 bona
778 2053 941 2123 ipsius
984 2053 1117 2126 (Luc
1157 2058 1292 2122 xvr).
1325 2055 1441 2112 Non
1472 2060 1680 2128 omnia,

106 2146 288 2203 fratres
317 2145 446 2216 mei,
496 2161 618 2217 qua:
645 2146 698 2203 in
729 2147 833 2203 hac
859 2147 1163 2203 audivimus
1205 2149 1485 2218 parabola,
1523 2152 1681 2224 juxta

103 2239 356 2304 litteram,
386 2238 459 2294 ad
491 2239 724 2311 exempli
773 2240 988 2296 trahere
1012 2240 1270 2297 debemus
1301 2242 1678 2303 imitationem.

103 2331 213 2388 Non
243 2333 387 2388 enim
427 2331 678 2391 facienda
705 2344 789 2390 est
824 2335 878 2390 in
906 2334 1089 2406 aliquo
1119 2333 1266 2392 fraus
1288 2335 1520 2394 Domino
1548 2348 1682 2412 tem-

101 2427 310 2498 poralis,
335 2427 432 2483 sed
458 2428 639 2498 potius
664 2428 789 2501 jura
819 2446 914 2486 sua
948 2432 996 2488 ei
1020 2445 1146 2490 sunt
1189 2435 1483 2502 reddenda,
1527 2435 1681 2504 juxta

98 2520 405 2591 Apostolum
430 2520 736 2578 dicentem:
769 2523 868 2579 Cui
893 2525 1140 2581 honorem
1164 2528 1412 2584 honorem
1431 2545 1451 2584 :
1475 2533 1560 2584 cui
1581 2532 1682 2585 tri-

99 2609 270 2662 butum
287 2609 573 2676 tributum,
586 2611 671 2664 cui
691 2612 910 2684 vectigal
935 2615 1153 2686 uectigal
1168 2615 1347 2689 (Rom.
1365 2617 1508 2690 xm).
1528 2617 1682 2675 Unde

96 2709 146 2758 et
170 2700 426 2757 Dominus
461 2701 517 2757 in
542 2702 864 2774 Evangelio;
898 2704 1152 2773 Reddite,
1180 2708 1388 2779 inquit,
1414 2727 1532 2782 qua:
1557 2722 1681 2768 sunt

97 2793 316 2850 Cicsaris
346 2793 584 2860 Cresari,
617 2805 668 2849 st
698 2813 816 2866 qua:
847 2808 966 2852 sunt
990 2797 1119 2865 Dei,
1142 2799 1247 2854 Deo
1273 2799 1492 2872 (Matth.
1517 2803 1677 2866 xxii).

95 2889 240 2946 Unde
267 2897 324 2944 et
353 2889 493 2961 ipse,
557 2904 680 2944 cum
731 2899 878 2947 esset
914 2891 1033 2948 ilex
1082 2908 1272 2965 regum
1305 2906 1360 2952 et
1416 2896 1680 2954 Dominus

94 2980 509 3047 dominantium,
535 2980 858 3037 humilitatis
882 2982 1224 3055 exemplique
1253 3001 1415 3042 causa
1447 2987 1681 3044 reddidit

89 3072 281 3128 Caesari
309 3073 598 3129 tributum.
625 3072 732 3129 Sed
759 3089 790 3128 a
824 3076 1114 3131 contrariis
1138 3075 1398 3146 parabola
1435 3077 1550 3133 hzec
1597 3079 1682 3134 in-

90 3166 372 3238 telligenda
424 3177 535 3232 est,
574 3177 632 3222 ut
676 3168 930 3225 videlicet
971 3170 1016 3226 si
1065 3169 1158 3227 ille
1202 3171 1293 3240 qui
1325 3185 1422 3242 per
1473 3171 1680 3229 fraudis

86 3258 439 3314 calliditatem
476 3259 546 3313 de
577 3259 740 3314 rebus
773 3259 872 3315 sibi
910 3276 941 3314 a
970 3260 1189 3316 domino
1219 3276 1316 3317 suo
1371 3263 1678 3321 cummissis

86 3350 341 3420 providit,
372 3351 430 3405 in
461 3359 738 3421 posterum
769 3350 1042 3418 laudatur,
1071 3353 1312 3408 maxime
1346 3352 1434 3407 ille
1462 3355 1552 3423 qui
1581 3369 1680 3425 per

81 3458 262 3500 veram
300 3443 636 3516 sapientiam
670 3443 737 3499 de
780 3445 945 3500 rebus
973 3443 1074 3499 sibi
1123 3461 1155 3500 a
1204 3445 1314 3502 Deo
1346 3446 1673 3517 commissis,

80 3539 330 3610 providet
349 3538 459 3594 sibi
491 3537 550 3592 in
581 3537 738 3594 aliam
761 3538 952 3605 vitam,
990 3553 1022 3594 a
1072 3538 1182 3596 Deo
1233 3539 1538 3596 laudandus
1571 3551 1673 3598 est.

74 3630 206 3688 Illud
253 3648 485 3704 quoque
530 3632 827 3688 notandum
872 3641 958 3690 est
986 3633 1131 3705 quod
1184 3633 1275 3690 hic
1303 3633 1502 3691 dicitur
1548 3637 1676 3708 quia

77 3723 169 3780 lilii
212 3724 382 3794 hujus
409 3724 599 3780 saeculi
630 3725 1010 3796 prudentiores
1041 3725 1164 3782 filiis
1196 3726 1332 3783 lucis
1371 3728 1423 3783 in
1451 3744 1675 3801 genera-

74 3819 217 3876 tione
240 3836 345 3876 sua
384 3827 541 3876 sunt.
569 3819 723 3888 Quod
751 3819 1037 3892 dupliciter
1080 3820 1307 3890 intelligi
1358 3831 1561 3894 potest,
1590 3825 1675 3881 vel

70 3911 193 3980 quia
225 3912 625 3982 prudentiores
675 3920 801 3966 sunt
844 3910 898 3966 in
953 3909 1304 3967 saecularibus
1353 3913 1478 3968 mali
1511 3929 1674 3985 quam

65 4001 213 4058 boni.
243 4001 407 4070 Quod
441 4001 572 4056 inde
595 4001 843 4072 contigit,
872 4002 1127 4072 quoniam
1153 4003 1205 4058 in
1237 4003 1317 4059 eis
1347 4003 1677 4062 curiosiores

65 4104 212 4161 sunt,
241 4094 332 4149 vel
359 4095 497 4165 quia
528 4093 906 4163 prudentiores
935 4102 1059 4150 sunt
1095 4094 1219 4150 mali
1258 4094 1313 4150 in
1343 4095 1485 4151 malo
1510 4112 1674 4166 quam

63 4185 189 4243 boui
217 4187 274 4244 in
302 4190 480 4243 bono.
505 4188 613 4244 Sed
635 4186 838 4258 quare?
858 4185 967 4241 Cur
989 4195 1116 4242 sunt
1141 4187 1522 4258 prudentiores
1548 4189 1675 4245 mali

61 4279 114 4334 in
151 4280 430 4350 operibus
470 4277 668 4334 diaboli
708 4293 868 4348 quam
910 4293 1009 4334 nos
1039 4277 1094 4332 in
1121 4279 1378 4349 operibus
1407 4279 1544 4337 Dei?
1568 4281 1679 4337 Cur

57 4384 166 4425 non
208 4371 342 4443 plus
373 4379 566 4442 potest
609 4371 750 4441 apud
779 4385 878 4427 nos
909 4386 1063 4426 amor
1088 4371 1206 4438 Dei,
1237 4371 1462 4430 dulcedo
1510 4375 1676 4432 ctele-

55 4461 157 4520 stis
187 4462 746 4534 praemii,=securitas
773 4477 922 4533 purae
950 4463 1315 4532 conscientia},
1342 4481 1503 4537 quam
1534 4468 1677 4538 apud

51 4558 234 4612 malos
255 4571 432 4612 amor
461 4555 669 4622 saeculi,
697 4563 751 4610 et
791 4555 1002 4612 lucrum
1042 4557 1356 4628 temporale,
1394 4575 1517 4614 cum
1553 4569 1670 4616 tor-

49 4662 244 4708 mento
285 4650 655 4708 conscientia:
683 4648 875 4706 malae?
900 4649 1356 4723 Expergiscamur
1378 4668 1530 4727 ergo,
1559 4654 1672 4710 fra-

50 4754 166 4802 tres
195 4746 339 4813 mei,
373 4744 657 4817 pigritiam
686 4752 951 4811 nostram,
975 4745 1432 4802 eteruhescamus
1453 4747 1499 4803 si
1525 4749 1673 4805 vide-

45 4841 228 4896 rimus
261 4839 461 4895 malos
497 4837 885 4910 vigilantiores,
917 4841 961 4893 si
1000 4841 1382 4912 promptiores,
1425 4841 1472 4896 si
1519 4841 1678 4904 callis

44 4933 242 4988 diores
287 4933 366 4987 ad
423 4930 735 4987 faciendum
780 4946 943 5001 opera
984 4931 1184 4988 diaboli
1231 4949 1393 5004 quam
1449 4950 1547 4992 nos
1602 4937 1672 4991 ad

39 5040 214 5097 opera
250 5025 507 5081 Christi.
539 5023 760 5097 Mystice
787 5040 916 5080 vero
941 5024 996 5079 in
1025 5025 1126 5081 hac
1154 5027 1406 5097 parabole
1429 5029 1670 5100 quinque

36 5126 466 5189 proponuntur
489 5117 644 5172 nobis
671 5115 1017 5187 intelligenda
1043 5134 1058 5171 :
1086 5116 1291 5188 Primo,
1315 5120 1459 5190 quod
1486 5136 1667 5178 rerum

32 5223 385 5270 nostrarum
429 5225 539 5266 non
586 5210 808 5274 domini,
853 5210 946 5265 sed
993 5211 1394 5280 dispensatores
1445 5229 1665 5282 sumus;

30 5306 322 5369 secundo,
375 5303 660 5374 quomodo
713 5317 800 5357 res
827 5302 1039 5358 Domini
1085 5304 1226 5358 male
1256 5305 1674 5382 dispensamus;

27 5401 230 5466 tertio,
275 5395 578 5469 quomodo
609 5395 872 5452 Dominus
913 5396 1081 5468 exigit
1125 5413 1157 5451 a
1200 5397 1356 5454 nobis
1381 5399 1450 5456 de
1501 5403 1664 5458 rebus

27 5492 150 5548 suis
191 5490 534 5554 rationem;
566 5499 782 5560 quarto,
813 5499 1074 5561 quantum
1108 5490 1269 5545 timor
1297 5500 1382 5546 est
1421 5492 1566 5548 utilis
1598 5494 1666 5550 ad

27 5584 351 5641 consilium
385 5581 862 5652 investigandum;
890 5581 1100 5651 quinto,
1121 5581 1392 5652 quomodo
1409 5583 1476 5641 de
1504 5586 1666 5642 rebus

27 5675 263 5732 Domini
301 5673 410 5730 Dei
446 5674 622 5729 nostri
649 5673 806 5730 nobis
833 5674 1038 5730 amicos
1069 5689 1357 5744 possumus
1383 5691 1666 5750 compara-

27 5788 105 5828 re.
126 5771 346 5828 Primo
375 5766 574 5839 igitur,
589 5767 788 5824 fratres
807 5767 1460 5841 cliarissimi,[ostetiditur
1487 5771 1540 5827 in
1563 5773 1664 5828 hac

27 5864 315 5933 parabole
349 5862 513 5934 quod
557 5863 702 5919 Deus
749 5861 1091 5938 omnipotens
1143 5861 1306 5920 homo
1356 5861 1532 5921 factus
1563 5880 1662 5941 pro

1703 4582 1749 4638 D

1790 578 2048 645 villicum,
2109 597 2325 642 omnem
2371 587 2667 660 hominem,
2697 595 2902 656 scilicet
2954 603 3038 659 cui
3087 604 3227 661 bona
3272 623 3375 666 sua

1789 676 2082 733 commisit.
2113 677 2412 739 Commisit.
2448 686 2644 758 quippe
2694 689 2899 748 homini
2953 696 3057 753 tria
3105 699 3376 759 bonorum

1789 782 2010 840 genera,
2069 772 2370 842 exteriora,
2425 779 2749 850 corporalia,
2791 783 3114 853 spirituaiia.
3167 789 3372 849 Horum

1785 858 2051 918 bonorum
2083 877 2191 920 non
2209 865 2633 936 dominum,‘sed
2667 871 2929 941 villicum,
2977 876 3031 932 id
3057 890 3159 947 est,
3188 892 3374 940 custo-

1788 950 1909 1010 dem
1934 961 1990 1010 et
2017 953 2450 1028 dispensatorem
2478 975 2601 1018 eum
2623 962 2775 1033 fecit,
2799 974 2859 1021 ut
2880 966 3152 1037 videlicet,
3175 989 3374 1031 secune

1786 1044 1912 1102 dum
1957 1047 2296 1108 voluntatem
2343 1068 2450 1110 non
2480 1069 2654 1124 suam,
2679 1058 2772 1114 sed
2813 1059 3048 1128 Domini,
3077 1078 3141 1118 ea
3192 1075 3375 1123 custo-

1787 1135 1928 1194 diret
1955 1146 2011 1196 et
2038 1140 2398 1213 dispensaret.
2421 1146 2520 1202 Cui
2548 1149 2714 1205 etiam
2735 1149 2884 1207 dedit
2921 1151 3095 1224 legem
3124 1162 3180 1210 et
3224 1171 3374 1212 man-

1787 1229 1933 1299 data,
1964 1235 2256 1306 quomodo,
2301 1246 2357 1294 et
2392 1239 2612 1310 quibus,
2655 1251 2712 1298 et
2739 1254 3024 1316 quantum,
3074 1255 3127 1303 et
3157 1249 3373 1319 quando

1785 1337 1849 1378 ea
1880 1323 2099 1383 deberet
2139 1344 2366 1402 erogare
2407 1334 2473 1388 ad
2505 1335 2707 1392 domini
2737 1338 2820 1394 sui
2871 1337 3081 1398 lucrum
3118 1350 3173 1398 et
3210 1343 3374 1400 hono~

1784 1431 1921 1474 rem.
1962 1417 2088 1487 Sed,
2128 1432 2186 1478 ut
2213 1426 2450 1482 secundo
2478 1427 2598 1486 loco
2629 1429 2682 1485 in
2708 1430 2818 1488 hac
2845 1433 3106 1504 parabole
3143 1437 3372 1494 demon-

1784 1517 2010 1574 stratur.
2055 1513 2218 1571 homo
2249 1515 2392 1573 bona
2433 1519 2646 1577 Domini
2697 1523 2782 1579 sui
2833 1523 3083 1598 dissipat,
3115 1542 3239 1583 cum
3290 1525 3373 1586 eis

1784 1598 1933 1692 juxta
1964 1601 2296 1661 voluntatem
2323 1606 2537 1666 Domini
2567 1613 2651 1668 sui
2683 1629 2790 1670 non
2817 1615 3006 1685 utitur,
3038 1632 3136 1675 nec
3158 1627 3368 1692 erogat.

1783 1690 1932 1750 Bona
1961 1695 2238 1753 exteriora
2271 1698 2518 1772 dissipat,
2541 1719 2665 1760 cum
2693 1705 2760 1762 de
2779 1707 2861 1764 eis
2881 1723 2990 1765 non
3017 1690 3370 1783 pauperibus,

1785 1800 1892 1842 non
1947 1786 2183 1846 infirmis
2229 1789 2441 1858 dividit,
2489 1809 2598 1850 non
2627 1796 2916 1856 Dominum
2961 1803 3212 1869 honorat,
3263 1819 3371 1860 non

1784 1879 2067 1949 ecclesias,
2093 1897 2199 1939 non
2221 1883 2412 1942 domos
2431 1901 2730 1959 pauperum
2757 1889 3008 1960 fabricat,
3048 1911 3155 1951 non
3185 1896 3374 1967 patriae

1783 1973 2025 2045 prolicit,
2046 1976 2142 2030 sed
2170 1975 2259 2032 vel
2287 1992 2385 2048 per
2407 1979 2696 2036 avaritiam
2722 1996 2788 2037 ea
2823 1982 3028 2040 intacta
3065 1986 3372 2053 abscondit,

1783 2065 1868 2122 vel
1892 2083 1992 2139 per
2011 2067 2439 2140 superﬂuitatem
2463 2071 2762 2142 luxuriose,
2795 2091 2956 2142 vane,
2980 2087 3034 2132 et
3059 2087 3374 2148 arroganter

1783 2161 2023 2230 spargit,
2077 2169 2134 2216 et
2183 2162 2327 2218 unde
2375 2163 2487 2220 Deo
2543 2167 2752 2223 servire
2806 2169 3062 2236 deberet,
3115 2171 3260 2227 vitiis
3317 2181 3374 2229 et

1784 2249 1998 2306 diabolo
2030 2252 2217 2308 servit.
2247 2252 2402 2310 Unde
2432 2270 2530 2326 per
2570 2258 2890 2328 prophetam
2924 2259 3185 2317 Dominus
3218 2281 3230 2315 :
3265 2262 3374 2318 De-

1785 2341 1841 2396 di
1875 2343 2012 2398 enim
2044 2345 2142 2413 eis,
2173 2345 2373 2418 inquit,
2397 2345 2576 2403 lanam
2600 2362 2649 2405 et
2690 2350 2879 2418 linum;
2907 2353 3250 2423 frumentum,
3295 2358 3373 2413 vi-

1785 2450 1909 2490 num
1959 2445 2010 2490 et
2053 2437 2344 2505 hordeum,
2387 2453 2661 2512 argentum
2698 2454 2747 2500 et
2786 2462 2978 2501 aurum
3023 2466 3228 2517 meum,
3253 2467 3372 2522 qua

1782 2528 1882 2598 ipsi
1939 2529 2170 2599 fecerunt
2199 2529 2411 2586 Baalim
2457 2531 2606 2604 (Ose.
2635 2535 2696 2606 ιι)
2726 2534 2873 2591 Bona
2925 2540 3227 2609 corporalia
3257 2542 3370 2597 dis-

1782 2621 2081 2694 sipat,cum
2112 2638 2306 2694 corpus
2352 2641 2513 2682 suum
2553 2627 2686 2683 facit
2731 2630 2940 2686 servire
2981 2631 3359 2702 fornicationi,

1782 2730 1889 2770 non
1923 2715 2180 2783 Domino;
2231 2733 2353 2772 cum
2397 2718 2602 2791 lingua,
2629 2735 2791 2792 quam
2837 2723 2986 2779 dedit
3021 2726 3071 2781 ei
3118 2727 3260 2782 Deus
3286 2727 3360 2782 ad

1781 2809 2233 2879 benedicendum,
2254 2813 2492 2869 abutitur
2514 2813 2582 2868 ad
2614 2814 3062 2886 maledicendum,
3096 2820 3369 2876 mentien-

1783 2899 1931 2966 dum,
1973 2899 2386 2972 perjurandum,
2425 2905 2840 2972 detrahendum,
2871 2922 2996 2963 cum
3042 2908 3213 2965 oculis
3263 2908 3369 2967 sibi

1782 2995 1852 3050 ad
1893 2996 2092 3070 bonum
2137 3012 2295 3052 usum
2337 2997 2481 3053 datis
2509 3014 2540 3053 a
2588 2999 2698 3054 Deo
2728 3000 2968 3055 abutitur
2997 3009 3064 3056 ad
3113 3001 3371 3072 concupi-

1781 3090 2040 3144 scendum
2071 3090 2374 3155 mulierem,
2408 3100 2465 3152 et
2483 3091 2552 3146 ad
2581 3091 2869 3147 videndum
2899 3093 3215 3160 vanitatem,
3244 3110 3370 3152 cura

1783 3182 2007 3239 auribus
2041 3183 2144 3239 sibi
2173 3184 2315 3240 datis
2350 3183 2418 3238 ad
2452 3183 2782 3240 audiendum
2826 3183 2921 3239 Dei
2951 3185 3201 3251 verbum,
3234 3187 3372 3242 abu-

1783 3278 1917 3331 titur
1955 3279 2021 3332 ad
2045 3277 2371 3333 audiendum
2403 3277 2705 3346 mendacia,
2739 3278 3131 3345 detractiones,
3159 3281 3370 3336 vanita-

1781 3379 1900 3438 tes;
1926 3386 2050 3426 cum
2079 3372 2304 3428 naribus
2317 3370 2559 3426 abutitur
2596 3373 2667 3427 ad
2696 3371 3031 3427 odorandum
3061 3371 3368 3429 luxuriosos

1777 3464 1992 3529 odores,
2019 3471 2073 3518 et
2100 3472 2370 3535 unguenta
2415 3462 2745 3529 meretricia,
2772 3479 2879 3519 non
2942 3463 3008 3518 ad
3032 3463 3366 3520 adorandum

1777 3556 2000 3612 odorem
2029 3555 2320 3624 virtutum;
2362 3571 2483 3612 cum
2508 3556 2757 3612 manibus
2805 3555 3043 3611 abutitur
3071 3556 3138 3610 ad
3167 3571 3369 3627 perch

1781 3645 2020 3704 tiendum
2076 3647 2144 3702 de
2181 3663 2360 3719 pugno
2400 3647 2582 3718 impie,
2614 3648 2682 3702 ad
2720 3645 3102 3716 eﬂ'undendum
3143 3646 3367 3717 sangui-

1779 3759 1923 3806 nem.
1981 3743 2049 3799 ad
2100 3742 2424 3807 nocendum,
2474 3756 2580 3796 non
2616 3741 2684 3797 ad
2712 3741 2853 3797 bene
2893 3741 3196 3812 agendum;
3242 3755 3366 3796 cum

1779 3831 2009 3903 pedibus
2057 3829 2298 3886 abutitur
2350 3830 2417 3887 ad
2456 3831 2788 3888 currendum
2817 3832 2885 3888 ad
2915 3831 3137 3893 malum,
3163 3846 3270 3887 non
3296 3831 3365 3886 ad

1784 3923 2120 3991 sequendum
2170 3922 2314 3977 viam
2362 3922 2610 3990 Domini;
2659 3939 2783 3979 cum
2815 3931 2971 3995 gustu
3001 3923 3246 3980 abutitur
3295 3923 3365 3980 ad

1778 4014 2211 4080 comessandum,
2255 4013 2655 4080 inebriandum,
2703 4031 2810 4070 non
2858 4016 2924 4069 ad
2972 4013 3363 4070 comedendum

1777 4114 1832 4163 et
1873 4105 2166 4162 bibendum
2217 4106 2284 4161 ad
2342 4107 2693 4164 sobrietatem
2741 4107 2983 4180 spiritus.
3033 4107 3181 4164 Bona
3233 4121 3365 4164 vero

1779 4198 2082 4270 spiritualia
2122 4199 2370 4269 dissipat,
2411 4214 2534 4255 cum
2561 4199 2732 4256 libero
2779 4200 3006 4255 arbitrio
3028 4199 3270 4256 abutitur
3294 4199 3364 4256 ad

1777 4292 2083 4362 eligendum
2114 4291 2254 4348 mala
2272 4334 2287 4360 ,
2318 4308 2428 4349 non
2455 4293 2598 4349 bona
2619 4334 2636 4360 ,
2660 4295 2728 4348 ad
2750 4293 3097 4349 serviendum
3125 4293 3360 4360 mundo,

1778 4401 1886 4441 non
1920 4385 2064 4453 Deo,
2089 4385 2239 4442 carni
2277 4401 2387 4441 non
2420 4386 2664 4457 spiritui;
2689 4402 2814 4443 cum
2847 4386 3202 4457 intelligentia
3227 4386 3364 4441 abu-

1777 4480 1912 4536 titur
1963 4479 2031 4534 ad
2086 4478 2518 4551 investigandum
2584 4481 2854 4550 quomodo
2920 4480 3093 4551 possit
3140 4495 3360 4548 nocere,

1775 4587 1879 4628 non
1904 4569 2190 4642 prodesse;
2216 4586 2338 4628 cum
2359 4573 2618 4627 memoria
2641 4572 2987 4639 abutitur,ad
3009 4571 3362 4630 reminiscen-

1778 4668 1904 4726 dum
1951 4664 2113 4731 mala,
2153 4680 2260 4721 non
2310 4665 2484 4732 bona;
2527 4679 2648 4721 cum
2707 4665 3049 4737 providentia
3095 4667 3357 4734 abutitur,

1773 4761 1842 4816 ad
1866 4759 2167 4831 parandum
2206 4757 2456 4829 proximo
2491 4756 2764 4828 laqueum,
2789 4772 2896 4813 non
2924 4759 3207 4815 auxilium.
3230 4759 3359 4817 Om-

1773 4852 1922 4908 nium
1973 4851 2219 4916 istorum,
2272 4848 2472 4906 fratres
2510 4850 2635 4914 mei.
2670 4849 2972 4921 dissipatio,
3032 4852 3234 4908 abusus
3296 4860 3354 4908 et

1773 4943 1996 5000 infamis
2076 4941 2408 4998 consuetudo
2475 4940 2717 4998 diffamat
2778 4943 3051 4999 hominem
3115 4943 3355 5000 villicum

1772 5035 1913 5107 apud
1943 5037 2108 5091 Deum
2133 5033 2418 5089 Dominum
2443 5050 2616 5089 suum.
2645 5034 2799 5090 Unde
2822 5035 3081 5092 Dominus
3106 5044 3166 5092 ut
3197 5035 3357 5092 tertio

1771 5128 1827 5184 in
1858 5126 2109 5199 parabole
2134 5126 2558 5194 demonstratur,
2578 5127 3008 5194 vocatvillicnm,
3033 5137 3089 5185 et
3119 5128 3196 5183 ait
3225 5127 3298 5184 illi
3336 5145 3349 5183 :

1773 5221 1916 5287 Quid
1951 5221 2053 5278 hoc
2097 5219 2258 5274 audio
2282 5220 2347 5274 de
2367 5221 2454 5275 te?
2479 5219 2661 5276 Redde
2712 5221 2968 5276 rationem
3017 5220 3354 5278 rillicatianis

1771 5322 1896 5369 tute.
1916 5313 2006 5370 Bis
2028 5312 2180 5384 ponit
2217 5312 2481 5369 rationem
2528 5313 2788 5370 Dominus
2811 5315 2952 5370 Deus
2983 5330 3106 5370 cum
3136 5313 3353 5370 homine

1769 5406 1948 5463 villico
1966 5422 2086 5463 suo.
2122 5406 2361 5462 Primum
2389 5408 2444 5462 in
2468 5409 2571 5465 hoc
2591 5407 2808 5475 saeculo,
2839 5418 3026 5480 postea
3051 5409 3102 5464 in
3121 5408 3349 5480 judicio.

1771 5499 1879 5556 Sed
1908 5499 2265 5556 dissimiliter.
2311 5500 2446 5556 Nam
2489 5501 2579 5557 hic
2606 5502 2760 5572 ponit
2785 5518 2907 5558 cum
2937 5501 3155 5558 homine
3181 5501 3351 5556 ratio-

1767 5606 1890 5648 nem
1921 5592 1987 5648 ad
2012 5592 2381 5649 incutiendum
2413 5593 2461 5648 ei
2498 5593 2744 5650 timorem
2785 5603 2841 5650 et
2871 5592 3344 5658 emendationem;

1769 5685 1822 5742 in
1839 5683 2045 5755 judicio
2065 5700 2196 5741 vero
2219 5693 2385 5758 ponet
2411 5702 2532 5743 cum
2556 5702 2622 5743 eo
2647 5687 2910 5742 rationem
2925 5685 2992 5740 ad
3006 5683 3348 5742 inferendum

1766 5793 1867 5850 pro
1898 5779 2107 5835 meritis
2129 5793 2382 5850 poenam;
2412 5779 2504 5836 hic
2548 5781 2616 5836 ad
2643 5779 3006 5837 exercendum
3035 5777 3349 5834 misericor-

1767 5872 1912 5930 diam
1933 5911 1950 5942 ,
1979 5871 2051 5932 ibi
2080 5872 2144 5930 ad
2171 5873 2569 5934 excercendum
2605 5872 2892 5945 justitiam.
2925 5872 3084 5936 Ponit
3103 5886 3232 5945 ergo
3255 5870 3347 5927 hic
