3896 6320
498 378 639 437 NII

1501 366 1846 429 ADDBNM.
1885 401 1954 414 --
1988 358 2340 430 nanum"
2376 352 2721 429 suasuris

3643 354 3755 431 itali

504 492 1065 552 Dominusrattonem
1115 488 1238 544 cum
1278 487 1497 544 homine
1531 482 1710 542 villico
1763 498 1885 555 suo,
1930 500 2090 557 quem
2120 478 2361 549 Avanos
2408 472 2673 544 efficiunt.
2724 485 2863 543 lllud
2889 499 3048 551 vero,
3082 484 3319 551 fratres,
3362 468 3578 554 seraper
3597 502 3757 546 memo-

496 583 615 642 Vult
683 581 985 653 corrigere,
1028 597 1143 637 non
1198 578 1396 652 perire.
1454 578 1625 634 Vocat
1669 588 1798 653 ergo
1853 592 1975 635 eum
2028 580 2082 635 ει

498 675 632 735 citat
696 674 764 731 ad
822 674 1285 746 respondendum,
1338 674 1465 727 cum
1519 670 1569 727 ei
1624 670 1860 742 aliquam
1916 664 2127 728 lul'ert’

494 767 896 833 iniirrnltatetit,
944 766 1347 837 interrogatque
1389 778 1513 818 eum
1566 762 1652 819 vel
1700 764 1925 819 interius
1986 772 2083 835 per

498 860 739 917 divinam
791 859 1221 931 inspirationem,
1268 857 1352 911 vel
1397 852 1639 912 exteriud
1680 868 1778 927 per
1829 858 2081 912 sacerdo-

500 963 630 1020 tem,
680 952 767 1008 vel
820 968 913 1025 per
957 953 1192 1022 aliquam
1240 950 1629 1005 correctionem
1682 950 1731 1004 ei
1760 946 2079 1007 dicentem:

498 1043 723 1112 Frater,
756 1043 1013 1100 Dominus
1063 1048 1222 1098 vacat
1272 1051 1354 1106 te,
1394 1049 1449 1095 et
1501 1042 1671 1112 exigit
1719 1054 1750 1096 a
1802 1052 1855 1096 te
1915 1042 2080 1097 ratio-

497 1149 621 1190 nem
644 1136 710 1189 de
738 1136 989 1189 omnibus
1040 1138 1166 1203 qua:
1208 1136 1393 1189 centra
1418 1144 1540 1188 eum
1569 1140 1825 1203 operatus
1848 1148 1927 1189 es.
1956 1128 2079 1190 Tibi

496 1228 607 1283 cito
651 1227 894 1289 consule,
929 1227 1055 1297 quia
1089 1227 1200 1298 jam
1254 1242 1361 1281 non
1414 1227 1618 1297 poteris
1667 1224 1929 1282 iiilicare.
1960 1227 2079 1283 lam

496 1318 642 1372 enim
690 1330 788 1385 per
826 1317 1385 1374 mortemaul'erctur
1425 1318 1521 1373 tibi
1574 1320 1951 1389 temporalium
2005 1321 2081 1375 di-

495 1409 773 1479 spensatio
800 1420 1005 1465 rerum.
1040 1409 1136 1465 liis
1170 1410 1350 1480 itaque
1404 1410 1633 1466 interius
1664 1409 1965 1480 inSpiratis,
1995 1411 2079 1467 vel

493 1500 735 1559 exterius
765 1499 958 1565 dictis,
990 1506 1367 1557 commovetur
1396 1501 1623 1557 interius
1662 1501 1874 1558 villicus
1916 1505 2078 1559 homo

493 1600 549 1649 et
580 1593 753 1650 timet.
778 1594 880 1662 Qui
916 1594 1099 1659 timor,
1122 1593 1269 1651 intus
1307 1612 1432 1649 cum
1476 1595 1562 1650 hic
1606 1596 1840 1668 illucque
1879 1612 2081 1653 concu-

482 1684 653 1763 tiens,
690 1687 853 1742 trahit
880 1701 1005 1743 eum
1039 1689 1107 1745 ad
1157 1688 1567 1744 deliberandum
1614 1690 1743 1759 quid
1779 1690 1960 1747 facere
1983 1692 2079 1747 de—

490 1775 637 1842 beat,
673 1787 731 1833 ut
773 1783 827 1834 in
864 1780 1121 1851 parabolis
1175 1782 1371 1851 qharto
1423 1780 1776 1851 significatur,
1805 1798 1925 1837 cum
1951 1784 2079 1839 sub-

492 1869 682 1927 ditur:
715 1846 996 1928 Ait-autent
1028 1846 1232 1928 mna.
1258 1876 1398 1928 intra
1425 1846 1529 1928 set:
1556 1872 1696 1940 Quid
1713 1875 2075 1948 fucinm,qnia
2109 1846 2152 1908 ⁸

494 1960 750 2019 Dominus
774 1964 945 2031 aufert
970 1980 1003 2017 a
1038 1981 1122 2018 me
1160 1963 1576 2019 villicationeat?
1621 1965 1799 2032 fodere
1842 1982 1946 2022 non
1990 1985 2079 2027 ra-i

491 2050 573 2105 leo
593 2064 614 2107 :
642 2052 768 2124 quia
794 2053 845 2107 in
874 2054 978 2108 alia
1021 2056 1126 2109 vita
1156 2070 1263 2111 non
1295 2059 1399 2111 erit
1426 2066 1637 2126 tempus
1684 2058 1956 2125 tuercutll,
1982 2060 2077 2116 sed

493 2145 819 2215 recipiendi;
852 2159 957 2201 non
983 2146 1224 2211 serendi,
1251 2149 1345 2203 sed
1389 2152 1650 2215 metendi,
1684 2162 1790 2205 non
1822 2152 2078 2209 laboran-

490 2233 569 2297 di,
606 2236 700 2289 sed
740 2236 1077 2304 quiescendi.
1121 2236 1450 2305 Mendicnre,
1497 2240 1693 2312 inquit,
1717 2245 1989 2299 erubesco:
2021 2244 2076 2301 In

489 2324 595 2380 alia
625 2326 776 2382 enim
806 2328 940 2394 vita,
965 2330 1280 2386 mendicans
1304 2348 1520 2404 semper
1540 2338 1774 2407 patietur
1796 2340 2075 2409 pudorem,

488 2434 591 2475 nec
620 2420 856 2478 inveniet
883 2424 1206 2494 adiutorem,
1240 2425 1381 2481 sicut
1408 2426 1460 2481 in
1482 2429 1584 2483 alia
1614 2430 1887 2502 Evangelii
1914 2447 2079 2502 para-

488 2511 613 2568 bola
645 2514 1071 2583 demonstmtur,
1099 2533 1222 2573 cum
1253 2520 1415 2576 fatuae
1457 2537 1488 2575 a
1532 2522 2077 2595 prndentibusolcum

490 2614 701 2676 petunt,
733 2622 833 2663 nec
871 2610 1165 2680 accipiunt.
1219 2610 1372 2668 Unde
1407 2622 1462 2668 rt
1499 2615 1758 2673 Salomon
1802 2636 1815 2672 :
1863 2629 2079 2689 prapter

490 2698 660 2769 frigus
692 2700 840 2769 piger
873 2717 1026 2757 arare
1053 2703 1252 2769 noluit;
1293 2706 1606 2762 mendicabit
1642 2726 1765 2781 ergo
1806 2722 1987 2767 testate
2026 2721 2078 2768 et

491 2807 594 2846 non
619 2793 834 2848 dabitur
855 2794 904 2849 ei
934 2794 1117 2866 (Prov.
1149 2803 1267 2865 xx).
1294 2798 1418 2855 Scio
1442 2803 1571 2871 quid
1582 2804 1798 2873 faciam.
1826 2804 2074 2875 Pensate,

488 2883 711 2951 fratres,
760 2898 981 2957 pensato
1017 2905 1178 2959 quam
1232 2891 1304 2947 sit
1352 2895 1499 2950 utilis
1551 2896 1733 2951 timor.
1786 2896 2075 2969 Nunquam

490 2978 636 3032 enim
664 2980 872 3036 villicus
911 2982 1015 3038 iste
1041 2985 1108 3038 de
1138 2985 1311 3042 salute
1332 3000 1429 3043 sua
1476 2991 1790 3061 cogitasset,
1820 2994 1922 3051 nisi
1952 3006 2075 3051 eum

491 3069 652 3127 timor
695 3072 926 3130 interius
968 3080 1348 3136 concussisset.
1390 3082 1496 3138 Sed
1530 3088 1724 3142 timore
1758 3101 1881 3143 eum
1937 3088 2076 3146 inte-

2186 579 2281 635 rire
2310 580 2803 634 commendandum
2840 568 2922 635 esi
2964 578 3117 651 quod
3146 578 3451 657 Dominus
3497 578 3756 651 subjuusit,

2183 670 2314 726 Cum
2354 671 2673 743 defereritis,
2709 688 2807 742 per
2848 672 3086 728 mortem
3137 666 3530 743 temporalem,
3575 673 3759 742 scilicet,

2183 756 2307 816 cum
2335 748 2646 817 defeceritis
2673 750 2742 818 de
2790 758 3006 818 meritis
3038 762 3271 843 vestris,
3324 762 3580 833 recipiant
3619 782 3693 820 ras
3721 769 3762 822 ia

2182 846 2378 912 (eterna
2400 856 2764 912 tabernacula.
2796 856 2916 913 Non
2948 858 3045 923 ait,
3072 858 3312 928 propter
3351 871 3450 911 eos
3503 858 3764 927 recipiamio

2183 950 2261 1014 ni,
2295 950 2391 1005 Sed
2426 938 2529 1022 ipsi
2564 951 2832 1022 recipiant
2868 965 2986 1006 vos.
3020 948 3189 1010 Ecce,
3227 945 3460 1016 fratres,
3491 962 3675 1018 quanta
3702 940 3766 1007 «si

2184 1044 2422 1113 dignitas
2465 1058 2765 1115 pauperum
2797 1042 3029 1111 Christi:
3059 1042 3153 1115 qui
3176 1042 3406 1114 judiees
3456 1054 3511 1097 et
3535 1043 3760 1111 janilorcs

2182 1137 2331 1210 regni
2356 1136 2618 1193 caelorum
2651 1132 2774 1193 esse
2805 1133 3109 1217 merbi'liur,‘
3141 1134 3203 1193 ht
3239 1150 3389 1207 quos
3417 1136 3671 1191 voluerint
3696 1153 3761 1193 rev

2181 1230 2403 1302 cipiunt,
2434 1232 2517 1289 vel
2542 1230 2855 1289 excludant.
2888 1224 3103 1331 Ιιειιίἤέξ
3131 1222 3343 1287 ῐινέἕιεε
3370 1230 3504 1288 mei.
3534 1220 3760 1301 paupcrci

2183 1325 2386 1382 Christi
2422 1342 2763 1391 veneremur,
2800 1318 3105 1391 foveatiiils,
3138 1320 3196 1380 et
3220 1324 3543 1395 diligamus,
3578 1334 3647 1389 et,
3674 1339 3763 1378 om-

2184 1416 2341 1474 nibus
2370 1421 2715 1492 contemptis,
2744 1412 2799 1475 et
2834 1414 3240 1493 ipsipanperes
3271 1414 3487 1473 Christi
3526 1432 3643 1474 esse
3672 1414 3763 1474 stit-

2182 1506 2427 1577 deamns,
2457 1521 2514 1565 ut
2544 1512 2611 1565 ab
2639 1512 2789 1582 ipsis,
2825 1509 2880 1569 et
2905 1506 3031 1566 enni
3060 1512 3198 1582 ipsis
3224 1500 3545 1583 mereamur
3566 1510 3614 1563 in
3632 1522 3764 1567 8101'-

2182 1618 2248 1657 na
2282 1604 2631 1661 tabernacula
2678 1600 2895 1678 recipi.
2921 1600 3029 1680 Per
3071 1596 3373 1661 Dominum
3414 1613 3651 1660 nostrum
3690 1599 3763 1660 te.

2188 1712 2309 1753 sunt
2343 1695 2638 1773 Christum.
2665 1699 2839 1753 Amen

2719 1784 3006 1847 ιιοΜιιιΑ
3068 1784 3240 1846 XXII.

2434 1864 2695 1940 bonum;
2742 1882 2944 1941 peetus
2986 1882 3128 1942 ιιοὲτ
3169 1882 3540 1941 ﬂustra-rea.

2256 1973 2499 2039 Fratres,
2529 1979 2675 2032 scitis
2700 1976 2839 2050 quod
2871 1971 2990 2033 cum
3018 1988 3201 2049 gentes
3236 1977 3449 2040 essetis,
3479 1978 3553 2030 ad
3574 1977 3767 2033 sirenis-

2182 2087 2277 2124 cra
2315 2082 2460 2126 mnta
2484 2068 2668 2142 procul
2702 2070 3036 2128 durebamini
3080 2083 3262 2127 euntes
3287 2070 3338 2142 (Ι
3365 2070 3495 2127 Cor.
3526 2076 3645 2142 In),
3666 2086 3758 2129 etc.

2189 2161 2316 2218 Haec
2346 2164 2604 2235 loquitur,
2632 2162 2828 2221 fratres
2874 2164 3210 2231 charissimi,
3239 2164 3540 2236 Apostolus
3580 2166 3645 2219 ad
3674 2164 3767 2220 Co-

2183 2240 2417 2312 rinthios
2444 2257 2560 2327 qui,
2594 2273 2735 2313 nunc
2767 2258 2835 2314 ab
2866 2273 2932 2315 eo
2967 2256 3247 2322 conversi,
3292 2257 3529 2329 gentiles
3561 2258 3769 2315 exsule-

2182 2361 2328 2417 rant,
2369 2360 2424 2406 et
2467 2350 2759 2409 simulacra
2796 2362 2943 2408 muta
3003 2353 3395 2408 adoraverant.
3444 2352 3597 2407 Facit
3646 2365 3767 2423 ergo

2184 2443 2285 2497 tria
2346 2434 2360 2498 Ξ
2420 2444 2656 2514 primum
2705 2446 2941 2499 ostendit
3000 2443 3369 2500 idololatriam
3420 2454 3478 2498 et
3534 2445 3768 2514 ldasphe-

2182 2538 2348 2592 miam
2413 2553 2443 2592 a
2504 2537 2784 2608 spiritibus
2829 2537 3089 2609 malignis
3137 2537 3352 2602 induci;
3394 2522 3649 2592 secundo
3696 2538 3771 2592 di-

2181 2628 2257 2685 cit
2308 2644 2495 2684 veram
2553 2630 2674 2685 lldei
2734 2627 3171 2698 confessionem,
3226 2646 3254 2684 a
3316 2628 3531 2701 Spiritu
3591 2640 3770 2688 sancto

2181 2737 2302 2778 esse
2332 2740 2347 2778 :
2388 2724 2549 2778 tertio
2586 2722 2867 2779 enumerat
2915 2725 3130 2781 diversa
3163 2724 3303 2779 dona
3350 2722 3483 2790 Dei,
3508 2740 3632 2795 qua
3659 2738 3772 2779 om-

2180 2814 2270 2869 nia
2328 2817 2525 2871 asserit
2574 2816 2641 2872 ab
2687 2796 2874 2872 eodem
2920 2814 3129 2888 Spiritu
3171 2810 3363 2873 sancto
3386 2818 3530 2872 dari.
3578 2815 3765 2873 Osten-

2180 2907 2313 2962 tlens
2381 2907 2548 2978 igitur
2604 2908 2838 2981 primum
2909 2898 3163 2965 homines
3225 2910 3351 2965 duci
3421 2928 3453 2965 a
3533 2911 3770 2979 malignis

2180 2998 2485 3071 spiritibus,
2519 3004 2772 3072 malignis
2794 3004 2861 3057 ad
2886 3002 3249 3060 idololatriam
3283 3015 3339 3059 et
3364 3004 3767 3075 blasphemiam,

2180 3094 2276 3159 ait,
2310 3090 2550 3165 Fratres,
2590 3097 2736 3152 scitis
2772 3115 2890 3152 cum
2932 3106 3112 3169 gentes
3155 3098 3358 3165 essetis,
3400 3100 3565 3153 eratis
3603 3108 3769 3151 castra

490 3161 605 3273 τξξξί
642 3177 983 3235 Ρετυτεοηίθι
1026 3171 1309 3240 deliberat,
1351 3175 1566 3245 quaerit,
1618 3186 1673 3234 et
1711 3176 1912 3235 invenit
1942 3196 2073 3237 con-
2100 3205 2150 3273 ο
2180 3189 2249 3242 ad
2280 3161 2567 3243 simulacra
2598 3201 2741 3244 muta
2784 3161 2954 3260 proutr
2980 3190 3319 3246 ducebamini
3353 3231 3368 3255 ,
3412 3205 3447 3245 a
3498 3191 3771 3260 spiritibus

402 3306 405 3309 .
489 3255 667 3311 silium
691 3299 706 3326 ,
738 3259 895 3330 juxta
926 3263 1054 3321 illud
1084 3269 1359 3338 propheta:
1391 3287 1405 3324 :
1436 3271 1480 3324 Α
1525 3274 1712 3327 timore
1748 3284 1858 3340 tuo,
1892 3275 2077 3331 Domi-

490 3363 576 3413 ne,
608 3355 938 3423 concepimus
958 3397 971 3420 ,
996 3362 1375 3427 parturivimus
1407 3374 1454 3419 et
1499 3367 1796 3435 peperimus
1835 3371 2078 3440 spiritum

488 3440 676 3497 salutis
731 3443 878 3513 (lsai.
942 3450 1114 3523 nvi).
1180 3452 1539 3525 Conerpimus
1578 3456 1717 3516 bene
1766 3464 2074 3533 cogitando,

489 3536 873 3602 parturivitnus
903 3539 1218 3611 laborando,
1255 3550 1562 3617 peperimus
1603 3553 1740 3608 bene
1765 3553 2034 3611 faciendo.

561 3631 819 3703 Sequitur
857 3637 1047 3705 quinto
1098 3643 1371 3710 quomodo
1423 3642 1489 3700 de
1517 3649 1682 3703 rebus
1729 3649 1941 3706 Domini
1992 3652 2076 3709 sui

486 3727 660 3798 possit
686 3728 789 3783 sibi
822 3731 1032 3788 villicus
1062 3734 1267 3791 amicos
1306 3752 1633 3807 praeparare.
1682 3742 1832 3799 Unde
1858 3754 1913 3800 et
1955 3747 2031 3801 ait
2060 3764 2075 3802 :

489 3817 613 3876 Scio
641 3823 768 3894 quid
797 3824 1013 3894 faciant,
1037 3838 1113 3893 ut,
1132 3842 1249 3884 cum
1278 3844 1482 3888 amotus
1504 3839 1654 3906 fuero
1676 3855 1708 3893 α
1738 3838 2073 3908 villicatione,

488 3912 746 3983 recipiant
776 3930 857 3971 me
880 3918 933 3971 in
970 3918 1157 3974 domos
1182 3937 1325 3976 suas.
1365 3922 1672 3983 Convocatis
1698 3930 1860 4000 igitur
1894 3934 2078 4004 singu-

488 4002 556 4059 lis
576 4004 897 4064 debitoribus
922 4012 1121 4067 domini
1143 4015 1226 4068 sui
1246 4016 1448 4070 dicebat
1474 4020 1644 4088 primo
1666 4037 1683 4076 :
1704 4002 2078 4088 Quantunttle-

488 4094 573 4151 bes
592 4099 809 4188 domino
838 4102 991 4158 meo?
1011 4100 1253 4172 Centum,
1285 4108 1474 4179 inquit,
1504 4113 1689 4168 choros
1712 4118 1893 4171 tritici.
1914 4117 2073 4188 Vade,

488 4187 664 4275 accipe
686 4189 984 4246 cautionem
1007 4203 1181 4262 tuam,
1202 4204 1250 4250 et
1278 4199 1459 4253 sedens
1484 4203 1652 4258 scribe
1670 4209 1946 4277 octoginta,
1965 4187 2070 4267 etc.

489 4274 625 4335 Cum
660 4279 840 4332 omnia
874 4295 993 4350 quae
1020 4283 1300 4353 habemus,
1336 4288 1530 4347 fratres
1571 4295 1699 4358 mei,
1724 4274 1828 4351 non
1867 4308 2072 4368 nostra,

489 4367 583 4422 sed
608 4367 823 4427 Domini
854 4374 1021 4431 nostri
1047 4376 1313 4443 sint,cum
1342 4388 1832 4453 accommodamus,
1857 4404 1942 4444 res
1972 4367 2075 4446 υ.»

492 4460 622 4519 mini
663 4465 833 4520 nostri
876 4473 1379 4529 accommodamus:
1413 4485 1468 4530 et
1504 4478 1596 4547 qui
1645 4481 1800 4536 nobis
1842 4482 2070 4553 debent,

2185 3280 2457 3350 malignis.
2486 3280 2752 3337 Dicuntur
2779 3292 2960 3338 autem
2979 3324 2995 3349 ,
3022 3280 3225 3339 fratres
3260 3283 3406 3350 mei,
3438 3288 3630 3355 gentes
3652 3299 3683 3336 a
3710 3289 3771 3355 γῆ

2181 3375 2327 3443 quod
2374 3382 2459 3429 cst
2486 3384 2627 3428 terra
2647 3415 2664 3438 ,
2691 3378 2807 3431 sive
2828 3391 2861 3429 a
2891 3368 3164 3446 gignendo
3194 3416 3209 3440 ,
3260 3376 3389 3446 quia
3438 3376 3649 3431 scilicet
3673 3389 3771 3428 non

2180 3465 2395 3536 purgati
2429 3481 2525 3535 per
2568 3465 2786 3535 aliquod
2819 3477 3229 3524 sacramentum
3257 3507 3272 3532 ,
3313 3482 3417 3523 nec
3463 3460 3771 3533 eruditin

2178 3556 2352 3629 legem
2374 3558 2506 3614 tales
2532 3570 2756 3637 manent
2778 3562 2968 3630 quales
2992 3558 3157 3631 geniti
3210 3570 3358 3617 sunt.
3389 3560 3663 3615 lmmundi
3682 3574 3771 3627 ge-

2181 3652 2283 3707 niti
2314 3662 2460 3718 sunt,
2486 3636 2544 3708 et
2589 3652 2852 3709 immundi
2893 3664 3136 3710 manent.
3168 3650 3293 3710 Filii
3334 3656 3430 3710 ine
3459 3654 3573 3708 nati
3612 3662 3770 3717 sunt,

2181 3755 2235 3803 et
2266 3746 2359 3802 lilii
2401 3746 2496 3802 ira!
2524 3756 2764 3803 manent.
2799 3746 2945 3804 Nihil
2998 3747 3225 3805 caeleste
3247 3790 3263 3813 ,
3288 3749 3423 3804 nihil
3453 3746 3767 3819 spirituale,

2180 3840 2273 3895 sed
2290 3840 2455 3897 solam
2472 3850 2671 3897 terram
2701 3842 2766 3898 de
2790 3858 2894 3913 qua
2921 3838 3033 3897 nati
3049 3852 3177 3897 sunt
3198 3844 3498 3913 sapientes.
3519 3840 3624 3909 Qui
3654 3841 3768 3894 sine

2180 3933 2613 3991 contradictione
2653 3926 2978 4004 permittunl
3029 3950 3089 3991 se
3129 3934 3255 3992 duci
3288 3950 3319 3990 a
3349 3935 3635 4007 spiritibus
3662 3948 3768 3987 ma-

2179 4020 2339 4095 lignis
2383 4027 2451 4080 ad
2492 4028 2736 4083 diversos
2780 4042 2996 4084 errores
3024 4068 3039 4095 ,
3086 4039 3144 4084 ut
3175 4018 3391 4085 scilicet
3438 4026 3630 4084 relicto
3663 4041 3766 4082 uno

2178 4133 2307 4172 vero
2336 4120 2595 4175 Creatore
2635 4120 2867 4176 adorent
2920 4137 3025 4178 non
3073 4121 3249 4177 solum
3300 4114 3465 4177 unius
3515 4121 3766 4191 generis,

2178 4209 2270 4263 scd
2302 4210 2462 4284 etiam
2514 4211 2856 4267 diversorum
2892 4204 3152 4284 generum
3202 4213 3527 4275 simulacra.
3555 4198 3621 4268 ui
3642 4214 3765 4266 ima~

2176 4282 2329 4373 giues
2360 4292 2663 4372 hominum,
2696 4306 3106 4377 quadrupedum
3136 4348 3152 4371 ,
3178 4315 3237 4362 et
3260 4306 3623 4378 serpentium,
3650 4319 3765 4374 qua:

2176 4396 2359 4451 omnia
2397 4404 2527 4451 sunt
2557 4398 3029 4469 nittta,vquoniam
3065 4398 3223 4468 juxta
3263 4397 3610 4453 Psalmistam
3635 4414 3649 4450 :
3675 4391 3761 4449 Si-

2176 4486 2414 4541 mulacra
2438 4489 2668 4559 gentium
2693 4498 3062 4561 argentum,_et
3096 4507 3313 4555 aurum,
3331 4506 3492 4560 apera
3513 4504 3762 4543 manusua

490 4552 716 4654 Domino
739 4559 1197 4620 debent.Villicus
1211 4566 1419 4637 ergone
1439 4569 1594 4624 bonis
1615 4573 1815 4628 domini
1837 4552 2068 4632 suiamiQ
2099 4569 2145 4626 D
2169 4552 2465 4633 hominum:
2495 4579 2567 4634 Os
2590 4552 2779 4635 habent
2816 4574 2865 4636 ei
2894 4552 3001 4637 non
3035 4552 3336 4654 loquentur,
3364 4552 3548 4636 oculos
3574 4574 3763 4634 habent

490 4661 583 4704 cos
595 4649 698 4739 sibi
714 4662 1003 4721 prteparat,
1017 4672 1140 4711 cum
1158 4661 1488 4729 pauperibus
1503 4662 1704 4718 Christi
1719 4680 1837 4721 com
1844 4671 2012 4739 patitu
2021 4688 2066 4738 r,

489 4744 544 4790 et
558 4735 841 4801 aliidebita
859 4742 942 4796 vel
954 4757 1016 4797 ex
1033 4758 1208 4812 parte,
1223 4746 1304 4799 vel
1319 4762 1383 4800 ex
1403 4757 1514 4803 toto
1528 4750 1754 4820 relaxat,
1770 4735 1859 4811 alii
1877 4735 2069 4831 super;

489 4832 872 4901 erogat,alinm
895 4837 1301 4899 orando,alium
1331 4841 1850 4912 corrigendo,alium
1875 4850 2073 4909 instru-

489 4924 630 4981 endo
644 4923 816 4994 juvat,
834 4927 1000 4983 alium
1015 4929 1199 4995 verbo,
1226 4931 1388 4987 alium
1413 4936 1659 5005 consilio,
1688 4940 1849 4997 alium
1884 4957 2070 5015 patro-

491 5016 652 5083 cinio,
668 5017 833 5073 alium
854 5020 1015 5075 rebus
1031 5032 1317 5091 sustentat,
1329 5031 1733 5089 communicans
1746 5036 1866 5091 aliis
1878 5053 2074 5097 carna-

487 5105 584 5174 lia,
603 5118 665 5164 ut
688 5122 875 5164 eorum
900 5112 1197 5181 spiritualia
1217 5126 1419 5174 metere
1446 5123 1633 5191 possit.
1649 5124 1801 5194 Quod
1818 5144 1945 5184 vero
1968 5131 2070 5187 Do-

489 5201 674 5260 minus
703 5201 1031 5261 concludens
1059 5209 1367 5278 parabolam
1398 5215 1473 5269 ait
1499 5232 1514 5269 :
1548 5215 1732 5274 Facite
1764 5222 1905 5277 vobis
1937 5226 2072 5281 ami-

489 5305 580 5349 cos
608 5292 675 5349 de
716 5309 1015 5352 mammona
1058 5299 1373 5381 iniquitatis,
1402 5324 1510 5364 non
1542 5311 1614 5365 ita
1645 5324 1728 5368 est
1761 5314 2067 5388 intelligen-

492 5384 620 5481 dum
639 5387 783 5458 quod
812 5387 881 5447 de
906 5389 1109 5450 divitiis
1126 5395 1324 5466 injuste
1354 5405 1637 5472 acquisitis
1660 5384 2065 5481 elcemosynam

492 5475 670 5536 facere
714 5483 919 5552 possit,
968 5490 1267 5557 prmsertim
1316 5498 1437 5548 cum
1493 5498 1754 5569 scriptum
1815 5475 1928 5557 siti:
1964 5498 2075 5571 Qui

489 5575 645 5669 apert
670 5578 988 5648 sacriﬁcium
1013 5584 1078 5639 tle
1097 5588 1284 5659 rapina
1313 5604 1630 5661 pauperum,
1658 5596 1810 5665 quasi
1838 5597 1930 5669 qui
1968 5600 2070 5653 im-

489 5668 647 5723 molat
676 5670 847 5739 ﬁlitnn
894 5674 948 5729 in
993 5682 1271 5748 conspectu
1316 5685 1481 5752 patris
1534 5686 1617 5740 sui
1650 5684 1819 5759 (Eccl.
1854 5692 2061 5763 xxxiv).

490 5765 595 5822 Sed
639 5768 1042 5841 intelligendum
1087 5786 1171 5831 est
1215 5776 1293 5833 de
1316 5774 1518 5837 divitiis
1543 5782 1872 5854 iniquitatis,
1904 5788 1956 5845 id
1982 5800 2066 5846 est

489 5861 716 5918 retentis
752 5861 957 5935 inique,
988 5865 1117 5935 quia
1172 5870 1368 5928 multos
1414 5873 1653 5945 iniquos,
1686 5882 1951 5951 superbos
2005 5891 2063 5943 et

2173 4680 2221 4724 et
2250 4687 2353 4733 non
2384 4668 2647 4727 ridebunt.
2682 4668 2873 4729 JIanus
2901 4674 3093 4730 habent
3122 4684 3173 4730 et
3196 4694 3302 4731 non
3337 4675 3642 4747 palpabunt,
3668 4691 3763 4744 ρε-

2172 4764 2265 4818 des
2293 4762 2484 4819 [tabent
2513 4772 2561 4819 et
2584 4782 2685 4821 non
2715 4766 3082 4837 ambulabunt,
3105 4786 3209 4823 non
3231 4767 3533 4824 clamabunt
3561 4767 3614 4820 in
3640 4777 3765 4836 gat-

2172 4865 2288 4911 ture
2317 4873 2432 4911 suo.
2485 4856 2695 4914 Similes
2715 4852 2822 4913 illis
2861 4860 3117 4931 ﬁantqni
3148 4860 3356 4931 faciunt
3374 4879 3474 4924 ea,
3516 4873 3562 4914 et
3588 4874 3761 4913 omnes

2171 4952 2260 5017 qui
2279 4950 2546 5019 conﬁdunt
2588 4952 2640 5005 in
2666 4956 2740 5007 eis
2757 4948 2933 5033 (Rcui.
2951 4960 3129 5026 cxiii).
3148 4953 3310 5024 Quod
3333 4956 3551 5028 quidem
3573 4968 3757 5008 verum

2172 5050 2278 5106 est,
2300 5044 2552 5112 quoniam
2571 5045 2661 5114 qui
2687 5044 2827 5123 idola
2844 5045 2991 5112 facit,
3010 5049 3210 5117 autqui
3226 5048 3310 5104 eis
3331 5046 3585 5102 deitatem
3603 5047 3762 5100 utri-

2172 5139 2312 5207 buit,
2332 5140 2419 5194 ille
2436 5141 2621 5210 utique
2643 5142 2833 5196 similis
2851 5138 2909 5196 ﬁt
2928 5140 3057 5212 ipsis
3071 5141 3412 5206 simulacris;
3429 5140 3683 5211 quoniam
3696 5153 3763 5194 os

2175 5230 2335 5287 habet
2363 5238 2619 5304 tanquam
2640 5235 2824 5302 homo,
2845 5249 2942 5289 nec
2968 5241 3150 5289 tamen
3177 5234 3557 5299 ratiocinator;
3574 5230 3761 5287 oculos

2172 5326 2333 5381 habet
2366 5337 2617 5398 tanquam
2648 5330 2840 5397 homo,
2884 5343 2985 5385 nec
3012 5339 3192 5383 tamen
3208 5338 3265 5384 ut
3290 5328 3459 5384 homo
3481 5327 3756 5381 veritatem

2173 5421 2601 5491 contemplatur;
2629 5436 2786 5475 aures
2825 5422 2987 5477 habet
3022 5414 3081 5477 ut
3118 5414 3320 5482 hoino.
3349 5436 3453 5478 nec
3486 5431 3663 5477 tanien
3702 5430 3757 5474 at

2171 5510 2334 5566 homo
2358 5514 2638 5568 veritatem
2670 5506 2933 5585 intelligit.
2959 5512 3203 5584 Quorum
3228 5515 3398 5589 (quod
3414 5519 3533 5574 sine
3551 5516 3757 5586 gemit-

2171 5602 2353 5660 dicere
2382 5621 2488 5659 non
2519 5606 2757 5677 possum)
2793 5600 2918 5661 stunt
2951 5608 3111 5664 hodie
3139 5608 3346 5665 similes
3373 5611 3585 5680 quidam
3630 5604 3753 5665 ἠΰ

2170 5694 2467 5751 Christiani
2489 5738 2503 5761 ,
2538 5698 2629 5767 qui
2664 5700 2913 5768 quamvis
2938 5716 3033 5756 ore
3071 5698 3351 5758 fateantur
3385 5716 3547 5756 unum

2169 5788 2502 5856 Creatorem,
2523 5800 2697 5848 tamen
2716 5809 2743 5846 a
2763 5794 3042 5865 spiritibus
3057 5786 3309 5866 malignis
3325 5796 3403 5851 ita

2170 5893 2226 5944 et
2268 5876 2577 5956 trahuntur,
2608 5888 2749 5960 quod
2780 5880 3025 5949 moribus
3056 5882 3112 5947 ἂι
3142 5880 3404 5962 operibus
3434 5905 3533 5951 ac.
