3896 6320
858 367 1164 425 ΗΟΜΙΜᾹΞ
1185 365 1252 423 ΙΝ
1279 366 1495 425 EPIST.
1539 368 1625 426 ET
1648 371 1716 427 El

1820 369 1904 427 lG.
1946 370 2250 437 DOMINIG.
2291 397 2360 412 ς·-
2391 368 2568 424 PARS
2606 369 2666 426 ll.

3238 373 3384 432 2029

109 483 536 548 simulacra,se.d
555 482 900 554 etiam(qued
921 490 1005 539 est
1025 485 1426 556 majusnsnavla
1445 487 1630 543 colunt
1652 495 1706 544 et
1733 495 1784 560 Α
1814 487 1977 542 ritum
2024 497 2272 544 sanctum
2322 484 2774 556 inseparabiliter,
2813 490 2956 560 quod
3010 504 3170 548 nemo
3207 499 3388 562 potest

113 587 464 633 venerantur.
488 576 591 631 iste
633 578 774 632 enim
815 591 844 630 a
895 575 1084 647 spiritu
1113 577 1340 634 luxuriae
1375 580 1609 643 ducitur,
1639 588 1699 635 ut

115 669 381 724 Venerem
403 667 561 722 colat.
586 667 675 722 llte
697 681 728 724 ε
750 667 942 738 spiritu
959 668 1236 723 ebrietatis
1255 670 1488 726 ducitur.
1504 670 1701 724 utBac-

114 759 444 816 clnnncolat.
466 758 557 814 Ille
578 775 607 814 a
631 759 820 830 spiritu
847 775 1168 815 mammonae
1189 760 1423 825 ducitur,
1455 770 1513 815 ut
1539 777 1701 830 pecu-

119 852 266 906 niam
303 851 466 905 colat.
499 850 600 916 Qui
624 863 811 905 omnes
841 859 988 906 tanto
1024 852 1198 922 magis
1221 852 1508 907 damnandi
1539 862 1696 919 sunt,

115 955 324 1014 quanto
407 953 596 998 contra
671 944 1058 998 conscientiam
1119 959 1326 1010 suam,
1393 955 1698 1001 creaturam

116 1033 365 1090 Creatori
393 1043 729 1105 praepennnt.
751 1033 852 1102 Qui
883 1044 939 1089 et
961 1035 1008 1090 si
1041 1052 1144 1091 non
1165 1052 1260 1092 ore
1285 1077 1301 1104 ,
1331 1047 1511 1094 tamen
1539 1040 1702 1107 opere

115 1125 400 1182 Christum
432 1127 720 1198 abnegauit.
756 1127 906 1194 Quod
949 1129 1132 1199 utique
1167 1146 1274 1185 non
1315 1131 1376 1185 lit
1415 1131 1468 1184 in
1509 1131 1701 1201 spiritu

118 1221 244 1284 Dei,
272 1222 366 1277 sed
394 1222 572 1292 potius
595 1223 647 1276 in
671 1222 860 1292 spiritu
883 1223 1139 1292 maligno.
1156 1222 1307 1279 Unde
1331 1232 1386 1278 et
1409 1223 1652 1278 subditur
1684 1236 1698 1274 :

119 1310 324 1366 Notum
346 1324 516 1367 autem
535 1312 674 1366 vobis
700 1312 839 1381 facio
859 1352 876 1378 ,
897 1318 1034 1383 quod
1057 1329 1206 1368 nemo
1228 1315 1281 1367 in
1303 1314 1488 1384 spiritu
1503 1312 1598 1366 Dei
1619 1310 1702 1366 ιο-

115 1420 284 1476 quens
321 1405 448 1458 dicit
474 1405 754 1459 anathema
778 1405 929 1459 Jesn.
954 1391 1256 1461 ldololatria
1289 1406 1430 1461 enim
1453 1446 1466 1468 ,
1491 1413 1702 1475 aposta-

116 1496 226 1569 sia,
262 1507 318 1552 et
354 1497 686 1566 blasphemia
714 1506 1018 1569 eteteraque
1047 1500 1175 1554 vitia
1207 1513 1237 1552 a
1267 1497 1546 1567 spiritibus
1588 1511 1707 1572 nia-ﬂ

116 1589 286 1662 lignis
317 1591 622 1645 introducta
655 1600 798 1645 sunt.
827 1590 956 1646 Dico
995 1605 1126 1662 ergo
1153 1605 1252 1656 ego
1275 1606 1398 1645 cum
1449 1590 1704 1660 Apoitolo

121 1683 236 1739 illis
284 1683 376 1753 qui
411 1682 790 1749 blasphemant
821 1726 836 1751 ,
879 1685 968 1754 qui
1009 1683 1291 1754 peierarit,
1332 1683 1414 1739 vel
1459 1684 1708 1754 dejerant

122 1789 322 1841 nomen
353 1774 519 1843 Jesu,
552 1775 695 1845 quod
741 1789 900 1830 nemo
938 1775 990 1829 in
1046 1774 1239 1844 spiritu
1281 1773 1380 1828 Dei
1434 1773 1658 1842 loquens
1689 1811 1704 1838 ,

118 1867 472 1937 blasplietnat
494 1907 510 1932 ,
544 1867 626 1922 vel
654 1867 904 1938 peierat,
936 1867 1017 1922 vel
1051 1866 1291 1936 perjurat
1319 1882 1516 1922 nomen
1543 1865 1670 1922 Jesu
1689 1899 1707 1933 ,
1736 1845 1783 1912 Β

122 1961 222 2016 sed
252 1962 431 2030 potius
460 1961 510 2014 in
544 1961 780 2030 maligno
825 1960 1018 2029 spiritu
1054 1960 1298 2028 loquens.

199 2053 458 2123 Sequitur
503 2068 630 2124 pars
683 2052 957 2116 secunda,
1015 2051 1066 2105 in
1105 2067 1209 2121 qua
1265 2051 1396 2105 dicit
1425 2050 1713 2120 Apostolus

119 2160 311 2218 veram
343 2142 735 2200 confessionem
761 2160 789 2196 a
815 2142 1024 2212 Spiritu
1047 2152 1236 2196 sancto
1263 2157 1410 2204 esse,
1441 2155 1562 2195 cum
1587 2142 1713 2197 Stib-

121 2238 205 2291 tlit
242 2255 255 2290 :
290 2236 358 2289 Et
392 2253 538 2290 nemo
584 2235 948 2301 potestdicere
975 2273 989 2299 ,
1016 2232 1273 2287 Dominus
1303 2232 1456 2286 Jesus
1481 2271 1495 2296 ,
1534 2231 1634 2284 nisi
1659 2232 1714 2286 in

123 2327 331 2396 Spiritu
362 2338 563 2382 sancto.
611 2327 722 2384 lloc
753 2327 978 2397 loquens
1017 2325 1305 2394 Aposwlus
1343 2340 1448 2386 non
1475 2335 1561 2379 est
1585 2339 1715 2378 con-

126 2423 336 2476 trarius
384 2420 613 2476 Domino
658 2420 858 2475 dicenti
905 2419 957 2473 In
1002 2417 1293 2486 Evangelio
1327 2431 1341 2469 :
1379 2414 1499 2469 Non
1548 2414 1715 2468 omnis

124 2514 219 2586 qui
252 2513 400 2577 dicit,
434 2511 673 2579 Domine,
708 2513 926 2572 Domine
951 2553 967 2578 ,
999 2510 1214 2564 intrabit
1242 2511 1295 2563 in
1325 2525 1537 2580 regnum
1561 2507 1716 2562 cado-

129 2623 251 2661 rum
283 2607 499 2665 (Matth.
552 2609 672 2676 vn).
704 2606 969 2672 Quoniam
1020 2607 1201 2660 dicere
1257 2604 1434 2673 posuit
1492 2603 1578 2656 bic
1617 2615 1716 2670 pro

128 2700 407 2758 conlitcri.
442 2699 532 2754 ille
552 2710 730 2754 autem
762 2714 887 2754 vere
915 2700 1222 2761 conlitetur,
1261 2695 1351 2766 qui
1378 2694 1516 2765 quod
1555 2694 1718 2748 liabet

124 2789 187 2848 in
227 2791 410 2856 corde,
436 2805 529 2844 ore
551 2799 602 2843 et
625 2803 787 2860 opere
813 2788 1118 2843 conﬁtetur.
1149 2787 1278 2854 Qua:
1301 2782 1571 2839 confessio
1595 2781 1715 2836 nul-

129 2885 349 2940 latentis
379 2883 560 2938 haberi
585 2891 782 2951 potest,
805 2882 904 2938 nisi
928 2897 957 2934 a
987 2880 1187 2951 Spiritu
1212 2888 1420 2934 sancto.
1445 2878 1552 2932 Nec
1568 2875 1714 2930 enim

126 2977 277 3031 bene
321 2976 556 3045 cogitare
577 3015 590 3038 ,
623 2989 720 3028 nec
745 2975 882 3028 bene
907 2973 1078 3042 loqui,
1111 2987 1208 3026 nec
1247 2971 1384 3025 bene
1411 2971 1623 3040 operari
1650 2984 1717 3023 ex

132 3068 301 3123 nobis
334 3083 640 3139 possumus,
674 3067 774 3122 nisi
799 3083 826 3119 a
860 3065 1063 3135 Spiritu
1089 3073 1276 3120 sancto
1299 3064 1711 3132 praeveniantur,

131 3163 233 3232 qui
259 3173 513 3232 operatur
539 3161 589 3214 in
618 3159 773 3214 nobis
789 3167 841 3213 et
861 3158 994 3210 velle
1008 3157 1338 3232 etperlicere
1355 3152 1610 3224 (Philipp.
1630 3141 1711 3222 ιι).

125 3231 190 3312 ιιι
216 3231 326 3325 quo
359 3255 428 3308 illi
463 3251 916 3321 damnantur,qu
944 3249 1025 3305 vel
1051 3231 1116 3303 de
1137 3250 1370 3320 ingenio,
1402 3249 1484 3303 vel
1517 3250 1580 3302 de
1604 3248 1716 3301 Cin-

123 3351 376 3423 quentia,
406 3348 500 3403 velt
521 3349 582 3400 de
609 3346 811 3404 viribus
842 3346 954 3399 suis
979 3344 1276 3415 gloriantur
1303 3345 1544 3404 dicentes
1572 3341 1713 3396 πιλη-

129 3445 224 3499 bin
290 3455 469 3495 nostra
505 3457 536 3493 a
581 3441 726 3493 nobis
761 3449 902 3492 sunt.
935 3437 1067 3502 Quis
1096 3448 1269 3490 noster
1313 3435 1562 3489 Dominus
1590 3445 1662 3487 est
1691 3435 1718 3488 .9

126 3534 313 3608 (l’sal.
340 3544 438 3602 tu.)
459 3534 523 3588 Et
543 3548 557 3587 :
579 3532 769 3586 Manus
795 3543 973 3586 nostra
995 3531 1220 3592 excelsa,
1247 3539 1292 3583 et
1319 3546 1419 3581 non
1439 3528 1714 3595 Dominus,

128 3633 263 3704 fecit
287 3633 395 3685 hwc
412 3631 587 3685 omnia
612 3628 790 3699 (Deut.
811 3625 1005 3698 xxx").
1028 3626 1161 3679 Cum
1187 3623 1444 3678 Dominus
1468 3621 1518 3674 in
1545 3620 1717 3676 livan-

123 3724 280 3796 gelio
301 3726 445 3778 dicat
473 3741 487 3778 :
521 3723 646 3777 Sine
676 3739 756 3776 me
805 3721 932 3774 nihil
959 3718 1169 3790 potestis
1195 3717 1366 3786 facere
1398 3715 1577 3785 (Joun.
1603 3715 1715 3782 xv),

211 3814 467 3884 Sequitur
502 3828 626 3884 pars
660 3812 842 3877 tertia,
879 3811 1061 3879 inqua
1093 3807 1386 3878 Apostolus
1434 3813 1720 3859 enumerat

127 3911 405 3965 donorum
441 3908 844 3972 diversitatem,
870 3904 1162 3960 ostendens
1187 3917 1248 3956 ea
1293 3918 1322 3956 a
1354 3901 1560 3972 Spiritu
1591 3916 1720 3954 san-

127 4012 232 4060 cto
275 4001 414 4056 dari.
462 4000 704 4056 Primum
757 4014 885 4070 ergo
929 3998 1190 4053 donorum
1234 3995 1326 4050 Dei
1370 3995 1474 4048 tria
1522 4010 1720 4064 genera

125 4099 312 4173 ponit,
341 4097 568 4162 scilicet,
589 4097 812 4169 gratias,
836 4093 1262 4147 ministrationes
1280 4101 1333 4146 et
1354 4089 1720 4158 operationes,

126 4191 436 4252 ostendens
472 4189 892 4258 unumquodque
926 4187 1150 4242 istorum
1189 4184 1240 4237 in
1276 4182 1500 4252 'species
1541 4180 1722 4250 plures

126 4285 409 4343 Inbdiridi
436 4323 452 4349 ,
499 4300 622 4341 cunt
663 4283 880 4346 subdit,
920 4280 1212 4335 Divisiones
1243 4277 1535 4347 gratiarum
1579 4284 1720 4333 sunt.

126 4373 278 4429 Cum
309 4383 486 4431 autem
517 4388 680 4429 omne
719 4371 916 4426 donum
943 4370 1034 4425 Dei
1065 4367 1235 4439 gratia
1267 4365 1357 4428 sit,
1400 4365 1524 4434 quia
1556 4366 1725 4436 gratis

129 4467 312 4521 datur
345 4504 361 4531 ,
413 4475 588 4522 tamen
658 4463 1088 4520 antonomastice
1128 4461 1216 4516 hic
1260 4459 1448 4529 gratiae
1497 4459 1725 4515 virtutes

1805 580 2007 636 habere
2051 581 2166 636 tunc
2212 581 2382 644 dona,
2420 578 2548 648 quin
2585 577 2786 634 babeat
2817 581 3074 650 Spiritum
3101 592 3382 652 sanctum,

1804 687 1905 727 nec
1955 672 2156 726 habere
2213 671 2472 742 Spiritum
2519 678 2765 726 sanctum
2792 709 2828 736 ,i
2855 679 2984 742 quin
3023 674 3218 737 habret
3253 677 3384 734 inec

1804 763 1968 820 dona.
2021 763 2146 818 llaec
2182 779 2312 834 ergo
2340 765 2477 819 dona
2498 803 2512 829 ,
2547 763 2744 820 fratres
2770 764 2908 830 mei,
2951 768 3095 824 omni
3123 769 3299 826 studio
3329 777 3388 824 et

1806 857 2086 928 vigilantia
2117 857 2403 924 acquirere
2451 865 2762 925 satagamus
2788 896 2803 923 ,
2834 871 2929 928 per
2965 871 3096 927 quae.
3124 860 3383 931 Spiritum

1805 958 2050 1004 sanctum
2084 964 2390 1005 mereamur
2419 951 2472 1004 in
2494 949 2652 1004 nobis
2674 959 2992 1020 perpetuum
3024 952 3384 1013 habitatorem

1807 1039 2070 1096 retinere.
2111 1040 2318 1095 Deinde
2369 1042 2664 1096 secundum
2721 1054 2890 1112 genus
2935 1042 3196 1103 donorum
3237 1046 3390 1113 ponit.

1805 1145 1925 1185 cum
1942 1133 2124 1188 subdit
2153 1149 2164 1186 :
2197 1132 2264 1186 Et
2287 1133 2566 1196 divisiones
2589 1134 3030 1206 ministrationum
3056 1145 3176 1190 sunt
3212 1155 3225 1190 :
3252 1155 3386 1194 una:

1810 1233 1986 1276 autem
2038 1223 2322 1280 Dominus.
2379 1225 2570 1282 Plures
2618 1227 2762 1282 enim
2793 1227 3002 1296 species
3049 1227 3395 1293 administro,-

1808 1309 2015 1365 tionum
2062 1322 2187 1368 sunt
2218 1314 2271 1368 in
2322 1314 2565 1370 Ecclesia
2601 1316 2689 1372 uni
2720 1314 2948 1371 Domino
2975 1318 3302 1387 servientes,
3335 1327 3393 1374 ut

1808 1401 2040 1458 ofﬁcium
2077 1408 2408 1474 prazdicandi
2443 1449 2458 1478 ,
2489 1408 2726 1466 oﬂicium
2763 1411 3093 1479 sacerdotii,
3116 1421 3180 1482 vet
3209 1413 3396 1482 liuius-

1809 1495 1973 1575 modi.
2003 1494 2132 1562 Quae
2156 1497 2200 1552 si
2233 1514 2355 1556 cum
2391 1501 2718 1569 supradictis
2747 1501 3039 1568 virtutibus
3071 1504 3392 1574 habeantur,

1811 1589 1993 1659 magni
2021 1591 2200 1651 meriti
2225 1601 2280 1646 et
2300 1593 2549 1648 utilitatis
2579 1603 2705 1650 sunt
2742 1595 2797 1650 in
2823 1595 3063 1656 Ecclesia
3097 1597 3207 1652 Dei.
3250 1598 3398 1655 Alias
3445 1653 3451 1657 .

1809 1693 1919 1735 non
1970 1679 2142 1733 solum
2170 1695 2277 1734 non
2305 1693 2536 1751 prosunt
2568 1723 2603 1750 ,.
2632 1686 2740 1742 imo
2766 1669 2825 1744 et
2855 1699 3072 1753 nocent.
3124 1689 3278 1755 Quod
3313 1698 3398 1751 est

1810 1781 1997 1828 contra
2023 1773 2286 1841 quosdam
2313 1775 2486 1829 nostri
2511 1776 2721 1835 ordinis
2743 1817 2759 1843 ,
2800 1781 2892 1847 qui
2939 1781 3120 1850 magis.
3144 1781 3399 1840 all‘eetant

1813 1864 2214 1933 praedicationis
2238 1864 2320 1920 vel
2342 1867 2628 1920 sacerdotii
2657 1865 2913 1932 ollieinin,
2935 1885 3096 1938 quam
3121 1873 3395 1928 meritum.

1814 1955 1984 2026 Magis
2008 1965 2269 2026 appetunt
2299 1957 2369 2013 ab
2399 1957 2711 2014 bominibus
2745 1960 2999 2018 honorari
3031 1977 3192 2030 quam
3219 1964 3398 2018 bono-

1815 2049 2016 2104 rabiles
2078 2064 2220 2104 esse.
2259 2051 2337 2129 De
2379 2051 2604 2120 {quibus
2632 2051 2998 2114 Dominusin
3047 2052 3337 2125 Evangelio
3381 2065 3397 2111 :
3436 2123 3438 2125 g

1815 2143 2010 2197 Dicunt
2033 2153 2079 2198 et
2117 2159 2219 2198 non
2251 2143 2480 2212 faciunt.
2529 2145 2720 2200 Anton!
2744 2146 2886 2200 enim
2909 2147 3104 2213 primos
3133 2147 3399 2202 accubitus

1815 2235 1869 2288 in
1887 2235 2076 2304 ianuis,
2101 2246 2147 2288 et
2171 2237 2369 2302 primus
2419 2237 2696 2292 cathedras
2728 2237 2781 2292 in
2825 2239 3106 2306 synagogis
3131 2277 3152 2300 ,
3179 2238 3397 2294 euolu-

1818 2328 2048 2381 tatioucs
2075 2327 2129 2380 in
2155 2328 2289 2396 foro,
2314 2335 2364 2381 et
2387 2329 2558 2382 rocari
2585 2329 2649 2382 ab
2668 2329 2966 2386 (seminibus
2985 2328 3157 2383 Βαιώὶ
3182 2329 3398 2397 (Matth.
3463 2347 3465 2349 ·

1818 2418 1998 2487 χχιιι).
2031 2417 2233 2473 Deinde
2264 2419 2483 2474 tertium
2511 2434 2683 2489 genus
2705 2422 2971 2475 donorum
3001 2422 3290 2490 supponit,
3321 2421 3404 2475 di-

1816 2526 1950 2565 cens
1983 2528 1996 2565 :
2036 2510 2104 2564 Et
2141 2511 2422 2566 divisiones
2463 2513 2823 2580 operationem
2845 2523 2966 2569 sunt
2999 2551 3016 2577 ,
3060 2529 3194 2567 unus
3229 2522 3430 2568 autem.

1821 2604 1961 2658 Deus
1992 2605 2081 2676 qui
2111 2614 2360 2673 operatur
2397 2604 2574 2659 omnia
2601 2605 2656 2657 in
2683 2605 2942 2660 omnibus.
2973 2604 3162 2660 Plures
3208 2606 3407 2674 quippe

1823 2700 2202 2767 operationum
2245 2697 2452 2767 species
2485 2696 2686 2752 dantur
2725 2709 2756 2752 a
2804 2698 2913 2754 Dco
2937 2698 3245 2753 hominibus
3276 2738 3292 2765 ,
3345 2702 3406 2751 ut

1825 2793 2172 2862 Operationes
2237 2789 2621 2852 miraculorum
2662 2829 2679 2856 ,
2747 2788 3092 2858 opt-rationes
3159 2789 3404 2844 laborum

1822 2884 2284 2948 iaciessariorum,
2319 2880 2663 2952 operationes
2702 2880 3194 2951 eleemosynarum,
3219 2891 3277 2935 et
3305 2881 3408 2936 bu—
3465 2910 3468 2912 -

1815 2977 2073 3046 jusmodi.
2127 2976 2232 3032 Sed
2285 2991 2407 3031 cum
2477 2987 2811 3044 quaecunque
2857 2973 3056 3029 dantur
3105 2989 3133 3026 a
3191 2971 3396 3040 Spiritu

1823 3071 2024 3125 Sancto
2072 3070 2270 3123 dantur
2314 3084 2343 3121 a
2399 3066 2559 3120 Patre
2588 3103 2603 3130 ,
2654 3065 2851 3119 dantur
2879 3073 2936 3118 et
2973 3080 3002 3116 a
3051 3065 3211 3130 Filio,
3263 3063 3411 3129 Qua-

1824 3178 1882 3216 re
1927 3161 2222 3232 Apostolus
2277 3159 2350 3212 ita
2381 3158 2467 3211 liic
2501 3157 2776 3223 distinxit,
2827 3166 2885 3210 ut
2911 3156 3136 3225 loquens
3169 3157 3234 3214 de
3277 3172 3406 3226 gra-

1823 3255 1910 3308 tiis
1935 3293 1950 3320 ,
1992 3254 2195 3308 diceret
2233 3267 2368 3305 unus
2406 3249 2636 3318 Spiritus
2667 3264 2686 3302 :
2729 3249 2970 3320 loquens;
3012 3249 3081 3302 de
3117 3249 3402 3305 ministrae.

1820 3346 2072 3410 tionibus,
2114 3345 2321 3399 diceret
2350 3361 2484 3397 unus
2532 3343 2809 3406 Dominus,
2837 3350 2894 3398 et.
2928 3341 3152 3410 loquens
3181 3341 3246 3394 de
3275 3356 3403 3410 ope-

1819 3439 2141 3500 rationibus,
2173 3438 2375 3491 diceret
2415 3449 2549 3490 unus
2576 3433 2756 3503 Deus]
2793 3432 2858 3488 Ut
2896 3432 3219 3501 significaret
3249 3433 3405 3488 nobis

1818 3531 1943 3600 quia
1977 3529 2163 3599 gratia:
2195 3545 2300 3582 non
2332 3529 2434 3582 nisi
2459 3543 2554 3597 per
2615 3541 2856 3582 amorem
2895 3526 2988 3581 Dei
3021 3525 3134 3596 (qui
3169 3525 3406 3594 Spiritus

1821 3630 2042 3674 sanctus
2091 3622 2194 3687 est)
2246 3617 2594 3681 obtinentur,
2636 3627 2691 3672 et
2734 3617 2858 3687 quia
2905 3615 3330 3672 niinistrationcs
3375 3629 3408 3670 a

1822 3713 2050 3767 Domino
2080 3721 2204 3765 sunt
2234 3719 2288 3764 et
2323 3710 2371 3764 ei
2412 3710 2767 3772 exhibentur,
2799 3715 2854 3764 et
2877 3708 3001 3778 quia
3037 3707 3176 3761 Deus
3217 3717 3408 3765 auctor

1823 3820 1922 3873 per
1969 3819 2068 3858 nos
2098 3801 2446 3871 operationes
2476 3809 2749 3869 operatur.
2792 3800 2941 3855 Unde
2986 3809 3038 3852 et
3063 3799 3153 3854 hic
3200 3798 3406 3864 dicens.

1822 3907 1958 3949 unus
1985 3893 2148 3958 Deus,
2176 3892 2422 3961 adiunxit
2447 3906 2462 3944 :
2484 3891 2587 3956 Qui
2607 3890 3044 3960 operoturonmin
3067 3890 3121 3944 in
3143 3889 3407 3954 omnibus,
3445 3914 3448 3916 ·

1824 3989 2153 4044 distribuens
2203 3986 2455 4041 videlicet
2504 3984 2713 4053 singula
2767 3983 2818 4038 in
2868 3982 3112 4052 singulis.
3158 3983 3239 4036 Ad
3279 3982 3411 4051 quid

1824 4093 2003 4136 autem
2041 4081 2181 4135 Deus
2221 4079 2361 4134 dona
2396 4093 2492 4133 sua
2532 4076 2687 4132 nobis
2719 4077 2954 4139 tribuat,
2985 4075 3252 4140 OStendit,
3276 4087 3402 4135 cum

1825 4177 2004 4232 subdit
2033 4191 2046 4228 :
2077 4173 2372 4244 Unicuique
2393 4179 2568 4226 autem
2605 4171 2765 4224 datur
2790 4167 3144 4237 manifestatio
3177 4165 3408 4236 Spiritus

1825 4274 1894 4325 ad
1943 4270 2244 4324 utilitatem.
2289 4266 2458 4322 Vocat
2505 4274 2686 4320 autem
2727 4264 2926 4320 donum
2953 4262 3186 4331 Spiritus
3215 4261 3408 4326 sancti,

1826 4360 2318 4417 manifestatiouem
2351 4355 2605 4427 Spiritus,
2633 4369 2700 4410 eo
2725 4354 2868 4424 quod
2901 4368 2995 4423 per
3015 4353 3213 4406 donum
3242 4349 3414 4421 Spiri-

1831 4464 1916 4509 tus
1945 4453 2141 4516 sancti,
2183 4452 2297 4521 ipse
2335 4449 2572 4520 Spiritus
2603 4456 2841 4502 sanctus
2870 4447 2925 4500 in
2969 4445 3123 4500 nobis
3152 4458 3276 4504 esse,
3298 4459 3412 4498 ma-

129 4554 523 4626 appellantur,
551 4570 616 4610 eo
658 4554 801 4625 quod
841 4555 1128 4610 habentem
1175 4560 1388 4620 gratum
1419 4547 1621 4605 faciunt
1672 4557 1728 4604 et
1758 4563 1804 4620 ι)
1830 4545 2134 4600 nifestatur.
2179 4541 2502 4610 llujusmodi
2557 4553 2685 4600 vero
2729 4538 2867 4591 dona
2913 4535 3114 4588 dantur
3152 4535 3225 4626 ad
3269 4532 3414 4587 utili-

126 4646 466 4720 gratiosum.
507 4645 704 4713 Quales
755 4652 879 4700 sunt
908 4642 1068 4706 lides,
1101 4654 1262 4710 spes,
1302 4638 1541 4693 cbaritas
1566 4678 1584 4707 ,
1635 4653 1727 4693 sa-

128 4739 374 4814 pientia,
397 4738 625 4806 iustitia,
659 4735 920 4804 fortitudo
941 4771 956 4801 ,
999 4732 1350 4802 temperantia
1371 4771 1386 4798 ,
1414 4743 1730 4800 caiteraaquo

131 4831 402 4894 virtutes,
439 4843 556 4897 qua:
585 4827 835 4888 bonuines
859 4834 1106 4890 amantes
1144 4835 1198 4890 et
1238 4823 1500 4879 amabiles
1539 4822 1729 4890 Decet

127 4921 460 4993 hominibus
504 4919 754 4974 reddunt.
780 4917 872 4972 lla:
919 4924 1101 4993 autem
1145 4926 1305 4972 tanta:
1359 4917 1497 4972 inse
1525 4915 1732 4969 sancti—

135 4991 290 5084 satis
325 5019 378 5064 et
417 5009 721 5076 honestatis
749 5017 898 5084 sunt,
930 4991 1074 5084 quod
1109 5022 1212 5084 non
1243 5005 1410 5061 solum
1446 5005 1587 5059 dona
1613 5003 1733 5076 Spi-

125 5083 292 5161 ritus
320 5101 515 5168 sancti,
539 5099 633 5155 sed
656 5099 818 5174 etiam
845 5081 1082 5168 Spiritus
1103 5081 1326 5152 sanctus
1351 5106 1733 5166 nuncupantur

125 5194 218 5251 ab
250 5192 388 5248 lsaia
435 5193 646 5247 dicente
675 5207 692 5269 _:
831 5189 1100 5268 descendet
1149 5206 1303 5267 super
1350 5205 1468 5244 eum
1495 5187 1730 5264 Spiritus

125 5286 370 5345 Domini
397 5325 414 5352 ,
471 5285 688 5356 spiritus
723 5283 1004 5360 sapientiai
1035 5289 1095 5358 et
1149 5283 1433 5354 intellectus
1459 5323 1474 5350 ,
1515 5280 1730 5350 spiritus

129 5379 382 5444 consilii,
405 5387 511 5450 etc.
541 5377 676 5449 (lsa.
711 5357 811 5452 it.)
842 5357 956 5454 ista
979 5357 1188 5430 JOanne
1215 5388 1227 5425 :
1256 5373 1350 5450 Ili,
1385 5375 1574 5442 inquit,
1609 5379 1731 5427 sunt

125 5481 346 5541 septem
374 5465 699 5538 spiritusiDei
731 5465 876 5540 missi
904 5464 958 5518 in
973 5478 1178 5540 omnem
1203 5463 1610 5534 terramtApoc.
1639 5463 1692 5540 γ)
1711 5501 1729 5529 ,

135 5565 204 5619 id
258 5571 343 5618 est
386 5570 591 5631 septem
625 5559 773 5638 Idona
815 5557 1050 5632 Spiritus
1085 5554 1278 5611 sancti.
1335 5553 1556 5608 Diversa
1586 5556 1731 5610 enim

131 5664 285 5730 sunt
310 5653 449 5708 dona
475 5693 490 5720 ,
543 5651 634 5705 sed
677 5666 813 5706 unus
855 5658 938 5704 est
989 5649 1162 5702 dator.
1212 5643 1364 5702 Unde
1397 5653 1453 5726 et
1487 5645 1575 5700 bic
1609 5662 1731 5701 cum

137 5725 384 5826 dixisset
410 5784 425 5808 ,
457 5743 736 5824 divisiones
771 5744 1080 5824 gratiatluml
1102 5749 1222 5794 sunt
1251 5780 1266 5804 ,
1327 5725 1507 5806 subdit
1535 5756 1550 5792 :
1581 5736 1729 5794 Unus

131 5821 336 5898 autem
366 5821 598 5897 ipa-aui.
629 5836 756 5894 llaec
779 5851 924 5893 enim
947 5821 1086 5892 dona
1127 5834 1203 5891 ita
1233 5833 1564 5889 comitantur
1602 5833 1730 5904 Spi-

1834 4635 2216 4702 tatemnobis,
2263 4645 2371 4694 tam
2429 4631 2598 4688 nostri
2637 4643 2798 4699 quatn
2850 4627 3100 4682 aliorum.
3143 4624 3243 4692 Qui
3285 4639 3412 4693 vero

1829 4733 1973 4789 dona
2007 4730 2098 4785 Dei
2138 4728 2401 4784 inutiliter
2438 4725 2723 4793 recipiunt,
2768 4729 2826 4785 et
2865 4720 2989 4778 inde
3026 4733 3124 4774 nec
3148 4716 3280 4783 sibi,
3311 4731 3413 4785 nec

1829 4823 1952 4880 aliis
2012 4832 2272 4894 prosunt,
2342 4819 2715 4885 damnantur,
2772 4823 2828 4870 et
2887 4812 3088 4868 talento
3148 4810 3412 4866 inutiliter
3495 4873 3498 4875 _

1829 4915 2098 4972 absconso
2119 4910 2592 4982 justepriyantur.
2618 4907 2820 4964 Deinde
2848 4906 2916 4970 de
2940 4905 3113 4960 tribus
3142 4903 3406 4970 donorum

1830 5005 2124 5078 generibus
2175 5001 2420 5072 exempla
2461 5001 2662 5066 subdit,
2700 5000 2925 5064 dicens,
2981 4997 3086 5064 alii
3119 4997 3414 5066 .enimper

1832 5094 2086 5160 Spiritum
2118 5094 2275 5148 datur
2304 5109 2475 5160 sermo
2503 5093 2797 5164 sapientice,
2823 5105 2942 5160 quae
2971 5098 3055 5145 est
3081 5089 3146 5158 de
3173 5086 3412 5158 caelesti:-

1833 5182 1966 5251 bus;
1991 5186 2083 5238 alii
2106 5201 2284 5248 sermo,
2320 5185 2554 5238 scientite
2605 5199 2724 5253 qua:
2760 5169 2844 5237 est
2879 5182 2957 5256 de
2996 5180 3224 5254 terrenis
3269 5187 3416 5256 recte

1835 5275 2241 5345 dispensandiS'
2276 5273 2366 5328 alii
2393 5275 2527 5346 tides
2553 5273 2608 5328 in
2645 5274 2833 5348 eodem
2874 5271 3116 5348 Spiritu.
3139 5269 3410 5344 Sapientia

1833 5372 2050 5442 quippe,
2068 5371 2301 5448 scientia
2320 5408 2334 5432 ,
2363 5377 2416 5430 ct
2449 5345 2698 5439 lides,,si_
2728 5341 2866 5432 cum
2887 5339 3155 5439 cliat'itatc
3179 5341 3416 5438 babenti-

1837 5473 1940 5527 tur,
1970 5463 2230 5532 virtutum
2255 5462 2442 5534 gratiae
2467 5471 2635 5534 sunt;
2659 5474 3086 5534 sermonesyero
3109 5455 3414 5528 sapientiae,

1834 5558 2099 5622 scientiae,
2126 5566 2179 5610 et
2205 5555 2329 5626 tidei
2373 5535 2646 5634 ctrd‘oc‘ere
2675 5553 3100 5624 ministrationes
3137 5561 3297 5622 sunt;
3324 5547 3415 5604 alii

1835 5655 2008 5725 gratia
2037 5653 2330 5716 sanitatum
2367 5633 2596 5718 inlirmis
2629 5649 3129 5719 conferendarum“:
3163 5661 3281 5717 qua:
3311 5645 3418 5700 uti-

1837 5763 1942 5820 que
1999 5745 2348 5822 ministratio
2383 5751 2486 5814 est.
2543 5743 2748 5818 Deinde
2801 5742 2951 5822 ponit
2985 5740 3307 5813 lt:'.\t‘ll’|)ill_lll
3351 5739 3416 5807 de

1836 5839 2087 5907 operibus
2116 5823 2352 5895 subdens
2389 5851 2404 5890 :
2434 5835 2528 5890 alii
2556 5827 2792 5906 operatio
2819 5834 3062 5889 virtutum
3083 5869 3098 5899 ,
3129 5832 3181 5887 id
3208 5838 3292 5886 est
3317 5827 3420 5884 tui-
