  <div class='ocr_page' id='page_1' title='image "/cluster/home/n/w/nwhite01/storage/ocr_20150623/155/hvd.32044015473838/1017.png"; bbox 0 0 3896 6320; ppageno 0'>
   <div class='ocr_carea' id='block_1_1' title="bbox 557 333 709 397">
    <p class='ocr_par' dir='ltr' id='par_1_1' title="bbox 557 333 709 397">
     <span class='ocr_line' id='line_1_1' title="bbox 557 333 709 397; baseline -0.026 1"><span class='ocrx_word' id='word_1_1' title='bbox 557 333 709 397; x_wconf 68' lang='grc' dir='ltr'><strong>ὶωδ</strong></span> 
     </span>
    </p>
   </div>
   <div class='ocr_carea' id='block_1_2' title="bbox 1262 284 3679 381">
    <p class='ocr_par' dir='ltr' id='par_1_2' title="bbox 1262 284 3679 381">
     <span class='ocr_line' id='line_1_2' title="bbox 1262 284 3679 381; baseline -0.005 -11"><span class='ocrx_word' id='word_1_2' title='bbox 1262 304 1313 327; x_wconf 73' lang='lat'>&quot;</span> <span class='ocrx_word' id='word_1_3' title='bbox 1604 311 1950 371; x_wconf 78' lang='lat' dir='ltr'><strong>ADDENDA.</strong></span> <span class='ocrx_word' id='word_1_4' title='bbox 1982 340 2052 352; x_wconf 84' lang='lat'><strong>—</strong></span> <span class='ocrx_word' id='word_1_5' title='bbox 2089 302 2446 368; x_wconf 73' lang='lat' dir='ltr'><strong>RABULPBI</strong></span> <span class='ocrx_word' id='word_1_6' title='bbox 2472 298 2819 360; x_wconf 75' lang='lat' dir='ltr'><strong>ABDENTIS</strong></span> <span class='ocrx_word' id='word_1_7' title='bbox 3296 284 3361 299; x_wconf 76' lang='lat'><strong><em>&quot;</em></strong></span> <span class='ocrx_word' id='word_1_8' title='bbox 3594 321 3679 381; x_wconf 54' lang='lat' dir='ltr'><strong>om</strong></span> 
     </span>
    </p>
   </div>
   <div class='ocr_carea' id='block_1_3' title="bbox 560 412 3681 514">
    <p class='ocr_par' dir='ltr' id='par_1_3' title="bbox 560 412 3681 514">
     <span class='ocr_line' id='line_1_3' title="bbox 560 412 3681 514; baseline -0.013 -3"><span class='ocrx_word' id='word_1_9' title='bbox 560 450 897 514; x_wconf 87' lang='lat' dir='ltr'><strong>raculorum,</strong></span> <span class='ocrx_word' id='word_1_10' title='bbox 926 458 1014 501; x_wconf 84' lang='lat' dir='ltr'><strong>vet</strong></span> <span class='ocrx_word' id='word_1_11' title='bbox 1042 446 1185 502; x_wconf 79' lang='lat' dir='ltr'><strong>bona</strong></span> <span class='ocrx_word' id='word_1_12' title='bbox 1213 451 1376 512; x_wconf 87' lang='lat' dir='ltr'><strong>opera</strong></span> <span class='ocrx_word' id='word_1_13' title='bbox 1401 434 1685 497; x_wconf 91' lang='lat' dir='ltr'><strong>virtutum,</strong></span> <span class='ocrx_word' id='word_1_14' title='bbox 1721 429 1816 483; x_wconf 83' lang='lat' dir='ltr'><strong>alii</strong></span> <span class='ocrx_word' id='word_1_15' title='bbox 1845 425 2139 499; x_wconf 84' lang='lat' dir='ltr'><strong>prophetia,</strong></span> <span class='ocrx_word' id='word_1_16' title='bbox 2170 427 2218 486; x_wconf 78' lang='grc' dir='ltr'>Α</span> <span class='ocrx_word' id='word_1_17' title='bbox 2243 417 2698 490; x_wconf 85' lang='lat' dir='ltr'><strong>compassionetn,</strong></span> <span class='ocrx_word' id='word_1_18' title='bbox 2728 412 3053 487; x_wconf 81' lang='lat' dir='ltr'><strong>[Jerusalem</strong></span> <span class='ocrx_word' id='word_1_19' title='bbox 3096 414 3259 470; x_wconf 81' lang='lat' dir='ltr'><strong>uidens</strong></span> <span class='ocrx_word' id='word_1_20' title='bbox 3294 417 3541 498; x_wconf 69' lang='lat' dir='ltr'><strong>ciuitatem],</strong></span> <span class='ocrx_word' id='word_1_21' title='bbox 3576 431 3681 495; x_wconf 52' lang='lat' dir='ltr'><strong>id,“</strong></span> 
     </span>
    </p>
   </div>
   <div class='ocr_carea' id='block_1_4' title="bbox 573 520 2149 601">
    <p class='ocr_par' dir='ltr' id='par_1_4' title="bbox 573 520 2149 601">
     <span class='ocr_line' id='line_1_4' title="bbox 573 520 2149 601; baseline -0.02 0"><span class='ocrx_word' id='word_1_22' title='bbox 573 545 626 601; x_wconf 89' lang='lat' dir='ltr'><strong>id</strong></span> <span class='ocrx_word' id='word_1_23' title='bbox 660 550 745 599; x_wconf 81' lang='lat' dir='ltr'><strong>est</strong></span> <span class='ocrx_word' id='word_1_24' title='bbox 779 538 1116 595; x_wconf 89' lang='lat' dir='ltr'><strong>occultorum</strong></span> <span class='ocrx_word' id='word_1_25' title='bbox 1154 530 1442 595; x_wconf 71' lang='lat' dir='ltr'><strong>revelatio;</strong></span> <span class='ocrx_word' id='word_1_26' title='bbox 1474 528 1567 581; x_wconf 82' lang='lat' dir='ltr'><strong>alii</strong></span> <span class='ocrx_word' id='word_1_27' title='bbox 1596 524 1839 579; x_wconf 72' lang='lat' dir='ltr'><strong>discretio</strong></span> <span class='ocrx_word' id='word_1_28' title='bbox 1865 520 2149 593; x_wconf 72' lang='lat' dir='ltr'><strong>spirituum</strong></span> 
     </span>
    </p>
   </div>
   <div class='ocr_carea' id='block_1_5' title="bbox 566 611 2147 691">
    <p class='ocr_par' dir='ltr' id='par_1_5' title="bbox 566 611 2147 691">
     <span class='ocr_line' id='line_1_5' title="bbox 566 611 2147 691; baseline -0.017 0"><span class='ocrx_word' id='word_1_29' title='bbox 566 643 629 691; x_wconf 88' lang='lat' dir='ltr'><strong>ut</strong></span> <span class='ocrx_word' id='word_1_30' title='bbox 652 633 861 690; x_wconf 89' lang='lat' dir='ltr'><strong>sci-licet</strong></span> <span class='ocrx_word' id='word_1_31' title='bbox 886 631 1026 687; x_wconf 92' lang='lat' dir='ltr'><strong>sciat</strong></span> <span class='ocrx_word' id='word_1_32' title='bbox 1057 629 1367 685; x_wconf 82' lang='lat' dir='ltr'><strong>discernere</strong></span> <span class='ocrx_word' id='word_1_33' title='bbox 1408 621 1530 691; x_wconf 83' lang='lat' dir='ltr'><strong>quis</strong></span> <span class='ocrx_word' id='word_1_34' title='bbox 1553 617 1776 689; x_wconf 78' lang='lat' dir='ltr'><strong>spiritus</strong></span> <span class='ocrx_word' id='word_1_35' title='bbox 1806 615 1875 669; x_wconf 91' lang='lat' dir='ltr'><strong>sit</strong></span> <span class='ocrx_word' id='word_1_36' title='bbox 1904 626 1971 666; x_wconf 75' lang='lat' dir='ltr'><strong>ex</strong></span> <span class='ocrx_word' id='word_1_37' title='bbox 2016 611 2147 677; x_wconf 88' lang='lat' dir='ltr'><strong>Deo,</strong></span> 
     </span>
    </p>
   </div>
   <div class='ocr_carea' id='block_1_6' title="bbox 564 705 2149 798">
    <p class='ocr_par' dir='ltr' id='par_1_6' title="bbox 564 705 2149 798">
     <span class='ocr_line' id='line_1_6' title="bbox 564 705 2149 798; baseline -0.016 -15"><span class='ocrx_word' id='word_1_38' title='bbox 564 737 622 783; x_wconf 88' lang='lat' dir='ltr'><strong>et</strong></span> <span class='ocrx_word' id='word_1_39' title='bbox 645 727 767 798; x_wconf 86' lang='lat' dir='ltr'><strong>quis</strong></span> <span class='ocrx_word' id='word_1_40' title='bbox 794 740 861 782; x_wconf 79' lang='lat' dir='ltr'><strong>ex</strong></span> <span class='ocrx_word' id='word_1_41' title='bbox 897 721 1136 786; x_wconf 83' lang='lat' dir='ltr'><strong>diabolo;</strong></span> <span class='ocrx_word' id='word_1_42' title='bbox 1168 719 1263 774; x_wconf 82' lang='lat' dir='ltr'><strong>alii</strong></span> <span class='ocrx_word' id='word_1_43' title='bbox 1284 724 1472 788; x_wconf 76' lang='lat' dir='ltr'><strong>genera</strong></span> <span class='ocrx_word' id='word_1_44' title='bbox 1502 712 1822 781; x_wconf 82' lang='lat' dir='ltr'><strong>linguarum,</strong></span> <span class='ocrx_word' id='word_1_45' title='bbox 1854 716 1913 761; x_wconf 90' lang='lat' dir='ltr'><strong>nt</strong></span> <span class='ocrx_word' id='word_1_46' title='bbox 1938 705 2149 762; x_wconf 90' lang='lat' dir='ltr'><strong>scilicet</strong></span> 
     </span>
    </p>
   </div>
   <div class='ocr_carea' id='block_1_7' title="bbox 564 803 2150 890">
    <p class='ocr_par' dir='ltr' id='par_1_7' title="bbox 564 803 2150 890">
     <span class='ocr_line' id='line_1_7' title="bbox 564 803 2150 890; baseline -0.016 -14"><span class='ocrx_word' id='word_1_47' title='bbox 564 820 819 890; x_wconf 89' lang='lat' dir='ltr'><strong>loquatur</strong></span> <span class='ocrx_word' id='word_1_48' title='bbox 840 816 1006 871; x_wconf 85' lang='lat' dir='ltr'><strong>variis</strong></span> <span class='ocrx_word' id='word_1_49' title='bbox 1034 813 1277 885; x_wconf 75' lang='lat' dir='ltr'><strong>linguis;</strong></span> <span class='ocrx_word' id='word_1_50' title='bbox 1314 808 1408 863; x_wconf 86' lang='lat' dir='ltr'><strong>alii</strong></span> <span class='ocrx_word' id='word_1_51' title='bbox 1449 803 1811 874; x_wconf 71' lang='lat' dir='ltr'><strong>interpretatio</strong></span> <span class='ocrx_word' id='word_1_52' title='bbox 1851 814 2150 854; x_wconf 86' lang='lat' dir='ltr'><strong>sermonum</strong></span> 
     </span>
    </p>
   </div>
   <div class='ocr_carea' id='block_1_8' title="bbox 565 894 2151 969">
    <p class='ocr_par' dir='ltr' id='par_1_8' title="bbox 565 894 2151 969">
     <span class='ocr_line' id='line_1_8' title="bbox 565 894 2151 969; baseline -0.018 1"><span class='ocrx_word' id='word_1_53' title='bbox 565 913 943 969; x_wconf 89' lang='lat' dir='ltr'><strong>obscurorum.</strong></span> <span class='ocrx_word' id='word_1_54' title='bbox 970 906 1101 962; x_wconf 77' lang='lat' dir='ltr'><strong>Htrc</strong></span> <span class='ocrx_word' id='word_1_55' title='bbox 1125 904 1329 968; x_wconf 81' lang='lat' dir='ltr'><strong>autem,</strong></span> <span class='ocrx_word' id='word_1_56' title='bbox 1354 907 1409 956; x_wconf 90' lang='lat' dir='ltr'><strong>et</strong></span> <span class='ocrx_word' id='word_1_57' title='bbox 1433 896 1663 964; x_wconf 69' lang='lat' dir='ltr'><strong>similiaf,</strong></span> <span class='ocrx_word' id='word_1_58' title='bbox 1698 894 1875 947; x_wconf 79' lang='lat' dir='ltr'><strong>omnia</strong></span> <span class='ocrx_word' id='word_1_59' title='bbox 1905 900 2151 961; x_wconf 87' lang='lat' dir='ltr'><strong>operatur</strong></span> 
     </span>
    </p>
   </div>
   <div class='ocr_carea' id='block_1_9' title="bbox 566 981 2148 1073">
    <p class='ocr_par' dir='ltr' id='par_1_9' title="bbox 566 981 2148 1073">
     <span class='ocr_line' id='line_1_9' title="bbox 566 981 2148 1073; baseline -0.016 -13"><span class='ocrx_word' id='word_1_60' title='bbox 566 1022 702 1061; x_wconf 89' lang='lat' dir='ltr'><strong>unus</strong></span> <span class='ocrx_word' id='word_1_61' title='bbox 744 1015 900 1073; x_wconf 85' lang='lat' dir='ltr'><strong>atque</strong></span> <span class='ocrx_word' id='word_1_62' title='bbox 927 1002 1063 1055; x_wconf 83' lang='lat' dir='ltr'><strong>idem</strong></span> <span class='ocrx_word' id='word_1_63' title='bbox 1088 997 1339 1067; x_wconf 90' lang='lat' dir='ltr'><strong>Spiritus.</strong></span> <span class='ocrx_word' id='word_1_64' title='bbox 1378 993 1459 1048; x_wconf 78' lang='lat' dir='ltr'><strong>Ac</strong></span> <span class='ocrx_word' id='word_1_65' title='bbox 1504 990 1547 1046; x_wconf 93' lang='lat' dir='ltr'><strong>si</strong></span> <span class='ocrx_word' id='word_1_66' title='bbox 1583 996 1770 1060; x_wconf 88' lang='lat' dir='ltr'><strong>aperte</strong></span> <span class='ocrx_word' id='word_1_67' title='bbox 1808 986 1992 1040; x_wconf 90' lang='lat' dir='ltr'><strong>dicat:</strong></span> <span class='ocrx_word' id='word_1_68' title='bbox 2031 981 2148 1036; x_wconf 79' lang='lat' dir='ltr'><strong>Non</strong></span> 
     </span>
    </p>
   </div>
   <div class='ocr_carea' id='block_1_10' title="bbox 565 1075 2148 1165">
    <p class='ocr_par' dir='ltr' id='par_1_10' title="bbox 565 1075 2148 1165">
     <span class='ocr_line' id='line_1_10' title="bbox 565 1075 2148 1165; baseline -0.018 -9"><span class='ocrx_word' id='word_1_69' title='bbox 565 1109 647 1156; x_wconf 90' lang='lat' dir='ltr'><strong>est</strong></span> <span class='ocrx_word' id='word_1_70' title='bbox 675 1114 862 1154; x_wconf 89' lang='lat' dir='ltr'><strong>verum</strong></span> <span class='ocrx_word' id='word_1_71' title='bbox 913 1092 1057 1165; x_wconf 92' lang='lat' dir='ltr'><strong>quod</strong></span> <span class='ocrx_word' id='word_1_72' title='bbox 1094 1084 1493 1162; x_wconf 88' lang='lat' dir='ltr'><strong>opinabamini,</strong></span> <span class='ocrx_word' id='word_1_73' title='bbox 1537 1080 1753 1153; x_wconf 79' lang='lat' dir='ltr'><strong>quando</strong></span> <span class='ocrx_word' id='word_1_74' title='bbox 1810 1078 1878 1132; x_wconf 90' lang='lat' dir='ltr'><strong>ad</strong></span> <span class='ocrx_word' id='word_1_75' title='bbox 1920 1075 2148 1131; x_wconf 81' lang='lat' dir='ltr'><strong>adoran-</strong></span> 
     </span>
    </p>
   </div>
   <div class='ocr_carea' id='block_1_11' title="bbox 567 1171 2149 1248">
    <p class='ocr_par' dir='ltr' id='par_1_11' title="bbox 567 1171 2149 1248">
     <span class='ocr_line' id='line_1_11' title="bbox 567 1171 2149 1248; baseline -0.016 0"><span class='ocrx_word' id='word_1_76' title='bbox 567 1193 691 1248; x_wconf 86' lang='lat' dir='ltr'><strong>tlum</strong></span> <span class='ocrx_word' id='word_1_77' title='bbox 729 1188 1017 1245; x_wconf 89' lang='lat' dir='ltr'><strong>simulacra</strong></span> <span class='ocrx_word' id='word_1_78' title='bbox 1074 1194 1220 1240; x_wconf 90' lang='lat' dir='ltr'><strong>mnta</strong></span> <span class='ocrx_word' id='word_1_79' title='bbox 1272 1178 1647 1243; x_wconf 89' lang='lat' dir='ltr'><strong>ducebamini,</strong></span> <span class='ocrx_word' id='word_1_80' title='bbox 1678 1174 1935 1230; x_wconf 77' lang='lat' dir='ltr'><strong>videlicet</strong></span> <span class='ocrx_word' id='word_1_81' title='bbox 1979 1171 2149 1243; x_wconf 91' lang='lat' dir='ltr'><strong>quod,</strong></span> 
     </span>
    </p>
   </div>
   <div class='ocr_carea' id='block_1_12' title="bbox 565 1265 2150 1339">
    <p class='ocr_par' dir='ltr' id='par_1_12' title="bbox 565 1265 2150 1339">
     <span class='ocr_line' id='line_1_12' title="bbox 565 1265 2150 1339; baseline -0.015 0"><span class='ocrx_word' id='word_1_82' title='bbox 565 1282 857 1339; x_wconf 86' lang='lat' dir='ltr'><strong>secundum</strong></span> <span class='ocrx_word' id='word_1_83' title='bbox 892 1277 1231 1335; x_wconf 73' lang='lat' dir='ltr'><strong>divinitatem</strong></span> <span class='ocrx_word' id='word_1_84' title='bbox 1264 1274 1526 1330; x_wconf 90' lang='lat' dir='ltr'><strong>donorum</strong></span> <span class='ocrx_word' id='word_1_85' title='bbox 1549 1311 1564 1337; x_wconf 94' lang='lat'><strong>,</strong></span> <span class='ocrx_word' id='word_1_86' title='bbox 1598 1271 1667 1325; x_wconf 85' lang='lat' dir='ltr'><strong>sit</strong></span> <span class='ocrx_word' id='word_1_87' title='bbox 1706 1266 1995 1322; x_wconf 82' lang='lat' dir='ltr'><strong>diversitas</strong></span> <span class='ocrx_word' id='word_1_88' title='bbox 2017 1265 2150 1319; x_wconf 81' lang='lat' dir='ltr'><strong>deo-</strong></span> 
     </span>
    </p>
   </div>
   <div class='ocr_carea' id='block_1_13' title="bbox 567 1355 2149 1435">
    <p class='ocr_par' dir='ltr' id='par_1_13' title="bbox 567 1355 2149 1435">
     <span class='ocr_line' id='line_1_13' title="bbox 567 1355 2149 1435; baseline -0.011 -8"><span class='ocrx_word' id='word_1_89' title='bbox 567 1388 722 1435; x_wconf 89' lang='lat' dir='ltr'><strong>rum,</strong></span> <span class='ocrx_word' id='word_1_90' title='bbox 780 1380 840 1427; x_wconf 89' lang='lat' dir='ltr'><strong>ut</strong></span> <span class='ocrx_word' id='word_1_91' title='bbox 889 1370 1099 1426; x_wconf 89' lang='lat' dir='ltr'><strong>scilicet</strong></span> <span class='ocrx_word' id='word_1_92' title='bbox 1157 1366 1398 1423; x_wconf 75' lang='lat' dir='ltr'><strong>Minerva</strong></span> <span class='ocrx_word' id='word_1_93' title='bbox 1458 1364 1549 1419; x_wconf 88' lang='lat' dir='ltr'><strong>det</strong></span> <span class='ocrx_word' id='word_1_94' title='bbox 1608 1358 1982 1431; x_wconf 82' lang='lat' dir='ltr'><strong>sapientiam,</strong></span> <span class='ocrx_word' id='word_1_95' title='bbox 2035 1355 2149 1411; x_wconf 83' lang='lat' dir='ltr'><strong>Pan</strong></span> 
     </span>
    </p>
   </div>
   <div class='ocr_carea' id='block_1_14' title="bbox 566 1450 2146 1529">
    <p class='ocr_par' dir='ltr' id='par_1_14' title="bbox 566 1450 2146 1529">
     <span class='ocr_line' id='line_1_14' title="bbox 566 1450 2146 1529; baseline -0.011 -11"><span class='ocrx_word' id='word_1_96' title='bbox 566 1465 908 1528; x_wconf 88' lang='lat' dir='ltr'><strong>medicinam,</strong></span> <span class='ocrx_word' id='word_1_97' title='bbox 940 1461 1241 1519; x_wconf 78' lang='lat' dir='ltr'><strong>Mercurius</strong></span> <span class='ocrx_word' id='word_1_98' title='bbox 1264 1456 1654 1529; x_wconf 81' lang='lat' dir='ltr'><strong>eloquentiam,</strong></span> <span class='ocrx_word' id='word_1_99' title='bbox 1686 1452 1829 1507; x_wconf 78' lang='lat' dir='ltr'><strong>Mars</strong></span> <span class='ocrx_word' id='word_1_100' title='bbox 1868 1450 2146 1513; x_wconf 84' lang='lat' dir='ltr'><strong>virtutem,</strong></span> 
     </span>
    </p>
   </div>
   <div class='ocr_carea' id='block_1_15' title="bbox 564 1540 2148 1624">
    <p class='ocr_par' dir='ltr' id='par_1_15' title="bbox 564 1540 2148 1624">
     <span class='ocr_line' id='line_1_15' title="bbox 564 1540 2148 1624; baseline -0.01 -14"><span class='ocrx_word' id='word_1_101' title='bbox 564 1563 619 1610; x_wconf 91' lang='lat' dir='ltr'><strong>et</strong></span> <span class='ocrx_word' id='word_1_102' title='bbox 649 1553 979 1624; x_wconf 76' lang='lat' dir='ltr'><strong>huiusmodi.</strong></span> <span class='ocrx_word' id='word_1_103' title='bbox 1008 1552 1115 1609; x_wconf 89' lang='lat' dir='ltr'><strong>Sed</strong></span> <span class='ocrx_word' id='word_1_104' title='bbox 1152 1551 1329 1624; x_wconf 86' lang='lat' dir='ltr'><strong>potius</strong></span> <span class='ocrx_word' id='word_1_105' title='bbox 1356 1563 1496 1603; x_wconf 92' lang='lat' dir='ltr'><strong>unus</strong></span> <span class='ocrx_word' id='word_1_106' title='bbox 1524 1555 1689 1616; x_wconf 91' lang='lat' dir='ltr'><strong>atque</strong></span> <span class='ocrx_word' id='word_1_107' title='bbox 1738 1543 1878 1598; x_wconf 91' lang='lat' dir='ltr'><strong>idem</strong></span> <span class='ocrx_word' id='word_1_108' title='bbox 1912 1540 2148 1613; x_wconf 82' lang='lat' dir='ltr'><strong>Spiritus</strong></span> 
     </span>
    </p>
   </div>
   <div class='ocr_carea' id='block_1_16' title="bbox 564 1633 2147 1715">
    <p class='ocr_par' dir='ltr' id='par_1_16' title="bbox 564 1633 2147 1715">
     <span class='ocr_line' id='line_1_16' title="bbox 564 1633 2147 1715; baseline -0.011 -10"><span class='ocrx_word' id='word_1_109' title='bbox 564 1658 785 1705; x_wconf 86' lang='lat' dir='ltr'><strong>sanctus</strong></span> <span class='ocrx_word' id='word_1_110' title='bbox 811 1647 925 1703; x_wconf 69' lang='lat' dir='ltr'><strong>htec</strong></span> <span class='ocrx_word' id='word_1_111' title='bbox 952 1645 1135 1703; x_wconf 88' lang='lat' dir='ltr'><strong>omnia</strong></span> <span class='ocrx_word' id='word_1_112' title='bbox 1163 1651 1416 1715; x_wconf 85' lang='lat' dir='ltr'><strong>operatur</strong></span> <span class='ocrx_word' id='word_1_113' title='bbox 1441 1638 1690 1695; x_wconf 89' lang='lat' dir='ltr'><strong>dividens</strong></span> <span class='ocrx_word' id='word_1_114' title='bbox 1736 1633 1965 1706; x_wconf 89' lang='lat' dir='ltr'><strong>singulis</strong></span> <span class='ocrx_word' id='word_1_115' title='bbox 1992 1674 2007 1699; x_wconf 95' lang='lat'><strong>,</strong></span> <span class='ocrx_word' id='word_1_116' title='bbox 2038 1647 2147 1687; x_wconf 90' lang='lat' dir='ltr'><strong>non</strong></span> 
     </span>
    </p>
   </div>
   <div class='ocr_carea' id='block_1_17' title="bbox 563 1722 2145 1803">
    <p class='ocr_par' dir='ltr' id='par_1_17' title="bbox 563 1722 2145 1803">
     <span class='ocr_line' id='line_1_17' title="bbox 563 1722 2145 1803; baseline -0.011 -9"><span class='ocrx_word' id='word_1_117' title='bbox 563 1738 747 1794; x_wconf 89' lang='lat' dir='ltr'><strong>omnia</strong></span> <span class='ocrx_word' id='word_1_118' title='bbox 777 1738 1019 1793; x_wconf 84' lang='lat' dir='ltr'><strong>tribuens</strong></span> <span class='ocrx_word' id='word_1_119' title='bbox 1049 1736 1163 1803; x_wconf 91' lang='lat' dir='ltr'><strong>uni,</strong></span> <span class='ocrx_word' id='word_1_120' title='bbox 1194 1750 1260 1789; x_wconf 90' lang='lat' dir='ltr'><strong>ne</strong></span> <span class='ocrx_word' id='word_1_121' title='bbox 1292 1729 1626 1803; x_wconf 89' lang='lat' dir='ltr'><strong>superbiret,</strong></span> <span class='ocrx_word' id='word_1_122' title='bbox 1656 1741 1755 1782; x_wconf 88' lang='lat' dir='ltr'><strong>nec</strong></span> <span class='ocrx_word' id='word_1_123' title='bbox 1787 1724 1947 1780; x_wconf 87' lang='lat' dir='ltr'><strong>alicui</strong></span> <span class='ocrx_word' id='word_1_124' title='bbox 1978 1722 2145 1790; x_wconf 90' lang='lat' dir='ltr'><strong>nulla,</strong></span> 
     </span>
    </p>
   </div>
   <div class='ocr_carea' id='block_1_18' title="bbox 563 1814 2151 1898">
    <p class='ocr_par' dir='ltr' id='par_1_18' title="bbox 563 1814 2151 1898">
     <span class='ocr_line' id='line_1_18' title="bbox 563 1814 2151 1898; baseline -0.01 -15"><span class='ocrx_word' id='word_1_125' title='bbox 563 1843 632 1883; x_wconf 90' lang='lat' dir='ltr'><strong>ne</strong></span> <span class='ocrx_word' id='word_1_126' title='bbox 668 1828 1002 1898; x_wconf 90' lang='lat' dir='ltr'><strong>desperaret,</strong></span> <span class='ocrx_word' id='word_1_127' title='bbox 1029 1826 1122 1881; x_wconf 89' lang='lat' dir='ltr'><strong>sed</strong></span> <span class='ocrx_word' id='word_1_128' title='bbox 1150 1824 1328 1895; x_wconf 89' lang='lat' dir='ltr'><strong>potius</strong></span> <span class='ocrx_word' id='word_1_129' title='bbox 1352 1818 1560 1892; x_wconf 90' lang='lat' dir='ltr'><strong>singula</strong></span> <span class='ocrx_word' id='word_1_130' title='bbox 1587 1816 1835 1886; x_wconf 85' lang='lat' dir='ltr'><strong>singulis,</strong></span> <span class='ocrx_word' id='word_1_131' title='bbox 1864 1823 1921 1868; x_wconf 93' lang='lat' dir='ltr'><strong>ut</strong></span> <span class='ocrx_word' id='word_1_132' title='bbox 1944 1814 2151 1869; x_wconf 88' lang='lat' dir='ltr'><strong>scilicet</strong></span> 
     </span>
    </p>
   </div>
   <div class='ocr_carea' id='block_1_19' title="bbox 566 1904 2150 1978">
    <p class='ocr_par' dir='ltr' id='par_1_19' title="bbox 566 1904 2150 1978">
     <span class='ocr_line' id='line_1_19' title="bbox 566 1904 2150 1978; baseline -0.009 -4"><span class='ocrx_word' id='word_1_133' title='bbox 566 1918 744 1974; x_wconf 89' lang='lat' dir='ltr'><strong>nullus</strong></span> <span class='ocrx_word' id='word_1_134' title='bbox 806 1918 971 1972; x_wconf 89' lang='lat' dir='ltr'><strong>alium</strong></span> <span class='ocrx_word' id='word_1_135' title='bbox 1020 1921 1425 1977; x_wconf 84' lang='lat' dir='ltr'><strong>contemneret,</strong></span> <span class='ocrx_word' id='word_1_136' title='bbox 1480 1908 1573 1965; x_wconf 88' lang='lat' dir='ltr'><strong>sed</strong></span> <span class='ocrx_word' id='word_1_137' title='bbox 1634 1907 2005 1978; x_wconf 83' lang='lat' dir='ltr'><strong>unusquisque</strong></span> <span class='ocrx_word' id='word_1_138' title='bbox 2045 1904 2150 1960; x_wconf 91' lang='lat' dir='ltr'><strong>alio</strong></span> 
     </span>
    </p>
   </div>
   <div class='ocr_carea' id='block_1_20' title="bbox 561 1997 2152 2082">
    <p class='ocr_par' dir='ltr' id='par_1_20' title="bbox 561 1997 2152 2082">
     <span class='ocr_line' id='line_1_20' title="bbox 561 1997 2152 2082; baseline -0.009 -16"><span class='ocrx_word' id='word_1_139' title='bbox 561 2010 812 2082; x_wconf 80' lang='lat' dir='ltr'><strong>indigens</strong></span> <span class='ocrx_word' id='word_1_140' title='bbox 837 2010 886 2065; x_wconf 90' lang='lat' dir='ltr'><strong>ei</strong></span> <span class='ocrx_word' id='word_1_141' title='bbox 913 2022 1130 2080; x_wconf 89' lang='lat' dir='ltr'><strong>quoque</strong></span> <span class='ocrx_word' id='word_1_142' title='bbox 1158 2006 1449 2063; x_wconf 89' lang='lat' dir='ltr'><strong>subvenire</strong></span> <span class='ocrx_word' id='word_1_143' title='bbox 1484 2002 1739 2056; x_wconf 87' lang='lat' dir='ltr'><strong>disceret.</strong></span> <span class='ocrx_word' id='word_1_144' title='bbox 1774 1999 2041 2065; x_wconf 84' lang='lat' dir='ltr'><strong>Dividens,</strong></span> <span class='ocrx_word' id='word_1_145' title='bbox 2071 1997 2152 2052; x_wconf 88' lang='lat' dir='ltr'><strong>in-</strong></span> 
     </span>
    </p>
   </div>
   <div class='ocr_carea' id='block_1_21' title="bbox 562 2090 2151 2174">
    <p class='ocr_par' dir='ltr' id='par_1_21' title="bbox 562 2090 2151 2174">
     <span class='ocr_line' id='line_1_21' title="bbox 562 2090 2151 2174; baseline -0.009 -16"><span class='ocrx_word' id='word_1_146' title='bbox 562 2102 702 2174; x_wconf 85' lang='lat' dir='ltr'><strong>quit,</strong></span> <span class='ocrx_word' id='word_1_147' title='bbox 727 2101 938 2172; x_wconf 82' lang='lat' dir='ltr'><strong>singula</strong></span> <span class='ocrx_word' id='word_1_148' title='bbox 965 2109 1119 2171; x_wconf 84' lang='lat' dir='ltr'><strong>prout</strong></span> <span class='ocrx_word' id='word_1_149' title='bbox 1145 2098 1282 2165; x_wconf 79' lang='lat' dir='ltr'><strong>uult,</strong></span> <span class='ocrx_word' id='word_1_150' title='bbox 1311 2105 1368 2152; x_wconf 88' lang='lat' dir='ltr'><strong>et</strong></span> <span class='ocrx_word' id='word_1_151' title='bbox 1396 2094 1592 2166; x_wconf 86' lang='lat' dir='ltr'><strong>quibus</strong></span> <span class='ocrx_word' id='word_1_152' title='bbox 1619 2090 1733 2146; x_wconf 87' lang='lat' dir='ltr'><strong>vult</strong></span> <span class='ocrx_word' id='word_1_153' title='bbox 1762 2132 1777 2157; x_wconf 89' lang='lat'><strong>,</strong></span> <span class='ocrx_word' id='word_1_154' title='bbox 1801 2102 1856 2146; x_wconf 90' lang='lat' dir='ltr'><strong>ct</strong></span> <span class='ocrx_word' id='word_1_155' title='bbox 1884 2098 2151 2161; x_wconf 89' lang='lat' dir='ltr'><strong>quantum</strong></span> 
     </span>
    </p>
   </div>
   <div class='ocr_carea' id='block_1_22' title="bbox 562 2180 2151 2257">
    <p class='ocr_par' dir='ltr' id='par_1_22' title="bbox 562 2180 2151 2257">
     <span class='ocr_line' id='line_1_22' title="bbox 562 2180 2151 2257; baseline -0.007 -10"><span class='ocrx_word' id='word_1_156' title='bbox 562 2192 719 2257; x_wconf 77' lang='lat' dir='ltr'><strong>vult,</strong></span> <span class='ocrx_word' id='word_1_157' title='bbox 776 2207 882 2247; x_wconf 91' lang='lat' dir='ltr'><strong>non</strong></span> <span class='ocrx_word' id='word_1_158' title='bbox 937 2188 1146 2245; x_wconf 89' lang='lat' dir='ltr'><strong>meritis</strong></span> <span class='ocrx_word' id='word_1_159' title='bbox 1212 2186 1415 2243; x_wconf 86' lang='lat' dir='ltr'><strong>nostris</strong></span> <span class='ocrx_word' id='word_1_160' title='bbox 1465 2185 1758 2248; x_wconf 84' lang='lat' dir='ltr'><strong>astrictus,</strong></span> <span class='ocrx_word' id='word_1_161' title='bbox 1819 2197 1920 2238; x_wconf 88' lang='lat' dir='ltr'><strong>nec</strong></span> <span class='ocrx_word' id='word_1_162' title='bbox 1970 2180 2151 2252; x_wconf 86' lang='lat' dir='ltr'><strong>aliqua</strong></span> 
     </span>
    </p>
   </div>
   <div class='ocr_carea' id='block_1_23' title="bbox 562 2272 2148 2344">
    <p class='ocr_par' dir='ltr' id='par_1_23' title="bbox 562 2272 2148 2344">
     <span class='ocr_line' id='line_1_23' title="bbox 562 2272 2148 2344; baseline -0.008 -6"><span class='ocrx_word' id='word_1_163' title='bbox 562 2280 888 2338; x_wconf 74' lang='lat' dir='ltr'><strong>necessitate</strong></span> <span class='ocrx_word' id='word_1_164' title='bbox 916 2290 1161 2343; x_wconf 88' lang='lat' dir='ltr'><strong>coactus,</strong></span> <span class='ocrx_word' id='word_1_165' title='bbox 1202 2277 1299 2333; x_wconf 91' lang='lat' dir='ltr'><strong>sed</strong></span> <span class='ocrx_word' id='word_1_166' title='bbox 1348 2274 1462 2332; x_wconf 91' lang='lat' dir='ltr'><strong>sola</strong></span> <span class='ocrx_word' id='word_1_167' title='bbox 1487 2290 1587 2331; x_wconf 88' lang='lat' dir='ltr'><strong>sua</strong></span> <span class='ocrx_word' id='word_1_168' title='bbox 1626 2274 1795 2329; x_wconf 89' lang='lat' dir='ltr'><strong>libera</strong></span> <span class='ocrx_word' id='word_1_169' title='bbox 1824 2282 1881 2329; x_wconf 91' lang='lat' dir='ltr'><strong>et</strong></span> <span class='ocrx_word' id='word_1_170' title='bbox 1911 2272 2148 2344; x_wconf 89' lang='lat' dir='ltr'><strong>gratuita</strong></span> 
     </span>
    </p>
   </div>
   <div class='ocr_carea' id='block_1_24' title="bbox 562 2364 2149 2438">
    <p class='ocr_par' dir='ltr' id='par_1_24' title="bbox 562 2364 2149 2438">
     <span class='ocr_line' id='line_1_24' title="bbox 562 2364 2149 2438; baseline -0.004 -13"><span class='ocrx_word' id='word_1_171' title='bbox 562 2370 845 2426; x_wconf 76' lang='lat' dir='ltr'><strong>voluntate</strong></span> <span class='ocrx_word' id='word_1_172' title='bbox 875 2370 1093 2425; x_wconf 88' lang='lat' dir='ltr'><strong>ductus.</strong></span> <span class='ocrx_word' id='word_1_173' title='bbox 1125 2368 1236 2426; x_wconf 83' lang='lat' dir='ltr'><strong>Nos</strong></span> <span class='ocrx_word' id='word_1_174' title='bbox 1275 2382 1427 2438; x_wconf 87' lang='lat' dir='ltr'><strong>ergo,</strong></span> <span class='ocrx_word' id='word_1_175' title='bbox 1452 2366 1650 2422; x_wconf 79' lang='lat' dir='ltr'><strong>fratres</strong></span> <span class='ocrx_word' id='word_1_176' title='bbox 1677 2365 1781 2421; x_wconf 89' lang='lat' dir='ltr'><strong>mei</strong></span> <span class='ocrx_word' id='word_1_177' title='bbox 1806 2406 1820 2430; x_wconf 92' lang='lat'><strong>,</strong></span> <span class='ocrx_word' id='word_1_178' title='bbox 1856 2368 1980 2434; x_wconf 88' lang='lat' dir='ltr'><strong>quia</strong></span> <span class='ocrx_word' id='word_1_179' title='bbox 2009 2364 2149 2419; x_wconf 92' lang='lat' dir='ltr'><strong>dona</strong></span> 
     </span>
    </p>
   </div>
   <div class='ocr_carea' id='block_1_25' title="bbox 562 2458 2148 2535">
    <p class='ocr_par' dir='ltr' id='par_1_25' title="bbox 562 2458 2148 2535">
     <span class='ocr_line' id='line_1_25' title="bbox 562 2458 2148 2535; baseline -0.005 -16"><span class='ocrx_word' id='word_1_180' title='bbox 562 2463 803 2535; x_wconf 83' lang='lat' dir='ltr'><strong>Spiritus</strong></span> <span class='ocrx_word' id='word_1_181' title='bbox 845 2463 1017 2520; x_wconf 85' lang='lat' dir='ltr'><strong>sancti</strong></span> <span class='ocrx_word' id='word_1_182' title='bbox 1070 2462 1240 2535; x_wconf 86' lang='lat' dir='ltr'><strong>gratis</strong></span> <span class='ocrx_word' id='word_1_183' title='bbox 1288 2460 1636 2531; x_wconf 86' lang='lat' dir='ltr'><strong>accepimus,</strong></span> <span class='ocrx_word' id='word_1_184' title='bbox 1689 2458 1859 2530; x_wconf 84' lang='lat' dir='ltr'><strong>gratis</strong></span> <span class='ocrx_word' id='word_1_185' title='bbox 1909 2474 1972 2513; x_wconf 89' lang='lat' dir='ltr'><strong>ea</strong></span> <span class='ocrx_word' id='word_1_186' title='bbox 2041 2472 2148 2511; x_wconf 83' lang='lat' dir='ltr'><strong>non</strong></span> 
     </span>
    </p>
   </div>
   <div class='ocr_carea' id='block_1_26' title="bbox 561 2549 2145 2620">
    <p class='ocr_par' dir='ltr' id='par_1_26' title="bbox 561 2549 2145 2620">
     <span class='ocr_line' id='line_1_26' title="bbox 561 2549 2145 2620; baseline -0.006 -10"><span class='ocrx_word' id='word_1_187' title='bbox 561 2554 887 2610; x_wconf 81' lang='lat' dir='ltr'><strong>habentibus</strong></span> <span class='ocrx_word' id='word_1_188' title='bbox 928 2553 1411 2610; x_wconf 90' lang='lat' dir='ltr'><strong>communicemus.</strong></span> <span class='ocrx_word' id='word_1_189' title='bbox 1464 2552 1566 2619; x_wconf 91' lang='lat' dir='ltr'><strong>Qui</strong></span> <span class='ocrx_word' id='word_1_190' title='bbox 1612 2551 1776 2605; x_wconf 83' lang='lat' dir='ltr'><strong>habet</strong></span> <span class='ocrx_word' id='word_1_191' title='bbox 1800 2549 2145 2620; x_wconf 85' lang='lat' dir='ltr'><strong>sapientiam,</strong></span> 
     </span>
    </p>
   </div>
   <div class='ocr_carea' id='block_1_27' title="bbox 565 2641 2150 2719">
    <p class='ocr_par' dir='ltr' id='par_1_27' title="bbox 565 2641 2150 2719">
     <span class='ocr_line' id='line_1_27' title="bbox 565 2641 2150 2719; baseline -0.006 -15"><span class='ocrx_word' id='word_1_192' title='bbox 565 2648 882 2719; x_wconf 84' lang='lat' dir='ltr'><strong>insipientes</strong></span> <span class='ocrx_word' id='word_1_193' title='bbox 922 2646 1157 2702; x_wconf 86' lang='lat' dir='ltr'><strong>erudiat.</strong></span> <span class='ocrx_word' id='word_1_194' title='bbox 1190 2644 1292 2713; x_wconf 92' lang='lat' dir='ltr'><strong>Qui</strong></span> <span class='ocrx_word' id='word_1_195' title='bbox 1325 2644 1488 2699; x_wconf 89' lang='lat' dir='ltr'><strong>habet</strong></span> <span class='ocrx_word' id='word_1_196' title='bbox 1527 2641 1883 2699; x_wconf 88' lang='lat' dir='ltr'><strong>substantiam</strong></span> <span class='ocrx_word' id='word_1_197' title='bbox 1941 2652 2150 2712; x_wconf 84' lang='lat' dir='ltr'><strong>tempo-</strong></span> 
     </span>
    </p>
   </div>
   <div class='ocr_carea' id='block_1_28' title="bbox 565 2732 2144 2811">
    <p class='ocr_par' dir='ltr' id='par_1_28' title="bbox 565 2732 2144 2811">
     <span class='ocr_line' id='line_1_28' title="bbox 565 2732 2144 2811; baseline -0.008 -15"><span class='ocrx_word' id='word_1_198' title='bbox 565 2740 758 2803; x_wconf 89' lang='lat' dir='ltr'><strong>ralem,</strong></span> <span class='ocrx_word' id='word_1_199' title='bbox 792 2740 1095 2811; x_wconf 88' lang='lat' dir='ltr'><strong>indigentes</strong></span> <span class='ocrx_word' id='word_1_200' title='bbox 1130 2737 1416 2793; x_wconf 87' lang='lat' dir='ltr'><strong>sustineat.</strong></span> <span class='ocrx_word' id='word_1_201' title='bbox 1457 2734 1558 2803; x_wconf 85' lang='lat' dir='ltr'><strong>Qui</strong></span> <span class='ocrx_word' id='word_1_202' title='bbox 1610 2734 1773 2789; x_wconf 85' lang='lat' dir='ltr'><strong>habet</strong></span> <span class='ocrx_word' id='word_1_203' title='bbox 1826 2732 2144 2802; x_wconf 87' lang='lat' dir='ltr'><strong>potentiam,</strong></span> 
     </span>
    </p>
   </div>
   <div class='ocr_carea' id='block_1_29' title="bbox 565 2825 2149 2897">
    <p class='ocr_par' dir='ltr' id='par_1_29' title="bbox 565 2825 2149 2897">
     <span class='ocr_line' id='line_1_29' title="bbox 565 2825 2149 2897; baseline -0.005 -8"><span class='ocrx_word' id='word_1_204' title='bbox 565 2832 863 2889; x_wconf 81' lang='lat' dir='ltr'><strong>imbecilles</strong></span> <span class='ocrx_word' id='word_1_205' title='bbox 890 2830 1164 2887; x_wconf 82' lang='lat' dir='ltr'><strong>defendat.</strong></span> <span class='ocrx_word' id='word_1_206' title='bbox 1196 2829 1298 2897; x_wconf 89' lang='lat' dir='ltr'><strong>Qui</strong></span> <span class='ocrx_word' id='word_1_207' title='bbox 1332 2829 1495 2885; x_wconf 87' lang='lat' dir='ltr'><strong>habet</strong></span> <span class='ocrx_word' id='word_1_208' title='bbox 1522 2827 1907 2897; x_wconf 88' lang='lat' dir='ltr'><strong>eloquentiam,</strong></span> <span class='ocrx_word' id='word_1_209' title='bbox 1934 2825 2149 2897; x_wconf 88' lang='lat' dir='ltr'><strong>pupillis</strong></span> 
     </span>
    </p>
   </div>
   <div class='ocr_carea' id='block_1_30' title="bbox 568 2920 2147 2989">
    <p class='ocr_par' dir='ltr' id='par_1_30' title="bbox 568 2920 2147 2989">
     <span class='ocr_line' id='line_1_30' title="bbox 568 2920 2147 2989; baseline -0.006 -7"><span class='ocrx_word' id='word_1_210' title='bbox 568 2936 618 2983; x_wconf 89' lang='lat' dir='ltr'><strong>et</strong></span> <span class='ocrx_word' id='word_1_211' title='bbox 656 2926 834 2982; x_wconf 86' lang='lat' dir='ltr'><strong>viduis</strong></span> <span class='ocrx_word' id='word_1_212' title='bbox 860 2941 919 2981; x_wconf 91' lang='lat' dir='ltr'><strong>se</strong></span> <span class='ocrx_word' id='word_1_213' title='bbox 945 2925 1266 2981; x_wconf 89' lang='lat' dir='ltr'><strong>advocatum</strong></span> <span class='ocrx_word' id='word_1_214' title='bbox 1294 2923 1570 2978; x_wconf 78' lang='lat' dir='ltr'><strong>exhibeat.</strong></span> <span class='ocrx_word' id='word_1_215' title='bbox 1600 2921 1701 2989; x_wconf 90' lang='lat' dir='ltr'><strong>Qui</strong></span> <span class='ocrx_word' id='word_1_216' title='bbox 1735 2920 1896 2975; x_wconf 88' lang='lat' dir='ltr'><strong>habet</strong></span> <span class='ocrx_word' id='word_1_217' title='bbox 1916 2920 2147 2989; x_wconf 86' lang='lat' dir='ltr'><strong>gratiam</strong></span> 
     </span>
    </p>
   </div>
   <div class='ocr_carea' id='block_1_31' title="bbox 566 3017 2147 3091">
    <p class='ocr_par' dir='ltr' id='par_1_31' title="bbox 566 3017 2147 3091">
     <span class='ocr_line' id='line_1_31' title="bbox 566 3017 2147 3091; baseline -0.007 -14"><span class='ocrx_word' id='word_1_218' title='bbox 566 3021 779 3088; x_wconf 86' lang='lat' dir='ltr'><strong>orandi,</strong></span> <span class='ocrx_word' id='word_1_219' title='bbox 834 3034 931 3091; x_wconf 92' lang='lat' dir='ltr'><strong>pro</strong></span> <span class='ocrx_word' id='word_1_220' title='bbox 960 3017 1335 3089; x_wconf 85' lang='lat' dir='ltr'><strong>peccatoribus</strong></span> <span class='ocrx_word' id='word_1_221' title='bbox 1382 3025 1614 3081; x_wconf 75' lang='lat' dir='ltr'><strong>exoret,</strong></span> <span class='ocrx_word' id='word_1_222' title='bbox 1673 3022 1943 3085; x_wconf 87' lang='lat' dir='ltr'><strong>quatenus</strong></span> <span class='ocrx_word' id='word_1_223' title='bbox 1987 3026 2147 3067; x_wconf 88' lang='lat' dir='ltr'><strong>unus-</strong></span> 
     </span>
    </p>
   </div>
   <div class='ocr_carea' id='block_1_32' title="bbox 2253 504 3679 587">
    <p class='ocr_par' dir='ltr' id='par_1_32' title="bbox 2253 504 3679 587">
     <span class='ocr_line' id='line_1_32' title="bbox 2253 504 3679 587; baseline 0.025 -40"><span class='ocrx_word' id='word_1_224' title='bbox 2253 512 2557 586; x_wconf 62' lang='lat' dir='ltr'><strong>pmvidens</strong></span> <span class='ocrx_word' id='word_1_225' title='bbox 2593 508 2735 563; x_wconf 87' lang='lat' dir='ltr'><strong>mala</strong></span> <span class='ocrx_word' id='word_1_226' title='bbox 2772 515 3033 561; x_wconf 87' lang='lat' dir='ltr'><strong>eventura</strong></span> <span class='ocrx_word' id='word_1_227' title='bbox 3061 504 3288 569; x_wconf 85' lang='lat' dir='ltr'><strong>civitati,</strong></span> <span class='ocrx_word' id='word_1_228' title='bbox 3308 512 3424 579; x_wconf 78' lang='lat' dir='ltr'><strong>fierit</strong></span> <span class='ocrx_word' id='word_1_229' title='bbox 3442 530 3559 584; x_wconf 84' lang='lat' dir='ltr'><strong>super</strong></span> <span class='ocrx_word' id='word_1_230' title='bbox 3575 524 3679 587; x_wconf 69' lang='lat' dir='ltr'><strong>illa.</strong></span> 
     </span>
    </p>
   </div>
   <div class='ocr_carea' id='block_1_33' title="bbox 2253 602 3681 676">
    <p class='ocr_par' dir='ltr' id='par_1_33' title="bbox 2253 602 3681 676">
     <span class='ocr_line' id='line_1_33' title="bbox 2253 602 3681 676; baseline 0.002 -16"><span class='ocrx_word' id='word_1_231' title='bbox 2253 606 2430 663; x_wconf 82' lang='lat' dir='ltr'><strong>Flevit</strong></span> <span class='ocrx_word' id='word_1_232' title='bbox 2466 614 2644 659; x_wconf 91' lang='lat' dir='ltr'><strong>autem</strong></span> <span class='ocrx_word' id='word_1_233' title='bbox 2694 602 2766 657; x_wconf 91' lang='lat' dir='ltr'><strong>ob</strong></span> <span class='ocrx_word' id='word_1_234' title='bbox 2795 609 2909 655; x_wconf 85' lang='lat' dir='ltr'><strong>tres</strong></span> <span class='ocrx_word' id='word_1_235' title='bbox 2948 614 3182 655; x_wconf 85' lang='lat' dir='ltr'><strong>causas:</strong></span> <span class='ocrx_word' id='word_1_236' title='bbox 3209 609 3263 654; x_wconf 87' lang='lat' dir='ltr'><strong>ut</strong></span> <span class='ocrx_word' id='word_1_237' title='bbox 3310 617 3361 657; x_wconf 86' lang='lat' dir='ltr'><strong>se</strong></span> <span class='ocrx_word' id='word_1_238' title='bbox 3393 620 3533 663; x_wconf 81' lang='lat' dir='ltr'><strong>veram</strong></span> <span class='ocrx_word' id='word_1_239' title='bbox 3558 614 3681 676; x_wconf 64' lang='lat' dir='ltr'><strong>haben</strong></span> 
     </span>
    </p>
   </div>
   <div class='ocr_carea' id='block_1_34' title="bbox 2252 696 3682 773">
    <p class='ocr_par' dir='ltr' id='par_1_34' title="bbox 2252 696 3682 773">
     <span class='ocr_line' id='line_1_34' title="bbox 2252 696 3682 773; baseline -0.01 -16"><span class='ocrx_word' id='word_1_240' title='bbox 2252 714 2471 757; x_wconf 90' lang='lat' dir='ltr'><strong>carnem</strong></span> <span class='ocrx_word' id='word_1_241' title='bbox 2512 698 2934 759; x_wconf 88' lang='lat' dir='ltr'><strong>demonstraret,</strong></span> <span class='ocrx_word' id='word_1_242' title='bbox 2981 700 3043 746; x_wconf 88' lang='lat' dir='ltr'><strong>ut</strong></span> <span class='ocrx_word' id='word_1_243' title='bbox 3085 706 3144 747; x_wconf 87' lang='lat' dir='ltr'><strong>se</strong></span> <span class='ocrx_word' id='word_1_244' title='bbox 3174 707 3344 748; x_wconf 85' lang='lat' dir='ltr'><strong>veram</strong></span> <span class='ocrx_word' id='word_1_245' title='bbox 3364 696 3520 755; x_wconf 75' lang='lat' dir='ltr'><strong>habere</strong></span> <span class='ocrx_word' id='word_1_246' title='bbox 3550 706 3682 773; x_wconf 48' lang='grc' dir='ltr'><strong>μίση,</strong></span> 
     </span>
    </p>
   </div>
   <div class='ocr_carea' id='block_1_35' title="bbox 2254 785 3683 862">
    <p class='ocr_par' dir='ltr' id='par_1_35' title="bbox 2254 785 3683 862">
     <span class='ocr_line' id='line_1_35' title="bbox 2254 785 3683 862; baseline 0.005 -15"><span class='ocrx_word' id='word_1_247' title='bbox 2254 790 2683 862; x_wconf 87' lang='lat' dir='ltr'><strong>compassionem</strong></span> <span class='ocrx_word' id='word_1_248' title='bbox 2712 786 2972 857; x_wconf 72' lang='lat' dir='ltr'><strong>aperiret,</strong></span> <span class='ocrx_word' id='word_1_249' title='bbox 2997 794 3057 839; x_wconf 91' lang='lat' dir='ltr'><strong>ut</strong></span> <span class='ocrx_word' id='word_1_250' title='bbox 3077 785 3225 839; x_wconf 93' lang='lat' dir='ltr'><strong>nobis</strong></span> <span class='ocrx_word' id='word_1_251' title='bbox 3244 790 3497 858; x_wconf 80' lang='lat' dir='ltr'><strong>exemplqu</strong></span> <span class='ocrx_word' id='word_1_252' title='bbox 3520 797 3683 858; x_wconf 78' lang='lat' dir='ltr'><strong>similiter</strong></span> 
     </span>
    </p>
   </div>
   <div class='ocr_carea' id='block_1_36' title="bbox 2253 876 3685 954">
    <p class='ocr_par' dir='ltr' id='par_1_36' title="bbox 2253 876 3685 954">
     <span class='ocr_line' id='line_1_36' title="bbox 2253 876 3685 954; baseline 0.004 -15"><span class='ocrx_word' id='word_1_253' title='bbox 2253 884 2414 939; x_wconf 91' lang='lat' dir='ltr'><strong>ﬂendi</strong></span> <span class='ocrx_word' id='word_1_254' title='bbox 2430 889 2775 954; x_wconf 88' lang='lat' dir='ltr'><strong>proponeret.</strong></span> <span class='ocrx_word' id='word_1_255' title='bbox 2798 878 2917 933; x_wconf 86' lang='lat' dir='ltr'><strong>Etsi</strong></span> <span class='ocrx_word' id='word_1_256' title='bbox 2937 878 3072 948; x_wconf 91' lang='lat' dir='ltr'><strong>ipse,</strong></span> <span class='ocrx_word' id='word_1_257' title='bbox 3090 878 3177 945; x_wconf 85' lang='lat' dir='ltr'><strong>qui</strong></span> <span class='ocrx_word' id='word_1_258' title='bbox 3193 876 3313 932; x_wconf 86' lang='lat' dir='ltr'><strong>nihil</strong></span> <span class='ocrx_word' id='word_1_259' title='bbox 3331 879 3375 933; x_wconf 94' lang='lat' dir='ltr'><strong>iu</strong></span> <span class='ocrx_word' id='word_1_260' title='bbox 3389 896 3437 935; x_wconf 85' lang='lat' dir='ltr'><strong>se</strong></span> <span class='ocrx_word' id='word_1_261' title='bbox 3450 882 3615 943; x_wconf 70' lang='lat' dir='ltr'><strong>licinium</strong></span> <span class='ocrx_word' id='word_1_262' title='bbox 3630 892 3685 945; x_wconf 65' lang='lat' dir='ltr'><strong>lu.</strong></span> 
     </span>
    </p>
   </div>
   <div class='ocr_carea' id='block_1_37' title="bbox 2251 970 3684 1052">
    <p class='ocr_par' dir='ltr' id='par_1_37' title="bbox 2251 970 3684 1052">
     <span class='ocr_line' id='line_1_37' title="bbox 2251 970 3684 1052; baseline 0 -18"><span class='ocrx_word' id='word_1_263' title='bbox 2251 977 2341 1034; x_wconf 81' lang='lat' dir='ltr'><strong>bet</strong></span> <span class='ocrx_word' id='word_1_264' title='bbox 2351 1018 2366 1043; x_wconf 93' lang='lat'><strong>,</strong></span> <span class='ocrx_word' id='word_1_265' title='bbox 2379 987 2601 1047; x_wconf 83' lang='lat' dir='ltr'><strong>prepter</strong></span> <span class='ocrx_word' id='word_1_266' title='bbox 2613 974 2789 1029; x_wconf 89' lang='lat' dir='ltr'><strong>aliena</strong></span> <span class='ocrx_word' id='word_1_267' title='bbox 2807 982 3028 1043; x_wconf 87' lang='lat' dir='ltr'><strong>peccata</strong></span> <span class='ocrx_word' id='word_1_268' title='bbox 3042 970 3181 1027; x_wconf 87' lang='lat' dir='ltr'><strong>ﬂevit</strong></span> <span class='ocrx_word' id='word_1_269' title='bbox 3200 1012 3215 1038; x_wconf 91' lang='lat'><strong>,</strong></span> <span class='ocrx_word' id='word_1_270' title='bbox 3228 972 3342 1042; x_wconf 87' lang='lat' dir='ltr'><strong>quid</strong></span> <span class='ocrx_word' id='word_1_271' title='bbox 3354 976 3551 1033; x_wconf 90' lang='lat' dir='ltr'><strong>debemus</strong></span> <span class='ocrx_word' id='word_1_272' title='bbox 3560 981 3684 1052; x_wconf 67' lang='lat' dir='ltr'><strong>lacere,</strong></span> 
     </span>
    </p>
   </div>
   <div class='ocr_carea' id='block_1_38' title="bbox 2255 1062 3686 1139">
    <p class='ocr_par' dir='ltr' id='par_1_38' title="bbox 2255 1062 3686 1139">
     <span class='ocr_line' id='line_1_38' title="bbox 2255 1062 3686 1139; baseline -0.003 -14"><span class='ocrx_word' id='word_1_273' title='bbox 2255 1086 2355 1125; x_wconf 88' lang='lat' dir='ltr'><strong>nos</strong></span> <span class='ocrx_word' id='word_1_274' title='bbox 2378 1077 2713 1139; x_wconf 84' lang='lat' dir='ltr'><strong>peccatores.</strong></span> <span class='ocrx_word' id='word_1_275' title='bbox 2749 1067 2842 1137; x_wconf 88' lang='lat' dir='ltr'><strong>qui</strong></span> <span class='ocrx_word' id='word_1_276' title='bbox 2873 1065 2927 1119; x_wconf 92' lang='lat' dir='ltr'><strong>in</strong></span> <span class='ocrx_word' id='word_1_277' title='bbox 2978 1062 3134 1118; x_wconf 88' lang='lat' dir='ltr'><strong>nobis</strong></span> <span class='ocrx_word' id='word_1_278' title='bbox 3158 1063 3310 1117; x_wconf 87' lang='lat' dir='ltr'><strong>multa</strong></span> <span class='ocrx_word' id='word_1_279' title='bbox 3334 1063 3475 1119; x_wconf 85' lang='lat' dir='ltr'><strong>ﬂenda</strong></span> <span class='ocrx_word' id='word_1_280' title='bbox 3494 1070 3686 1131; x_wconf 67' lang='lat' dir='ltr'><strong>habt:th</strong></span> 
     </span>
    </p>
   </div>
   <div class='ocr_carea' id='block_1_39' title="bbox 2252 1156 3684 1233">
    <p class='ocr_par' dir='ltr' id='par_1_39' title="bbox 2252 1156 3684 1233">
     <span class='ocr_line' id='line_1_39' title="bbox 2252 1156 3684 1233; baseline 0.014 -31"><span class='ocrx_word' id='word_1_281' title='bbox 2252 1164 2319 1219; x_wconf 78' lang='grc' dir='ltr'><strong>ει</strong></span> <span class='ocrx_word' id='word_1_282' title='bbox 2332 1163 2378 1217; x_wconf 72' lang='lat' dir='ltr'><strong>si</strong></span> <span class='ocrx_word' id='word_1_283' title='bbox 2395 1164 2506 1233; x_wconf 67' lang='lat' dir='ltr'><strong>ipse</strong></span> <span class='ocrx_word' id='word_1_284' title='bbox 2518 1162 2609 1231; x_wconf 91' lang='lat' dir='ltr'><strong>qui</strong></span> <span class='ocrx_word' id='word_1_285' title='bbox 2627 1162 2766 1215; x_wconf 85' lang='lat' dir='ltr'><strong>Deus</strong></span> <span class='ocrx_word' id='word_1_286' title='bbox 2778 1168 2881 1225; x_wconf 88' lang='lat' dir='ltr'><strong>est,</strong></span> <span class='ocrx_word' id='word_1_287' title='bbox 2894 1160 2976 1214; x_wconf 90' lang='lat' dir='ltr'><strong>sic</strong></span> <span class='ocrx_word' id='word_1_288' title='bbox 2990 1158 3236 1211; x_wconf 77' lang='lat' dir='ltr'><strong>humanae</strong></span> <span class='ocrx_word' id='word_1_289' title='bbox 3249 1156 3449 1213; x_wconf 78' lang='lat' dir='ltr'><strong>miseria:</strong></span> <span class='ocrx_word' id='word_1_290' title='bbox 3458 1168 3684 1233; x_wconf 80' lang='lat' dir='ltr'><strong>rompatitur,</strong></span> 
     </span>
    </p>
   </div>
   <div class='ocr_carea' id='block_1_40' title="bbox 2253 1249 3689 1326">
    <p class='ocr_par' dir='ltr' id='par_1_40' title="bbox 2253 1249 3689 1326">
     <span class='ocr_line' id='line_1_40' title="bbox 2253 1249 3689 1326; baseline -0.004 -17"><span class='ocrx_word' id='word_1_291' title='bbox 2253 1255 2525 1326; x_wconf 87' lang='lat' dir='ltr'><strong>quomodo</strong></span> <span class='ocrx_word' id='word_1_292' title='bbox 2542 1269 2640 1309; x_wconf 88' lang='lat' dir='ltr'><strong>nos</strong></span> <span class='ocrx_word' id='word_1_293' title='bbox 2662 1252 2911 1308; x_wconf 83' lang='lat' dir='ltr'><strong>homines</strong></span> <span class='ocrx_word' id='word_1_294' title='bbox 2931 1249 3055 1304; x_wconf 80' lang='lat' dir='ltr'><strong>aliis</strong></span> <span class='ocrx_word' id='word_1_295' title='bbox 3074 1250 3381 1316; x_wconf 86' lang='lat' dir='ltr'><strong>hominibus,</strong></span> <span class='ocrx_word' id='word_1_296' title='bbox 3396 1250 3689 1315; x_wconf 72' lang='lat' dir='ltr'><strong>fratrescouln.</strong></span> 
     </span>
    </p>
   </div>
   <div class='ocr_carea' id='block_1_41' title="bbox 2256 1342 3687 1417">
    <p class='ocr_par' dir='ltr' id='par_1_41' title="bbox 2256 1342 3687 1417">
     <span class='ocr_line' id='line_1_41' title="bbox 2256 1342 3687 1417; baseline -0.001 -14"><span class='ocrx_word' id='word_1_297' title='bbox 2256 1349 2451 1413; x_wconf 89' lang='lat' dir='ltr'><strong>tribus,</strong></span> <span class='ocrx_word' id='word_1_298' title='bbox 2477 1347 2710 1417; x_wconf 88' lang='lat' dir='ltr'><strong>compati</strong></span> <span class='ocrx_word' id='word_1_299' title='bbox 2744 1352 2799 1401; x_wconf 87' lang='lat' dir='ltr'><strong>et</strong></span> <span class='ocrx_word' id='word_1_300' title='bbox 2820 1342 3068 1399; x_wconf 85' lang='lat' dir='ltr'><strong>misereri</strong></span> <span class='ocrx_word' id='word_1_301' title='bbox 3091 1342 3364 1397; x_wconf 85' lang='lat' dir='ltr'><strong>debemus?</strong></span> <span class='ocrx_word' id='word_1_302' title='bbox 3383 1343 3536 1415; x_wconf 82' lang='lat' dir='ltr'><strong>Itaque,</strong></span> <span class='ocrx_word' id='word_1_303' title='bbox 3555 1350 3687 1417; x_wconf 74' lang='lat' dir='ltr'><strong>intres,</strong></span> 
     </span>
    </p>
   </div>
   <div class='ocr_carea' id='block_1_42' title="bbox 2255 1435 3689 1513">
    <p class='ocr_par' dir='ltr' id='par_1_42' title="bbox 2255 1435 3689 1513">
     <span class='ocr_line' id='line_1_42' title="bbox 2255 1435 3689 1513; baseline -0.007 -17"><span class='ocrx_word' id='word_1_304' title='bbox 2255 1442 2527 1513; x_wconf 88' lang='lat' dir='ltr'><strong>ploremus</strong></span> <span class='ocrx_word' id='word_1_305' title='bbox 2564 1447 2785 1510; x_wconf 87' lang='lat' dir='ltr'><strong>peccata</strong></span> <span class='ocrx_word' id='word_1_306' title='bbox 2816 1446 3024 1499; x_wconf 87' lang='lat' dir='ltr'><strong>nostra,</strong></span> <span class='ocrx_word' id='word_1_307' title='bbox 3087 1435 3345 1505; x_wconf 83' lang='lat' dir='ltr'><strong>ploremus</strong></span> <span class='ocrx_word' id='word_1_308' title='bbox 3368 1437 3498 1491; x_wconf 84' lang='lat' dir='ltr'><strong>etiam</strong></span> <span class='ocrx_word' id='word_1_309' title='bbox 3534 1446 3689 1513; x_wconf 62' lang='lat' dir='ltr'><strong>exempt.</strong></span> 
     </span>
    </p>
   </div>
   <div class='ocr_carea' id='block_1_43' title="bbox 2254 1522 3688 1604">
    <p class='ocr_par' dir='ltr' id='par_1_43' title="bbox 2254 1522 3688 1604">
     <span class='ocr_line' id='line_1_43' title="bbox 2254 1522 3688 1604; baseline -0.002 -16"><span class='ocrx_word' id='word_1_310' title='bbox 2254 1532 2465 1588; x_wconf 87' lang='lat' dir='ltr'><strong>Domini</strong></span> <span class='ocrx_word' id='word_1_311' title='bbox 2493 1531 2689 1586; x_wconf 89' lang='lat' dir='ltr'><strong>aliena.</strong></span> <span class='ocrx_word' id='word_1_312' title='bbox 2716 1522 2831 1585; x_wconf 81' lang='lat' dir='ltr'><strong>Non</strong></span> <span class='ocrx_word' id='word_1_313' title='bbox 2862 1528 3151 1594; x_wconf 85' lang='lat' dir='ltr'><strong>faciamus,</strong></span> <span class='ocrx_word' id='word_1_314' title='bbox 3168 1536 3228 1581; x_wconf 87' lang='lat' dir='ltr'><strong>ut</strong></span> <span class='ocrx_word' id='word_1_315' title='bbox 3247 1527 3436 1596; x_wconf 85' lang='lat' dir='ltr'><strong>quidam</strong></span> <span class='ocrx_word' id='word_1_316' title='bbox 3456 1529 3614 1598; x_wconf 82' lang='lat' dir='ltr'><strong>iaciunt,</strong></span> <span class='ocrx_word' id='word_1_317' title='bbox 3633 1538 3688 1604; x_wconf 78' lang='lat' dir='ltr'><strong>qli</strong></span> 
     </span>
    </p>
   </div>
   <div class='ocr_carea' id='block_1_44' title="bbox 2252 1618 3689 1697">
    <p class='ocr_par' dir='ltr' id='par_1_44' title="bbox 2252 1618 3689 1697">
     <span class='ocr_line' id='line_1_44' title="bbox 2252 1618 3689 1697; baseline -0.004 -16"><span class='ocrx_word' id='word_1_318' title='bbox 2252 1634 2542 1697; x_wconf 83' lang='lat' dir='ltr'><strong>peccantes</strong></span> <span class='ocrx_word' id='word_1_319' title='bbox 2566 1621 2816 1688; x_wconf 90' lang='lat' dir='ltr'><strong>irrident,</strong></span> <span class='ocrx_word' id='word_1_320' title='bbox 2849 1630 2905 1676; x_wconf 88' lang='lat' dir='ltr'><strong>et</strong></span> <span class='ocrx_word' id='word_1_321' title='bbox 2934 1621 3001 1675; x_wconf 86' lang='lat' dir='ltr'><strong>de</strong></span> <span class='ocrx_word' id='word_1_322' title='bbox 3033 1620 3212 1672; x_wconf 88' lang='lat' dir='ltr'><strong>alieno</strong></span> <span class='ocrx_word' id='word_1_323' title='bbox 3234 1632 3352 1672; x_wconf 82' lang='lat' dir='ltr'><strong>casu</strong></span> <span class='ocrx_word' id='word_1_324' title='bbox 3375 1618 3689 1689; x_wconf 78' lang='lat' dir='ltr'><strong>subsauuant,si.</strong></span> 
     </span>
    </p>
   </div>
   <div class='ocr_carea' id='block_1_45' title="bbox 2253 1713 3693 1785">
    <p class='ocr_par' dir='ltr' id='par_1_45' title="bbox 2253 1713 3693 1785">
     <span class='ocr_line' id='line_1_45' title="bbox 2253 1713 3693 1785; baseline -0.003 -13"><span class='ocrx_word' id='word_1_325' title='bbox 2253 1717 2411 1774; x_wconf 88' lang='lat' dir='ltr'><strong>miles</strong></span> <span class='ocrx_word' id='word_1_326' title='bbox 2430 1714 2713 1770; x_wconf 63' lang='lat' dir='ltr'><strong>Pharisaris</strong></span> <span class='ocrx_word' id='word_1_327' title='bbox 2738 1713 2829 1783; x_wconf 88' lang='lat' dir='ltr'><strong>qui</strong></span> <span class='ocrx_word' id='word_1_328' title='bbox 2865 1713 2916 1766; x_wconf 93' lang='lat' dir='ltr'><strong>in</strong></span> <span class='ocrx_word' id='word_1_329' title='bbox 2949 1719 3269 1782; x_wconf 84' lang='lat' dir='ltr'><strong>peccatores</strong></span> <span class='ocrx_word' id='word_1_330' title='bbox 3290 1722 3539 1771; x_wconf 79' lang='lat' dir='ltr'><strong>moventur.</strong></span> <span class='ocrx_word' id='word_1_331' title='bbox 3555 1730 3625 1767; x_wconf 81' lang='lat' dir='ltr'><strong>non</strong></span> <span class='ocrx_word' id='word_1_332' title='bbox 3640 1732 3693 1785; x_wconf 78' lang='lat' dir='ltr'><strong>per</strong></span> 
     </span>
    </p>
   </div>
   <div class='ocr_carea' id='block_1_46' title="bbox 2253 1803 3694 1881">
    <p class='ocr_par' dir='ltr' id='par_1_46' title="bbox 2253 1803 3694 1881">
     <span class='ocr_line' id='line_1_46' title="bbox 2253 1803 3694 1881; baseline -0.004 -12"><span class='ocrx_word' id='word_1_333' title='bbox 2253 1810 2707 1881; x_wconf 88' lang='lat' dir='ltr'><strong>compassiouem,</strong></span> <span class='ocrx_word' id='word_1_334' title='bbox 2719 1805 2812 1862; x_wconf 88' lang='lat' dir='ltr'><strong>sed</strong></span> <span class='ocrx_word' id='word_1_335' title='bbox 2829 1821 2928 1877; x_wconf 91' lang='lat' dir='ltr'><strong>per</strong></span> <span class='ocrx_word' id='word_1_336' title='bbox 2940 1804 3182 1861; x_wconf 85' lang='lat' dir='ltr'><strong>derisum</strong></span> <span class='ocrx_word' id='word_1_337' title='bbox 3195 1803 3274 1858; x_wconf 81' lang='lat' dir='ltr'><strong>vel</strong></span> <span class='ocrx_word' id='word_1_338' title='bbox 3286 1804 3694 1874; x_wconf 67' lang='lat' dir='ltr'><strong>indignatiommned</strong></span> 
     </span>
    </p>
   </div>
   <div class='ocr_carea' id='block_1_47' title="bbox 2254 1899 3694 1976">
    <p class='ocr_par' dir='ltr' id='par_1_47' title="bbox 2254 1899 3694 1976">
     <span class='ocr_line' id='line_1_47' title="bbox 2254 1899 3694 1976; baseline -0.002 -15"><span class='ocrx_word' id='word_1_339' title='bbox 2254 1919 2533 1976; x_wconf 86' lang='lat' dir='ltr'><strong>nunquam</strong></span> <span class='ocrx_word' id='word_1_340' title='bbox 2566 1911 2915 1973; x_wconf 90' lang='lat' dir='ltr'><strong>peccatorum</strong></span> <span class='ocrx_word' id='word_1_341' title='bbox 2944 1899 3163 1954; x_wconf 73' lang='lat' dir='ltr'><strong>veniam</strong></span> <span class='ocrx_word' id='word_1_342' title='bbox 3204 1907 3467 1963; x_wconf 87' lang='lat' dir='ltr'><strong>merentur,</strong></span> <span class='ocrx_word' id='word_1_343' title='bbox 3496 1901 3694 1969; x_wconf 81' lang='lat' dir='ltr'><strong>qnialieuit</strong></span> 
     </span>
    </p>
   </div>
   <div class='ocr_carea' id='block_1_48' title="bbox 2252 1992 3694 2070">
    <p class='ocr_par' dir='ltr' id='par_1_48' title="bbox 2252 1992 3694 2070">
     <span class='ocr_line' id='line_1_48' title="bbox 2252 1992 3694 2070; baseline -0.003 -14"><span class='ocrx_word' id='word_1_344' title='bbox 2252 2014 2529 2070; x_wconf 89' lang='lat' dir='ltr'><strong>nunquam</strong></span> <span class='ocrx_word' id='word_1_345' title='bbox 2572 1995 2994 2066; x_wconf 87' lang='lat' dir='ltr'><strong>compatiuntur.</strong></span> <span class='ocrx_word' id='word_1_346' title='bbox 3054 1992 3323 2047; x_wconf 86' lang='lat' dir='ltr'><strong>Imitemur</strong></span> <span class='ocrx_word' id='word_1_347' title='bbox 3350 1994 3497 2061; x_wconf 85' lang='lat' dir='ltr'><strong>potius</strong></span> <span class='ocrx_word' id='word_1_348' title='bbox 3520 1994 3694 2051; x_wconf 77' lang='lat' dir='ltr'><strong>Pmbua</strong></span> 
     </span>
    </p>
   </div>
   <div class='ocr_carea' id='block_1_49' title="bbox 2251 2084 3693 2167">
    <p class='ocr_par' dir='ltr' id='par_1_49' title="bbox 2251 2084 3693 2167">
     <span class='ocr_line' id='line_1_49' title="bbox 2251 2084 3693 2167; baseline -0.003 -19"><span class='ocrx_word' id='word_1_349' title='bbox 2251 2092 2654 2167; x_wconf 88' lang='lat' dir='ltr'><strong>philosophum,</strong></span> <span class='ocrx_word' id='word_1_350' title='bbox 2685 2088 2777 2160; x_wconf 93' lang='lat' dir='ltr'><strong>qni</strong></span> <span class='ocrx_word' id='word_1_351' title='bbox 2806 2096 2867 2142; x_wconf 93' lang='lat' dir='ltr'><strong>ut</strong></span> <span class='ocrx_word' id='word_1_352' title='bbox 2903 2086 3108 2157; x_wconf 82' lang='lat' dir='ltr'><strong>legitur</strong></span> <span class='ocrx_word' id='word_1_353' title='bbox 3150 2085 3203 2140; x_wconf 89' lang='lat' dir='ltr'><strong>in</strong></span> <span class='ocrx_word' id='word_1_354' title='bbox 3240 2084 3369 2139; x_wconf 79' lang='lat' dir='ltr'><strong>Vitis</strong></span> <span class='ocrx_word' id='word_1_355' title='bbox 3394 2086 3592 2154; x_wconf 84' lang='lat' dir='ltr'><strong>Patrum,</strong></span> <span class='ocrx_word' id='word_1_356' title='bbox 3623 2104 3693 2143; x_wconf 79' lang='lat' dir='ltr'><strong>cum</strong></span> 
     </span>
    </p>
   </div>
   <div class='ocr_carea' id='block_1_50' title="bbox 2252 2179 3698 2255">
    <p class='ocr_par' dir='ltr' id='par_1_50' title="bbox 2252 2179 3698 2255">
     <span class='ocr_line' id='line_1_50' title="bbox 2252 2179 3698 2255; baseline -0.005 -12"><span class='ocrx_word' id='word_1_357' title='bbox 2252 2189 2464 2243; x_wconf 86' lang='lat' dir='ltr'><strong>videret</strong></span> <span class='ocrx_word' id='word_1_358' title='bbox 2489 2184 2807 2240; x_wconf 84' lang='lat' dir='ltr'><strong>theatralem</strong></span> <span class='ocrx_word' id='word_1_359' title='bbox 2838 2182 3148 2246; x_wconf 87' lang='lat' dir='ltr'><strong>mulierem,</strong></span> <span class='ocrx_word' id='word_1_360' title='bbox 3179 2179 3339 2236; x_wconf 86' lang='lat' dir='ltr'><strong>ﬂevit.</strong></span> <span class='ocrx_word' id='word_1_361' title='bbox 3378 2180 3435 2235; x_wconf 81' lang='lat' dir='ltr'><strong>Et</strong></span> <span class='ocrx_word' id='word_1_362' title='bbox 3459 2198 3552 2236; x_wconf 87' lang='lat' dir='ltr'><strong>cum</strong></span> <span class='ocrx_word' id='word_1_363' title='bbox 3571 2199 3698 2255; x_wconf 73' lang='lat' dir='ltr'><strong>quare-</strong></span> 
     </span>
    </p>
   </div>
   <div class='ocr_carea' id='block_1_51' title="bbox 2251 2274 3696 2350">
    <p class='ocr_par' dir='ltr' id='par_1_51' title="bbox 2251 2274 3696 2350">
     <span class='ocr_line' id='line_1_51' title="bbox 2251 2274 3696 2350; baseline -0.005 -13"><span class='ocrx_word' id='word_1_364' title='bbox 2251 2290 2405 2338; x_wconf 91' lang='lat' dir='ltr'><strong>retur</strong></span> <span class='ocrx_word' id='word_1_365' title='bbox 2432 2293 2603 2350; x_wconf 88' lang='lat' dir='ltr'><strong>quare</strong></span> <span class='ocrx_word' id='word_1_366' title='bbox 2632 2277 2821 2343; x_wconf 87' lang='lat' dir='ltr'><strong>ﬂeret,</strong></span> <span class='ocrx_word' id='word_1_367' title='bbox 2853 2276 2930 2330; x_wconf 87' lang='lat' dir='ltr'><strong>ait.</strong></span> <span class='ocrx_word' id='word_1_368' title='bbox 2960 2290 2976 2329; x_wconf 94' lang='lat'><strong>:</strong></span> <span class='ocrx_word' id='word_1_369' title='bbox 3008 2294 3029 2328; x_wconf 74' lang='grc' dir='ltr'>ι</span> <span class='ocrx_word' id='word_1_370' title='bbox 3065 2275 3193 2329; x_wconf 71' lang='lat' dir='ltr'><strong>Duae</strong></span> <span class='ocrx_word' id='word_1_371' title='bbox 3222 2290 3304 2328; x_wconf 88' lang='lat' dir='ltr'><strong>res</strong></span> <span class='ocrx_word' id='word_1_372' title='bbox 3330 2290 3406 2328; x_wconf 88' lang='lat' dir='ltr'><strong>me</strong></span> <span class='ocrx_word' id='word_1_373' title='bbox 3424 2274 3525 2329; x_wconf 86' lang='lat' dir='ltr'><strong>ﬂere</strong></span> <span class='ocrx_word' id='word_1_374' title='bbox 3546 2288 3696 2346; x_wconf 73' lang='lat' dir='ltr'><strong>cogunt:</strong></span> 
     </span>
    </p>
   </div>
   <div class='ocr_carea' id='block_1_52' title="bbox 2253 2366 3701 2444">
    <p class='ocr_par' dir='ltr' id='par_1_52' title="bbox 2253 2366 3701 2444">
     <span class='ocr_line' id='line_1_52' title="bbox 2253 2366 3701 2444; baseline -0.006 -14"><span class='ocrx_word' id='word_1_375' title='bbox 2253 2390 2359 2431; x_wconf 90' lang='lat' dir='ltr'><strong>una</strong></span> <span class='ocrx_word' id='word_1_376' title='bbox 2413 2372 2575 2443; x_wconf 87' lang='lat' dir='ltr'><strong>hujus</strong></span> <span class='ocrx_word' id='word_1_377' title='bbox 2631 2370 2950 2444; x_wconf 88' lang='lat' dir='ltr'><strong>peccatricis</strong></span> <span class='ocrx_word' id='word_1_378' title='bbox 2988 2368 3227 2440; x_wconf 87' lang='lat' dir='ltr'><strong>perditio</strong></span> <span class='ocrx_word' id='word_1_379' title='bbox 3256 2407 3272 2431; x_wconf 92' lang='lat'><strong>,</strong></span> <span class='ocrx_word' id='word_1_380' title='bbox 3324 2366 3471 2421; x_wconf 87' lang='lat' dir='ltr'><strong>altera</strong></span> <span class='ocrx_word' id='word_1_381' title='bbox 3510 2369 3600 2438; x_wconf 79' lang='lat' dir='ltr'><strong>quia</strong></span> <span class='ocrx_word' id='word_1_382' title='bbox 3638 2385 3701 2426; x_wconf 73' lang='lat' dir='ltr'><strong>nos</strong></span> 
     </span>
    </p>
   </div>
   <div class='ocr_carea' id='block_1_53' title="bbox 2254 2461 3698 2537">
    <p class='ocr_par' dir='ltr' id='par_1_53' title="bbox 2254 2461 3698 2537">
     <span class='ocr_line' id='line_1_53' title="bbox 2254 2461 3698 2537; baseline -0.008 -13"><span class='ocrx_word' id='word_1_383' title='bbox 2254 2478 2470 2524; x_wconf 88' lang='lat' dir='ltr'><strong>tantum</strong></span> <span class='ocrx_word' id='word_1_384' title='bbox 2500 2467 2660 2537; x_wconf 90' lang='lat' dir='ltr'><strong>cupio</strong></span> <span class='ocrx_word' id='word_1_385' title='bbox 2703 2464 2918 2533; x_wconf 87' lang='lat' dir='ltr'><strong>placere</strong></span> <span class='ocrx_word' id='word_1_386' title='bbox 2966 2461 3089 2517; x_wconf 90' lang='lat' dir='ltr'><strong>Deo</strong></span> <span class='ocrx_word' id='word_1_387' title='bbox 3118 2471 3371 2531; x_wconf 74' lang='lat' dir='ltr'><strong>quantum</strong></span> <span class='ocrx_word' id='word_1_388' title='bbox 3406 2461 3500 2514; x_wconf 67' lang='lat' dir='ltr'><strong>haec</strong></span> <span class='ocrx_word' id='word_1_389' title='bbox 3525 2462 3698 2531; x_wconf 61' lang='lat' dir='ltr'><strong>pupula:</strong></span> 
     </span>
    </p>
   </div>
   <div class='ocr_carea' id='block_1_54' title="bbox 2252 2552 3700 2615">
    <p class='ocr_par' dir='ltr' id='par_1_54' title="bbox 2252 2552 3700 2615">
     <span class='ocr_line' id='line_1_54' title="bbox 2252 2552 3700 2615; baseline -0.005 -1"><span class='ocrx_word' id='word_1_390' title='bbox 2252 2559 2452 2615; x_wconf 74' lang='lat' dir='ltr'><strong>Veram</strong></span> <span class='ocrx_word' id='word_1_391' title='bbox 2527 2556 2865 2611; x_wconf 88' lang='lat' dir='ltr'><strong>divinitatem</strong></span> <span class='ocrx_word' id='word_1_392' title='bbox 2918 2568 2978 2608; x_wconf 86' lang='lat' dir='ltr'><strong>se</strong></span> <span class='ocrx_word' id='word_1_393' title='bbox 3040 2552 3243 2607; x_wconf 85' lang='lat' dir='ltr'><strong>habere</strong></span> <span class='ocrx_word' id='word_1_394' title='bbox 3289 2553 3586 2612; x_wconf 75' lang='lat' dir='ltr'><strong>demonstrat,</strong></span> <span class='ocrx_word' id='word_1_395' title='bbox 3625 2554 3700 2607; x_wconf 78' lang='lat' dir='ltr'><strong>dum</strong></span> 
     </span>
    </p>
   </div>
   <div class='ocr_carea' id='block_1_55' title="bbox 2253 2643 3703 2718">
    <p class='ocr_par' dir='ltr' id='par_1_55' title="bbox 2253 2643 3703 2718">
     <span class='ocr_line' id='line_1_55' title="bbox 2253 2643 3703 2718; baseline -0.006 -13"><span class='ocrx_word' id='word_1_396' title='bbox 2253 2651 2434 2706; x_wconf 86' lang='lat' dir='ltr'><strong>futura</strong></span> <span class='ocrx_word' id='word_1_397' title='bbox 2489 2660 2745 2718; x_wconf 88' lang='lat' dir='ltr'><strong>tanquam</strong></span> <span class='ocrx_word' id='word_1_398' title='bbox 2802 2645 3095 2716; x_wconf 64' lang='lat' dir='ltr'><strong>praesentia</strong></span> <span class='ocrx_word' id='word_1_399' title='bbox 3144 2644 3282 2699; x_wconf 81' lang='lat' dir='ltr'><strong>videt</strong></span> <span class='ocrx_word' id='word_1_400' title='bbox 3321 2653 3371 2698; x_wconf 86' lang='lat' dir='ltr'><strong>et</strong></span> <span class='ocrx_word' id='word_1_401' title='bbox 3414 2654 3573 2698; x_wconf 83' lang='lat' dir='ltr'><strong>narrat.</strong></span> <span class='ocrx_word' id='word_1_402' title='bbox 3605 2643 3703 2709; x_wconf 77' lang='lat' dir='ltr'><strong>Qlill,</strong></span> 
     </span>
    </p>
   </div>
   <div class='ocr_carea' id='block_1_56' title="bbox 2254 2741 3707 2813">
    <p class='ocr_par' dir='ltr' id='par_1_56' title="bbox 2254 2741 3707 2813">
     <span class='ocr_line' id='line_1_56' title="bbox 2254 2741 3707 2813; baseline -0.002 -15"><span class='ocrx_word' id='word_1_403' title='bbox 2254 2742 2450 2813; x_wconf 83' lang='lat' dir='ltr'><strong>inquit,</strong></span> <span class='ocrx_word' id='word_1_404' title='bbox 2473 2744 2520 2797; x_wconf 91' lang='lat' dir='ltr'><strong>si</strong></span> <span class='ocrx_word' id='word_1_405' title='bbox 2544 2744 2888 2813; x_wconf 86' lang='lat' dir='ltr'><strong>cognovisses,</strong></span> <span class='ocrx_word' id='word_1_406' title='bbox 2912 2753 2960 2795; x_wconf 87' lang='lat' dir='ltr'><strong>et</strong></span> <span class='ocrx_word' id='word_1_407' title='bbox 2983 2752 3067 2805; x_wconf 86' lang='lat' dir='ltr'><strong>tu,</strong></span> <span class='ocrx_word' id='word_1_408' title='bbox 3098 2741 3151 2795; x_wconf 87' lang='lat' dir='ltr'><strong>id</strong></span> <span class='ocrx_word' id='word_1_409' title='bbox 3180 2752 3262 2795; x_wconf 87' lang='lat' dir='ltr'><strong>est</strong></span> <span class='ocrx_word' id='word_1_410' title='bbox 3289 2741 3331 2794; x_wconf 88' lang='lat' dir='ltr'><strong>si</strong></span> <span class='ocrx_word' id='word_1_411' title='bbox 3368 2742 3485 2795; x_wconf 87' lang='lat' dir='ltr'><strong>mala</strong></span> <span class='ocrx_word' id='word_1_412' title='bbox 3510 2743 3579 2795; x_wconf 87' lang='lat' dir='ltr'><strong>tibi</strong></span> <span class='ocrx_word' id='word_1_413' title='bbox 3599 2743 3707 2795; x_wconf 82' lang='lat' dir='ltr'><strong>immi-</strong></span> 
     </span>
    </p>
   </div>
   <div class='ocr_carea' id='block_1_57' title="bbox 2252 2832 3706 2907">
    <p class='ocr_par' dir='ltr' id='par_1_57' title="bbox 2252 2832 3706 2907">
     <span class='ocr_line' id='line_1_57' title="bbox 2252 2832 3706 2907; baseline -0.003 -14"><span class='ocrx_word' id='word_1_414' title='bbox 2252 2837 2435 2893; x_wconf 86' lang='lat' dir='ltr'><strong>nentia</strong></span> <span class='ocrx_word' id='word_1_415' title='bbox 2466 2836 2837 2907; x_wconf 82' lang='lat' dir='ltr'><strong>cognovisses,</strong></span> <span class='ocrx_word' id='word_1_416' title='bbox 2886 2846 2940 2889; x_wconf 94' lang='lat' dir='ltr'><strong>tu</strong></span> <span class='ocrx_word' id='word_1_417' title='bbox 2986 2849 3210 2905; x_wconf 86' lang='lat' dir='ltr'><strong>quoque</strong></span> <span class='ocrx_word' id='word_1_418' title='bbox 3233 2832 3468 2888; x_wconf 85' lang='lat' dir='ltr'><strong>ﬂevisses.</strong></span> <span class='ocrx_word' id='word_1_419' title='bbox 3508 2833 3556 2887; x_wconf 80' lang='lat' dir='ltr'><strong>Et</strong></span> <span class='ocrx_word' id='word_1_420' title='bbox 3580 2836 3706 2904; x_wconf 67' lang='lat' dir='ltr'><strong>quidem</strong></span> 
     </span>
    </p>
   </div>
   <div class='ocr_carea' id='block_1_58' title="bbox 2250 2926 3707 2998">
    <p class='ocr_par' dir='ltr' id='par_1_58' title="bbox 2250 2926 3707 2998">
     <span class='ocr_line' id='line_1_58' title="bbox 2250 2926 3707 2998; baseline -0.001 -16"><span class='ocrx_word' id='word_1_421' title='bbox 2250 2930 2305 2982; x_wconf 90' lang='lat' dir='ltr'><strong>in</strong></span> <span class='ocrx_word' id='word_1_422' title='bbox 2336 2929 2435 2981; x_wconf 90' lang='lat' dir='ltr'><strong>ltac</strong></span> <span class='ocrx_word' id='word_1_423' title='bbox 2456 2928 2540 2982; x_wconf 89' lang='lat' dir='ltr'><strong>die</strong></span> <span class='ocrx_word' id='word_1_424' title='bbox 2576 2938 2665 2981; x_wconf 82' lang='lat' dir='ltr'><strong>tua</strong></span> <span class='ocrx_word' id='word_1_425' title='bbox 2691 2943 2808 2998; x_wconf 76' lang='lat' dir='ltr'><strong>qua:</strong></span> <span class='ocrx_word' id='word_1_426' title='bbox 2858 2927 2925 2980; x_wconf 88' lang='lat' dir='ltr'><strong>ad</strong></span> <span class='ocrx_word' id='word_1_427' title='bbox 2948 2943 3137 2996; x_wconf 88' lang='lat' dir='ltr'><strong>pacem</strong></span> <span class='ocrx_word' id='word_1_428' title='bbox 3170 2926 3287 2991; x_wconf 82' lang='lat' dir='ltr'><strong>tibi,</strong></span> <span class='ocrx_word' id='word_1_429' title='bbox 3313 2942 3372 2979; x_wconf 86' lang='lat' dir='ltr'><strong>ac</strong></span> <span class='ocrx_word' id='word_1_430' title='bbox 3393 2927 3431 2981; x_wconf 88' lang='lat' dir='ltr'><strong>si</strong></span> <span class='ocrx_word' id='word_1_431' title='bbox 3451 2927 3593 2980; x_wconf 83' lang='lat' dir='ltr'><strong>dicat:</strong></span> <span class='ocrx_word' id='word_1_432' title='bbox 3618 2926 3707 2981; x_wconf 66' lang='lat' dir='ltr'><strong>hunc</strong></span> 
     </span>
    </p>
   </div>
   <div class='ocr_carea' id='block_1_59' title="bbox 2252 3021 3710 3092">
    <p class='ocr_par' dir='ltr' id='par_1_59' title="bbox 2252 3021 3710 3092">
     <span class='ocr_line' id='line_1_59' title="bbox 2252 3021 3710 3092; baseline -0.001 -19"><span class='ocrx_word' id='word_1_433' title='bbox 2252 3021 2469 3092; x_wconf 91' lang='lat' dir='ltr'><strong>quidem</strong></span> <span class='ocrx_word' id='word_1_434' title='bbox 2504 3021 2669 3074; x_wconf 89' lang='lat' dir='ltr'><strong>habes</strong></span> <span class='ocrx_word' id='word_1_435' title='bbox 2700 3029 2913 3089; x_wconf 88' lang='lat' dir='ltr'><strong>tempus</strong></span> <span class='ocrx_word' id='word_1_436' title='bbox 2945 3028 3096 3073; x_wconf 88' lang='lat' dir='ltr'><strong>tuum</strong></span> <span class='ocrx_word' id='word_1_437' title='bbox 3120 3058 3137 3085; x_wconf 94' lang='lat'><strong>,</strong></span> <span class='ocrx_word' id='word_1_438' title='bbox 3168 3027 3225 3073; x_wconf 86' lang='lat' dir='ltr'><strong>et</strong></span> <span class='ocrx_word' id='word_1_439' title='bbox 3266 3033 3435 3089; x_wconf 86' lang='lat' dir='ltr'><strong>pacem</strong></span> <span class='ocrx_word' id='word_1_440' title='bbox 3476 3030 3600 3081; x_wconf 85' lang='lat' dir='ltr'><strong>luam,</strong></span> <span class='ocrx_word' id='word_1_441' title='bbox 3630 3036 3710 3071; x_wconf 80' lang='lat' dir='ltr'><strong>nunc</strong></span> 
     </span>
    </p>
   </div>
   <div class='ocr_carea' id='block_1_60' title="bbox 568 3105 3710 3209">
    <p class='ocr_par' dir='ltr' id='par_1_60' title="bbox 568 3105 3710 3209">
     <span class='ocr_line' id='line_1_60' title="bbox 568 3105 3710 3209; baseline -0.002 -42"><span class='ocrx_word' id='word_1_442' title='bbox 568 3113 796 3185; x_wconf 87' lang='lat' dir='ltr'><strong>quisque</strong></span> <span class='ocrx_word' id='word_1_443' title='bbox 842 3112 908 3170; x_wconf 92' lang='lat' dir='ltr'><strong>de</strong></span> <span class='ocrx_word' id='word_1_444' title='bbox 965 3109 1267 3169; x_wconf 57' lang='lat' dir='ltr'><strong>commissa.</strong></span> <span class='ocrx_word' id='word_1_445' title='bbox 1296 3107 1623 3181; x_wconf 58' lang='lat' dir='ltr'><strong>sibi-gratia,</strong></span> <span class='ocrx_word' id='word_1_446' title='bbox 1676 3116 1783 3160; x_wconf 90' lang='lat' dir='ltr'><strong>tam</strong></span> <span class='ocrx_word' id='word_1_447' title='bbox 1828 3105 1931 3159; x_wconf 86' lang='lat' dir='ltr'><strong>sibi</strong></span> <span class='ocrx_word' id='word_1_448' title='bbox 1983 3120 2145 3174; x_wconf 90' lang='lat' dir='ltr'><strong>quatn</strong></span> <span class='ocrx_word' id='word_1_449' title='bbox 2174 3146 2219 3209; x_wconf 66' lang='grc' dir='ltr'>Ο</span> <span class='ocrx_word' id='word_1_450' title='bbox 2252 3111 2454 3182; x_wconf 85' lang='lat' dir='ltr'><strong>gaudes</strong></span> <span class='ocrx_word' id='word_1_451' title='bbox 2482 3118 2537 3165; x_wconf 91' lang='lat' dir='ltr'><strong>et</strong></span> <span class='ocrx_word' id='word_1_452' title='bbox 2582 3108 3158 3179; x_wconf 57' lang='lat' dir='ltr'><strong>delcctarisJempore</strong></span> <span class='ocrx_word' id='word_1_453' title='bbox 3193 3111 3526 3179; x_wconf 86' lang='lat' dir='ltr'><strong>prosperitatis</strong></span> <span class='ocrx_word' id='word_1_454' title='bbox 3553 3120 3591 3162; x_wconf 84' lang='lat' dir='ltr'><strong>et</strong></span> <span class='ocrx_word' id='word_1_455' title='bbox 3624 3108 3710 3179; x_wconf 78' lang='lat' dir='ltr'><strong>pnis</strong></span> 
     </span>
    </p>
   </div>
   <div class='ocr_carea' id='block_1_61' title="bbox 568 3206 2142 3278">
    <p class='ocr_par' dir='ltr' id='par_1_61' title="bbox 568 3206 2142 3278">
     <span class='ocr_line' id='line_1_61' title="bbox 568 3206 2142 3278; baseline -0.004 -17"><span class='ocrx_word' id='word_1_456' title='bbox 568 3208 686 3263; x_wconf 81' lang='lat' dir='ltr'><strong>aliis</strong></span> <span class='ocrx_word' id='word_1_457' title='bbox 722 3206 1019 3278; x_wconf 89' lang='lat' dir='ltr'><strong>profectum</strong></span> <span class='ocrx_word' id='word_1_458' title='bbox 1074 3208 1378 3278; x_wconf 86' lang='lat' dir='ltr'><strong>acquirens,</strong></span> <span class='ocrx_word' id='word_1_459' title='bbox 1422 3212 1679 3259; x_wconf 64' lang='lat' dir='ltr'><strong>aeternam</strong></span> <span class='ocrx_word' id='word_1_460' title='bbox 1724 3206 1999 3256; x_wconf 87' lang='lat' dir='ltr'><strong>mereatur</strong></span> <span class='ocrx_word' id='word_1_461' title='bbox 2048 3212 2142 3254; x_wconf 82' lang='lat' dir='ltr'><strong>ac-</strong></span> 
     </span>
    </p>
   </div>
   <div class='ocr_carea' id='block_1_62' title="bbox 567 3296 1433 3368">
    <p class='ocr_par' dir='ltr' id='par_1_62' title="bbox 567 3296 1433 3368">
     <span class='ocr_line' id='line_1_62' title="bbox 567 3296 1433 3368; baseline -0.006 -14"><span class='ocrx_word' id='word_1_462' title='bbox 567 3297 748 3368; x_wconf 87' lang='lat' dir='ltr'><strong>cipere</strong></span> <span class='ocrx_word' id='word_1_463' title='bbox 769 3298 1205 3353; x_wconf 90' lang='lat' dir='ltr'><strong>retributionem.</strong></span> <span class='ocrx_word' id='word_1_464' title='bbox 1238 3296 1433 3350; x_wconf 80' lang='lat' dir='ltr'><strong>Amen.</strong></span> 
     </span>
    </p>
   </div>
   <div class='ocr_carea' id='block_1_63' title="bbox 1098 3383 1617 3444">
    <p class='ocr_par' dir='ltr' id='par_1_63' title="bbox 1098 3383 1617 3444">
     <span class='ocr_line' id='line_1_63' title="bbox 1098 3383 1617 3444; baseline -0.012 0"><span class='ocrx_word' id='word_1_465' title='bbox 1098 3387 1379 3444; x_wconf 75' lang='lat' dir='ltr'><strong>HOMILIA</strong></span> <span class='ocrx_word' id='word_1_466' title='bbox 1431 3383 1617 3440; x_wconf 78' lang='lat' dir='ltr'><strong>XXIII.</strong></span> 
     </span>
    </p>
   </div>
   <div class='ocr_carea' id='block_1_64' title="bbox 836 3490 1864 3537">
    <p class='ocr_par' dir='ltr' id='par_1_64' title="bbox 836 3490 1864 3537">
     <span class='ocr_line' id='line_1_64' title="bbox 836 3490 1864 3537; baseline -0.007 0"><span class='ocrx_word' id='word_1_467' title='bbox 836 3497 1088 3537; x_wconf 69' lang='lat' dir='ltr'><strong>MIINICA</strong></span> <span class='ocrx_word' id='word_1_468' title='bbox 1121 3495 1317 3535; x_wconf 71' lang='lat' dir='ltr'><strong>DECIIA</strong></span> <span class='ocrx_word' id='word_1_469' title='bbox 1346 3494 1476 3534; x_wconf 78' lang='lat' dir='ltr'><strong>POS&#39;I&#39;</strong></span> <span class='ocrx_word' id='word_1_470' title='bbox 1508 3490 1864 3533; x_wconf 70' lang='lat' dir='ltr'><strong>TBIMTATEI.</strong></span> 
     </span>
    </p>
   </div>
   <div class='ocr_carea' id='block_1_65' title="bbox 640 3568 2147 3646">
    <p class='ocr_par' dir='ltr' id='par_1_65' title="bbox 640 3568 2147 3646">
     <span class='ocr_line' id='line_1_65' title="bbox 640 3568 2147 3646; baseline -0.005 -17"><span class='ocrx_word' id='word_1_471' title='bbox 640 3574 773 3629; x_wconf 87' lang='lat' dir='ltr'><strong>Cum</strong></span> <span class='ocrx_word' id='word_1_472' title='bbox 811 3576 1249 3646; x_wconf 82' lang='lat' dir='ltr'><strong>appropinquaret</strong></span> <span class='ocrx_word' id='word_1_473' title='bbox 1280 3572 1436 3626; x_wconf 82' lang='lat' dir='ltr'><strong>Jesus</strong></span> <span class='ocrx_word' id='word_1_474' title='bbox 1462 3569 1759 3625; x_wconf 81' lang='lat' dir='ltr'><strong>Jerusalem</strong></span> <span class='ocrx_word' id='word_1_475' title='bbox 1782 3608 1798 3635; x_wconf 93' lang='lat'><strong>,</strong></span> <span class='ocrx_word' id='word_1_476' title='bbox 1820 3570 1995 3623; x_wconf 75' lang='lat' dir='ltr'><strong>ridens</strong></span> <span class='ocrx_word' id='word_1_477' title='bbox 2017 3568 2147 3622; x_wconf 81' lang='lat' dir='ltr'><strong>ciri-</strong></span> 
     </span>
    </p>
   </div>
   <div class='ocr_carea' id='block_1_66' title="bbox 568 3660 2149 3737">
    <p class='ocr_par' dir='ltr' id='par_1_66' title="bbox 568 3660 2149 3737">
     <span class='ocr_line' id='line_1_66' title="bbox 568 3660 2149 3737; baseline -0.006 -14"><span class='ocrx_word' id='word_1_478' title='bbox 568 3676 727 3723; x_wconf 71' lang='lat' dir='ltr'><strong>tntem</strong></span> <span class='ocrx_word' id='word_1_479' title='bbox 758 3668 893 3737; x_wconf 82' lang='lat' dir='ltr'><strong>ﬂevit</strong></span> <span class='ocrx_word' id='word_1_480' title='bbox 926 3683 1081 3737; x_wconf 88' lang='lat' dir='ltr'><strong>super</strong></span> <span class='ocrx_word' id='word_1_481' title='bbox 1116 3665 1295 3729; x_wconf 84' lang='lat' dir='ltr'><strong>illam,</strong></span> <span class='ocrx_word' id='word_1_482' title='bbox 1322 3662 1497 3717; x_wconf 87' lang='lat' dir='ltr'><strong>dicens</strong></span> <span class='ocrx_word' id='word_1_483' title='bbox 1526 3679 1544 3717; x_wconf 94' lang='lat'><em>:</em></span> <span class='ocrx_word' id='word_1_484' title='bbox 1577 3661 1714 3728; x_wconf 82' lang='lat' dir='ltr'><strong>Quia</strong></span> <span class='ocrx_word' id='word_1_485' title='bbox 1747 3662 1792 3715; x_wconf 91' lang='lat' dir='ltr'><strong>si</strong></span> <span class='ocrx_word' id='word_1_486' title='bbox 1822 3660 2149 3730; x_wconf 82' lang='lat' dir='ltr'><strong>cognovisses</strong></span> 
     </span>
    </p>
   </div>
   <div class='ocr_carea' id='block_1_67' title="bbox 566 3752 2153 3831">
    <p class='ocr_par' dir='ltr' id='par_1_67' title="bbox 566 3752 2153 3831">
     <span class='ocr_line' id='line_1_67' title="bbox 566 3752 2153 3831; baseline -0.008 -14"><span class='ocrx_word' id='word_1_487' title='bbox 566 3771 616 3817; x_wconf 81' lang='lat' dir='ltr'><strong>st</strong></span> <span class='ocrx_word' id='word_1_488' title='bbox 643 3757 1399 3831; x_wconf 69' lang='lat' dir='ltr'><strong>tu(Luc..xrx).,Prtelibatam,</strong></span> <span class='ocrx_word' id='word_1_489' title='bbox 1420 3756 1614 3810; x_wconf 80' lang='lat' dir='ltr'><strong>fratres</strong></span> <span class='ocrx_word' id='word_1_490' title='bbox 1642 3752 1971 3818; x_wconf 85' lang='lat' dir='ltr'><strong>charissitni,</strong></span> <span class='ocrx_word' id='word_1_491' title='bbox 1987 3766 2153 3821; x_wconf 78' lang='lat' dir='ltr'><strong>expo-</strong></span> 
     </span>
    </p>
   </div>
   <div class='ocr_carea' id='block_1_68' title="bbox 566 3843 2151 3920">
    <p class='ocr_par' dir='ltr' id='par_1_68' title="bbox 566 3843 2151 3920">
     <span class='ocr_line' id='line_1_68' title="bbox 566 3843 2151 3920; baseline -0.007 -13"><span class='ocrx_word' id='word_1_492' title='bbox 566 3850 725 3907; x_wconf 86' lang='lat' dir='ltr'><strong>situri</strong></span> <span class='ocrx_word' id='word_1_493' title='bbox 753 3850 1062 3914; x_wconf 87' lang='lat' dir='ltr'><strong>lectionem,</strong></span> <span class='ocrx_word' id='word_1_494' title='bbox 1095 3849 1327 3920; x_wconf 88' lang='lat' dir='ltr'><strong>primum</strong></span> <span class='ocrx_word' id='word_1_495' title='bbox 1349 3862 1411 3902; x_wconf 89' lang='lat' dir='ltr'><strong>ea</strong></span> <span class='ocrx_word' id='word_1_496' title='bbox 1441 3862 1558 3917; x_wconf 71' lang='lat' dir='ltr'><strong>qua:</strong></span> <span class='ocrx_word' id='word_1_497' title='bbox 1577 3846 1643 3900; x_wconf 91' lang='lat' dir='ltr'><strong>ad</strong></span> <span class='ocrx_word' id='word_1_498' title='bbox 1670 3845 1925 3910; x_wconf 90' lang='lat' dir='ltr'><strong>litteram,</strong></span> <span class='ocrx_word' id='word_1_499' title='bbox 1955 3843 2151 3898; x_wconf 86' lang='lat' dir='ltr'><strong>deinde</strong></span> 
     </span>
    </p>
   </div>
   <div class='ocr_carea' id='block_1_69' title="bbox 566 3938 2151 4013">
    <p class='ocr_par' dir='ltr' id='par_1_69' title="bbox 566 3938 2151 4013">
     <span class='ocr_line' id='line_1_69' title="bbox 566 3938 2151 4013; baseline -0.005 -12"><span class='ocrx_word' id='word_1_500' title='bbox 566 3958 632 4001; x_wconf 75' lang='lat' dir='ltr'><strong>ea</strong></span> <span class='ocrx_word' id='word_1_501' title='bbox 661 3959 780 4013; x_wconf 75' lang='lat' dir='ltr'><strong>qua:</strong></span> <span class='ocrx_word' id='word_1_502' title='bbox 819 3941 884 3997; x_wconf 92' lang='lat' dir='ltr'><strong>ad</strong></span> <span class='ocrx_word' id='word_1_503' title='bbox 924 3942 1212 4013; x_wconf 85' lang='lat' dir='ltr'><strong>mysticum</strong></span> <span class='ocrx_word' id='word_1_504' title='bbox 1244 3954 1461 3997; x_wconf 85' lang='lat' dir='ltr'><strong>sensum</strong></span> <span class='ocrx_word' id='word_1_505' title='bbox 1507 3939 1798 4009; x_wconf 85' lang='lat' dir='ltr'><strong>pertinent,</strong></span> <span class='ocrx_word' id='word_1_506' title='bbox 1847 3938 2151 3993; x_wconf 75' lang='lat' dir='ltr'><strong>videamus.</strong></span> 
     </span>
    </p>
   </div>
   <div class='ocr_carea' id='block_1_70' title="bbox 568 4028 2149 4106">
    <p class='ocr_par' dir='ltr' id='par_1_70' title="bbox 568 4028 2149 4106">
     <span class='ocr_line' id='line_1_70' title="bbox 568 4028 2149 4106; baseline -0.005 -14"><span class='ocrx_word' id='word_1_507' title='bbox 568 4035 758 4100; x_wconf 82' lang='lat' dir='ltr'><strong>Porro,</strong></span> <span class='ocrx_word' id='word_1_508' title='bbox 810 4035 965 4106; x_wconf 82' lang='lat' dir='ltr'><strong>juxta</strong></span> <span class='ocrx_word' id='word_1_509' title='bbox 1013 4032 1271 4098; x_wconf 90' lang='lat' dir='ltr'><strong>litteram,</strong></span> <span class='ocrx_word' id='word_1_510' title='bbox 1335 4032 1595 4088; x_wconf 84' lang='lat' dir='ltr'><strong>Dominus</strong></span> <span class='ocrx_word' id='word_1_511' title='bbox 1648 4032 1703 4087; x_wconf 91' lang='lat' dir='ltr'><strong>in</strong></span> <span class='ocrx_word' id='word_1_512' title='bbox 1750 4032 1851 4085; x_wconf 92' lang='lat' dir='ltr'><strong>hac</strong></span> <span class='ocrx_word' id='word_1_513' title='bbox 1917 4028 2149 4084; x_wconf 88' lang='lat' dir='ltr'><strong>lectione</strong></span> 
     </span>
    </p>
   </div>
   <div class='ocr_carea' id='block_1_71' title="bbox 568 4122 2151 4199">
    <p class='ocr_par' dir='ltr' id='par_1_71' title="bbox 568 4122 2151 4199">
     <span class='ocr_line' id='line_1_71' title="bbox 568 4122 2151 4199; baseline -0.005 -14"><span class='ocrx_word' id='word_1_514' title='bbox 568 4132 909 4185; x_wconf 85' lang='lat' dir='ltr'><strong>demonstrat</strong></span> <span class='ocrx_word' id='word_1_515' title='bbox 946 4137 1178 4199; x_wconf 89' lang='lat' dir='ltr'><strong>quatuor</strong></span> <span class='ocrx_word' id='word_1_516' title='bbox 1215 4144 1304 4184; x_wconf 91' lang='lat' dir='ltr'><strong>res</strong></span> <span class='ocrx_word' id='word_1_517' title='bbox 1340 4143 1398 4183; x_wconf 89' lang='lat' dir='ltr'><strong>se</strong></span> <span class='ocrx_word' id='word_1_518' title='bbox 1428 4128 1627 4182; x_wconf 89' lang='lat' dir='ltr'><strong>habere</strong></span> <span class='ocrx_word' id='word_1_519' title='bbox 1653 4168 1669 4193; x_wconf 96' lang='lat'><strong>,</strong></span> <span class='ocrx_word' id='word_1_520' title='bbox 1719 4140 1902 4181; x_wconf 86' lang='lat' dir='ltr'><strong>veram</strong></span> <span class='ocrx_word' id='word_1_521' title='bbox 1941 4122 2151 4179; x_wconf 87' lang='lat' dir='ltr'><strong>scilicet</strong></span> 
     </span>
    </p>
   </div>
   <div class='ocr_carea' id='block_1_72' title="bbox 570 4216 2151 4285">
    <p class='ocr_par' dir='ltr' id='par_1_72' title="bbox 570 4216 2151 4285">
     <span class='ocr_line' id='line_1_72' title="bbox 570 4216 2151 4285; baseline -0.005 -8"><span class='ocrx_word' id='word_1_522' title='bbox 570 4221 980 4285; x_wconf 87' lang='lat' dir='ltr'><strong>humanitatem,</strong></span> <span class='ocrx_word' id='word_1_523' title='bbox 1011 4235 1192 4275; x_wconf 82' lang='lat' dir='ltr'><strong>veram</strong></span> <span class='ocrx_word' id='word_1_524' title='bbox 1218 4220 1575 4284; x_wconf 89' lang='lat' dir='ltr'><strong>divinitatem,</strong></span> <span class='ocrx_word' id='word_1_525' title='bbox 1601 4233 1782 4273; x_wconf 88' lang='lat' dir='ltr'><strong>veram</strong></span> <span class='ocrx_word' id='word_1_526' title='bbox 1801 4216 2070 4285; x_wconf 88' lang='lat' dir='ltr'><strong>justitiam</strong></span> <span class='ocrx_word' id='word_1_527' title='bbox 2096 4222 2151 4270; x_wconf 88' lang='lat' dir='ltr'><strong>et</strong></span> 
     </span>
    </p>
   </div>
   <div class='ocr_carea' id='block_1_73' title="bbox 569 4304 2151 4368">
    <p class='ocr_par' dir='ltr' id='par_1_73' title="bbox 569 4304 2151 4368">
     <span class='ocr_line' id='line_1_73' title="bbox 569 4304 2151 4368; baseline -0.004 0"><span class='ocrx_word' id='word_1_528' title='bbox 569 4326 751 4368; x_wconf 89' lang='lat' dir='ltr'><strong>veram</strong></span> <span class='ocrx_word' id='word_1_529' title='bbox 786 4312 1131 4367; x_wconf 91' lang='lat' dir='ltr'><strong>cbaritatem.</strong></span> <span class='ocrx_word' id='word_1_530' title='bbox 1190 4311 1387 4366; x_wconf 81' lang='lat' dir='ltr'><strong>Veram</strong></span> <span class='ocrx_word' id='word_1_531' title='bbox 1413 4310 1811 4365; x_wconf 88' lang='lat' dir='ltr'><strong>humanitatem</strong></span> <span class='ocrx_word' id='word_1_532' title='bbox 1860 4321 1925 4362; x_wconf 91' lang='lat' dir='ltr'><strong>se</strong></span> <span class='ocrx_word' id='word_1_533' title='bbox 1951 4304 2151 4362; x_wconf 81' lang='lat' dir='ltr'><strong>habere</strong></span> 
     </span>
    </p>
   </div>
   <div class='ocr_carea' id='block_1_74' title="bbox 568 4398 2151 4476">
    <p class='ocr_par' dir='ltr' id='par_1_74' title="bbox 568 4398 2151 4476">
     <span class='ocr_line' id='line_1_74' title="bbox 568 4398 2151 4476; baseline -0.006 -14"><span class='ocrx_word' id='word_1_534' title='bbox 568 4406 822 4473; x_wconf 88' lang='lat' dir='ltr'><strong>ostendit,</strong></span> <span class='ocrx_word' id='word_1_535' title='bbox 865 4421 986 4461; x_wconf 92' lang='lat' dir='ltr'><strong>cum</strong></span> <span class='ocrx_word' id='word_1_536' title='bbox 1040 4414 1293 4476; x_wconf 89' lang='lat' dir='ltr'><strong>tanquam</strong></span> <span class='ocrx_word' id='word_1_537' title='bbox 1347 4419 1507 4459; x_wconf 89' lang='lat' dir='ltr'><strong>verus</strong></span> <span class='ocrx_word' id='word_1_538' title='bbox 1556 4403 1717 4457; x_wconf 90' lang='lat' dir='ltr'><strong>homo</strong></span> <span class='ocrx_word' id='word_1_539' title='bbox 1749 4400 1943 4470; x_wconf 89' lang='lat' dir='ltr'><strong>plorat.</strong></span> <span class='ocrx_word' id='word_1_540' title='bbox 1995 4398 2151 4453; x_wconf 87' lang='lat' dir='ltr'><strong>Flere</strong></span> 
     </span>
    </p>
   </div>
   <div class='ocr_carea' id='block_1_75' title="bbox 2251 3200 3712 3269">
    <p class='ocr_par' dir='ltr' id='par_1_75' title="bbox 2251 3200 3712 3269">
     <span class='ocr_line' id='line_1_75' title="bbox 2251 3200 3712 3269; baseline -0.004 -10"><span class='ocrx_word' id='word_1_541' title='bbox 2251 3214 2377 3269; x_wconf 74' lang='lat' dir='ltr'><strong>tute,</strong></span> <span class='ocrx_word' id='word_1_542' title='bbox 2404 3217 2540 3255; x_wconf 88' lang='lat' dir='ltr'><strong>nunc</strong></span> <span class='ocrx_word' id='word_1_543' title='bbox 2570 3211 2744 3256; x_wconf 88' lang='lat' dir='ltr'><strong>autem</strong></span> <span class='ocrx_word' id='word_1_544' title='bbox 2769 3201 3081 3256; x_wconf 83' lang='lat' dir='ltr'><strong>abscondita</strong></span> <span class='ocrx_word' id='word_1_545' title='bbox 3109 3213 3236 3255; x_wconf 88' lang='lat' dir='ltr'><strong>sunt</strong></span> <span class='ocrx_word' id='word_1_546' title='bbox 3267 3200 3329 3253; x_wconf 89' lang='lat' dir='ltr'><strong>ab</strong></span> <span class='ocrx_word' id='word_1_547' title='bbox 3358 3203 3500 3255; x_wconf 75' lang='lat' dir='ltr'><strong>oculis</strong></span> <span class='ocrx_word' id='word_1_548' title='bbox 3525 3200 3712 3264; x_wconf 78' lang='lat' dir='ltr'><strong>tuis,nnlt</strong></span> 
     </span>
    </p>
   </div>
   <div class='ocr_carea' id='block_1_76' title="bbox 2250 3292 3709 3363">
    <p class='ocr_par' dir='ltr' id='par_1_76' title="bbox 2250 3292 3709 3363">
     <span class='ocr_line' id='line_1_76' title="bbox 2250 3292 3709 3363; baseline -0.008 -9"><span class='ocrx_word' id='word_1_549' title='bbox 2250 3299 2459 3355; x_wconf 87' lang='lat' dir='ltr'><strong>scilicet</strong></span> <span class='ocrx_word' id='word_1_550' title='bbox 2495 3297 2588 3352; x_wconf 88' lang='lat' dir='ltr'><strong>tibi</strong></span> <span class='ocrx_word' id='word_1_551' title='bbox 2621 3306 2867 3352; x_wconf 86' lang='lat' dir='ltr'><strong>ventura.</strong></span> <span class='ocrx_word' id='word_1_552' title='bbox 2922 3296 3052 3362; x_wconf 63' lang='lat' dir='ltr'><strong>Quae</strong></span> <span class='ocrx_word' id='word_1_553' title='bbox 3092 3292 3367 3363; x_wconf 87' lang='lat' dir='ltr'><strong>subjungit</strong></span> <span class='ocrx_word' id='word_1_554' title='bbox 3399 3312 3411 3347; x_wconf 90' lang='lat'><strong>:</strong></span> <span class='ocrx_word' id='word_1_555' title='bbox 3446 3294 3555 3359; x_wconf 80' lang='lat' dir='ltr'><strong>Quia</strong></span> <span class='ocrx_word' id='word_1_556' title='bbox 3570 3296 3709 3347; x_wconf 71' lang='lat' dir='ltr'><strong>citast-</strong></span> 
     </span>
    </p>
   </div>
   <div class='ocr_carea' id='block_1_77' title="bbox 2250 3386 3714 3453">
    <p class='ocr_par' dir='ltr' id='par_1_77' title="bbox 2250 3386 3714 3453">
     <span class='ocr_line' id='line_1_77' title="bbox 2250 3386 3714 3453; baseline -0.005 -9"><span class='ocrx_word' id='word_1_557' title='bbox 2250 3390 2448 3444; x_wconf 85' lang='lat' dir='ltr'><strong>dabunt</strong></span> <span class='ocrx_word' id='word_1_558' title='bbox 2474 3401 2522 3443; x_wconf 94' lang='lat' dir='ltr'><strong>te</strong></span> <span class='ocrx_word' id='word_1_559' title='bbox 2545 3389 2747 3442; x_wconf 82' lang='lat' dir='ltr'><strong>inimici</strong></span> <span class='ocrx_word' id='word_1_560' title='bbox 2770 3388 2847 3440; x_wconf 91' lang='lat' dir='ltr'><strong>tui</strong></span> <span class='ocrx_word' id='word_1_561' title='bbox 2875 3386 3035 3453; x_wconf 83' lang='lat' dir='ltr'><strong>t-allo,</strong></span> <span class='ocrx_word' id='word_1_562' title='bbox 3070 3396 3123 3440; x_wconf 90' lang='lat' dir='ltr'><strong>et</strong></span> <span class='ocrx_word' id='word_1_563' title='bbox 3172 3386 3537 3440; x_wconf 77' lang='lat' dir='ltr'><strong>circumdabant</strong></span> <span class='ocrx_word' id='word_1_564' title='bbox 3568 3397 3603 3439; x_wconf 86' lang='lat' dir='ltr'><strong>te</strong></span> <span class='ocrx_word' id='word_1_565' title='bbox 3620 3386 3714 3438; x_wconf 71' lang='lat' dir='ltr'><strong>uril-</strong></span> 
     </span>
    </p>
   </div>
   <div class='ocr_carea' id='block_1_78' title="bbox 2249 3480 3715 3553">
    <p class='ocr_par' dir='ltr' id='par_1_78' title="bbox 2249 3480 3715 3553">
     <span class='ocr_line' id='line_1_78' title="bbox 2249 3480 3715 3553; baseline -0.005 -16"><span class='ocrx_word' id='word_1_566' title='bbox 2249 3500 2371 3553; x_wconf 87' lang='lat' dir='ltr'><strong>que,</strong></span> <span class='ocrx_word' id='word_1_567' title='bbox 2398 3493 2443 3537; x_wconf 89' lang='lat' dir='ltr'><strong>et</strong></span> <span class='ocrx_word' id='word_1_568' title='bbox 2467 3482 2536 3535; x_wconf 86' lang='lat' dir='ltr'><strong>ad</strong></span> <span class='ocrx_word' id='word_1_569' title='bbox 2565 3493 2761 3535; x_wconf 89' lang='lat' dir='ltr'><strong>terram</strong></span> <span class='ocrx_word' id='word_1_570' title='bbox 2791 3492 3127 3550; x_wconf 84' lang='lat' dir='ltr'><strong>prosternent</strong></span> <span class='ocrx_word' id='word_1_571' title='bbox 3156 3493 3206 3533; x_wconf 86' lang='lat' dir='ltr'><strong>te</strong></span> <span class='ocrx_word' id='word_1_572' title='bbox 3228 3526 3243 3547; x_wconf 86' lang='lat'><strong>,</strong></span> <span class='ocrx_word' id='word_1_573' title='bbox 3266 3493 3314 3536; x_wconf 82' lang='lat' dir='ltr'><strong>et</strong></span> <span class='ocrx_word' id='word_1_574' title='bbox 3340 3481 3466 3549; x_wconf 77' lang='lat' dir='ltr'><strong>ﬁlios</strong></span> <span class='ocrx_word' id='word_1_575' title='bbox 3497 3480 3662 3548; x_wconf 79' lang='lat' dir='ltr'><strong>llosqu</strong></span> <span class='ocrx_word' id='word_1_576' title='bbox 3685 3481 3715 3529; x_wconf 75' lang='lat' dir='ltr'><strong>is</strong></span> 
     </span>
    </p>
   </div>
   <div class='ocr_carea' id='block_1_79' title="bbox 2252 3574 3719 3648">
    <p class='ocr_par' dir='ltr' id='par_1_79' title="bbox 2252 3574 3719 3648">
     <span class='ocr_line' id='line_1_79' title="bbox 2252 3574 3719 3648; baseline -0.006 -18"><span class='ocrx_word' id='word_1_577' title='bbox 2252 3588 2300 3631; x_wconf 92' lang='lat' dir='ltr'><strong>te</strong></span> <span class='ocrx_word' id='word_1_578' title='bbox 2320 3587 2464 3641; x_wconf 88' lang='lat' dir='ltr'><strong>sunt,</strong></span> <span class='ocrx_word' id='word_1_579' title='bbox 2488 3586 2536 3630; x_wconf 89' lang='lat' dir='ltr'><strong>et</strong></span> <span class='ocrx_word' id='word_1_580' title='bbox 2566 3592 2668 3628; x_wconf 89' lang='lat' dir='ltr'><strong>non</strong></span> <span class='ocrx_word' id='word_1_581' title='bbox 2693 3576 2982 3645; x_wconf 88' lang='lat' dir='ltr'><strong>relinquent</strong></span> <span class='ocrx_word' id='word_1_582' title='bbox 3006 3578 3060 3631; x_wconf 87' lang='lat' dir='ltr'><strong>in</strong></span> <span class='ocrx_word' id='word_1_583' title='bbox 3086 3589 3137 3633; x_wconf 86' lang='lat' dir='ltr'><strong>te</strong></span> <span class='ocrx_word' id='word_1_584' title='bbox 3162 3578 3388 3648; x_wconf 75' lang='lat' dir='ltr'><strong>lapideas</strong></span> <span class='ocrx_word' id='word_1_585' title='bbox 3411 3592 3539 3645; x_wconf 86' lang='lat' dir='ltr'><strong>super</strong></span> <span class='ocrx_word' id='word_1_586' title='bbox 3551 3574 3719 3641; x_wconf 72' lang='lat' dir='ltr'><strong>lapidea;</strong></span> 
     </span>
    </p>
   </div>
   <div class='ocr_carea' id='block_1_80' title="bbox 2250 3665 3718 3739">
    <p class='ocr_par' dir='ltr' id='par_1_80' title="bbox 2250 3665 3718 3739">
     <span class='ocr_line' id='line_1_80' title="bbox 2250 3665 3718 3739; baseline -0.007 -15"><span class='ocrx_word' id='word_1_587' title='bbox 2250 3669 2365 3724; x_wconf 65' lang='lat' dir='ltr'><strong>haec</strong></span> <span class='ocrx_word' id='word_1_588' title='bbox 2386 3668 2567 3723; x_wconf 89' lang='lat' dir='ltr'><strong>omnia</strong></span> <span class='ocrx_word' id='word_1_589' title='bbox 2593 3667 2791 3722; x_wconf 79' lang='lat' dir='ltr'><strong>fratres</strong></span> <span class='ocrx_word' id='word_1_590' title='bbox 2815 3668 2954 3735; x_wconf 88' lang='lat' dir='ltr'><strong>mei,</strong></span> <span class='ocrx_word' id='word_1_591' title='bbox 2985 3685 3110 3739; x_wconf 68' lang='lat' dir='ltr'><strong>qua:</strong></span> <span class='ocrx_word' id='word_1_592' title='bbox 3149 3671 3405 3727; x_wconf 76' lang='lat' dir='ltr'><strong>Dominus</strong></span> <span class='ocrx_word' id='word_1_593' title='bbox 3434 3666 3637 3739; x_wconf 66' lang='lat' dir='ltr'><strong>pretlixit.</strong></span> <span class='ocrx_word' id='word_1_594' title='bbox 3658 3665 3718 3714; x_wconf 83' lang='lat' dir='ltr'><strong>im-</strong></span> 
     </span>
    </p>
   </div>
   <div class='ocr_carea' id='block_1_81' title="bbox 2252 3756 3722 3835">
    <p class='ocr_par' dir='ltr' id='par_1_81' title="bbox 2252 3756 3722 3835">
     <span class='ocr_line' id='line_1_81' title="bbox 2252 3756 3722 3835; baseline -0.002 -21"><span class='ocrx_word' id='word_1_595' title='bbox 2252 3762 2394 3832; x_wconf 84' lang='lat' dir='ltr'><strong>pleta</strong></span> <span class='ocrx_word' id='word_1_596' title='bbox 2430 3771 2559 3817; x_wconf 87' lang='lat' dir='ltr'><strong>sunt</strong></span> <span class='ocrx_word' id='word_1_597' title='bbox 2582 3776 2677 3831; x_wconf 85' lang='lat' dir='ltr'><strong>per</strong></span> <span class='ocrx_word' id='word_1_598' title='bbox 2708 3759 2979 3817; x_wconf 78' lang='lat' dir='ltr'><strong>Romanos</strong></span> <span class='ocrx_word' id='word_1_599' title='bbox 3005 3763 3307 3835; x_wconf 86' lang='lat' dir='ltr'><strong>principes,</strong></span> <span class='ocrx_word' id='word_1_600' title='bbox 3336 3760 3499 3816; x_wconf 84' lang='lat' dir='ltr'><strong>Titum</strong></span> <span class='ocrx_word' id='word_1_601' title='bbox 3532 3770 3574 3814; x_wconf 79' lang='lat' dir='ltr'><strong>et</strong></span> <span class='ocrx_word' id='word_1_602' title='bbox 3597 3756 3722 3823; x_wconf 74' lang='lat' dir='ltr'><strong>Vespa-</strong></span> 
     </span>
    </p>
   </div>
   <div class='ocr_carea' id='block_1_82' title="bbox 2251 3853 3720 3928">
    <p class='ocr_par' dir='ltr' id='par_1_82' title="bbox 2251 3853 3720 3928">
     <span class='ocr_line' id='line_1_82' title="bbox 2251 3853 3720 3928; baseline -0.003 -18"><span class='ocrx_word' id='word_1_603' title='bbox 2251 3855 2465 3911; x_wconf 86' lang='lat' dir='ltr'><strong>sianum</strong></span> <span class='ocrx_word' id='word_1_604' title='bbox 2489 3898 2503 3922; x_wconf 90' lang='lat'><strong>,</strong></span> <span class='ocrx_word' id='word_1_605' title='bbox 2536 3856 2955 3927; x_wconf 84' lang='lat' dir='ltr'><strong>quadragesimo</strong></span> <span class='ocrx_word' id='word_1_606' title='bbox 2982 3873 3129 3912; x_wconf 89' lang='lat' dir='ltr'><strong>anno</strong></span> <span class='ocrx_word' id='word_1_607' title='bbox 3164 3873 3196 3912; x_wconf 86' lang='lat' dir='ltr'><strong>a</strong></span> <span class='ocrx_word' id='word_1_608' title='bbox 3246 3858 3482 3928; x_wconf 73' lang='lat' dir='ltr'><strong>passione</strong></span> <span class='ocrx_word' id='word_1_609' title='bbox 3507 3853 3720 3911; x_wconf 80' lang='lat' dir='ltr'><strong>Domini,ct</strong></span> 
     </span>
    </p>
   </div>
   <div class='ocr_carea' id='block_1_83' title="bbox 2253 3946 3722 4023">
    <p class='ocr_par' dir='ltr' id='par_1_83' title="bbox 2253 3946 3722 4023">
     <span class='ocr_line' id='line_1_83' title="bbox 2253 3946 3722 4023; baseline -0.007 -16"><span class='ocrx_word' id='word_1_610' title='bbox 2253 3952 2306 4007; x_wconf 92' lang='lat' dir='ltr'><strong>in</strong></span> <span class='ocrx_word' id='word_1_611' title='bbox 2331 3952 2517 4007; x_wconf 82' lang='lat' dir='ltr'><strong>eadem</strong></span> <span class='ocrx_word' id='word_1_612' title='bbox 2533 3950 2895 4020; x_wconf 85' lang='lat' dir='ltr'><strong>solemnitate,</strong></span> <span class='ocrx_word' id='word_1_613' title='bbox 2921 3952 2973 4006; x_wconf 92' lang='lat' dir='ltr'><strong>in</strong></span> <span class='ocrx_word' id='word_1_614' title='bbox 2998 3969 3103 4023; x_wconf 86' lang='lat' dir='ltr'><strong>qua</strong></span> <span class='ocrx_word' id='word_1_615' title='bbox 3132 3952 3414 4007; x_wconf 88' lang='lat' dir='ltr'><strong>Dominum</strong></span> <span class='ocrx_word' id='word_1_616' title='bbox 3434 3946 3722 4008; x_wconf 76' lang='lat' dir='ltr'><strong>crucifixeraut,</strong></span> 
     </span>
    </p>
   </div>
   <div class='ocr_carea' id='block_1_84' title="bbox 2252 4039 3720 4116">
    <p class='ocr_par' dir='ltr' id='par_1_84' title="bbox 2252 4039 3720 4116">
     <span class='ocr_line' id='line_1_84' title="bbox 2252 4039 3720 4116; baseline -0.005 -19"><span class='ocrx_word' id='word_1_617' title='bbox 2252 4044 2511 4101; x_wconf 90' lang='lat' dir='ltr'><strong>subversa</strong></span> <span class='ocrx_word' id='word_1_618' title='bbox 2567 4053 2648 4099; x_wconf 86' lang='lat' dir='ltr'><strong>est</strong></span> <span class='ocrx_word' id='word_1_619' title='bbox 2676 4044 2891 4109; x_wconf 88' lang='lat' dir='ltr'><strong>civitas,</strong></span> <span class='ocrx_word' id='word_1_620' title='bbox 2920 4054 2973 4099; x_wconf 93' lang='lat' dir='ltr'><strong>et</strong></span> <span class='ocrx_word' id='word_1_621' title='bbox 2997 4045 3064 4099; x_wconf 88' lang='lat' dir='ltr'><strong>de</strong></span> <span class='ocrx_word' id='word_1_622' title='bbox 3110 4046 3248 4116; x_wconf 87' lang='lat' dir='ltr'><strong>ipsis</strong></span> <span class='ocrx_word' id='word_1_623' title='bbox 3296 4044 3476 4107; x_wconf 82' lang='lat' dir='ltr'><strong>cceisi,</strong></span> <span class='ocrx_word' id='word_1_624' title='bbox 3507 4052 3592 4094; x_wconf 80' lang='lat' dir='ltr'><strong>tutu</strong></span> <span class='ocrx_word' id='word_1_625' title='bbox 3621 4039 3720 4099; x_wconf 82' lang='lat' dir='ltr'><strong>ferro,</strong></span> 
     </span>
    </p>
   </div>
   <div class='ocr_carea' id='block_1_85' title="bbox 2254 4133 3725 4200">
    <p class='ocr_par' dir='ltr' id='par_1_85' title="bbox 2254 4133 3725 4200">
     <span class='ocr_line' id='line_1_85' title="bbox 2254 4133 3725 4200; baseline -0.006 -9"><span class='ocrx_word' id='word_1_626' title='bbox 2254 4144 2367 4191; x_wconf 91' lang='lat' dir='ltr'><strong>tum</strong></span> <span class='ocrx_word' id='word_1_627' title='bbox 2409 4135 2583 4197; x_wconf 85' lang='lat' dir='ltr'><strong>fame,</strong></span> <span class='ocrx_word' id='word_1_628' title='bbox 2619 4136 2797 4191; x_wconf 89' lang='lat' dir='ltr'><strong>decies</strong></span> <span class='ocrx_word' id='word_1_629' title='bbox 2854 4145 3073 4191; x_wconf 89' lang='lat' dir='ltr'><strong>centum</strong></span> <span class='ocrx_word' id='word_1_630' title='bbox 3129 4136 3323 4191; x_wconf 87' lang='lat' dir='ltr'><strong>millia.</strong></span> <span class='ocrx_word' id='word_1_631' title='bbox 3366 4133 3538 4191; x_wconf 66' lang='lat' dir='ltr'><strong>Cameri</strong></span> <span class='ocrx_word' id='word_1_632' title='bbox 3574 4146 3644 4200; x_wconf 83' lang='lat' dir='ltr'><strong>per</strong></span> <span class='ocrx_word' id='word_1_633' title='bbox 3671 4142 3725 4182; x_wconf 81' lang='lat' dir='ltr'><strong>m-</strong></span> 
     </span>
    </p>
   </div>
   <div class='ocr_carea' id='block_1_86' title="bbox 2254 4224 3720 4299">
    <p class='ocr_par' dir='ltr' id='par_1_86' title="bbox 2254 4224 3720 4299">
     <span class='ocr_line' id='line_1_86' title="bbox 2254 4224 3720 4299; baseline -0.009 -15"><span class='ocrx_word' id='word_1_634' title='bbox 2254 4230 2429 4285; x_wconf 87' lang='lat' dir='ltr'><strong>tiones</strong></span> <span class='ocrx_word' id='word_1_635' title='bbox 2474 4230 2731 4299; x_wconf 87' lang='lat' dir='ltr'><strong>captivati</strong></span> <span class='ocrx_word' id='word_1_636' title='bbox 2784 4237 2840 4283; x_wconf 91' lang='lat' dir='ltr'><strong>et</strong></span> <span class='ocrx_word' id='word_1_637' title='bbox 2896 4228 3123 4294; x_wconf 84' lang='lat' dir='ltr'><strong>venditi,</strong></span> <span class='ocrx_word' id='word_1_638' title='bbox 3177 4229 3397 4299; x_wconf 87' lang='lat' dir='ltr'><strong>triginta</strong></span> <span class='ocrx_word' id='word_1_639' title='bbox 3445 4242 3535 4279; x_wconf 89' lang='lat' dir='ltr'><strong>uno</strong></span> <span class='ocrx_word' id='word_1_640' title='bbox 3558 4224 3720 4281; x_wconf 75' lang='lat' dir='ltr'><strong>denario,</strong></span> 
     </span>
    </p>
   </div>
   <div class='ocr_carea' id='block_1_87' title="bbox 2252 4312 3724 4392">
    <p class='ocr_par' dir='ltr' id='par_1_87' title="bbox 2252 4312 3724 4392">
     <span class='ocr_line' id='line_1_87' title="bbox 2252 4312 3724 4392; baseline -0.008 -17"><span class='ocrx_word' id='word_1_641' title='bbox 2252 4322 2343 4392; x_wconf 90' lang='lat' dir='ltr'><strong>qui</strong></span> <span class='ocrx_word' id='word_1_642' title='bbox 2381 4321 2657 4377; x_wconf 78' lang='lat' dir='ltr'><strong>Christum</strong></span> <span class='ocrx_word' id='word_1_643' title='bbox 2707 4320 2929 4390; x_wconf 84' lang='lat' dir='ltr'><strong>triginta</strong></span> <span class='ocrx_word' id='word_1_644' title='bbox 2976 4320 3259 4391; x_wconf 84' lang='lat' dir='ltr'><strong>argenteis</strong></span> <span class='ocrx_word' id='word_1_645' title='bbox 3287 4318 3618 4374; x_wconf 85' lang='lat' dir='ltr'><strong>vendiderant.</strong></span> <span class='ocrx_word' id='word_1_646' title='bbox 3637 4312 3724 4367; x_wconf 68' lang='lat' dir='ltr'><strong>Ilua</strong></span> 
     </span>
    </p>
   </div>
   <div class='ocr_carea' id='block_1_88' title="bbox 2253 4404 3723 4482">
    <p class='ocr_par' dir='ltr' id='par_1_88' title="bbox 2253 4404 3723 4482">
     <span class='ocr_line' id='line_1_88' title="bbox 2253 4404 3723 4482; baseline -0.005 -16"><span class='ocrx_word' id='word_1_647' title='bbox 2253 4422 2432 4468; x_wconf 89' lang='lat' dir='ltr'><strong>autem</strong></span> <span class='ocrx_word' id='word_1_648' title='bbox 2484 4412 2895 4468; x_wconf 87' lang='lat' dir='ltr'><strong>subversionem</strong></span> <span class='ocrx_word' id='word_1_649' title='bbox 2956 4420 3192 4468; x_wconf 87' lang='lat' dir='ltr'><strong>testatur</strong></span> <span class='ocrx_word' id='word_1_650' title='bbox 3254 4412 3371 4482; x_wconf 87' lang='lat' dir='ltr'><strong>ipse</strong></span> <span class='ocrx_word' id='word_1_651' title='bbox 3420 4411 3538 4464; x_wconf 88' lang='lat' dir='ltr'><strong>situs</strong></span> <span class='ocrx_word' id='word_1_652' title='bbox 3577 4404 3723 4460; x_wconf 62' lang='lat' dir='ltr'><strong>civitatis</strong></span> 
     </span>
    </p>
   </div>
   <div class='ocr_carea' id='block_1_89' title="bbox 568 4494 3726 4571">
    <p class='ocr_par' dir='ltr' id='par_1_89' title="bbox 568 4494 3726 4571">
     <span class='ocr_line' id='line_1_89' title="bbox 568 4494 3726 4571; baseline -0.003 -16"><span class='ocrx_word' id='word_1_653' title='bbox 568 4500 712 4555; x_wconf 91' lang='lat' dir='ltr'><strong>enim</strong></span> <span class='ocrx_word' id='word_1_654' title='bbox 729 4500 1085 4555; x_wconf 90' lang='lat' dir='ltr'><strong>humanitatis</strong></span> <span class='ocrx_word' id='word_1_655' title='bbox 1110 4509 1212 4554; x_wconf 88' lang='lat' dir='ltr'><strong>est.</strong></span> <span class='ocrx_word' id='word_1_656' title='bbox 1230 4498 1337 4554; x_wconf 91' lang='lat' dir='ltr'><strong>Sed</strong></span> <span class='ocrx_word' id='word_1_657' title='bbox 1359 4496 1485 4567; x_wconf 91' lang='lat' dir='ltr'><strong>quid</strong></span> <span class='ocrx_word' id='word_1_658' title='bbox 1509 4505 1616 4561; x_wconf 88' lang='lat' dir='ltr'><strong>est,</strong></span> <span class='ocrx_word' id='word_1_659' title='bbox 1641 4494 1834 4551; x_wconf 83' lang='lat' dir='ltr'><strong>fratres</strong></span> <span class='ocrx_word' id='word_1_660' title='bbox 1854 4494 1980 4559; x_wconf 90' lang='lat' dir='ltr'><strong>mei,</strong></span> <span class='ocrx_word' id='word_1_661' title='bbox 2006 4494 2149 4563; x_wconf 89' lang='lat' dir='ltr'><strong>quod</strong></span> <span class='ocrx_word' id='word_1_662' title='bbox 2182 4516 2227 4571; x_wconf 78' lang='grc' dir='ltr'><strong>ι)</strong></span> <span class='ocrx_word' id='word_1_663' title='bbox 2252 4506 2587 4562; x_wconf 59' lang='lat' dir='ltr'><strong>continentis</strong></span> <span class='ocrx_word' id='word_1_664' title='bbox 2627 4506 2679 4559; x_wconf 76' lang='lat' dir='ltr'><strong>in</strong></span> <span class='ocrx_word' id='word_1_665' title='bbox 2713 4520 2771 4561; x_wconf 73' lang='lat' dir='ltr'><strong>se</strong></span> <span class='ocrx_word' id='word_1_666' title='bbox 2800 4521 2944 4561; x_wconf 72' lang='lat' dir='ltr'><strong>nunc</strong></span> <span class='ocrx_word' id='word_1_667' title='bbox 2991 4504 3257 4560; x_wconf 55' lang='grc' dir='ltr'><strong>(λήνει-εει,</strong></span> <span class='ocrx_word' id='word_1_668' title='bbox 3300 4504 3499 4566; x_wconf 64' lang='lat' dir='ltr'><strong>locum,</strong></span> <span class='ocrx_word' id='word_1_669' title='bbox 3541 4501 3611 4571; x_wconf 68' lang='lat' dir='ltr'><strong>qui</strong></span> <span class='ocrx_word' id='word_1_670' title='bbox 3640 4497 3726 4566; x_wconf 74' lang='lat' dir='ltr'><strong>prius</strong></span> 
     </span>
    </p>
   </div>
   <div class='ocr_carea' id='block_1_90' title="bbox 567 4588 2149 4668">
    <p class='ocr_par' dir='ltr' id='par_1_90' title="bbox 567 4588 2149 4668">
     <span class='ocr_line' id='line_1_90' title="bbox 567 4588 2149 4668; baseline -0.005 -16"><span class='ocrx_word' id='word_1_671' title='bbox 567 4612 844 4668; x_wconf 91' lang='lat' dir='ltr'><strong>nunquam</strong></span> <span class='ocrx_word' id='word_1_672' title='bbox 876 4596 1134 4651; x_wconf 91' lang='lat' dir='ltr'><strong>Dominus</strong></span> <span class='ocrx_word' id='word_1_673' title='bbox 1164 4595 1361 4666; x_wconf 89' lang='lat' dir='ltr'><strong>legitur</strong></span> <span class='ocrx_word' id='word_1_674' title='bbox 1408 4592 1613 4657; x_wconf 89' lang='lat' dir='ltr'><strong>risisse,</strong></span> <span class='ocrx_word' id='word_1_675' title='bbox 1663 4590 1757 4643; x_wconf 90' lang='lat' dir='ltr'><strong>sed</strong></span> <span class='ocrx_word' id='word_1_676' title='bbox 1798 4589 1992 4660; x_wconf 86' lang='lat' dir='ltr'><strong>legitur</strong></span> <span class='ocrx_word' id='word_1_677' title='bbox 2029 4588 2149 4659; x_wconf 84' lang='lat' dir='ltr'><strong>plo-</strong></span> 
     </span>
    </p>
   </div>
   <div class='ocr_carea' id='block_1_91' title="bbox 568 4681 2149 4761">
    <p class='ocr_par' dir='ltr' id='par_1_91' title="bbox 568 4681 2149 4761">
     <span class='ocr_line' id='line_1_91' title="bbox 568 4681 2149 4761; baseline -0.004 -16"><span class='ocrx_word' id='word_1_678' title='bbox 568 4704 740 4756; x_wconf 89' lang='lat' dir='ltr'><strong>rasse,</strong></span> <span class='ocrx_word' id='word_1_679' title='bbox 765 4689 866 4745; x_wconf 91' lang='lat' dir='ltr'><strong>nisi</strong></span> <span class='ocrx_word' id='word_1_680' title='bbox 896 4690 1020 4761; x_wconf 90' lang='lat' dir='ltr'><strong>quia</strong></span> <span class='ocrx_word' id='word_1_681' title='bbox 1046 4688 1224 4743; x_wconf 90' lang='lat' dir='ltr'><strong>omnis</strong></span> <span class='ocrx_word' id='word_1_682' title='bbox 1248 4688 1391 4741; x_wconf 88' lang='lat' dir='ltr'><strong>risus</strong></span> <span class='ocrx_word' id='word_1_683' title='bbox 1420 4700 1488 4739; x_wconf 78' lang='lat' dir='ltr'><strong>ex</strong></span> <span class='ocrx_word' id='word_1_684' title='bbox 1515 4684 1750 4737; x_wconf 89' lang='lat' dir='ltr'><strong>vanitate</strong></span> <span class='ocrx_word' id='word_1_685' title='bbox 1780 4690 1881 4747; x_wconf 90' lang='lat' dir='ltr'><strong>est,</strong></span> <span class='ocrx_word' id='word_1_686' title='bbox 1917 4692 1973 4737; x_wconf 90' lang='lat' dir='ltr'><strong>et</strong></span> <span class='ocrx_word' id='word_1_687' title='bbox 1994 4681 2149 4739; x_wconf 90' lang='lat' dir='ltr'><strong>ﬂetus</strong></span> 
     </span>
    </p>
   </div>
   <div class='ocr_carea' id='block_1_92' title="bbox 566 4774 2150 4847">
    <p class='ocr_par' dir='ltr' id='par_1_92' title="bbox 566 4774 2150 4847">
     <span class='ocr_line' id='line_1_92' title="bbox 566 4774 2150 4847; baseline -0.006 -9"><span class='ocrx_word' id='word_1_688' title='bbox 566 4782 723 4839; x_wconf 89' lang='lat' dir='ltr'><strong>nobis</strong></span> <span class='ocrx_word' id='word_1_689' title='bbox 751 4782 898 4837; x_wconf 90' lang='lat' dir='ltr'><strong>utilis</strong></span> <span class='ocrx_word' id='word_1_690' title='bbox 928 4782 1047 4837; x_wconf 76' lang='lat' dir='ltr'><strong>est?</strong></span> <span class='ocrx_word' id='word_1_691' title='bbox 1101 4780 1167 4834; x_wconf 90' lang='lat' dir='ltr'><strong>de</strong></span> <span class='ocrx_word' id='word_1_692' title='bbox 1218 4779 1327 4833; x_wconf 86' lang='lat' dir='ltr'><strong>risu</strong></span> <span class='ocrx_word' id='word_1_693' title='bbox 1364 4778 1563 4847; x_wconf 90' lang='lat' dir='ltr'><strong>quippe</strong></span> <span class='ocrx_word' id='word_1_694' title='bbox 1614 4774 1870 4830; x_wconf 87' lang='lat' dir='ltr'><strong>Salomon</strong></span> <span class='ocrx_word' id='word_1_695' title='bbox 1913 4776 2036 4829; x_wconf 89' lang='lat' dir='ltr'><strong>ait:</strong></span> <span class='ocrx_word' id='word_1_696' title='bbox 2080 4774 2150 4829; x_wconf 85' lang='lat' dir='ltr'><strong>In</strong></span> 
     </span>
    </p>
   </div>
   <div class='ocr_carea' id='block_1_93' title="bbox 566 4868 2149 4945">
    <p class='ocr_par' dir='ltr' id='par_1_93' title="bbox 566 4868 2149 4945">
     <span class='ocr_line' id='line_1_93' title="bbox 566 4868 2149 4945; baseline -0.005 -14"><span class='ocrx_word' id='word_1_697' title='bbox 566 4890 659 4931; x_wconf 88' lang='lat' dir='ltr'><strong>ore</strong></span> <span class='ocrx_word' id='word_1_698' title='bbox 686 4875 831 4930; x_wconf 77' lang='lat' dir='ltr'><strong>stulti</strong></span> <span class='ocrx_word' id='word_1_699' title='bbox 851 4891 1054 4945; x_wconf 84' lang='lat' dir='ltr'><strong>semper</strong></span> <span class='ocrx_word' id='word_1_700' title='bbox 1076 4874 1235 4927; x_wconf 85' lang='lat' dir='ltr'><strong>risus.</strong></span> <span class='ocrx_word' id='word_1_701' title='bbox 1264 4871 1331 4925; x_wconf 88' lang='lat' dir='ltr'><strong>Et</strong></span> <span class='ocrx_word' id='word_1_702' title='bbox 1362 4868 1489 4923; x_wconf 87' lang='lat' dir='ltr'><strong>alibi</strong></span> <span class='ocrx_word' id='word_1_703' title='bbox 1516 4886 1528 4923; x_wconf 87' lang='lat'>:</span> <span class='ocrx_word' id='word_1_704' title='bbox 1557 4868 1716 4923; x_wconf 78' lang='lat' dir='ltr'><strong>Risus</strong></span> <span class='ocrx_word' id='word_1_705' title='bbox 1744 4868 1927 4923; x_wconf 84' lang='lat' dir='ltr'><strong>dolore</strong></span> <span class='ocrx_word' id='word_1_706' title='bbox 1962 4870 2149 4923; x_wconf 82' lang='lat' dir='ltr'><strong>misce-</strong></span> 
     </span>
    </p>
   </div>
   <div class='ocr_carea' id='block_1_94' title="bbox 570 4962 2145 5036">
    <p class='ocr_par' dir='ltr' id='par_1_94' title="bbox 570 4962 2145 5036">
     <span class='ocr_line' id='line_1_94' title="bbox 570 4962 2145 5036; baseline -0.005 -12"><span class='ocrx_word' id='word_1_707' title='bbox 570 4968 731 5036; x_wconf 73' lang='lat' dir='ltr'><strong>bitur,</strong></span> <span class='ocrx_word' id='word_1_708' title='bbox 761 4979 808 5023; x_wconf 86' lang='lat' dir='ltr'><strong>et</strong></span> <span class='ocrx_word' id='word_1_709' title='bbox 837 4979 1069 5025; x_wconf 75' lang='lat' dir='ltr'><strong>extrema</strong></span> <span class='ocrx_word' id='word_1_710' title='bbox 1119 4965 1301 5036; x_wconf 84' lang='lat' dir='ltr'><strong>gaudii</strong></span> <span class='ocrx_word' id='word_1_711' title='bbox 1343 4964 1515 5017; x_wconf 87' lang='lat' dir='ltr'><strong>luctus</strong></span> <span class='ocrx_word' id='word_1_712' title='bbox 1552 4973 1767 5032; x_wconf 82' lang='lat' dir='ltr'><strong>occupat</strong></span> <span class='ocrx_word' id='word_1_713' title='bbox 1795 4962 1979 5033; x_wconf 84' lang='lat' dir='ltr'><strong>(Prov.</strong></span> <span class='ocrx_word' id='word_1_714' title='bbox 2009 4962 2145 5033; x_wconf 78' lang='lat' dir='ltr'><strong>xrv).</strong></span> 
     </span>
    </p>
   </div>
   <div class='ocr_carea' id='block_1_95' title="bbox 568 5055 2149 5130">
    <p class='ocr_par' dir='ltr' id='par_1_95' title="bbox 568 5055 2149 5130">
     <span class='ocr_line' id='line_1_95' title="bbox 568 5055 2149 5130; baseline -0.006 -11"><span class='ocrx_word' id='word_1_715' title='bbox 568 5060 639 5119; x_wconf 82' lang='lat' dir='ltr'><strong>Et</strong></span> <span class='ocrx_word' id='word_1_716' title='bbox 666 5062 924 5118; x_wconf 89' lang='lat' dir='ltr'><strong>Dominus</strong></span> <span class='ocrx_word' id='word_1_717' title='bbox 946 5061 1000 5115; x_wconf 91' lang='lat' dir='ltr'><strong>in</strong></span> <span class='ocrx_word' id='word_1_718' title='bbox 1030 5057 1354 5130; x_wconf 84' lang='lat' dir='ltr'><strong>Evangelio:</strong></span> <span class='ocrx_word' id='word_1_719' title='bbox 1392 5055 1479 5111; x_wconf 75' lang='lat' dir='ltr'><strong>Vw</strong></span> <span class='ocrx_word' id='word_1_720' title='bbox 1504 5056 1646 5111; x_wconf 82' lang='lat' dir='ltr'><strong>vobis</strong></span> <span class='ocrx_word' id='word_1_721' title='bbox 1671 5057 1758 5127; x_wconf 90' lang='lat' dir='ltr'><strong>qui</strong></span> <span class='ocrx_word' id='word_1_722' title='bbox 1790 5055 1995 5121; x_wconf 87' lang='lat' dir='ltr'><strong>ridelis,</strong></span> <span class='ocrx_word' id='word_1_723' title='bbox 2024 5056 2149 5125; x_wconf 87' lang='lat' dir='ltr'><strong>quia</strong></span> 
     </span>
    </p>
   </div>
   <div class='ocr_carea' id='block_1_96' title="bbox 568 5151 2150 5228">
    <p class='ocr_par' dir='ltr' id='par_1_96' title="bbox 568 5151 2150 5228">
     <span class='ocr_line' id='line_1_96' title="bbox 568 5151 2150 5228; baseline -0.004 -18"><span class='ocrx_word' id='word_1_724' title='bbox 568 5154 1034 5228; x_wconf 77' lang='lat' dir='ltr'><strong>plorabitis(Luc.</strong></span> <span class='ocrx_word' id='word_1_725' title='bbox 1079 5152 1191 5225; x_wconf 85' lang='lat' dir='ltr'><strong>vt).</strong></span> <span class='ocrx_word' id='word_1_726' title='bbox 1236 5152 1418 5209; x_wconf 87' lang='lat' dir='ltr'><strong>Fletus</strong></span> <span class='ocrx_word' id='word_1_727' title='bbox 1466 5152 1559 5225; x_wconf 90' lang='lat' dir='ltr'><strong>qui</strong></span> <span class='ocrx_word' id='word_1_728' title='bbox 1614 5151 1865 5224; x_wconf 90' lang='lat' dir='ltr'><strong>provenit</strong></span> <span class='ocrx_word' id='word_1_729' title='bbox 1916 5165 2021 5205; x_wconf 94' lang='lat' dir='ltr'><strong>non</strong></span> <span class='ocrx_word' id='word_1_730' title='bbox 2082 5164 2150 5204; x_wconf 81' lang='lat' dir='ltr'><strong>ex</strong></span> 
     </span>
    </p>
   </div>
   <div class='ocr_carea' id='block_1_97' title="bbox 570 5240 2151 5317">
    <p class='ocr_par' dir='ltr' id='par_1_97' title="bbox 570 5240 2151 5317">
     <span class='ocr_line' id='line_1_97' title="bbox 570 5240 2151 5317; baseline -0.004 -14"><span class='ocrx_word' id='word_1_731' title='bbox 570 5247 771 5303; x_wconf 89' lang='lat' dir='ltr'><strong>damno</strong></span> <span class='ocrx_word' id='word_1_732' title='bbox 823 5245 1241 5317; x_wconf 89' lang='lat' dir='ltr'><strong>temporalium,</strong></span> <span class='ocrx_word' id='word_1_733' title='bbox 1303 5245 1398 5301; x_wconf 88' lang='lat' dir='ltr'><strong>sed</strong></span> <span class='ocrx_word' id='word_1_734' title='bbox 1455 5260 1522 5301; x_wconf 81' lang='lat' dir='ltr'><strong>ex</strong></span> <span class='ocrx_word' id='word_1_735' title='bbox 1586 5244 1854 5299; x_wconf 90' lang='lat' dir='ltr'><strong>desiderio</strong></span> <span class='ocrx_word' id='word_1_736' title='bbox 1910 5240 2151 5298; x_wconf 75' lang='lat' dir='ltr'><strong>ctelestis</strong></span> 
     </span>
    </p>
   </div>
   <div class='ocr_carea' id='block_1_98' title="bbox 569 5335 2149 5411">
    <p class='ocr_par' dir='ltr' id='par_1_98' title="bbox 569 5335 2149 5411">
     <span class='ocr_line' id='line_1_98' title="bbox 569 5335 2149 5411; baseline -0.001 -18"><span class='ocrx_word' id='word_1_737' title='bbox 569 5338 796 5411; x_wconf 67' lang='lat' dir='ltr'><strong>patriae,</strong></span> <span class='ocrx_word' id='word_1_738' title='bbox 840 5339 926 5395; x_wconf 84' lang='lat' dir='ltr'><strong>vel</strong></span> <span class='ocrx_word' id='word_1_739' title='bbox 968 5355 1036 5395; x_wconf 81' lang='lat' dir='ltr'><strong>ex</strong></span> <span class='ocrx_word' id='word_1_740' title='bbox 1074 5340 1485 5411; x_wconf 85' lang='lat' dir='ltr'><strong>compunctione</strong></span> <span class='ocrx_word' id='word_1_741' title='bbox 1530 5348 1910 5410; x_wconf 86' lang='lat' dir='ltr'><strong>peccatorum,</strong></span> <span class='ocrx_word' id='word_1_742' title='bbox 1959 5335 2044 5392; x_wconf 93' lang='lat' dir='ltr'><strong>vel</strong></span> <span class='ocrx_word' id='word_1_743' title='bbox 2082 5352 2149 5393; x_wconf 79' lang='lat' dir='ltr'><strong>ex</strong></span> 
     </span>
    </p>
   </div>
   <div class='ocr_carea' id='block_1_99' title="bbox 570 5429 2142 5500">
    <p class='ocr_par' dir='ltr' id='par_1_99' title="bbox 570 5429 2142 5500">
     <span class='ocr_line' id='line_1_99' title="bbox 570 5429 2142 5500; baseline 0.003 -17"><span class='ocrx_word' id='word_1_744' title='bbox 570 5429 771 5500; x_wconf 87' lang='lat' dir='ltr'><strong>pietate</strong></span> <span class='ocrx_word' id='word_1_745' title='bbox 796 5430 983 5487; x_wconf 68' lang='lat' dir='ltr'><strong>alienae</strong></span> <span class='ocrx_word' id='word_1_746' title='bbox 1010 5432 1243 5488; x_wconf 70' lang='lat' dir='ltr'><strong>miseria:</strong></span> <span class='ocrx_word' id='word_1_747' title='bbox 1260 5472 1275 5499; x_wconf 92' lang='lat'><strong>,</strong></span> <span class='ocrx_word' id='word_1_748' title='bbox 1302 5431 1460 5489; x_wconf 91' lang='lat' dir='ltr'><strong>nobis</strong></span> <span class='ocrx_word' id='word_1_749' title='bbox 1478 5474 1494 5499; x_wconf 97' lang='lat'><strong>,</strong></span> <span class='ocrx_word' id='word_1_750' title='bbox 1528 5431 1743 5495; x_wconf 89' lang='lat' dir='ltr'><strong>fratres,</strong></span> <span class='ocrx_word' id='word_1_751' title='bbox 1770 5430 2015 5500; x_wconf 85' lang='lat' dir='ltr'><strong>perutilis</strong></span> <span class='ocrx_word' id='word_1_752' title='bbox 2038 5438 2142 5487; x_wconf 87' lang='lat' dir='ltr'><strong>est.</strong></span> 
     </span>
    </p>
   </div>
   <div class='ocr_carea' id='block_1_100' title="bbox 575 5523 2148 5597">
    <p class='ocr_par' dir='ltr' id='par_1_100' title="bbox 575 5523 2148 5597">
     <span class='ocr_line' id='line_1_100' title="bbox 575 5523 2148 5597; baseline -0.001 -16"><span class='ocrx_word' id='word_1_753' title='bbox 575 5523 724 5581; x_wconf 90' lang='lat' dir='ltr'><strong>Unde</strong></span> <span class='ocrx_word' id='word_1_754' title='bbox 757 5525 1013 5584; x_wconf 82' lang='lat' dir='ltr'><strong>Salomon</strong></span> <span class='ocrx_word' id='word_1_755' title='bbox 1055 5544 1069 5581; x_wconf 91' lang='lat'><strong>:</strong></span> <span class='ocrx_word' id='word_1_756' title='bbox 1106 5525 1295 5582; x_wconf 70' lang='lat' dir='ltr'><strong>Melius</strong></span> <span class='ocrx_word' id='word_1_757' title='bbox 1320 5536 1417 5593; x_wconf 78' lang='lat' dir='ltr'><strong>est,</strong></span> <span class='ocrx_word' id='word_1_758' title='bbox 1454 5526 1662 5597; x_wconf 86' lang='lat' dir='ltr'><strong>inquit,</strong></span> <span class='ocrx_word' id='word_1_759' title='bbox 1716 5525 1790 5579; x_wconf 88' lang='lat' dir='ltr'><strong>ire</strong></span> <span class='ocrx_word' id='word_1_760' title='bbox 1831 5526 1899 5578; x_wconf 85' lang='lat' dir='ltr'><strong>atl</strong></span> <span class='ocrx_word' id='word_1_761' title='bbox 1937 5526 2148 5580; x_wconf 86' lang='lat' dir='ltr'><strong>domum</strong></span> 
     </span>
    </p>
   </div>
   <div class='ocr_carea' id='block_1_101' title="bbox 569 5616 2148 5691">
    <p class='ocr_par' dir='ltr' id='par_1_101' title="bbox 569 5616 2148 5691">
     <span class='ocr_line' id='line_1_101' title="bbox 569 5616 2148 5691; baseline 0.001 -21"><span class='ocrx_word' id='word_1_762' title='bbox 569 5618 739 5674; x_wconf 83' lang='lat' dir='ltr'><strong>luctus</strong></span> <span class='ocrx_word' id='word_1_763' title='bbox 759 5637 916 5691; x_wconf 83' lang='lat' dir='ltr'><strong>quant</strong></span> <span class='ocrx_word' id='word_1_764' title='bbox 937 5620 1005 5675; x_wconf 86' lang='lat' dir='ltr'><strong>ad</strong></span> <span class='ocrx_word' id='word_1_765' title='bbox 1028 5622 1240 5676; x_wconf 87' lang='lat' dir='ltr'><strong>domnnt</strong></span> <span class='ocrx_word' id='word_1_766' title='bbox 1263 5620 1482 5675; x_wconf 81' lang='lat' dir='ltr'><strong>convivii</strong></span> <span class='ocrx_word' id='word_1_767' title='bbox 1514 5618 1711 5691; x_wconf 68' lang='lat' dir='ltr'><strong>(Eccle.</strong></span> <span class='ocrx_word' id='word_1_768' title='bbox 1739 5618 1857 5688; x_wconf 89' lang='lat' dir='ltr'><strong>vn).</strong></span> <span class='ocrx_word' id='word_1_769' title='bbox 1884 5618 1951 5672; x_wconf 85' lang='lat' dir='ltr'><strong>Et</strong></span> <span class='ocrx_word' id='word_1_770' title='bbox 1972 5616 2148 5673; x_wconf 79' lang='lat' dir='ltr'><strong>Domi-</strong></span> 
     </span>
    </p>
   </div>
   <div class='ocr_carea' id='block_1_102' title="bbox 569 5712 2149 5787">
    <p class='ocr_par' dir='ltr' id='par_1_102' title="bbox 569 5712 2149 5787">
     <span class='ocr_line' id='line_1_102' title="bbox 569 5712 2149 5787; baseline -0.001 -21"><span class='ocrx_word' id='word_1_771' title='bbox 569 5727 671 5766; x_wconf 89' lang='lat' dir='ltr'><strong>nns</strong></span> <span class='ocrx_word' id='word_1_772' title='bbox 714 5712 905 5769; x_wconf 87' lang='lat' dir='ltr'><strong>:Beati</strong></span> <span class='ocrx_word' id='word_1_773' title='bbox 944 5716 1033 5785; x_wconf 90' lang='lat' dir='ltr'><strong>qui</strong></span> <span class='ocrx_word' id='word_1_774' title='bbox 1072 5715 1265 5787; x_wconf 83' lang='lat' dir='ltr'><strong>lugent,</strong></span> <span class='ocrx_word' id='word_1_775' title='bbox 1313 5715 1558 5786; x_wconf 89' lang='lat' dir='ltr'><strong>quoniam</strong></span> <span class='ocrx_word' id='word_1_776' title='bbox 1598 5714 1701 5782; x_wconf 87' lang='lat' dir='ltr'><strong>ipsi</strong></span> <span class='ocrx_word' id='word_1_777' title='bbox 1741 5712 2149 5767; x_wconf 87' lang='lat' dir='ltr'><strong>consolabuntur</strong></span> 
     </span>
    </p>
   </div>
   <div class='ocr_carea' id='block_1_103' title="bbox 571 5805 2149 5882">
    <p class='ocr_par' dir='ltr' id='par_1_103' title="bbox 571 5805 2149 5882">
     <span class='ocr_line' id='line_1_103' title="bbox 571 5805 2149 5882; baseline 0.004 -23"><span class='ocrx_word' id='word_1_778' title='bbox 571 5806 787 5871; x_wconf 76' lang='lat' dir='ltr'><strong>(Matth.</strong></span> <span class='ocrx_word' id='word_1_779' title='bbox 840 5810 919 5881; x_wconf 92' lang='lat' dir='ltr'><strong>v).</strong></span> <span class='ocrx_word' id='word_1_780' title='bbox 980 5808 1113 5865; x_wconf 89' lang='lat' dir='ltr'><strong>Cum</strong></span> <span class='ocrx_word' id='word_1_781' title='bbox 1158 5825 1279 5881; x_wconf 82' lang='lat' dir='ltr'><strong>ergo</strong></span> <span class='ocrx_word' id='word_1_782' title='bbox 1333 5807 1772 5882; x_wconf 75' lang='lat' dir='ltr'><strong>appropinquaret</strong></span> <span class='ocrx_word' id='word_1_783' title='bbox 1822 5805 2014 5877; x_wconf 74' lang='lat' dir='ltr'><strong>Iesus,</strong></span> <span class='ocrx_word' id='word_1_784' title='bbox 2050 5821 2149 5880; x_wconf 88' lang='lat' dir='ltr'><strong>per</strong></span> 
     </span>
    </p>
   </div>
   <div class='ocr_carea' id='block_1_104' title="bbox 2252 4594 3725 4667">
    <p class='ocr_par' dir='ltr' id='par_1_104' title="bbox 2252 4594 3725 4667">
     <span class='ocr_line' id='line_1_104' title="bbox 2252 4594 3725 4667; baseline -0.01 -15"><span class='ocrx_word' id='word_1_785' title='bbox 2252 4607 2406 4652; x_wconf 80' lang='lat' dir='ltr'><strong>extra</strong></span> <span class='ocrx_word' id='word_1_786' title='bbox 2452 4610 2663 4667; x_wconf 88' lang='lat' dir='ltr'><strong>portam</strong></span> <span class='ocrx_word' id='word_1_787' title='bbox 2692 4607 2828 4653; x_wconf 88' lang='lat' dir='ltr'><strong>erat.</strong></span> <span class='ocrx_word' id='word_1_788' title='bbox 2878 4597 3059 4663; x_wconf 88' lang='lat' dir='ltr'><strong>Quare</strong></span> <span class='ocrx_word' id='word_1_789' title='bbox 3092 4606 3277 4651; x_wconf 89' lang='lat' dir='ltr'><strong>autem</strong></span> <span class='ocrx_word' id='word_1_790' title='bbox 3309 4597 3420 4651; x_wconf 75' lang='lat' dir='ltr'><strong>htec</strong></span> <span class='ocrx_word' id='word_1_791' title='bbox 3461 4594 3575 4649; x_wconf 83' lang='lat' dir='ltr'><strong>mala</strong></span> <span class='ocrx_word' id='word_1_792' title='bbox 3604 4602 3725 4643; x_wconf 69' lang='lat' dir='ltr'><strong>evene-</strong></span> 
     </span>
    </p>
   </div>
   <div class='ocr_carea' id='block_1_105' title="bbox 2253 4680 3727 4757">
    <p class='ocr_par' dir='ltr' id='par_1_105' title="bbox 2253 4680 3727 4757">
     <span class='ocr_line' id='line_1_105' title="bbox 2253 4680 3727 4757; baseline -0.009 -10"><span class='ocrx_word' id='word_1_793' title='bbox 2253 4702 2380 4747; x_wconf 91' lang='lat' dir='ltr'><strong>runt</strong></span> <span class='ocrx_word' id='word_1_794' title='bbox 2422 4693 2535 4757; x_wconf 89' lang='lat' dir='ltr'><strong>eis,</strong></span> <span class='ocrx_word' id='word_1_795' title='bbox 2568 4693 2805 4747; x_wconf 91' lang='lat' dir='ltr'><strong>ostendit</strong></span> <span class='ocrx_word' id='word_1_796' title='bbox 2843 4692 3134 4756; x_wconf 90' lang='lat' dir='ltr'><strong>Dominus,</strong></span> <span class='ocrx_word' id='word_1_797' title='bbox 3170 4707 3297 4747; x_wconf 89' lang='lat' dir='ltr'><strong>cum</strong></span> <span class='ocrx_word' id='word_1_798' title='bbox 3342 4688 3540 4745; x_wconf 89' lang='lat' dir='ltr'><strong>subdit:</strong></span> <span class='ocrx_word' id='word_1_799' title='bbox 3566 4682 3624 4737; x_wconf 79' lang='lat' dir='ltr'><strong>Eo</strong></span> <span class='ocrx_word' id='word_1_800' title='bbox 3646 4680 3727 4751; x_wconf 70' lang='lat' dir='ltr'><strong>qui</strong></span> 
     </span>
    </p>
   </div>
   <div class='ocr_carea' id='block_1_106' title="bbox 2252 4775 3724 4857">
    <p class='ocr_par' dir='ltr' id='par_1_106' title="bbox 2252 4775 3724 4857">
     <span class='ocr_line' id='line_1_106' title="bbox 2252 4775 3724 4857; baseline -0.012 -12"><span class='ocrx_word' id='word_1_801' title='bbox 2252 4801 2357 4839; x_wconf 75' lang='lat' dir='ltr'><strong>non</strong></span> <span class='ocrx_word' id='word_1_802' title='bbox 2409 4786 2705 4857; x_wconf 80' lang='lat' dir='ltr'><strong>cognoveris</strong></span> <span class='ocrx_word' id='word_1_803' title='bbox 2748 4795 2945 4856; x_wconf 87' lang='lat' dir='ltr'><strong>tempus</strong></span> <span class='ocrx_word' id='word_1_804' title='bbox 2996 4786 3311 4840; x_wconf 72' lang='lat' dir='ltr'><strong>uisitationis</strong></span> <span class='ocrx_word' id='word_1_805' title='bbox 3353 4794 3470 4838; x_wconf 65' lang='lat' dir='ltr'><strong>tna&#39;.</strong></span> <span class='ocrx_word' id='word_1_806' title='bbox 3506 4781 3603 4833; x_wconf 78' lang='lat' dir='ltr'><strong>Iden</strong></span> <span class='ocrx_word' id='word_1_807' title='bbox 3638 4775 3724 4829; x_wconf 75' lang='lat' dir='ltr'><strong>enim</strong></span> 
     </span>
    </p>
   </div>
   <div class='ocr_carea' id='block_1_107' title="bbox 2252 4871 3728 4952">
    <p class='ocr_par' dir='ltr' id='par_1_107' title="bbox 2252 4871 3728 4952">
     <span class='ocr_line' id='line_1_107' title="bbox 2252 4871 3728 4952; baseline -0.009 -14"><span class='ocrx_word' id='word_1_808' title='bbox 2252 4883 2368 4938; x_wconf 72' lang='lat' dir='ltr'><strong>haec</strong></span> <span class='ocrx_word' id='word_1_809' title='bbox 2403 4883 2542 4937; x_wconf 90' lang='lat' dir='ltr'><strong>mala</strong></span> <span class='ocrx_word' id='word_1_810' title='bbox 2574 4884 2654 4939; x_wconf 90' lang='lat' dir='ltr'><strong>eis</strong></span> <span class='ocrx_word' id='word_1_811' title='bbox 2678 4892 2834 4939; x_wconf 88' lang='lat' dir='ltr'><strong>erant</strong></span> <span class='ocrx_word' id='word_1_812' title='bbox 2864 4892 3123 4939; x_wconf 81' lang='lat' dir='ltr'><strong>eventura</strong></span> <span class='ocrx_word' id='word_1_813' title='bbox 3147 4925 3162 4949; x_wconf 93' lang='lat'><strong>,</strong></span> <span class='ocrx_word' id='word_1_814' title='bbox 3192 4884 3323 4952; x_wconf 88' lang='lat' dir='ltr'><strong>quia</strong></span> <span class='ocrx_word' id='word_1_815' title='bbox 3352 4878 3594 4936; x_wconf 82' lang='lat' dir='ltr'><strong>Christum</strong></span> <span class='ocrx_word' id='word_1_816' title='bbox 3615 4871 3728 4925; x_wconf 58' lang='lat' dir='ltr'><strong>visite</strong></span> 
     </span>
    </p>
   </div>
   <div class='ocr_carea' id='block_1_108' title="bbox 2254 4968 3725 5047">
    <p class='ocr_par' dir='ltr' id='par_1_108' title="bbox 2254 4968 3725 5047">
     <span class='ocr_line' id='line_1_108' title="bbox 2254 4968 3725 5047; baseline -0.012 -16"><span class='ocrx_word' id='word_1_817' title='bbox 2254 4985 2424 5031; x_wconf 89' lang='lat' dir='ltr'><strong>torem</strong></span> <span class='ocrx_word' id='word_1_818' title='bbox 2455 4991 2611 5031; x_wconf 88' lang='lat' dir='ltr'><strong>suum</strong></span> <span class='ocrx_word' id='word_1_819' title='bbox 2658 4985 2713 5030; x_wconf 92' lang='lat' dir='ltr'><strong>et</strong></span> <span class='ocrx_word' id='word_1_820' title='bbox 2748 4978 3143 5047; x_wconf 89' lang='lat' dir='ltr'><strong>redemptorem</strong></span> <span class='ocrx_word' id='word_1_821' title='bbox 3172 4988 3497 5047; x_wconf 82' lang='lat' dir='ltr'><strong>cognoscere</strong></span> <span class='ocrx_word' id='word_1_822' title='bbox 3519 4968 3725 5022; x_wconf 83' lang='lat' dir='ltr'><strong>uoluerunt.</strong></span> 
     </span>
    </p>
   </div>
   <div class='ocr_carea' id='block_1_109' title="bbox 2244 5060 3728 5139">
    <p class='ocr_par' dir='ltr' id='par_1_109' title="bbox 2244 5060 3728 5139">
     <span class='ocr_line' id='line_1_109' title="bbox 2244 5060 3728 5139; baseline -0.011 -14"><span class='ocrx_word' id='word_1_823' title='bbox 2244 5060 2408 5125; x_wconf 17' lang='lat' dir='ltr'><strong>’Unde</strong></span> <span class='ocrx_word' id='word_1_824' title='bbox 2469 5069 2730 5139; x_wconf 87' lang='lat' dir='ltr'><strong>propheta</strong></span> <span class='ocrx_word' id='word_1_825' title='bbox 2765 5086 2779 5122; x_wconf 88' lang='lat'>:</span> <span class='ocrx_word' id='word_1_826' title='bbox 2819 5066 3008 5122; x_wconf 81' lang='lat' dir='ltr'><strong>Milvus</strong></span> <span class='ocrx_word' id='word_1_827' title='bbox 3068 5070 3137 5123; x_wconf 87' lang='lat' dir='ltr'><strong>in‘</strong></span> <span class='ocrx_word' id='word_1_828' title='bbox 3182 5067 3312 5122; x_wconf 66' lang='lat' dir='ltr'><strong>calo</strong></span> <span class='ocrx_word' id='word_1_829' title='bbox 3354 5060 3567 5134; x_wconf 85' lang='lat' dir='ltr'><strong>cognorit</strong></span> <span class='ocrx_word' id='word_1_830' title='bbox 3604 5068 3728 5121; x_wconf 58' lang='lat' dir='ltr'><strong>tempus</strong></span> 
     </span>
    </p>
   </div>
   <div class='ocr_carea' id='block_1_110' title="bbox 2252 5152 3726 5227">
    <p class='ocr_par' dir='ltr' id='par_1_110' title="bbox 2252 5152 3726 5227">
     <span class='ocr_line' id='line_1_110' title="bbox 2252 5152 3726 5227; baseline -0.012 -12"><span class='ocrx_word' id='word_1_831' title='bbox 2252 5177 2437 5227; x_wconf 89' lang='lat' dir='ltr'><strong>suum,</strong></span> <span class='ocrx_word' id='word_1_832' title='bbox 2471 5171 2665 5227; x_wconf 88' lang='lat' dir='ltr'><strong>turtur,</strong></span> <span class='ocrx_word' id='word_1_833' title='bbox 2708 5159 2969 5221; x_wconf 86' lang='lat' dir='ltr'><strong>hirundo,</strong></span> <span class='ocrx_word' id='word_1_834' title='bbox 3014 5170 3061 5213; x_wconf 87' lang='lat' dir='ltr'><strong>et</strong></span> <span class='ocrx_word' id='word_1_835' title='bbox 3103 5159 3308 5213; x_wconf 85' lang='lat' dir='ltr'><strong>ciconia</strong></span> <span class='ocrx_word' id='word_1_836' title='bbox 3347 5168 3533 5223; x_wconf 81' lang='lat' dir='ltr'><strong>tempus</strong></span> <span class='ocrx_word' id='word_1_837' title='bbox 3562 5152 3726 5203; x_wconf 65' lang='lat' dir='ltr'><strong>adtentus</strong></span> 
     </span>
    </p>
   </div>
   <div class='ocr_carea' id='block_1_111' title="bbox 2248 5234 3727 5334">
    <p class='ocr_par' dir='ltr' id='par_1_111' title="bbox 2248 5234 3727 5334">
     <span class='ocr_line' id='line_1_111' title="bbox 2248 5234 3727 5334; baseline -0.01 -29"><span class='ocrx_word' id='word_1_838' title='bbox 2248 5248 2367 5318; x_wconf 89' lang='lat' dir='ltr'><strong>sui,</strong></span> <span class='ocrx_word' id='word_1_839' title='bbox 2397 5251 2617 5323; x_wconf 86' lang='lat' dir='ltr'><strong>papulus</strong></span> <span class='ocrx_word' id='word_1_840' title='bbox 2640 5260 2813 5305; x_wconf 88' lang='lat' dir='ltr'><strong>autem</strong></span> <span class='ocrx_word' id='word_1_841' title='bbox 2853 5266 2997 5334; x_wconf 80' lang='lat' dir='ltr'><strong>meus</strong></span> <span class='ocrx_word' id='word_1_842' title='bbox 3037 5266 3140 5304; x_wconf 89' lang='lat' dir='ltr'><strong>non</strong></span> <span class='ocrx_word' id='word_1_843' title='bbox 3177 5249 3416 5320; x_wconf 77' lang='lat' dir='ltr'><strong>cognovit</strong></span> <span class='ocrx_word' id='word_1_844' title='bbox 3453 5234 3727 5317; x_wconf 64' lang='lat' dir='ltr'><strong>judiciumlla</strong></span> 
     </span>
    </p>
   </div>
   <div class='ocr_carea' id='block_1_112' title="bbox 2255 5339 3729 5416">
    <p class='ocr_par' dir='ltr' id='par_1_112' title="bbox 2255 5339 3729 5416">
     <span class='ocr_line' id='line_1_112' title="bbox 2255 5339 3729 5416; baseline -0.008 -17"><span class='ocrx_word' id='word_1_845' title='bbox 2255 5344 2389 5416; x_wconf 85' lang='lat' dir='ltr'><strong>(Jer.</strong></span> <span class='ocrx_word' id='word_1_846' title='bbox 2418 5346 2559 5414; x_wconf 89' lang='lat' dir='ltr'><strong>vm).</strong></span> <span class='ocrx_word' id='word_1_847' title='bbox 2595 5344 2745 5400; x_wconf 89' lang='lat' dir='ltr'><strong>Ilanc</strong></span> <span class='ocrx_word' id='word_1_848' title='bbox 2781 5353 2961 5399; x_wconf 88' lang='lat' dir='ltr'><strong>autem</strong></span> <span class='ocrx_word' id='word_1_849' title='bbox 2991 5343 3409 5399; x_wconf 71' lang='lat' dir='ltr'><strong>excmeationem</strong></span> <span class='ocrx_word' id='word_1_850' title='bbox 3436 5339 3615 5394; x_wconf 82' lang='lat' dir='ltr'><strong>venisse</strong></span> <span class='ocrx_word' id='word_1_851' title='bbox 3634 5341 3729 5397; x_wconf 68' lang='lat' dir='ltr'><strong>super</strong></span> 
     </span>
    </p>
   </div>
   <div class='ocr_carea' id='block_1_113' title="bbox 2249 5420 3727 5508">
    <p class='ocr_par' dir='ltr' id='par_1_113' title="bbox 2249 5420 3727 5508">
     <span class='ocr_line' id='line_1_113' title="bbox 2249 5420 3727 5508; baseline -0.012 -17"><span class='ocrx_word' id='word_1_852' title='bbox 2249 5436 2507 5508; x_wconf 86' lang='lat' dir='ltr'><strong>populum</strong></span> <span class='ocrx_word' id='word_1_853' title='bbox 2538 5435 2689 5490; x_wconf 90' lang='lat' dir='ltr'><strong>illum</strong></span> <span class='ocrx_word' id='word_1_854' title='bbox 2721 5451 2787 5491; x_wconf 79' lang='lat' dir='ltr'><strong>ex</strong></span> <span class='ocrx_word' id='word_1_855' title='bbox 2830 5446 3055 5506; x_wconf 88' lang='lat' dir='ltr'><strong>peccato</strong></span> <span class='ocrx_word' id='word_1_856' title='bbox 3078 5450 3294 5490; x_wconf 87' lang='lat' dir='ltr'><strong>suorum</strong></span> <span class='ocrx_word' id='word_1_857' title='bbox 3321 5431 3651 5488; x_wconf 82' lang='lat' dir='ltr'><strong>sacerdotum,</strong></span> <span class='ocrx_word' id='word_1_858' title='bbox 3673 5420 3727 5473; x_wconf 67' lang='lat' dir='ltr'><strong>ih-</strong></span> 
     </span>
    </p>
   </div>
   <div class='ocr_carea' id='block_1_114' title="bbox 2251 5516 3725 5597">
    <p class='ocr_par' dir='ltr' id='par_1_114' title="bbox 2251 5516 3725 5597">
     <span class='ocr_line' id='line_1_114' title="bbox 2251 5516 3725 5597; baseline -0.009 -11"><span class='ocrx_word' id='word_1_859' title='bbox 2251 5532 2432 5586; x_wconf 82' lang='lat' dir='ltr'><strong>rninns</strong></span> <span class='ocrx_word' id='word_1_860' title='bbox 2471 5530 2730 5591; x_wconf 88' lang='lat' dir='ltr'><strong>ostendit,</strong></span> <span class='ocrx_word' id='word_1_861' title='bbox 2761 5545 2882 5584; x_wconf 91' lang='lat' dir='ltr'><strong>cum</strong></span> <span class='ocrx_word' id='word_1_862' title='bbox 2913 5529 3093 5585; x_wconf 90' lang='lat' dir='ltr'><strong>subdit</strong></span> <span class='ocrx_word' id='word_1_863' title='bbox 3128 5546 3141 5581; x_wconf 89' lang='lat'><strong>:</strong></span> <span class='ocrx_word' id='word_1_864' title='bbox 3172 5527 3234 5581; x_wconf 82' lang='lat' dir='ltr'><strong>Et</strong></span> <span class='ocrx_word' id='word_1_865' title='bbox 3262 5516 3725 5597; x_wconf 71' lang='lat' dir='ltr'><strong>ingressustemplm.</strong></span> 
     </span>
    </p>
   </div>
   <div class='ocr_carea' id='block_1_115' title="bbox 2252 5612 3725 5693">
    <p class='ocr_par' dir='ltr' id='par_1_115' title="bbox 2252 5612 3725 5693">
     <span class='ocr_line' id='line_1_115' title="bbox 2252 5612 3725 5693; baseline -0.007 -16"><span class='ocrx_word' id='word_1_866' title='bbox 2252 5622 2403 5693; x_wconf 72' lang='lat' dir='ltr'><strong>caspit</strong></span> <span class='ocrx_word' id='word_1_867' title='bbox 2437 5623 2627 5693; x_wconf 79' lang='lat' dir='ltr'><strong>ejicere</strong></span> <span class='ocrx_word' id='word_1_868' title='bbox 2667 5624 2937 5677; x_wconf 74' lang='lat' dir='ltr'><strong>uendentes</strong></span> <span class='ocrx_word' id='word_1_869' title='bbox 2982 5633 3029 5677; x_wconf 84' lang='lat' dir='ltr'><strong>et</strong></span> <span class='ocrx_word' id='word_1_870' title='bbox 3078 5631 3317 5675; x_wconf 85' lang='lat' dir='ltr'><strong>ememtes</strong></span> <span class='ocrx_word' id='word_1_871' title='bbox 3353 5621 3409 5673; x_wconf 84' lang='lat' dir='ltr'><strong>in</strong></span> <span class='ocrx_word' id='word_1_872' title='bbox 3445 5617 3548 5672; x_wconf 89' lang='lat' dir='ltr'><strong>illo.</strong></span> <span class='ocrx_word' id='word_1_873' title='bbox 3572 5612 3614 5667; x_wconf 86' lang='lat' dir='ltr'><strong>lu</strong></span> <span class='ocrx_word' id='word_1_874' title='bbox 3645 5618 3725 5680; x_wconf 61' lang='lat' dir='ltr'><strong>quo.</strong></span> 
     </span>
    </p>
   </div>
   <div class='ocr_carea' id='block_1_116' title="bbox 2253 5700 3723 5779">
    <p class='ocr_par' dir='ltr' id='par_1_116' title="bbox 2253 5700 3723 5779">
     <span class='ocr_line' id='line_1_116' title="bbox 2253 5700 3723 5779; baseline -0.007 -10"><span class='ocrx_word' id='word_1_875' title='bbox 2253 5717 2451 5770; x_wconf 81' lang='lat' dir='ltr'><strong>fratres</strong></span> <span class='ocrx_word' id='word_1_876' title='bbox 2480 5715 2605 5779; x_wconf 88' lang='lat' dir='ltr'><strong>mei,</strong></span> <span class='ocrx_word' id='word_1_877' title='bbox 2635 5730 2819 5771; x_wconf 87' lang='lat' dir='ltr'><strong>veram</strong></span> <span class='ocrx_word' id='word_1_878' title='bbox 2865 5730 2924 5771; x_wconf 86' lang='lat' dir='ltr'><strong>se</strong></span> <span class='ocrx_word' id='word_1_879' title='bbox 2947 5715 3149 5771; x_wconf 88' lang='lat' dir='ltr'><strong>habere</strong></span> <span class='ocrx_word' id='word_1_880' title='bbox 3185 5714 3520 5769; x_wconf 83' lang='lat' dir='ltr'><strong>demonstrat</strong></span> <span class='ocrx_word' id='word_1_881' title='bbox 3547 5700 3723 5776; x_wconf 57' lang='lat' dir='ltr'><strong>justiti:a</strong></span> 
     </span>
    </p>
   </div>
   <div class='ocr_carea' id='block_1_117' title="bbox 2248 5784 3725 5881">
    <p class='ocr_par' dir='ltr' id='par_1_117' title="bbox 2248 5784 3725 5881">
     <span class='ocr_line' id='line_1_117' title="bbox 2248 5784 3725 5881; baseline -0.006 -16"><span class='ocrx_word' id='word_1_882' title='bbox 2248 5806 2534 5867; x_wconf 88' lang='lat' dir='ltr'><strong>Dominus.</strong></span> <span class='ocrx_word' id='word_1_883' title='bbox 2589 5809 2786 5866; x_wconf 82' lang='lat' dir='ltr'><strong>Veram</strong></span> <span class='ocrx_word' id='word_1_884' title='bbox 2832 5810 2973 5867; x_wconf 90' lang='lat' dir='ltr'><strong>enim</strong></span> <span class='ocrx_word' id='word_1_885' title='bbox 3023 5807 3287 5881; x_wconf 84' lang='lat' dir='ltr'><strong>justitiam</strong></span> <span class='ocrx_word' id='word_1_886' title='bbox 3339 5821 3447 5863; x_wconf 86' lang='lat' dir='ltr'><strong>non</strong></span> <span class='ocrx_word' id='word_1_887' title='bbox 3498 5784 3725 5859; x_wconf 61' lang='grc' dir='ltr'><strong>ιιιδιωιυό</strong></span> 
     </span>
    </p>
   </div>
  </div>
