3896 6320
110 353 239 413 2035

842 337 1150 400 HOMILLE
1189 338 1256 396 IN
1281 340 1501 398 EPIST.
1519 340 1611 396 ET
1653 337 1912 396 EVANG.
1954 336 2261 396 DOMINlC.
2292 363 2363 382 --
2390 336 2571 392 PARS
2599 337 2662 392 ll.

3233 351 3377 414 9.026

108 474 377 546 peccantes
400 431 690 530 nunquam
745 460 982 530 puniret.
1031 459 1217 528 Itaque
1239 455 1497 510 Dominus
1529 467 1674 508 nunc
1704 455 1757 514 Α
1783 466 1973 506 omnes
2002 452 2354 521 cogitationes
2377 465 2565 506 eorum
2598 451 2773 524 (Psal.
2800 459 2981 529 θην).
3015 459 3145 529 Quae
3170 469 3375 538 Cogita-

109 566 398 625 miseretur,
430 573 574 612 nttnc
601 556 774 627 punit,
803 562 864 609 ut
900 568 999 608 nos
1044 550 1496 606 instruathabere
1523 546 1677 616 pario

109 669 184 714 ter
214 655 464 724 pietatem
494 667 616 706 cum
660 650 892 722 justitia,
935 656 990 704 et
1012 646 1232 716 justiam
1262 661 1384 700 cum
1429 643 1631 714 pietate
1655 681 1674 705 ,

105 762 156 806 ut
183 746 381 802 scilicet
420 744 492 797 ita
539 743 706 798 simus
741 743 814 813 pii
865 741 920 796 in
967 747 1216 795 naturam
1271 736 1575 798 hominum,
1614 741 1678 788 ut

107 853 276 896 tamen
326 852 433 892 non
486 851 772 906 parcamus
820 835 1056 906 peccatis
1091 847 1301 890 eorum.
1345 829 1518 899 Ejecit
1543 840 1674 896 ergo

103 932 350 992 Dominus
397 931 691 985 vendentes
727 938 783 984 et
826 936 1068 984 ementes
1098 929 1164 982 de
1195 924 1394 995 templo
1434 924 1618 980 dicens
1651 939 1669 993 ;

103 1027 355 1096 Scriptum
403 1033 478 1076 est
515 1023 639 1092 quia
668 1023 854 1077 domus
882 1039 1020 1086 mea,
1044 1021 1228 1075 domus
1253 1019 1506 1074 orationis
1521 1036 1674 1074 voca.

101 1123 246 1175 bitur.
271 1116 433 1184 Quasi
460 1115 664 1171 diceret
688 1131 702 1169 :
722 1115 922 1170 Domus
946 1129 1065 1169 mea
1099 1121 1301 1167 statuta
1329 1120 1411 1166 est
1431 1110 1498 1165 ad
1515 1126 1673 1166 orana

98 1211 240 1270 dum,
271 1223 378 1262 non
426 1207 492 1260 ad
544 1207 880 1261 vendendum
901 1247 917 1270 ,
954 1205 1039 1260 vel
1069 1203 1376 1267 emendum,
1414 1202 1496 1257 vel
1526 1202 1671 1256 aliud

98 1300 344 1358 smeulare
365 1298 636 1370 negotium
667 1298 953 1370 agendum.
983 1296 1097 1353 Hoc
1125 1303 1310 1366 aperte
1333 1304 1522 1350 contra
1549 1293 1673 1348 illos

94 1401 172 1451 est
197 1393 287 1462 qui
315 1390 600 1446 ecclesiam
638 1391 733 1445 Dei
777 1389 1054 1445 cellarium
1088 1388 1321 1452 faciunt,
1360 1388 1415 1443 in
1442 1401 1506 1441 ea
1544 1402 1671 1457 gra-

95 1483 239 1539 naria
273 1490 327 1537 et
359 1480 499 1536 dolia
543 1489 840 1551 ponentes;
871 1481 954 1537 vel
977 1495 1098 1536 eam
1140 1479 1345 1534 faciunt
1377 1478 1581 1543 forum,
1613 1477 1668 1536 in

91 1591 148 1631 ea
179 1574 429 1629 tabernas
459 1588 640 1628 rerum
679 1574 974 1639 venalium,
1000 1572 1081 1627 vel
1111 1586 1304 1627 causas
1326 1578 1665 1634 exercentes;

91 1668 171 1724 vel
200 1682 318 1722 eam
367 1664 570 1722 faciunt
606 1665 973 1731 refectorium,
1023 1667 1078 1720 in
1128 1680 1196 1720 ea
1248 1664 1591 1720 comedentes
1613 1672 1671 1718 et

87 1761 324 1816 bibentes
350 1799 366 1824 ,
403 1773 525 1812 cum
554 1757 782 1813 ecclesia
824 1759 895 1813 sit
924 1758 1073 1813 locus
1097 1755 1395 1828 Spiritualis
1417 1754 1668 1811 refectio-

87 1851 186 1915 nis,
219 1865 324 1904 non
374 1849 698 1922 corporalis.
729 1849 841 1904 Hoc
890 1850 1093 1920 itaque,
1126 1850 1326 1905 fratres
1354 1848 1485 1912 mei,
1517 1848 1667 1904 devi-

86 1949 276 2004 tantes,
313 1939 450 1994 nihil
484 1939 748 1996 faciamus
771 1939 854 1995 vel
883 1941 1130 1996 dicamus
1161 1939 1216 1995 in
1247 1939 1488 1994 oratorio
1511 1979 1526 2004 ,
1560 1937 1665 1994 nisi

83 2035 218 2106 quod
246 2034 313 2088 ad
340 2035 650 2090 orationem
679 2035 936 2105 pertinet,
967 2033 1108 2089 unde
1138 2043 1189 2088 et
1214 2047 1412 2088 nomen
1435 2031 1680 2102 accepit.’

93 2125 185 2180 Vos
208 2136 410 2194 autem,
439 2126 634 2197 inquit,
659 2127 855 2196 fecistis
877 2126 1024 2181 illam
1047 2125 1348 2192 speluncam
1375 2123 1664 2178 latronum.

80 2220 396 2275 Sacerdotes
451 2219 566 2290 qui,
610 2220 680 2275 ob
709 2220 1092 2289 cupiditatem,
1129 2219 1304 2275 forum
1361 2220 1414 2274 in
1465 2220 1668 2289 templo

76 2313 184 2369 fieri
213 2313 627 2384 permittebant,
649 2314 887 2370 latrones
917 2322 1094 2379 erant,
1122 2318 1250 2368 dum
1272 2313 1372 2368 sub
1399 2322 1670 2383 praetextu

74 2403 345 2475 religionis
394 2403 638 2460 latenter
679 2405 1029 2476 cupiditatem
1076 2406 1426 2462 exercebant.
1471 2405 1670 2461 Vendi-

71 2506 210 2552 tores
259 2496 435 2552 etiam
481 2506 536 2553 et
567 2507 842 2567 emptores
885 2498 1125 2553 latrones
1154 2505 1330 2562 erant,
1361 2499 1486 2553 dum
1527 2499 1672 2555 alter

72 2588 295 2644 alterum
352 2589 411 2645 in
468 2591 833 2660 negotiatione
881 2591 1115 2646 latenter
1170 2591 1664 2658 circumveniebat;

66 2683 360 2751 negotiatio
383 2683 596 2753 quippe
613 2684 697 2738 vel
719 2685 806 2739 vix
826 2683 909 2740 vel
935 2701 1208 2755 nunquam
1238 2696 1524 2741 exercetur
1548 2687 1668 2742 sine

63 2774 266 2830 fraude.
303 2775 478 2831 Unde
515 2777 805 2847 Apostolus
833 2778 1083 2848 prohibet
1119 2794 1186 2833 ne
1215 2780 1338 2850 quis
1369 2794 1667 2848 supergre-

61 2863 236 2925 diatur
268 2869 354 2925 vel
397 2871 809 2925 circnnweniat
856 2871 910 2925 in
960 2872 1178 2941 negotio
1217 2870 1438 2927 fratrem
1483 2887 1663 2938 suum,

60 2964 310 3033 quoniam
367 2964 531 3019 Deus
575 2964 765 3019 vindex
811 2973 894 3019 est
943 2966 1129 3019 talium
1179 2965 1229 3035 (Ι
1302 2965 1478 3018 Thess.
1547 2977 1662 3035 ιν).

60 3055 247 3111 Veram
287 3070 350 3114 se
380 3056 740 3110 demonstrat
782 3055 1042 3110 Dominus
1071 3056 1270 3110 habere
1312 3055 1662 3120 cbaritatem,

1784 543 1960 597 tiones
1981 542 2146 596 etiam
2169 558 2267 612 per
2290 542 2493 612 lapides
2515 542 2907 613 signiﬁcantur,
2933 565 3057 606 cum
3083 555 3369 616 subditur;

1780 630 1852 685 Et
1888 650 1991 686 non
2023 634 2316 706 relinquent
2346 633 2402 687 in
2434 645 2482 688 te
2512 633 2741 704 lapidem
2767 654 2924 707 super
2949 640 3199 712 lapidem.
3233 647 3370 705 Per-

1781 739 1938 780 versa
1962 727 2106 779 enim
2137 727 2316 781 anima
2354 742 2477 782 cum
2508 742 2780 797 perversae
2809 735 3124 804 cogitationi
3150 756 3372 810 perver-

1779 816 1980 872 siorem
2006 818 2212 888 adjicit,
2264 820 2420 889 quasi
2468 819 2698 891 lapidem
2729 839 2891 895 super
2919 825 3146 898 lapidem
3195 840 3367 906 ponit.

1778 909 1999 966 Etcum
2036 927 2294 982 perversa
2345 915 2528 969 anima
2561 916 2629 970 ad
2675 917 3077 978 damnationem
3126 931 3366 999 rapitur,

1779 1004 1904 1060 talis
1949 1007 2342 1076 cogitationum
2390 1011 2727 1066 constructio
2781 1012 3114 1090 dissipatur,
3171 1033 3224 1077 et
3263 1015 3382 1081 hoc?

1778 1096 1923 1162 ideo,
1972 1099 2096 1169 quia
2144 1117 2252 1156 non
2304 1102 2557 1173 cognovit
2603 1113 2816 1177 tempus
2845 1093 3184 1178 Ivisitatio'nis
3232 1133 3364 1176 suae.

1779 1189 2100 1248 Perversam
2147 1197 2292 1251 enim
2342 1197 2580 1253 animam
2626 1200 2770 1256 Deus
2809 1203 3024 1275 visitat,
3077 1201 3384 1280 aliquando.

1776 1280 2008 1354 ﬂagello,
2064 1288 2353 1360 aliquando
2404 1291 2698 1362 miraculo,
2739 1312 2956 1368 semper
3001 1310 3184 1356 autem
3227 1320 3367 1374 prae-

1776 1386 1951 1448 cepto.
2003 1380 2111 1435 Sed
2153 1384 2276 1452 quia
2305 1398 2404 1439 nec
2435 1400 2531 1454 per
2558 1387 2662 1443 hoc
2708 1391 2998 1462 resipiscit,
3027 1395 3080 1448 in
3119 1405 3368 1454 extremo

1780 1471 2024 1526 tradetur
2049 1473 2310 1540 inimicis,
2342 1491 2464 1532 cum
2500 1479 2700 1549 quibus
2732 1484 3066 1542 :eternaliter
3101 1490 3368 1546 cruciabi-

1777 1570 1884 1617 tur.
1913 1562 1968 1617 Si
2002 1574 2181 1620 autem
2211 1569 2465 1637 quaelibet
2494 1575 2672 1628 anima
2699 1575 2977 1634 saecularis
3004 1579 3082 1635 sic
3105 1582 3362 1650 punietur

1773 1663 1978 1726 quanto
2004 1658 2174 1727 magis
2225 1660 2590 1720 ecclesiastica
2615 1682 2871 1738 persona,
2899 1687 3019 1740 qute
3047 1690 3153 1729 non
3186 1675 3365 1731 solum

1775 1759 1857 1812 se,
1890 1746 1984 1801 sed
2009 1749 2175 1802 etiam
2206 1748 2343 1803 alias
2369 1751 2508 1806 male
2528 1754 2758 1812 vivendo
2779 1760 3037 1828 perimit?
3062 1762 3126 1817 Et
3153 1764 3254 1819 hoc
3281 1773 3368 1821 est

1774 1837 1918 1909 quod
1949 1841 2194 1909 sequitur
2217 1881 2232 1906 ,
2262 1843 2404 1913 quod
2434 1844 2700 1914 ingressus
2730 1848 2886 1904 Jesus
2915 1853 2972 1908 in
2995 1855 3183 1922 templo
3211 1857 3366 1926 carpit

1772 1933 1960 2003 ejicere
1997 1934 2270 2004 uendentes
2297 1945 2346 1990 et
2373 1945 2598 1991 ementes
2627 1938 2684 1993 in
2712 1939 2825 1994 illo.
2860 1941 2916 1996 In
2951 1947 3152 2015 templo
3184 1949 3367 2004 vendit

1771 2024 1856 2080 vel
1913 2027 2066 2094 emit,
2111 2028 2203 2097 qui
2246 2028 2645 2087 ecclesiasticas
2699 2033 3204 2094 administrationes
3246 2057 3367 2112 quas

1773 2118 1890 2174 solo
1920 2119 2034 2174 Deo
2067 2120 2268 2178 debent
2302 2124 2441 2192 dari,
2473 2141 2572 2196 pro
2602 2129 2778 2196 pretio
2800 2129 3006 2199 praebet
3026 2132 3111 2186 vel
3143 2117 3380 2205 accipit.

1772 2213 1830 2268 In
1863 2214 2064 2285 templo
2099 2217 2304 2281 vendit,
2357 2217 2450 2287 qui
2504 2218 2770 2288 justitiam
2814 2238 2914 2292 pro
2945 2239 3173 2282 munere
3206 2227 3365 2284 facit.

1773 2304 1922 2359 Emit
1976 2306 2028 2359 in
2061 2307 2259 2376 templo
2317 2309 2408 2378 qui
2466 2325 2536 2364 ne
2584 2311 2750 2366 faciat
2816 2315 2959 2384 quod
3007 2315 3185 2383 debet,
3236 2308 3372 2376 dato

1777 2397 1959 2468 pretio
2008 2413 2039 2450 a
2064 2395 2339 2464 iudicibus
2369 2399 2523 2453 emit.
2546 2399 2605 2456 In
2639 2401 2838 2473 templo
2863 2405 3048 2460 vendit
3077 2407 3188 2477 qui,
3220 2407 3366 2464 bona

1773 2503 1894 2560 quae
1921 2503 2019 2558 pro
2067 2488 2180 2543 solo
2205 2488 2314 2544 Deo
2344 2488 2528 2545 facere
2562 2490 2746 2558 debet,
2785 2489 2894 2563 pro.
2922 2495 3159 2551 humana
3203 2498 3367 2556 laude

1772 2582 1977 2637 vendit.
2005 2581 2063 2637 In
2088 2583 2284 2653 templo
2307 2585 2438 2640 emit
2465 2585 2555 2654 qui
2587 2585 2654 2641 ab
2677 2585 3067 2654 adulatoribus,
3100 2598 3160 2645 ut
3187 2591 3364 2650 bonus

1774 2673 2009 2740 dicatur,
2037 2675 2354 2731 muneribus
2389 2677 2540 2732 emit.
2575 2677 2784 2745 Quibus
2821 2682 3079 2737 omnibus
3119 2683 3318 2738 dicitur
3343 2701 3362 2739 :

1772 2765 1997 2822 Fecistis
2026 2769 2428 2824 domummeam
2451 2771 2755 2840 speluncam
2783 2773 3070 2829 latronum.
3095 2777 3364 2847 Quoniam

1773 2861 1898 2917 dum
1923 2866 2163 2934 perversi
2192 2866 2370 2921 locum
2412 2877 2598 2922 tenent
2632 2869 2946 2940 religionis,
2981 2871 3053 2925 ibi
3085 2888 3180 2940 per
3207 2873 3368 2929 ntali-

1775 2954 1903 3008 tiam
1930 2956 2206 3023 occidunt,
2237 2957 2329 3011 ubi
2367 2972 2465 3027 per
2494 2960 2797 3015 orationem
2848 2960 3128 3016 viviﬁcare
3158 2963 3368 3018 debue-

1772 3054 1922 3100 runt.
1959 3045 2065 3100 Sed
2096 3047 2222 3114 quia
2257 3057 2448 3102 contra
2492 3063 2710 3103 omnem
2743 3051 3159 3115 perversitatem
3185 3051 3375 3108 Domi;

61 3151 183 3204 dum
214 3165 322 3206 nec
351 3148 610 3218 indignis
657 3149 887 3219 gratiam
933 3151 1206 3204 subtrahit
1241 3148 1663 3217 praedicationis.

1777 3154 1880 3193 nus
1941 3154 2039 3209 per
2105 3137 2418 3208 Scripturas
2472 3141 2847 3197 indesinenter
2908 3144 3167 3211 instruit,
3218 3155 3369 3203 recto

68 3242 215 3298 Unde
244 3251 302 3298 et
332 3243 632 3299 subditur:
667 3241 734 3296 Et
764 3253 874 3297 erat
893 3244 1122 3314 quotidie
1147 3243 1337 3297 docens
1367 3243 1421 3296 in
1451 3240 1662 3312 templo.

63 3337 206 3403 Quos
227 3337 381 3392 enim
412 3337 821 3407 objurgavcrat,
856 3346 909 3390 et
938 3347 1089 3392 extra
1118 3335 1407 3390 ecclesiam
1439 3335 1663 3406 pepule-

65 3439 147 3482 rat
173 3442 274 3496 per
314 3425 557 3497 justitit'e
606 3426 862 3496 rigorem,
897 3427 997 3480 hos
1027 3441 1286 3480 revocare
1323 3424 1388 3478 ad
1435 3424 1666 3478 salutem

65 3519 260 3589 quaerit
301 3534 407 3590 per
437 3519 902 3590 praedicationem,
939 3518 1074 3571 dans
1103 3516 1408 3586 exemplum
1434 3515 1668 3570 doctori-

63 3608 163 3665 bus
189 3621 407 3665 sanctae
439 3608 724 3675 Ecclesiae,
757 3620 815 3663 ut
850 3609 1094 3678 quamvis
1115 3593 1585 3662 excommunicent
1615 3617 1670 3664 et

61 3701 359 3774 obiurgant
411 3711 756 3772 peccatores,
810 3711 988 3756 tamen
1040 3702 1268 3756 interius
1318 3716 1532 3770 semper
1576 3716 1669 3760 eos

58 3797 316 3870 diligant,
366 3807 425 3854 et
476 3799 732 3853 omnibus
760 3797 933 3853 modis
973 3812 1069 3853 eos
1098 3798 1164 3852 ad
1194 3797 1478 3852 ecclesiam
1511 3813 1670 3853 revo-

57 3908 184 3949 care
220 3877 525 3949 festinent.
582 3890 734 3958 Quod
774 3900 954 3945 autem
993 3888 1157 3945 semel
1197 3890 1458 3944 Dominus
1501 3889 1672 3945 histo-

55 3985 274 4040 rialiter
353 3985 536 4049 fecit,
597 3983 953 4053 spiritualiter
1027 3983 1268 4052 quotidie
1326 3981 1506 4036 facere
1565 3997 1670 4036 non

49 4078 292 4132 desistit.
327 4077 446 4132 Per
500 4075 703 4130 electos
751 4076 948 4146 quippe
991 4089 1119 4129 suos
1167 4075 1256 4143 qui
1303 4073 1673 4144 spiritualibus

49 4171 226 4232 oculis
254 4168 583 4240 praevident
612 4167 850 4222 futuram
899 4167 1159 4221 malorum
1192 4165 1626 4234 reprobationctn
1655 4205 1671 4232 ,

43 4263 267 4334 plangit
301 4277 410 4318 cos
441 4261 544 4332 qui
578 4261 826 4316 nesciunt
851 4275 947 4314 cur
969 4259 1293 4330 plangantur
1318 4300 1332 4324 ,
1366 4260 1456 4329 qui
1488 4259 1674 4314 laetan-

44 4362 138 4408 tur
185 4370 323 4410 cum
372 4351 783 4417 malefecerint,
820 4360 874 4404 et
922 4350 1196 4405 exsultant
1233 4351 1284 4404 in
1316 4352 1476 4405 rebus
1508 4351 1675 4421 pessi-

39 4449 149 4503 mis
195 4447 408 4518 (Prov.
435 4446 528 4517 ιι).
565 4444 666 4512 Qui
715 4445 759 4498 si
792 4442 1192 4498 damnationem
1238 4457 1390 4498 suam
1417 4441 1676 4512 praevide-

1775 3231 2064 3285 subditur:
2096 3229 2163 3284 Et
2193 3241 2308 3285 erat
2337 3232 2528 3286 docens
2568 3235 2801 3305 quotidie
2829 3235 2882 3288 in
2912 3235 3123 3302 templo.
3154 3235 3364 3306 Itaque,

1771 3323 1970 3379 fratres
1995 3325 2119 3384 mei.
2146 3340 2244 3378 nos
2271 3325 2362 3394 qui
2393 3326 2633 3393 quotidie
2671 3342 2980 3395 peccamus.
3012 3338 3366 3399 peccatorum

1772 3424 2004 3470 ventura
2035 3417 2322 3486 supplicia,
2370 3427 2498 3471 ante
2542 3419 2729 3473 oculos
2761 3429 2980 3475 nostros
3028 3436 3242 3492 semper
3269 3423 3368 3479 ha-

1771 3509 2024 3564 beamus.
2071 3506 2345 3578 Scriptum
2382 3519 2467 3564 est
2500 3511 2647 3564 enim
2684 3529 2699 3566 :
2733 3510 2801 3565 In
2839 3513 2924 3566 die
2963 3515 3214 3568 bonorum
3259 3533 3366 3572 non

1771 3601 2050 3656 immemor
2075 3602 2145 3655 sis
2174 3601 2636 3672 malorum(Eccli.
2669 3604 2752 3676 ll).
2778 3605 2844 3658 Et
2867 3605 2991 3660 alibi
3022 3625 3035 3659 :
3061 3605 3256 3660 Beatus
3285 3609 3368 3661 vir

1772 3694 1863 3764 qui
1885 3709 2084 3762 semper
2103 3701 2177 3745 est
2199 3692 2416 3760 pavidus
2441 3690 2627 3758 (Prov.
2654 3695 2871 3766 xxvnt).
2894 3695 3201 3764 Cogitemus
3234 3693 3370 3770 ergo

1774 3785 2048 3840 daemones
2073 3784 2126 3838 in
2159 3784 2306 3839 exitu
2337 3787 2532 3840 animae
2559 3796 2759 3840 nostrae
2781 3803 2878 3841 nos
2902 3788 3362 3856 circumdaturos,

1774 3889 1830 3936 et
1869 3893 1899 3931 a
1935 3877 2092 3935 nobis
2147 3878 2333 3933 omnia
2383 3889 2604 3948 peccata
2647 3889 2832 3934 nostra
2889 3881 3262 3950 requisituros.
3305 3884 3364 3939 Si

1775 3973 1920 4027 enim
1970 3971 2036 4024 ad
2095 3970 2371 4027 Christum
2408 3971 2555 4024 venit
2607 3971 2890 4038 diabolus,
2947 3973 3060 4042 ipso
3101 3974 3360 4029 dicente:

1780 4061 1916 4128 Quia
1953 4062 2087 4114 venit
2118 4063 2358 4130 princeps
2382 4061 2568 4114 mundi
2585 4060 2768 4132 hujus,
2807 4073 2856 4115 et
2885 4063 2938 4115 in
2975 4079 3056 4116 me
3083 4080 3184 4118 non
3211 4066 3364 4120 habet

1774 4156 2062 4226 quidquam
2097 4153 2281 4222 (Joan.
2313 4154 2446 4223 xu);
2474 4155 2517 4208 si
2549 4169 2678 4224 ergo
2710 4156 2776 4209 ad
2803 4170 2924 4210 eum
2958 4157 3142 4219 venit,
3172 4158 3224 4210 in
3256 4174 3365 4227 quo

1776 4247 1912 4302 nihil
1943 4247 2148 4310 habuit,
2174 4257 2376 4317 quanto
2409 4249 2581 4316 magis
2612 4248 2678 4301 ad
2710 4263 2807 4302 nos
2839 4251 3058 4314 veniet,
3085 4250 3139 4305 in
3168 4251 3366 4320 quibus

1777 4340 1942 4394 multa
1995 4340 2178 4394 habet.
2222 4340 2424 4411 Itaque.
2469 4340 2690 4404 fratres,
2747 4341 2979 4396 dulcedo
3043 4342 3201 4412 hujus
3244 4343 3367 4399 vita:

1777 4431 1936 4487 nobis
1995 4443 2332 4497 amarescat;
2386 4441 2607 4502 peccata
2647 4447 2767 4502 quae
2817 4431 3060 4484 diabolus
3113 4434 3166 4485 in
3210 4431 3368 4485 nobis

41 4549 194 4605 rent,
270 4539 386 4612 ipsi
431 4549 656 4607 quoque
705 4533 918 4596 flerent,
962 4543 1017 4588 et
1072 4534 1280 4605 seipsos
1322 4551 1448 4589 cum
1493 4533 1678 4588 electis
1712 4535 1759 4590 Ι)
1785 4523 2085 4592 cognoscit,
2113 4522 3098 4594 ﬂetuspmnitentitediluat;jejunia,
3132 4521 3367 4577 electno-

30 4633 412 4704 plangerent,
449 4629 550 4700 qui
580 4628 668 4682 hic
711 4627 916 4682 habent
944 4627 1085 4682 diem
1118 4642 1295 4692 suam,
1340 4627 1463 4696 quia
1495 4627 1582 4682 hic
1618 4626 1672 4681 in

31 4729 199 4783 bonis
245 4729 484 4782 ducunt
529 4721 645 4776 dies
668 4737 815 4776 suos.
855 4720 953 4776 llic
1013 4721 1178 4776 etiam
1237 4721 1439 4776 habent
1485 4735 1674 4791 pacem

28 4838 220 4886 suam,
256 4817 406 4890 quia
437 4823 839 4886 prosperantur
886 4813 940 4868 in
964 4813 1049 4868 via
1079 4829 1175 4867 sna
1207 4812 1346 4868 mala
1371 4852 1388 4880 ,
1415 4814 1508 4868 sed
1542 4827 1674 4895 ven-

28 4924 155 4969 tura
190 4910 506 4984 supplicia
543 4908 948 4964 absconduntnr
970 4908 1038 4962 ab
1082 4906 1254 4961 oculis
1284 4921 1494 4960 eorum.
1541 4906 1678 4972 Quia

23 5010 159 5063 dum
212 5006 442 5062 nolunt
501 5001 644 5055 mala
685 5001 1012 5072 prtevidere,
1041 5015 1160 5070 quae
1190 4999 1428 5054 laetitiam
1462 5007 1677 5068 pertur-

20 5102 167 5156 bent
226 5094 649 5167 temporalem,
694 5095 843 5164 quasi
891 5092 1091 5148 clausis
1136 5091 1309 5148 oculis
1337 5092 1402 5145 ad
1449 5098 1678 5148 mortem

19 5193 344 5257 festinant,
379 5187 531 5258 quia
561 5188 779 5242 venient
805 5187 938 5250 dies,
972 5185 1188 5253 quando
1219 5186 1428 5240 animas
1456 5185 1524 5240 de
1555 5201 1681 5242 cor-

19 5287 275 5358 poribus
323 5288 624 5336 cxcuntes
653 5318 667 5344 ,
709 5280 978 5332 daemones
1025 5279 1229 5333 inimici
1270 5278 1682 5333 circumdabant

19 5380 192 5445 vallo,
230 5381 601 5449 perpetrata
653 5371 866 5426 scilicet
897 5371 1034 5424 mala
1062 5381 1422 5441 opponentes,
1448 5381 1504 5426 et
1529 5371 1682 5425 undi.

19 5491 126 5546 que
151 5466 660 5531 circumdabant,
683 5473 737 5518 et
760 5465 1205 5533 coangustabunt,
1233 5453 1486 5534 quianon
1511 5464 1683 5544 solum

19 5567 236 5640 )peris,
301 5561 417 5619 sed
454 5558 645 5616 eLiam
690 5555 982 5610 locutionis
1019 5562 1075 5609 et
1109 5554 1456 5623 cogitationis
1490 5555 1686 5625 iniqui-

19 5671 174 5717 tates
211 5667 366 5713 anto
407 5649 625 5708 oculos
653 5665 840 5705 eorum
871 5647 1330 5718 replit-abuntyet
1365 5646 1431 5701 ad
1482 5656 1684 5702 terram

19 5755 448 5827 prosternent,
509 5758 637 5796 cum
668 5758 796 5797 caro
827 5743 880 5796 in
922 5741 1196 5812 pulverem
1239 5739 1533 5809 redigetur.
1565 5738 1686 5793 Filii

19 5851 197 5912 etiam
227 5856 459 5902 eorum
501 5845 941 5906 praetereantur,
965 5850 1087 5894 cum
1119 5833 1170 5887 in
1201 5832 1289 5889 illa
1319 5832 1405 5892 die
1435 5832 1689 5906 peribunt

305 5962 637 6024 PATBOL.
663 5950 859 6018 αν.

1780 4632 1947 4690 synar,
1994 4616 2293 4681 orationes,
2333 4626 2389 4670 et
2437 4625 2634 4669 cmtera
2692 4613 2833 4667 bona
2882 4619 3186 4682 perpetrata
3227 4615 3365 4667 mala

1783 4712 2073 4775 redimant,
2103 4721 2160 4765 ut
2198 4719 2400 4779 quanto
2455 4724 2599 4764 nunc
2654 4709 2829 4777 magis
2869 4723 3057 4762 smnus
3096 4709 3161 4760 de
3191 4710 3369 4761 anima

1782 4813 1968 4859 nostra
2014 4801 2373 4866 formidolosi,
2424 4807 2576 4854 tanto
2621 4799 2674 4854 in
2726 4800 2873 4854 exitu
2927 4800 3123 4851 animae
3169 4808 3372 4854 nostrm

1783 4895 2065 4950 valeamus
2131 4895 2300 4964 magis
2363 4909 2485 4949 esse
2552 4892 2761 4959 securi,
2831 4893 3094 4960 largiente
3142 4891 3372 4944 Domino

1782 4997 1970 5044 nostro
1996 4984 2126 5042 Jesu
2157 4985 2394 5052 Christo,
2419 4986 2510 5055 qui
2533 5001 2656 5040 cum
2687 4984 2848 5038 Patre
2873 4994 2926 5037 et
2950 4982 3155 5048 Spiritu
3180 4993 3370 5037 sancto

1782 5083 1918 5136 vivit
1949 5089 2003 5135 et
2051 5088 2241 5150 regnat
2272 5079 2415 5133 Deus
2444 5094 2541 5149 per
2587 5078 2767 5134 omnia
2801 5076 2996 5132 saecula
3027 5075 3370 5132 smculorum.

1785 5174 1979 5231 Amen.
2905 5237 2914 5243 ν

2326 5259 2608 5316 HOMILIA
2645 5261 2835 5317 XXIV.

2022 5372 2276 5413 DOMXNICA
2315 5370 2588 5412 υξωεοηιι
2626 5371 2755 5409 Ροδτ
2794 5368 3149 5409 τηιιγιτιιτει.

1777 5441 1783 5446 ’
1861 5450 2063 5505 Nolunt
2114 5451 2254 5502 nobis
2322 5448 2460 5518 facio
2504 5445 2848 5516 Evangelium
2903 5444 3044 5518 quod
3097 5439 3384 5512 pra'dicavi

1775 5532 1952 5608 nobis,
1982 5541 2120 5615 quod
2153 5550 2201 5594 et
2225 5540 2518 5610 accepistis,
2549 5540 2604 5592 in
2646 5555 2745 5610 quo
2773 5549 2817 5592 et
2842 5539 3014 5601 statis,
3044 5550 3137 5604 per
3163 5533 3302 5604 quod
3328 5541 3380 5589 et

1789 5635 2059 5692 salvemini
2089 5633 2140 5705 (l
2169 5632 2292 5688 Cor.
2317 5632 2429 5703 xv).
2460 5631 2755 5702 Tripertita
2788 5639 2868 5686 est
2904 5631 3019 5685 haec
3048 5627 3231 5692 lcetio,
3266 5624 3381 5680 fra-

1792 5739 1903 5786 tres
1925 5729 2054 5785 mei.
2080 5727 2268 5784 Primo
2292 5726 2434 5782 enim
2483 5727 2919 5796 praedicationem
2961 5739 3116 5779 suam
3148 5721 3381 5790 Aposto-

1794 5823 1878 5880 lus
1905 5819 2272 5888 commendat.
2301 5819 2558 5878 Secundo
2585 5819 2784 5875 Christi
2823 5817 3164 5886 passionem,
3197 5810 3378 5888 εςιιιιιο

2821 5930 2899 5998 6b
