3896 6320
479 363 621 421 2027

1499 354 1839 415 ADDENDA.
1871 384 1940 400 ει-
1981 353 2702 413 BADULPHIARDENTIS

3649 353 3764 413 εοξε

481 494 685 544 turam,
717 489 768 533 et
811 479 1262 533 resurrectionem
1302 475 1555 531 aﬂlrmat.
1585 475 1771 529 Tertio
1805 490 1861 528 se
1890 474 2070 529 humi-
2100 485 2150 544 Α
2179 474 2316 526 tione
2362 473 2760 541 pradicaverirn
2787 473 2953 536 vobis,
3006 475 3058 527 si
3109 472 3354 526 retinetis
3379 511 3392 534 ,
3450 471 3551 524 nisi
3603 473 3761 539 frustra

482 576 599 632 liat.
641 573 881 630 Primum
930 571 1094 641 igitur
1141 569 1580 642 praedicationem
1614 582 1766 620 suam
1798 581 2077 621 commen-

481 670 641 733 dans,
679 666 788 721 ait:
816 664 1010 718 Notum
1038 665 1178 720 vobis
1216 663 1354 732 facio
1383 661 1728 731 Evangctium
1764 659 1900 730 quod
1941 675 2078 731 pra-

481 760 652 815 dicaoi
699 758 862 813 vobis.
910 758 985 812 Ac
1031 756 1076 812 si
1133 764 1319 826 aperte
1363 752 1688 808 dicatzNon
1743 754 1886 808 sicut
1921 769 2078 810 error

480 861 537 910 et
583 850 947 907 inconstantia
1009 846 1633 920 pseudopradicatorum
1697 845 1878 914 solet,
1933 862 2078 903 nunc

484 945 762 1018 quaedam,
797 943 959 997 modo
989 940 1092 995 alia
1123 937 1276 992 vobis
1316 937 1575 1007 praedico,
1624 937 1716 992 sed
1761 936 1889 991 illud
1933 936 2076 992 idem

481 1039 626 1110 quod
684 1036 838 1092 vobis
890 1031 1216 1105 praedicavi,
1263 1045 1410 1084 nunc
1461 1029 1626 1084 etiam
1680 1029 1837 1085 vobis
1889 1036 2076 1084 notum

480 1130 644 1195 iacio,
684 1129 736 1184 id
778 1137 860 1184 est
908 1124 1033 1179 illud
1088 1123 1232 1196 quod
1277 1123 1432 1177 vobis
1479 1120 1806 1194 praedicari,
1838 1133 2076 1192 praesens

480 1237 655 1290 voce,
705 1218 946 1276 moribus
994 1225 1046 1271 et
1074 1215 1389 1281 virtutibus,
1420 1230 1540 1270 cum
1588 1215 1690 1269 sim
1722 1215 1939 1280 absens,
1979 1229 2076 1267 no-

484 1325 598 1370 tum
630 1311 785 1367 vobis
817 1310 955 1366 facio
983 1308 1206 1381 scripto.
1242 1308 1393 1363 Adeo
1432 1307 1631 1379 quippe
1664 1316 1780 1362 erat
1813 1305 2076 1361 sollicitus

480 1405 774 1479 Apostolus
817 1404 870 1460 in
903 1403 1208 1460 eruditione
1233 1403 1476 1474 gentium
1505 1442 1520 1467 ,
1550 1402 1691 1470 quod
1745 1416 1847 1455 non
1899 1400 2074 1455 solum

483 1509 786 1572 praesentes
817 1512 968 1560 voce,
1001 1495 1242 1550 moribus
1285 1503 1340 1548 et
1364 1494 1659 1549 virtutibus
1681 1491 2073 1558 conﬁrmabat,

491 1593 584 1647 sed
617 1591 780 1646 etiam
812 1591 1066 1644 absentes
1096 1593 1152 1643 ct
1173 1587 1480 1641 nascituros
1517 1586 1721 1656 scripto
1751 1585 2071 1639 instruebat.

478 1683 535 1738 ln
571 1698 676 1753 quo
702 1697 820 1737 mea
850 1683 1063 1754 meique
1110 1679 1472 1734 consimilium
1507 1681 1920 1750 praedicatorum
1943 1695 2071 1733 con-

483 1776 731 1830 funditur
754 1775 1117 1846 negligentia,
1147 1773 1239 1843 qui
1266 1786 1366 1826 nec
1399 1772 1652 1827 absentes
1684 1772 1904 1842 scriptis
1929 1812 1943 1837 ,
1974 1787 2075 1826 nec

2185 563 2504 618 credidistis.
2537 560 2760 618 Frustra
2801 565 3039 619 credidit
3085 567 3180 634 qui
3211 564 3397 634 primo
3449 562 3762 627 crcdidit,et

2186 665 2379 728 postea
2405 656 2491 711 vel
2519 655 2756 724 dubitat,
2823 656 2906 710 vel
2939 673 3049 711 non
3075 658 3286 712 credit.
3316 656 3547 711 Frustra
3576 656 3766 712 credidit

2184 751 2276 821 qui
2307 749 2449 805 male
2489 749 2722 806 vivendo
2746 749 2870 805 ﬁdei
2903 750 3270 806 contradicit.
3302 748 3542 804 Frustra
3574 751 3766 804 credidit

2181 843 2274 915 qui
2322 842 2409 898 vel
2448 851 2608 914 negat
2655 841 2742 899 vel
2801 843 3232 915 tacet:quando
3275 843 3653 898 necessarium
3702 853 3767 898 cst

2183 935 2452 993 confiteri.

2257 1027 2524 1100 Sequitur
2551 1047 2682 1102 pars
2715 1033 2956 1090 secunda
2988 1072 3003 1097 ,
3037 1032 3091 1087 in
3121 1047 3230 1104 qua
3260 1031 3569 1101 Apostolus
3599 1031 3766 1089 Christi

2180 1123 2516 1194 passionem,
2549 1125 2884 1196 sepulturam
2910 1136 2966 1181 et
2995 1127 3474 1182 resurrectionem
3498 1126 3764 1196 conﬁrmat,

2180 1216 2365 1286 primo
2396 1217 2712 1273 testimonio
2741 1217 3154 1289 Scripturarum
3187 1260 3204 1286 ,
3231 1219 3447 1274 deinde
3495 1220 3767 1278 testimonio

2181 1306 2545 1377 apostolorum
2570 1318 2624 1363 et
2653 1325 2770 1364 suo.
2798 1310 3138 1368 Testimonio
3165 1323 3359 1367 autem
3387 1311 3764 1383 Scripturaruut

2182 1416 2276 1456 eas
2309 1402 2624 1470 conﬁrmat,
2661 1420 2783 1457 cum
2815 1404 2947 1459 dicit
2979 1421 2992 1457 :
3029 1403 3144 1476 Ego
3170 1408 3318 1460 enim
3350 1407 3406 1459 in
3427 1407 3771 1476 primistradi-

2182 1493 2238 1546 di
2266 1495 2406 1548 vobis
2429 1497 2569 1565 quod
2595 1505 2644 1550 et
2670 1498 2846 1568 accepi
2880 1539 2895 1564 ,
2948 1514 3055 1552 non
3090 1501 3159 1554 ab
3206 1500 3467 1554 bomiue.
3507 1499 3650 1556 Unde
3679 1503 3768 1572 ipse

2182 1585 2307 1641 alibi
2363 1606 2375 1640 :
2435 1587 2570 1658 Ego,
2629 1589 2844 1659 inquit,
2901 1607 3007 1646 non
3057 1594 3121 1645 ab
3159 1594 3382 1647 nomine
3428 1596 3605 1664 accepi
3643 1595 3766 1662 illud,

2183 1695 2347 1749 neque
2408 1683 2604 1747 didici,
2656 1685 2746 1737 sed
2787 1701 2880 1754 per
2947 1685 3330 1740 reuelationem
3395 1686 3530 1740 Jesu
3603 1686 3770 1742 Christi

2184 1769 2326 1841 (Cal.
2354 1773 2393 1843 t)
2437 1794 2454 1832 :
2484 1773 2747 1840 Quoniam
2773 1777 3016 1832 Christus
3043 1792 3289 1833 mortuas
3332 1790 3414 1833 est
3437 1797 3538 1849 pro
3579 1784 3772 1849 peccetis

491 1870 653 1924 etiam
688 1878 982 1938 prmsentes
1011 1867 1190 1923 verbis
1233 1865 1619 1930 informamus,
1651 1865 1910 1918 talentum
1936 1879 2074 1933 prte-
2107 1868 2152 1927 Β
2185 1867 2375 1920 nostris
2401 1870 2686 1920 secrmdum
2718 1867 3068 1937 Scripturas;
3123 1881 3171 1922 et
3196 1872 3328 1940 quia
3355 1870 3604 1939 sepultus
3627 1884 3708 1934 est,
3734 1879 3774 1926 et

484 1962 772 2015 dicatiouis
819 1961 976 2015 nobis
1016 1961 1362 2015 commissum
1406 1958 1764 2013 occultantes.
1823 1957 1922 2024 Qui
1972 1959 2075 2012 etsi

485 2054 814 2123 quandoque
861 2053 1062 2121 aliquid
1107 2052 1231 2106 boui
1261 2051 1441 2106 verbis
1488 2050 1847 2121 praedicamus
1879 2091 1892 2114 ,
1948 2049 2078 2104 rllud

492 2144 735 2198 moribus
765 2153 817 2198 et
850 2143 1104 2213 operibus
1138 2143 1495 2198 destruimus.
1525 2140 1881 2197 Commendat
1915 2143 2078 2213 igitur

489 2236 784 2306 Apostolus
821 2236 1258 2310 praedicationem
1310 2251 1464 2291 suam
1505 2236 1806 2290 Corinthiis
1831 2276 1845 2300 ,
1879 2237 2080 2304 quibus

483 2329 703 2395 scribit,
729 2330 1063 2400 persuadens
1093 2331 1171 2382 eis
1205 2328 1388 2384 multis
1413 2329 1587 2382 modis
1618 2339 1674 2382 ut
1719 2329 1771 2382 in
1796 2343 1858 2381 ea
1893 2343 2079 2398 perse-

478 2433 689 2480 verent.
738 2422 922 2477 Primo
963 2423 1180 2478 nomine
1223 2439 1342 2477 eam
1369 2422 1714 2477 commendat
1748 2464 1762 2488 ,
1796 2438 1916 2474 cum
1955 2437 2075 2475 eam

478 2529 644 2574 vocat
690 2518 1078 2588 Evangeliutu,
1116 2519 1258 2588 quod
1299 2518 1688 2588 interpretatur
1727 2515 1915 2568 bonum
1948 2533 2082 2568 nun-

481 2611 632 2678 tium,
665 2613 730 2666 de
772 2610 876 2666 llde
911 2611 1120 2664 scilicet
1149 2620 1201 2664 et
1225 2609 1466 2662 moribus
1495 2608 1544 2660 in
1596 2607 1761 2660 vitam
1791 2616 2072 2660 :eternata.

479 2702 548 2760 Et
574 2704 722 2776 quod
759 2705 1034 2772 nuntium,
1065 2703 1261 2757 fratres
1291 2701 1392 2755 inci
1425 2743 1438 2766 ,
1469 2708 1642 2770 potest
1678 2717 1798 2755 esse
1835 2701 2026 2756 melius
2059 2743 2074 2767 ,

479 2813 645 2868 quam
679 2797 807 2853 illud
831 2797 973 2868 quod
1005 2813 1102 2867 per
1131 2795 1253 2851 fidei
1282 2796 1565 2849 veritatem
1593 2836 1607 2859 ,
1637 2804 1692 2850 et
1737 2811 1946 2849 morum
1981 2795 2077 2848 bo-

481 2902 752 2947 nestatem
811 2891 961 2945 ducit
1019 2906 1116 2944 nos
1175 2888 1227 2944 in
1282 2889 1447 2942 vitam
1508 2888 1820 2943 asternami
1874 2887 2077 2944 Deinde

482 2985 811 3039 auctoritate
838 2983 918 3037 sui
949 2982 1288 3053 apostolatus
1314 3023 1328 3045 ,
1359 2984 1447 3052 qui
1486 2999 1516 3034 η
1551 2979 1658 3036 Deo
1689 2983 1755 3034 ad
1781 2982 2076 3050 pradican-

482 3077 610 3129 dum
639 3077 827 3130 missus
854 3067 970 3130 Erat
991 3118 1004 3140 ,
1033 3078 1375 3130 commendat
1414 3076 1852 3145 prmdicationem
1878 3092 2032 3130 suam
2055 3116 2070 3140 ,

479 3185 601 3226 cum
640 3169 793 3236 dicit,
829 3171 968 3241 quod
996 3171 1278 3240 pradicavi
1309 3170 1472 3223 robis.
1507 3167 1867 3238 Susceptione
1901 3171 2065 3222 etiam

2187 1960 2310 2028 quia
2346 1963 2633 2014 resurrexit
2681 1961 2970 2014 secundum
3019 1959 3563 2030 Scripturas.-Porro
3594 1966 3761 2033 passio,

2187 2051 2496 2120 sepultura,
2551 2063 2603 2106 et
2635 2055 2967 2108 resurrectio
3016 2053 3261 2119 Christi,
3308 2053 3640 2124 signiﬁcata-
3664 2064 3764 2111 sunt

2189 2145 2241 2198 in
2289 2144 2590 2214 Scripturis
2621 2187 2636 2211 ,
2677 2164 2782 2200 non
2815 2148 2988 2202 solum
3021 2148 3235 2213 verbis.
3267 2149 3366 2204 sed
3397 2149 3571 2202 etiam
3615 2147 3767 2204 factis.

2185 2238 2253 2292 Et
2309 2240 2488 2293 verbis
2555 2241 2773 2310 quidem
2819 2241 3137 2312 signiﬁcata
3180 2252 3363 2310 sunt,
3421 2244 3671 2314 quoniam
3717 2245 3771 2299 de

2183 2333 2438 2403 passione
2480 2332 2596 2402 ejus
2647 2335 2897 2404 praedixit
2949 2335 3117 2390 lsaias
3175 2336 3369 2391 dicens
3416 2352 3432 2388 :
3477 2334 3629 2391 Sicut
3679 2338 3770 2391 oris

2184 2427 2252 2478 ad
2296 2428 2608 2480 occisionem
2657 2429 2844 2481 ductus
2888 2429 3151 2497 est(lsai.
3203 2431 3350 2498 uti).
3410 2429 3542 2483 Item
3602 2429 3768 2484 illud:

2184 2518 2304 2588 Ipse
2329 2531 2501 2573 autem
2529 2521 2832 2575 uulneratus
2865 2531 2939 2575 cst
2969 2533 3182 2592 propter
3210 2524 3519 2593 iniquitates
3547 2536 3771 2589 nostras,

2184 2618 2394 2670 attritus
2423 2625 2497 2668 est
2563 2628 2775 2685 propter
2824 2617 3020 2670 scelera
3079 2626 3264 2670 nostra
3329 2618 3535 2687 (ibid.).
3589 2619 3661 2673 De
3702 2635 3773 2672 se-

2181 2707 2398 2778 pultura
2445 2707 2693 2774 przedixit
2739 2707 2882 2760 idem
2936 2708 2986 2760 in
3042 2723 3274 2776 persona
3333 2706 3523 2761 Patris
3576 2726 3591 2762 :
3646 2707 3771 2761 Pro-

2180 2809 2294 2868 pter
2348 2798 2515 2851 scelus
2545 2839 2558 2862 ,
2613 2798 2824 2867 inquit,
2890 2797 3070 2865 populi
3121 2800 3224 2850 rnci
3256 2839 3270 2863 ,
3309 2800 3551 2866 percussi
3574 2816 3688 2852 eum
3725 2810 3766 2852 ct

2181 2890 2325 2944 dabit
2370 2891 2557 2959 impios
2621 2907 2716 2960 pro
2765 2890 3035 2958 sepultura
3068 2933 3081 2954 ,
3141 2899 3191 2944 et
3238 2892 3452 2944 dit-itam
3478 2909 3578 2961 pro
3627 2905 3774 2945 inc-rte

2179 3003 2278 3040 sua
2322 2985 2535 3056 (lbid.).
2599 2987 2673 3039 De
2727 2988 3134 3042 resurrectione
3203 3005 3424 3059 quoque
3488 2991 3606 3056 ejus
3660 3006 3772 3059 pra-

2180 3078 2314 3134 t‘lixit
2337 3076 2504 3133 Oseas
2539 3095 2552 3132 :
2600 3076 2894 3147 Viriﬁcabit
2926 3097 3017 3132 nos
3045 3123 3058 3145 ,
3094 3083 3274 3149 inquit
3301 3125 3316 3147 ,
3346 3088 3466 3150 post
3501 3084 3634 3134 duos
3658 3085 3770 3146 dies,

2182 3181 2230 3224 et
2289 3172 2375 3225 die
2425 3172 2583 3224 tertia
2628 3172 2901 3224 suscitabit
2957 3189 3049 3226 nos
3094 3171 3242 3241 (Otc.
3292 3176 3378 3243 tt).
3411 3174 3773 3228 EtPsaltnista

481 3267 728 3340 ipsorum
769 3267 1178 3324 Corinthiorum
1221 3268 1332 3338 (qui
1378 3269 1582 3322 relictis
1623 3268 1899 3346 erroribus
1932 3269 2076 3322 veri.
2105 3235 2150 3297 Ω
2185 3265 2238 3318 in
2279 3279 2515 3335 persona
2555 3265 2724 3334 ipsius
2763 3265 2965 3320 Christi
3004 3283 3016 3319 :
3053 3265 3333 3337 Exsurge,
3367 3270 3569 3338 inquit,
3619 3271 3771 3338 gloria

479 3370 649 3417 tatem
706 3360 1078 3432 susceperant)
1118 3361 1462 3416 comn'.endat
1511 3377 1628 3414 eam
1690 3378 1812 3416 cum
1840 3363 2019 3418 subdit
2055 3378 2070 3416 :

482 3451 636 3520 Quod
666 3463 714 3506 et
739 3452 1037 3524 accepistis.
1065 3453 1230 3522 Quasi
1263 3450 1469 3507 diceret
1498 3471 1509 3504 :
1539 3449 1718 3522 Turpe
1747 3466 1890 3508 esset
1922 3453 2077 3508 vobis

481 3546 696 3616 cognita
722 3546 953 3602 veritate
981 3554 1308 3618 apostatare.
1341 3545 1547 3600 Virtute
1569 3563 1685 3600 eam
1706 3549 2074 3611 commendat,

481 3654 604 3695 cum
639 3639 850 3702 subdit,
881 3638 936 3692 in
963 3655 1065 3707 quo
1095 3647 1142 3692 et
1168 3637 1321 3691 statis
1351 3678 1364 3702 ,
1393 3638 1623 3692 viriliter
1650 3639 1702 3693 in
1742 3639 2031 3694 virtutibus
2056 3680 2073 3708 ,

480 3730 573 3802 qui
605 3741 764 3786 antea
796 3746 892 3804 per
931 3731 1061 3785 vitia
1101 3728 1447 3785 diﬁlucbatis.
1490 3728 1736 3786 Utilitate
1771 3747 1889 3786 eam
1922 3748 2074 3788 com-

481 3825 703 3879 mendat
731 3839 852 3879 cum
885 3823 1087 3886 subdit,
1116 3840 1209 3893 per
1234 3823 1373 3893 quod
1397 3833 1442 3876 et
1467 3824 1765 3889 saluamini,
1797 3825 1885 3894 qui
1913 3834 2076 3878 antes

480 3927 702 3974 eterna:
727 3916 1058 3972 damnationi
1094 3915 1334 3986 deputati
1365 3917 1558 3974 eratis.
1581 3917 1646 3971 Et
1673 3915 1799 3987 quid
1828 3958 1842 3984 ,
1877 3913 2076 3972 fratres

481 4008 611 4074 mei,
643 4007 773 4079 quid
808 4008 980 4078 magis
1004 4008 1192 4063 audire
1219 4051 1232 4072 ,
1269 4010 1395 4080 quid
1426 4005 1598 4078 magis
1635 4010 1864 4065 retinere
1895 4051 1908 4071 ,
1945 4010 2074 4078 quid

487 4103 662 4174 magis
688 4101 911 4172 diligere
950 4102 1210 4156 debemus
1234 4117 1396 4172 quam
1423 4103 1670 4155 nuntium
1695 4102 1823 4156 illud
1859 4102 1999 4171 quod
2042 4119 2072 4157 a

479 4191 590 4247 Deo
619 4208 714 4262 per
741 4193 1014 4263 apostolos
1035 4203 1118 4250 est
1144 4194 1300 4250 nobis
1329 4197 1552 4250 missum
1579 4237 1593 4260 ,
1627 4204 1678 4250 et
1705 4195 1848 4265 quod
1888 4211 2076 4250 susce—

479 4297 634 4360 ptum
665 4304 773 4346 non
804 4289 967 4345 debet
1003 4289 1231 4354 mutari,
1260 4298 1316 4346 et
1345 4292 1488 4361 quod
1515 4290 1643 4344 facit
1669 4307 1766 4346 nos
1800 4292 1851 4344 in
1878 4293 2074 4346 virtute

482 4391 657 4448 stare,
684 4393 736 4438 et
765 4384 831 4438 ad
867 4394 1127 4444 cternam
1158 4399 1256 4440 nos
1276 4383 1425 4440 ducit
1449 4385 1834 4440 salt-stionem?
1866 4385 2074 4458 Itaque,

480 4475 711 4542 fratres,
738 4492 952 4549 semper
983 4477 1207 4532 auribus
1238 4477 1592 4546 Evangelium
1617 4490 1925 4548 captemus,
1955 4493 2075 4531 cor-

2180 3373 2324 3423 sttca,
2356 3372 2598 3426 exsurge,
2627 3357 2936 3424 psalterium
2984 3369 3033 3410 et
3072 3357 3300 3424 cithara,
3335 3375 3615 3428 exsurgant
3645 3361 3776 3411 dita-

2181 3452 2301 3507 culo
2357 3447 2532 3520 (Psal.
2563 3451 2697 3520 LVI).
2747 3450 2930 3506 Factis
2970 3467 3184 3522 quoque
3214 3456 3580 3524 praefigurata
3620 3465 3774 3516 sunt;

2182 3541 2447 3614 projeclio
2495 3541 2641 3593 enim
2689 3537 2839 3595 Jonas:
2887 3543 2940 3595 in
2984 3557 3136 3598 mare
3185 3545 3396 3599 CLristi
3441 3546 3778 3613 passionem,

2181 3635 2456 3705 susceptio
2475 3634 2718 3702 ejusdem
2753 3636 2805 3689 in
2837 3647 3024 3691 ventre
3056 3639 3158 3691 ceti
3185 3637 3394 3692 Christi
3421 3639 3778 3707 sepulturam,

2186 3728 2420 3783 redditio
2459 3727 2576 3796 ejus
2606 3727 2715 3781 vivi
2768 3727 2822 3782 iu
2853 3729 3002 3782 littus
3054 3729 3264 3784 Christi
3297 3733 3778 3792 resurrectionem,

2182 3829 2372 3890 aperte
2404 3821 2796 3896 praliguravit.
2826 3823 3014 3889 l’orro,
3052 3823 3255 3879 fratres
3282 3824 3407 3890 mei,
3441 3823 3640 3878 Christi
3662 3837 3778 3893 pas-

2181 3915 2262 3968 sio
2291 3929 2388 3983 pro
2413 3915 2651 3984 peccatis
2707 3917 2910 3970 nostris
2938 3958 2951 3981 ,
2982 3918 3271 3986 sepultura
3310 3928 3365 3970 et
3405 3917 3779 3982 resurrectio,

2179 4021 2288 4062 non
2346 4017 2557 4061 tantum
2614 4023 2644 4060 a
2699 4009 2941 4077 peccatis
2992 4009 3201 4062 nostris
3243 4024 3348 4062 non
3380 4008 3777 4072 redemerunt,

2181 4099 2274 4152 sed
2297 4098 2458 4153 etiam
2504 4099 2622 4170 ejus
2664 4115 2908 4154 antorem
2940 4099 3096 4155 nobis
3129 4103 3477 4169 ingesserunt
3513 4109 3568 4153 et
3596 4115 3786 4156 escmo

2175 4191 2324 4261 plum
2357 4193 2513 4247 nobis
2541 4193 2909 4264 przbuerunt,
2929 4205 2982 4248 et
3006 4210 3033 4248 a
3061 4197 3300 4266 peccatis
3329 4195 3549 4264 quidem
3579 4196 3783 4249 nostris

2179 4302 2278 4340 nos
2310 4288 2680 4352 redemerunt,
2707 4290 2962 4358 quoniam
2999 4305 3102 4344 nec
3128 4290 3435 4359 originalis,
3461 4306 3561 4344 nec
3593 4301 3787 4344 actus-

2177 4377 2246 4432 lia
2279 4380 2432 4433 nobis
2458 4379 2797 4450 imputantur
2825 4382 2890 4434 ad
2914 4397 3155 4452 paruam,
3187 4385 3230 4438 si
3258 4383 3503 4438 cruciﬁxi
3539 4385 3713 4439 ﬁdem
3738 4390 3788 4436 et

2179 4481 2519 4526 s:.-:ramcnta
2548 4480 2818 4527 tenemus.
2853 4473 3022 4528 Nobis
3049 4491 3266 4542 quoque
3287 4491 3529 4529 amorem
3574 4475 3787 4529 Cbrisri

481 4569 547 4624 de
583 4578 887 4634 teneamus,
916 4571 1172 4640 operibus
1196 4582 1554 4624 exerceamus
1574 4608 1590 4632 ,
1648 4567 1830 4623 verbis
1876 4568 2072 4637 prmdi-
2098 4593 2150 4653 ι)
2180 4562 2456 4631 ingerunt,
2481 4564 2604 4633 quis
2636 4565 2690 4617 in
2724 4565 2825 4618 boc
2857 4566 3000 4636 quod
3031 4567 3287 4620 Christus
3335 4567 3498 4632 mori,
3534 4566 3788 4634 sepeliri.

479 4677 685 4717 cemus.
713 4661 874 4718 Certa
898 4661 1096 4733 quippe
1119 4671 1202 4718 est
1223 4662 1498 4717 damnatio
1528 4676 1716 4714 eorum
1743 4661 1857 4729 qui,
1884 4661 2072 4715 relicto

481 4754 776 4826 Evangelia
800 4797 816 4820 ,
846 4754 1058 4808 [abuius
1105 4763 1158 4807 et
1190 4754 1462 4808 vanitates
1503 4751 1690 4822 legunt
1720 4762 1775 4810 et
1822 4754 2068 4824 diligunt.

481 4843 600 4912 Qua
625 4846 847 4911 ratione,
875 4845 1070 4915 inquit,
1093 4843 1484 4912 pradicaverim
1524 4843 1686 4905 vobis,
1716 4845 1760 4896 si
1804 4845 2030 4898 retinetis
2053 4885 2070 4910 ,

487 4936 593 4990 nisi
623 4935 825 5006 [rustra
857 4934 1178 4990 credidistis.
1218 4933 1334 4987 Alia
1365 4972 1381 4997 ,
1425 4931 1624 4988 lratres
1651 4935 1756 4989 mei
1789 4977 1803 5002 ,
1831 4945 1912 4989 est
1936 4936 2072 4991 ratio

481 5037 689 5083 natura;
716 5071 732 5095 ,
765 5024 870 5081 alia
925 5026 1067 5079 ratio
1112 5025 1258 5079 ﬁdei.
1290 5023 1448 5079 Ratio
1477 5026 1674 5097 quippe
1702 5037 1910 5080 natum
1947 5039 2028 5082 est
2053 5067 2071 5094 .

479 5122 623 5189 quod
675 5120 721 5174 si
773 5117 967 5172 mulier
996 5117 1286 5186 concepit,
1321 5133 1442 5171 cum
1493 5120 1608 5173 viro
1657 5121 1971 5174 concubuit.
2011 5121 2073 5177 Si

485 5208 625 5261 Deus
659 5214 784 5270 est,
817 5205 958 5258 mori
1009 5219 1119 5259 non
1177 5215 1356 5275 potest
1395 5226 1409 5260 ;
1449 5207 1492 5263 si
1537 5209 1699 5262 homo
1726 5219 1845 5276 est,
1870 5210 2073 5281 gradiri

483 5314 650 5368 super
677 5312 848 5367 aquas
877 5313 982 5350 non
1031 5307 1251 5367 potest,
1282 5307 1336 5353 et
1377 5300 1705 5369 hujusmodi.
1741 5301 1902 5356 Ratio
1947 5319 2074 5357 vero

484 5391 611 5446 ﬁdei
642 5399 728 5446 est
756 5390 899 5460 quod
925 5390 1011 5445 ille
1035 5392 1125 5461 qui
1153 5401 1236 5447 est
1286 5403 1478 5448 auctor
1516 5403 1720 5448 natura
1755 5411 1858 5448 non
1895 5394 2075 5465 subja-

485 5490 575 5538 cet
602 5492 834 5549 naturae,
863 5482 956 5538 sed
985 5485 1168 5555 potius
1199 5493 1390 5538 contra
1415 5484 1650 5539 rationes
1683 5496 1734 5540 et
1757 5501 1948 5541 cursus
1978 5504 2075 5543 na-

488 5587 623 5640 tura:
658 5592 823 5650 agere
849 5587 1067 5648 potest,
1100 5577 1429 5634 videlicetut
1453 5579 1605 5649 virgo
1619 5581 1810 5650 pariat,
1840 5588 2075 5637 atomus

487 5671 586 5730 ﬂat
611 5672 944 5743 temporalis,
977 5669 1308 5725 immortalis
1333 5671 1618 5738 moriatur,
1645 5682 1699 5727 et
1724 5689 1883 5743 super
1905 5691 2075 5743 aquas

487 5765 557 5822 ab
586 5765 809 5820 homine
838 5762 1147 5816 ambuletur
1177 5801 1194 5826 ,
1241 5771 1296 5818 et
1323 5761 1652 5831 bujusmodi.
1679 5765 1754 5818 De
1783 5763 1886 5820 bac
1913 5767 2076 5836 igitur

489 5854 702 5905 ratione
736 5852 990 5906 intelliait
1013 5850 1106 5907 hic
1135 5852 1441 5912 .Aoostolus
1468 5893 1483 5914 .
1525 5869 1648 5914 ctun
1680 5855 1756 5910 ait
1783 5873 1795 5910 :
1830 5855 1949 5920 Qua
1981 5873 2073 5912 ro-

2177 4662 2230 4709 et
2255 4669 2539 4725 assurgere
2561 4655 2733 4709 voluit
2758 4671 2856 4727 pro
2880 4658 3058 4721 nobis,
3093 4668 3357 4728 quantum
3384 4673 3489 4712 nos
3527 4658 3790 4732 diligeret

2176 4745 2333 4800 nobis
2357 4750 2766 4811 demonstravit,
2801 4758 2854 4804 et
2883 4767 2983 4804 nos
3009 4751 3077 4804 ad
3107 4766 3164 4805 se
3190 4753 3539 4805 reamandum
3570 4754 3790 4805 arctius

2178 4835 2447 4892 invitavit.
2473 4836 2531 4892 Si
2561 4840 2704 4892 enim
2732 4848 2986 4895 tantuset
3013 4841 3137 4895 talis
3166 4842 3422 4896 Dominus
3443 4851 3518 4894 tot
3547 4850 3604 4894 et
3630 4851 3794 4895 tanta

2175 4928 2307 4983 fecit
2329 4944 2427 5000 pro
2440 4932 2597 4987 nobis
2624 4933 2961 5003 servis,quid
2991 4935 3466 5006 nosfacereproeo
3487 4935 3792 4989 debemus!

2177 5021 2496 5094 Exemplum
2530 5025 2693 5079 etiam
2727 5024 2885 5082 nobis
2916 5027 3283 5097 praebuerunt.
3329 5028 3581 5096 quoniam
3619 5027 3794 5082 Chri-

2177 5127 2295 5171 stus
2317 5133 2509 5186 passus
2539 5128 2623 5173 est
2649 5136 2746 5190 pro
2777 5121 2934 5176 nobis
2976 5128 3130 5176 serta
3161 5111 3313 5183 feria.
3347 5121 3589 5176 Sabbato
3629 5122 3794 5191 quia-

2179 5210 2254 5262 vit
2285 5210 2337 5264 in
2371 5211 2645 5280 sepulcro.
2672 5222 2866 5268 octavo
2889 5215 2976 5268 die
3004 5215 3324 5280 resurersit,
3353 5224 3411 5268 ut
3428 5230 3524 5268 uos
3549 5228 3791 5284 quoque

2178 5319 2276 5372 per
2306 5317 2400 5361 sex
2431 5305 2549 5361 dies
2579 5305 2743 5375 hujus
2767 5309 2950 5363 saeculi
2971 5322 3073 5379 pro
3097 5324 3163 5362 eo
3193 5308 3439 5363 laborare
3458 5317 3512 5362 et
3534 5310 3668 5378 pati
3702 5311 3788 5362 de-
3847 5373 3851 5388 4

2177 5396 2306 5452 bere
2331 5398 2760 5467 demonstraret,
2792 5411 2847 5455 et
2870 5402 2942 5454 ita
2973 5403 3040 5456 ab
3066 5404 3171 5456 hoc
3184 5401 3378 5456 sautio
3398 5411 3787 5464 transeuntes.

2177 5488 2231 5542 in
2275 5489 2537 5558 Sabbato,
2571 5492 2624 5546 id
2652 5503 2736 5547 est
2771 5494 2825 5546 in
2850 5494 3081 5562 septima
3109 5502 3286 5558 aetate,
3322 5491 3632 5548 sccuzzduns
3661 5507 3787 5546 cor-

2176 5598 2277 5652 pus
2309 5584 2364 5638 in
2414 5586 2706 5656 sepulcris,
2745 5597 2802 5641 et
2837 5589 3136 5642 secundum
3170 5588 3400 5641 animam
3426 5590 3479 5642 in
3505 5589 3786 5654 pandis:

2177 5678 2422 5748 requiem
2450 5680 2737 5736 habituros
2771 5692 2865 5736 :ct
2887 5682 2940 5736 it.
2963 5692 3182 5749 octava,
3214 5685 3264 5737 id
3309 5693 3391 5739 est
3417 5681 3467 5735 in
3511 5687 3782 5752 genan

2179 5775 2600 5842 resurrectione,
2632 5774 2685 5828 iu
2703 5789 2903 5830 arteriis
2920 5775 3310 5848 gloriﬁcatioue
3338 5789 3784 5836 resurrecturm.

2179 5861 2387 5920 Deinde
2441 5865 2756 5924 testimonio
2807 5856 3174 5937 apostolorum
3227 5866 3421 5924 Christi
3457 5869 3789 5925 conﬁunt
