3910 7336
79 367 203 428 2029
765 368 1073 428 HOMILIIE
1109 368 1178 428 lN
1206 323 1422 429 EPIST.
1456 370 1547 428 ET
1584 364 1840 429 EVANG.
1866 368 2168 434 DOMINIC.
2199 406 2271 422 -—
2306 376 2487 435 PARS
2522 380 2564 435 ll
3178 386 3322 450 ιοευ
3356 396 3363 403 ’

72 486 514 549 resurrectionem,
544 502 667 542 cum
685 488 868 544 subdit
895 508 910 545 :
938 488 1007 545 Et
1023 496 1148 563 quia
1173 492 1311 547 visus
1327 501 1400 547 est
1415 490 1629 562 Capitur,
1659 490 1710 549 Δ
1735 489 1813 547 fui
1845 494 2040 563 malus,
2079 508 2147 552 ex
2174 512 2261 552 me
2301 504 2481 552 autem
2533 499 2616 554 vel
2661 514 2727 556 ex
2762 504 2968 562 meritis
3029 507 3186 576 meis,
3219 526 3321 570 nec

71 582 118 639 id
150 590 223 637 est
248 580 428 647 Petro,
460 582 572 654 ipsa
612 582 697 638 die
720 586 1158 641 resurrectionis.
1193 585 1348 642 Unde
1377 584 1558 641 Lucas
1605 605 1620 642 :

70 674 280 733 Surrexit
293 676 553 755 Dominus
568 692 702 743 uere,
715 686 765 732 et
786 679 1032 749 apparuit
1052 677 1258 734 Simoni
1275 677 1429 752 (Luc.
1447 674 1622 747 xxiv);

67 764 127 822 Et
149 777 250 838 post
270 766 367 823 hoc
387 770 671 837 undecim,
708 770 898 842 januis
948 770 1169 837 clausis,
1222 783 1282 826 ut
1306 771 1547 828 Joannes
1566 782 1624 829 et

64 856 218 917 Lucas
237 862 524 917 ostendunt
548 862 735 933 (Ioan.
762 878 869 932 xx;
902 861 1038 920 Luc.
1071 866 1245 936 xxrv).
1268 864 1466 920 Deinde
1479 865 1626 935 plus-

64 969 207 1027 quam
245 954 534 1027 quingentis
561 955 819 1027 fratribus
863 956 1043 1022 simul,
1088 972 1154 1013 ea;
1195 958 1383 1030 quibus
1407 958 1624 1030 quidam

61 1060 251 1105 manent
270 1067 428 1123 usque
440 1051 854 1124 ad.‘iuc,quidam
868 1062 1044 1108 autem
1063 1053 1409 1109 dormierunt.
1425 1052 1627 1110 Deinde

57 1144 182 1198 visus
202 1153 270 1198 est
286 1140 509 1214 Iacobo,
537 1144 726 1200 deinde
748 1136 999 1215 apostolis
1042 1144 1303 1202 omnibus.
1341 1144 1453 1204 Has
1489 1147 1626 1203 duas

53 1236 405 1309 apparitiones
428 1237 481 1292 in
512 1246 662 1294 textu
691 1248 928 1309 quatuor
953 1237 1370 1311 Evangeliorum
1401 1252 1510 1296 non
1540 1240 1627 1297 in-

51 1329 308 1386 venimus.
335 1328 491 1387 Unde
521 1330 857 1388 advertimus
888 1331 1176 1388 Dominum
1224 1332 1430 1405 pluries
1459 1347 1626 1405 appa-

50 1422 217 1478 ruisse
273 1438 436 1493 quam
491 1438 522 1479 a
568 1434 805 1495 quatuor
842 1424 1202 1497 Evangeiistis
1256 1426 1621 1483 describatur.

52 1512 227 1570 Tradit
248 1525 428 1573 autem
451 1516 645 1575 beatus
675 1517 1037 1592 Hieronymus
1065 1520 1208 1592 quod
1271 1519 1624 1592 Evangelium

47 1607 439 1667 Nazarenorum
464 1608 1001 1671 describitlacohum
1032 1612 1258 1670 fratrem
1302 1613 1519 1671 Domini
1563 1626 1625 1671 se

44 1702 319 1760 devovisse
373 1719 481 1761 non
530 1716 940 1775 comesturum,
998 1722 1168 1781 usque
1229 1709 1356 1764 dum
1414 1707 1626 1765 videret

44 1795 330 1852 Dctninum
358 1801 748 1861 resurrexisse.
781 1799 938 1858 Unde
960 1813 1015 1858 et
1038 1803 1088 1857 ei
1125 1804 1241 1871 ipsa
1266 1801 1354 1858 die
1378 1817 1627 1858 resurre-

1738 585 1914 645 bonus
1938 604 2081 658 sum,
2114 604 2216 647 nec
2239 605 2361 649 esse
2386 609 2627 664 possum,
2649 595 2746 651 sed
2774 611 2841 652 ex
2855 598 2970 655 sola
3000 599 3096 657 Dei
3120 604 3317 673 gratis,

1737 693 1802 734 ex
1842 694 1948 750 qua
1976 682 2139 738 etiam
2171 683 2343 740 habeo
2369 686 2510 756 quod
2538 700 2679 754 sum,
2717 688 2925 746 scilicet
2951 694 3093 763 quod
3144 695 3316 765 gratis

1736 771 1852 842 ejus
1882 772 1939 828 in
1970 789 2053 830 me
2085 793 2250 832 vacua
2276 794 2381 834 non
2411 780 2534 851 fuit.
2560 781 2615 836 In
2638 796 2704 839 eo
2723 788 2809 839 est
2848 798 3014 842 vacua
3038 786 3321 860 Delgratla

1738 866 1831 937 qui
1859 867 1944 925 vel
1968 868 2078 926 Deo
2102 869 2350 943 ingratus
2371 874 2577 941 existit,
2616 876 2703 933 vel
2730 874 2992 933 talentum
3015 880 3320 947 abscondit,

1734 960 1822 1016 vel
1849 976 1954 1018 non
1982 977 2330 1035 perseverat,
2357 978 2413 1024 et
2452 969 2576 1026 talis
2606 968 2714 1026 non
2745 968 2849 1026 fuit
2890 970 3196 1042 Apostolus.
3228 974 3321 1030 ln-

1735 1066 1924 1128 gratus
1950 1059 2094 1115 enim
2130 1073 2238 1117 non
2271 1058 2396 1129 luit,
2445 1062 2539 1134 qui
2564 1062 2702 1119 dixit
2733 1082 2749 1120 :
2777 1062 2965 1121 Gratia
3000 1065 3093 1121 Dei
3119 1083 3236 1122 sum
3264 1067 3320 1121 id

1735 1149 1875 1221 quod
1891 1166 2029 1207 sum.
2060 1150 2345 1209 Talentum
2377 1154 2523 1209 enim
2551 1170 2657 1211 non
2682 1156 2985 1223 abscondit,
3031 1156 3122 1228 qui
3164 1158 3321 1214 vivus

1734 1244 1792 1296 et
1843 1250 2092 1299 mortuus
2146 1258 2362 1314 semper
2398 1244 2731 1316 praedicavit.
2779 1246 3172 1313 Perseveravlt,
3226 1246 3320 1318 qui

1734 1342 1838 1389 nec
1868 1342 2062 1402 morte,
2089 1348 2189 1392 nec
2209 1335 2341 1404 vita,
2367 1352 2398 1391 a
2430 1337 2701 1395 charitate
2728 1334 2823 1395 Dei
2854 1339 3098 1411 separari
3122 1339 3320 1410 potuit.

1734 1422 1846 1482 Nos
1870 1440 2022 1497 ergo,
2056 1425 2277 1496 fratres,
2309 1428 2558 1503 exemplo
2577 1426 2821 1503 Apostoli
2857 1432 3132 1500 instructi,
3183 1433 3316 1489 nihil

1735 1519 1898 1578 nobis
1919 1521 2280 1588 ascribamus,
2309 1538 2589 1595 nunquam
2617 1526 2684 1581 de
2708 1525 2917 1583 meritis
2962 1525 3163 1582 nostris
3185 1540 3319 1582 con-

1735 1610 2002 1683 ﬁdamus;
2029 1614 2294 1687 quidquid
2319 1614 2445 1673 boni
2476 1614 2762 1687 habemus,
2818 1618 2911 1676 Dei
2943 1620 3132 1691 gratia:
3161 1617 3321 1674 attri-

1734 1702 1985 1774 buamus,
2004 1700 2116 1763 Deo
2144 1705 2353 1762 auctori
2381 1722 2600 1779 semper
2631 1709 2839 1779 gratias
2868 1724 3106 1781 agamus,
3151 1712 3323 1766 talen-

1737 1806 1849 1852 tum
1882 1798 2039 1854 nobis
2068 1796 2422 1855 commissum
2448 1800 2517 1855 ad
2560 1800 2845 1856 utilitatem
2878 1802 3106 1857 aliorum
3130 1816 3324 1873 eroge-

39 1889 228 1947 ctionis
263 1891 528 1949 Dominus
556 1909 825 1966 apparens
877 1895 993 1951 ait:
1022 1913 1042 1948 t
1081 1894 1230 1950 Pone
1280 1911 1524 1951 mensam
1573 1905 1628 1953 et
1656 1874 1706 1940 Β
1735 1906 1889 1958 mus,
1924 1900 1980 1946 et
2030 1906 2246 1963 semper
2274 1893 2328 1948 in
2356 1893 2502 1950 bono
2531 1909 2884 1965 perseverare
2905 1896 3320 1965 contendamus,

36 1983 541 2055 comede,quoniam
558 1986 698 2042 illius
720 1986 959 2042 hominis
981 2002 1010 2041 a
1029 1987 1255 2043 mortuis
1270 1986 1588 2044 resurrexit.
1602 2007 1622 2042 ι

36 2074 253 2146 Deinde,
293 2079 490 2151 inquit,
517 2097 658 2135 visus
684 2100 758 2137 est
774 2078 1024 2152 apostolis
1036 2080 1275 2136 omnibus
1295 2123 1309 2148 ,
1334 2081 1386 2136 in
1404 2080 1627 2140 Galilaea

32 2171 233 2228 scilicet
290 2183 345 2229 et
396 2174 451 2230 in
488 2185 671 2232 monte
696 2174 892 2233 Oliveti
916 2175 969 2231 in
994 2176 1081 2232 die
1112 2173 1481 2232 Ascensionis.

96 2264 364 2323 Eamdem
387 2281 516 2324 vero
542 2271 996 2327 resurrectionem
1010 2287 1110 2328 suo
1135 2271 1463 2329 conﬁrmans
1482 2271 1630 2346 Apo-

22 2358 192 2415 stolus
252 2360 598 2427 testimonio,
640 2362 869 2418 subdit:
903 2362 1206 2420 Novissime
1257 2374 1435 2419 autem
1480 2364 1624 2421 visus

22 2462 93 2504 est
114 2459 164 2505 et
193 2451 354 2517 milii,
386 2452 595 2508 scilicet
635 2453 687 2508 in
714 2454 798 2509 via
827 2454 1045 2527 quando
1088 2455 1232 2510 ibam
1268 2452 1621 2514 Damascum.

21 2543 115 2598 Est
146 2552 342 2600 autem
369 2561 497 2617 pars
521 2547 708 2615 tertia,
732 2548 784 2603 in
827 2564 933 2620 qua
961 2548 1255 2620 Apostolus
1284 2563 1344 2604 se
1373 2548 1627 2621 humiliat

24 2636 78 2691 iu
102 2648 363 2711 quatuor,
392 2639 643 2696 videlicet
671 2640 724 2697 in
748 2651 938 2699 coacta
964 2646 1343 2711 conversione,
1380 2646 1434 2701 in
1468 2654 1625 2702 exte-

27 2730 266 2797 nuitate,
321 2728 377 2788 in
421 2733 767 2804 indignitate,
829 2736 884 2791 iu
942 2737 1088 2793 nulla
1134 2738 1200 2795 de
1250 2755 1310 2795 se
1359 2754 1625 2810 praesum-

21 2824 237 2895 ptione,
258 2822 368 2879 Per
391 2837 638 2881 coactam
668 2828 1081 2884 conuersionem
1109 2845 1168 2886 sc
1196 2829 1466 2899 humiliat,
1499 2846 1623 2886 cum

18 2916 154 2972 dicit
186 2932 202 2972 :
243 2917 544 2974 Novissime
575 2931 825 2993 tanquam
853 2920 1090 2979 abortivo
1116 2933 1164 2978 et
1208 2923 1359 2979 mihi.
1412 2923 1625 2980 Dicitur

15 3020 202 3065 autem
265 3011 572 3068 abortivum
614 3015 833 3085 quando
887 3025 1014 3071 ante
1057 3026 1270 3089 tempus
1326 3018 1624 3074 nativitatis

9 3103 409 3177 imperfectum
430 3108 495 3163 de
518 3116 674 3179 utero
704 3108 1030 3177 extrahitur,
1080 3111 1149 3166 de
1191 3108 1345 3181 cujus
1369 3112 1481 3167 vita
1529 3111 1623 3168 de-

4 3208 299 3269 speratur.
345 3199 491 3257 Talis
520 3211 640 3257 erat
660 3202 973 3273 Apostolus,
1023 3204 1139 3276 qui,
1173 3214 1417 3279 tempore
1464 3221 1623 3263 crea-

0 3290 177 3345 tionis
234 3298 569 3347 cxterorum
619 3294 1012 3365 apostolorum,
1064 3306 1283 3351 creatus
1336 3296 1618 3367 apostolus

0 3400 114 3440 non
140 3390 232 3438 est
260 3383 332 3437 ad
369 3385 810 3455 praedicationem
834 3386 1059 3458 Christi,
1101 3389 1195 3443 sed
1218 3389 1372 3459 quasi
1398 3389 1619 3445 violenti

0 3495 165 3537 nanu
222 3478 297 3533 de
354 3488 511 3533 utero
547 3477 849 3553 Synagogae
885 3491 1167 3539 extractus
1216 3494 1270 3537 et
1322 3497 1619 3538 conversus

0 3581 105 3627 est.
136 3568 220 3625 De
247 3566 412 3638 cuius
436 3569 608 3627 salute
630 3573 982 3643 desperatum
1010 3582 1151 3643 erat,
1189 3574 1294 3633 nisi
1316 3574 1492 3646 gratia
1522 3574 1617 3630 Dei
1642 3594 1651 3601 ι

0 3662 393 3722 subvenisset.
426 3663 495 3718 Et
520 3666 764 3736 quidem,
782 3666 980 3723 fratres
1005 3667 1133 3733 mei,
1158 3675 1459 3738 spontanca
1483 3681 1619 3722 con-

0 3762 189 3818 versio
214 3760 447 3833 dignior
468 3770 551 3819 est
578 3777 742 3834 quam
766 3771 976 3819 coacta.
1000 3761 1068 3819 Et
1085 3771 1264 3818 tamen
1308 3776 1376 3817 ex
1427 3769 1619 3817 coacta

0 3854 407 3920 conversione,
437 3854 589 3911 multi
612 3854 716 3910 viri
746 3854 975 3926 perfecti
1002 3854 1336 3912 claruerunt.
1393 3852 1501 3908 Per
1523 3869 1620 3909 ex-

0 3950 344 4015 .enuitatem
373 3961 435 4011 se
468 3948 738 4019 humiliat,
779 3964 902 4006 cum
934 3949 1156 4006 subdit:
1185 3947 1300 4022 Ego
1323 3948 1462 4005 enim
1498 3964 1619 4004 sum

1 4042 262 4099 uiuimus
286 4039 677 4111 apostolorum,
699 4041 803 4097 hoc
837 4050 923 4097 est
950 4042 1232 4099 vocatione
1283 4057 1403 4097 sum
1435 4050 1621 4096 extre-

4 4152 136 4200 nus,
166 4135 275 4213 qui
303 4133 521 4189 scilicet
550 4150 672 4190 cum
697 4135 910 4191 caeteris
959 4134 1223 4209 apostolis
1251 4150 1357 4190 non
1390 4132 1617 4193 interfui

0 4230 265 4287 hmiliari
298 4227 592 4284 consortio
641 4236 696 4285 et
724 4227 995 4297 colloquio
1024 4227 1253 4293 Christi,
1283 4229 1377 4284 sed
1426 4236 1617 4299 postea

0 4325 59 4381 tis
90 4306 174 4379 fni
204 4321 491 4390 adjectus.
519 4318 621 4376 l‘er
645 4319 1025 4392 indignitatem
1076 4333 1136 4375 se
1187 4319 1461 4385 humiliat,
1491 4335 1617 4377 cum

6 4418 175 4477 ubdit
206 4435 222 4472 :
255 4414 376 4487 Qui
410 4430 515 4467 non
540 4430 656 4469 sum
677 4414 869 4487 dignus
889 4413 1064 4473 vocari
1088 4411 1379 4484 apostolus.
1400 4414 1465 4468 Et
1483 4430 1618 4487 qua-

0 4511 69 4567 e?
103 4510 264 4589 Quia
296 4515 617 4580 persecutus
668 4522 785 4562 sum
825 4504 1118 4563 Ecclesiam
1146 4504 1262 4565 Dei.
1304 4506 1463 4573 Ecce,
1508 4505 1619 4563 fra-

0 4621 91 4663 res
128 4604 277 4675 mei,
304 4598 551 4664 Paulus,
587 4615 680 4655 vas
709 4599 995 4657 electionis
1034 4609 1089 4655 et
1120 4600 1308 4654 doctor
1348 4599 1616 4675 gentium,
1643 4626 1699 4690 Β

3 4701 61 4757 υἱ
111 4700 253 4773 plus
289 4693 568 4753 omnibus
620 4691 933 4759 laboravit,
992 4708 1099 4750 non
1160 4691 1473 4747 considerat
1545 4690 1612 4746 ad

2 4808 178 4867 mgna
209 4786 440 4846 merita
463 4799 582 4849 sua,
607 4799 727 4852 quae
757 4784 811 4838 in
860 4784 1014 4840 lucro
1046 4783 1380 4839 inlinit-arum
1408 4783 1616 4838 anima-

0 4902 115 4951 um,
159 4894 226 4940 et
273 4882 341 4941 in
384 4876 692 4948 scriptione
736 4874 1072 4946 Evangelicaa
1119 4875 1404 4943 doctrinm,
1460 4882 1515 4929 et
1559 4872 1614 4930 in

0 4976 172 5032 ruitis
202 4971 525 5031 laboribus
548 4978 603 5024 et
628 4968 974 5039 passionibus
1013 4968 1376 5038 acquisierat,
1408 4967 1503 5023 sed
1547 4966 1616 5023 ad

0 5081 288 5137 eccatum
321 5066 491 5143 quod
522 5063 747 5128 fecerat,
781 5070 836 5120 et
867 5063 936 5119 ad
983 5061 1213 5119 aliorum
1247 5061 1614 5137 apostolorum

0 5166 173 5222 uerita
221 5172 481 5230 semper
508 5154 693 5212 oculos
721 5154 978 5218 tenebat,
1025 5162 1084 5208 ut
1111 5153 1184 5208 ita
1240 5167 1455 5225 semper
1511 5146 1635 5229 sibi.

0 5261 202 5321 urnilis
238 5262 447 5317 esset,
478 5258 534 5309 et
558 5248 693 5306 alios
745 5247 849 5307 sibi
886 5254 1248 5319 praeponeret.
1295 5246 1468 5314 Quem
1513 5261 1615 5307 nos

0 5372 55 5411 ro
125 5351 377 5415 viribus
427 5342 636 5409 nostris
700 5340 998 5406 imitantes,
1038 5339 1241 5395 fratres
1285 5336 1613 5405 charissimi,

0 5460 265 5522 mquam
312 5441 399 5498 ad
463 5437 689 5501 bonum,
734 5434 780 5490 si
817 5432 963 5506 quod
1022 5431 1309 5498 habemus,
1358 5430 1413 5485 in
1463 5428 1617 5488 nobis

0 5542 366 5617 rpiciamus,
396 5530 507 5588 sed
547 5541 763 5599 semper
788 5534 1021 5598 peccata
1066 5535 1253 5583 nostra
1281 5532 1337 5585 et
1386 5524 1616 5581 aliorum

0 5657 95 5699 una
132 5644 289 5693 ante
317 5624 556 5684 oculos
600 5633 818 5681 nostros
868 5639 1155 5698 ponamus,
1208 5630 1265 5679 ut
1292 5621 1365 5678 ita
1403 5635 1619 5692 semper

0 5749 49 5791 ιι
96 5724 539 5789 bumiliemus,
588 5724 644 5773 et
694 5715 829 5774 alios
890 5718 1049 5783 nobis
1096 5728 1497 5791 praeponamus.
1559 5712 1618 5773 in

0 5835 99 5891 illa
130 5833 211 5887 de
243 5842 316 5884 se
342 5817 796 5896 praesumptione
822 5831 884 5873 se
926 5814 1200 5887 humiliat,
1231 5829 1354 5870 cum
1394 5811 1617 5869 subdit;

0 5929 151 5984 ratia
188 5923 307 5980 Dei
336 5930 483 5974 sum
531 5912 586 5967 id
611 5911 750 5972 quod
778 5926 918 5967 sum.
955 5910 1035 5967 Ac
1080 5910 1125 5967 si
1181 5910 1328 5966 dicat
1361 5926 1375 5965 :
1407 5907 1484 5963 Ex
1531 5921 1619 5964 me

1736 1991 1797 2037 ut
1836 1982 1903 2038 ad
1944 1992 2204 2038 aeternam
2236 1983 2629 2040 beatitudinem
2691 1987 2972 2057 pervenire
3021 1986 3318 2043 valeamus.

1731 2073 1839 2131 Per
1872 2070 2157 2132 Dominum
2187 2088 2433 2131 nostrum
2477 2076 2661 2133 Iesum
2697 2078 2993 2146 Christum,
3053 2080 3143 2152 qui
3196 2094 3321 2137 cum

1734 2162 1898 2222 Patre
1928 2178 1984 2223 et
2037 2167 2242 2239 Spiritu
2273 2175 2466 2223 sancto
2503 2168 2637 2223 vivit
2683 2176 2738 2224 et
2773 2176 2962 2243 regnat
3006 2170 3168 2237 Deus,
3223 2187 3323 2242 per

1734 2261 1918 2316 omnia
1948 2258 2143 2318 saecula
2167 2262 2510 2319 smculorum.
2533 2262 2731 2318 Amen.

2290 2348 2573 2411 HOMILIA
2612 2353 2782 2411 XXV.

1948 2464 2202 2508 DOIllNlCA
2243 2464 2514 2507 UNDECIIA
2566 2464 2697 2506 POST
2740 2462 3098 2507 τιιιηιτλτει.

1805 2540 1953 2597 Dixit
1970 2542 2224 2599 Dominus
2240 2544 2308 2598 ad
2320 2542 2575 2614 quosdam
2592 2544 2683 2614 qui
2705 2544 2759 2598 in
2782 2556 2837 2599 se
2861 2542 3190 2613 conﬁdebant
3203 2552 3322 2602 tan-

1733 2650 1890 2707 quam
1914 2634 2051 2705 justi
2060 2644 2133 2701 ,et
2147 2634 2568 2708 aspernabantur
2589 2644 2824 2705 crateras,
2845 2636 3320 2707 parabolamislant

1732 2722 2071 2782 dicens:Duo
2095 2728 2350 2794 homines,
2396 2734 2500 2783 etc.
2525 2722 2677 2798 (Luc.
2702 2740 2896 2799 mu.)
2925 2727 2983 2783 In
3013 2728 3115 2783 hac
3141 2729 3315 2786 sancti

1731 2818 2010 2891 Evangelii
2043 2821 2295 2887 lectione,
2319 2816 2517 2876 fratres
2544 2819 2880 2886 charissimi,
2911 2820 3325 2878 demonstratur

1730 2914 1859 2986 quid
1895 2916 2146 2986 superbia
2172 2915 2369 2970 haheat
2394 2915 2447 2969 in
2475 2930 2533 2969 se
2590 2912 2741 2982 Inall,
2796 2923 2852 2971 et
2883 2915 3013 2985 quid
3045 2914 3325 2972 humilitas

1728 3002 1926 3069 habeat
1958 3011 2010 3067 in
2044 3024 2102 3067 se
2123 3011 2341 3076 boni,et
2363 3013 2464 3068 hoc
2506 3011 2665 3067 modo
2703 3030 2717 3066 :
2764 3010 2949 3067 Primo
2995 3012 3325 3068 describitur

1729 3104 2086 3178 quorumdam
2114 3104 2365 3176 superbia
2398 3145 2414 3171 ,
2481 3105 2717 3160 secundo
2745 3105 2966 3174 ponitur
3006 3114 3198 3160 contra
3228 3120 3323 3162 eos

1729 3198 2014 3271 parabole,
2057 3198 2217 3252 tertio
2291 3194 2699 3252 demonstratur
2749 3196 2880 3266 quid
2918 3196 3170 3266 superbia
3207 3212 3325 3253 me-

1730 3301 1933 3359 reatur,
1974 3300 2028 3344 et
2060 3289 2191 3361 quid
2240 3290 2536 3344 humilitas.
2579 3288 2902 3345 Describens
2956 3289 3121 3361 igitur
3147 3291 3323 3361 primo

1724 3382 2055 3452 evangelista
2105 3381 2465 3451 quorumdam
2518 3380 2846 3450 superbiam,
2895 3381 3179 3436 aitzDixit
3210 3380 3323 3436 Do-

1725 3475 1901 3531 minus
1945 3473 2014 3528 ad
2056 3472 2316 3545 quosdam
2339 3475 2429 3544 qui
2468 3475 2521 3527 in
2569 3490 2624 3529 se
2678 3474 3032 3547 conﬁdebant,
3059 3452 3325 3531 etcfSnnt

1725 3574 1933 3632 autem,
1965 3564 2165 3620 fratres
2194 3566 2570 3636 mei,quatuor
2588 3565 2799 3638 species
2822 3568 3117 3637 superbiae:
3138 3570 3323 3625 Prima

1723 3670 1809 3717 est
1828 3676 1949 3717 cum
1967 3661 2089 3730 quis
2103 3659 2302 3716 bonum
2316 3659 2458 3731 quod
2476 3660 2768 3727 habet,non
2783 3674 2811 3715 a
2829 3662 3057 3727 Deo,sed
3070 3681 3097 3716 υ
3111 3667 3324 3719 sca-sti-

1724 3761 1911 3809 matse
1933 3751 2153 3819 habere,
2177 3760 2231 3807 et
2269 3752 2343 3807 ita
2388 3752 2622 3809 divinam
2654 3750 2757 3808 sibi
2795 3754 3100 3825 arrogando
3132 3765 3321 3811 aucto-

1722 3845 1970 3913 ritatem,
2031 3859 2089 3900 se
2141 3844 2342 3900 idolum
2390 3854 2446 3901 et
2482 3844 2847 3900 idololatriam
2898 3846 3058 3900 simul
3118 3846 3322 3901 consti-

1724 3940 1847 3996 tuit.
1869 3934 2018 3996 Talis
2050 3940 2151 3995 fuit
2181 3948 2426 4011 apostata
2446 3938 2801 4011 angelus,qui
2840 3940 3179 4003 divinitatem
3213 3940 3319 3998 sibi

1722 4037 1891 4092 voluit
1919 4050 2192 4109 arrogare.
2225 4034 2383 4090 Tales
2404 4033 2622 4090 fuerunt
2643 4034 2872 4106 gentiles
2910 4036 3240 4109 philosophi,
3265 4048 3322 4095 et

1723 4130 1876 4186 multi
1920 4131 2081 4185 etiam
2111 4126 2232 4184 falsi
2262 4129 2575 4195 Christiani,
2621 4129 2712 4201 qui
2752 4128 2819 4186 de
2868 4126 3039 4188 libero
3092 4130 3321 4190 arbitrio

1720 4234 2137 4295 praesumentes,
2157 4230 2348 4296 putant
2370 4238 2427 4278 se
2443 4222 2682 4296 ingenio,
2700 4222 2907 4281 viribus
2924 4233 2979 4280 et
2995 4223 3180 4282 labore
3196 4243 3316 4293 suo,

1722 4331 1787 4371 ea
1827 4332 1948 4387 qua:
1975 4316 2175 4372 habent
2218 4327 2540 4372 consecutos
2581 4316 2749 4373 fuisse
2788 4316 3072 4374 dicentes:
3114 4318 3317 4377 Manus

1724 4421 1902 4467 nostra
1947 4410 2176 4477 excelsa,
2220 4419 2267 4465 et
2304 4428 2406 4467 non
2451 4408 2589 4465 Deus
2632 4410 2753 4465 fecit
2780 4410 2894 4465 haec
2924 4411 3101 4465 omnia
3133 4410 3315 4484 (Deut.

1722 4506 1917 4575 χχχιι).
1937 4505 2085 4561 Talis
2104 4513 2225 4559 erat
2248 4502 2535 4569 Horatius,
2557 4503 2651 4574 qui
2673 4502 2850 4559 dixit:
2879 4523 2898 4557 ι
2923 4496 3163 4575 Equum
3192 4504 3318 4562 ani-

1724 4614 1870 4653 mum
1898 4598 2012 4668 ipse
2051 4599 2275 4667 parabo.
2310 4619 2329 4650 ι
2362 4596 2521 4652 Tales
2546 4602 2779 4653 erantet
2810 4594 2883 4650 illi
2913 4597 2981 4653 de
3011 4598 3211 4673 quibus
3239 4599 3320 4656 ait

1724 4692 1892 4747 David
1920 4709 1933 4746 :
1966 4690 2135 4747 Labia
2169 4701 2347 4747 nostra
2372 4708 2403 4744 a
2435 4692 2582 4746 nobis
2610 4701 2753 4759 sunt,
2783 4692 2900 4763 quis
2932 4702 3108 4747 noster
3131 4690 3320 4748 Domia

1723 4803 1823 4841 nus
1850 4786 1965 4841 est?
1996 4784 2170 4859 (Psal.
2208 4784 2313 4861 xv.)
2352 4785 2419 4841 Et
2443 4787 2558 4841 haec
2581 4787 2801 4859 proprie
2827 4786 3024 4843 dicitur
3049 4803 3314 4862 arrogan-

1725 4879 1819 4934 tia.
1869 4878 2036 4933 Porro
2073 4878 2199 4933 huic
2240 4879 2450 4950 species
2486 4879 2753 4955 superbia:
2784 4881 3060 4936 contraria
3092 4890 3177 4936 est
3207 4880 3316 4937 hu-

1724 4972 1926 5028 militas
1965 4968 2075 5035 illa,
2106 4985 2228 5040 quae
2261 4986 2319 5027 se
2345 4970 2552 5027 nullum
2584 4973 2784 5028 bonum
2818 4987 2846 5026 a
2874 4987 2933 5027 se
2962 4968 3162 5029 habere
3190 4988 3316 5030 cre-

1724 5067 1821 5125 dit.
1847 5067 2097 5125 Secuuda
2121 5074 2207 5123 est
2234 5080 2356 5121 eum
2386 5066 2508 5137 quis
2537 5068 2737 5120 bonum
2772 5064 2914 5134 quod
2948 5065 3110 5120 habet
3137 5065 3317 5122 credit
3330 5086 3369 5160 ᾗ

1724 5179 1783 5221 se
1812 5164 2016 5221 habere
2052 5178 2082 5217 a
2124 5160 2261 5227 Deo,
2291 5160 2387 5219 sed
2434 5176 2499 5216 ex
2537 5160 2746 5217 meritis
2773 5160 2905 5214 suis.
2950 5158 3110 5216 Tales
3147 5158 3377 5245 (unde:

1723 5256 2013 5319 dolendum
2041 5254 2145 5327 est)
2178 5260 2305 5313 sunt
2352 5253 2515 5311 hodie
2554 5252 2817 5327 plerique,
2851 5253 3051 5335 quibus
3093 5252 3139 5311 si
3182 5268 3314 5310 con-
3364 5250 3371 5257 ’

1723 5351 1968 5409 ferantur
1994 5365 2025 5405 a
2056 5349 2166 5404 Deo
2208 5347 2431 5414 divitiae,
2469 5346 2551 5401 vel
2578 5348 2839 5415 honores,
2870 5346 2954 5403 vel
2994 5344 3313 5419 dignitates,

1723 5451 1915 5517 putant
1958 5457 2016 5501 se
2046 5455 2143 5511 pro
2173 5439 2382 5495 meritis
2412 5438 2524 5495 suis
2555 5439 2669 5493 haec
2714 5451 2743 5490 a
2779 5436 2888 5492 Deo
2917 5435 3227 5507 accepisse,
3257 5440 3315 5495 et

1724 5539 1841 5594 haec
1868 5532 2088 5609 proprie
2118 5530 2468 5603 praesumptio
2492 5529 2711 5586 dicitur.
2740 5526 2876 5583 Huic
2905 5526 3184 5584 contraria
3224 5538 3315 5587 est

1723 5626 2002 5686 humilitas
2032 5623 2120 5679 illa
2168 5639 2289 5694 qua:
2327 5621 2497 5697 dicit;
2546 5620 2732 5676 Gratia
2772 5618 2867 5674 Dei
2909 5632 3029 5676 sum
3076 5618 3132 5675 id
3162 5618 3312 5692 quod

1723 5739 1865 5780 sum.
1894 5720 2074 5779 Tertia
2107 5728 2211 5785 est,
2254 5733 2377 5774 cum
2411 5716 2533 5787 quis
2554 5716 2726 5786 jactat
2769 5727 2829 5770 se
2873 5710 3077 5777 habere
3104 5713 3311 5773 bonum

1723 5816 1865 5885 quod
1898 5827 2006 5869 non
2030 5796 2232 5878 habet,
2261 5825 2383 5882 qua:
2403 5808 2617 5880 proprie
2659 5815 2742 5862 est
2791 5808 3225 5883 hypocritarum,
3252 5812 3310 5877 et

1723 5908 1840 5965 haec
1867 5906 2084 5978 proprie
2119 5903 2380 5976 iactantia
2424 5902 2645 5971 dicitur,
2697 5900 2783 5956 cui
2827 5896 2917 5956 illa
2960 5900 3171 5971 species
3200 5900 3306 5959 bu-
