3896 6320
521 442 661 506 2031

2669 287 2732 305 δ.

1515 412 1866 474 ΛῦῡΕΝῡΑ.
1897 442 1965 455 ——
2004 406 2136 465 RM!

2243 401 2360 459 .Pﬂl
2391 389 2744 456 ARDENTIS
3710 364 3798 425 903!

525 484 661 506 ,νυ

504 558 774 622 utilitatis
799 546 1077 610 contraria
1107 551 1210 607 est,
1236 552 1359 611 quae
1399 547 1677 602 nunquam
1706 529 1820 585 vult
1862 525 1968 582 dici
2001 536 2115 579 me-
2143 527 2198 586 Α
2226 521 2351 576 iste.
2392 516 2450 571 Si
2482 514 2627 570 enim
2662 507 2880 584 gratias
2910 504 3038 558 Deo
3069 499 3277 568 ageret
3310 489 3380 546 de
3409 488 3566 544 bonis
3589 484 3672 539 sihi
3695 488 3796 543 colla.

1930 621 1936 622 ,
2254 615 2265 622 .
2340 612 2355 622 .
2549 607 2583 622 ,ο
2684 621 2687 622 ,
2725 603 2938 622 LA--.”
3012 594 3149 622 Ιηιηο
3181 595 3376 622 anton-
3411 583 3514 622 nail
3541 579 3710 622 gratiae
3732 599 3796 622 mn

525 659 634 714 lior
669 665 831 726 quam
864 647 954 702 sit.
1004 641 1208 708 Quarta
1245 643 1329 690 est
1375 645 1501 687 cum
1535 627 1655 697 quis
1705 621 1973 693 despectis
2015 634 2116 673 ca:—

529 712 1062 812 teris,'sitigulariter
1090 727 1295 800 appetit
1330 720 1499 778 videri
1530 717 1670 789 quod
1712 717 1897 773 habet.
1923 721 1978 766 et
2005 712 2120 764 haec

526 803 750 914 proprie
797 803 1046 904 superbia
1076 825 1294 882 dicitur.
1343 814 1624 886 Superbus
1665 817 1782 866 crat
1830 803 2118 874 Pompeius

527 904 862 1004 qui-habere
889 918 1107 979 uolebat
1136 909 1400 983 aequalem
1432 923 1446 960 :
1486 904 1670 960 Caesar
1702 915 1831 953 vero
1859 909 2121 966 arrogans

527 989 672 1088 grai,
708 1020 800 1091 qui
846 1013 1064 1071 nolebat
1114 1005 1224 1077 pati
1288 1000 1640 1072 superiorem.
1675 993 1812 1049 lluic
1847 989 2120 1044 contraria

529 1080 619 1174 est
649 1080 742 1168 illa
778 1103 1083 1166 humilitas,
1118 1110 1238 1167 quae
1287 1092 1451 1147 etiam
1500 1090 1700 1143 bouum
1743 1083 1886 1154 quod
1936 1080 2121 1142 habet,

531 1173 841 1265 dissimulat
864 1205 920 1253 et
950 1177 1106 1264 tegit,
1136 1197 1195 1244 ut
1223 1186 1380 1242 vilior
1416 1181 1630 1237 castoris
1657 1178 1948 1233 habeatur:
1983 1173 2124 1227 sicut
2208 1235 2210 1238 ν

531 1300 768 1370 legimus
800 1293 869 1347 de
915 1287 1150 1359 quadam
1200 1275 1628 1339 sanctimoniali,
1674 1288 1793 1343 qua:
1831 1285 1952 1325 cum
2002 1265 2126 1321 reli-

531 1359 840 1463 giosissima
879 1389 1044 1445 esset,
1090 1391 1150 1432 se
1201 1372 1356 1445 quasi
1392 1368 1613 1425 stultam
1670 1362 1985 1420 simulabat.
2016 1359 2126 1414 llas

532 1449 771 1554 quatuor
834 1472 1044 1546 species
1096 1465 1325 1522 tumoris
1383 1460 1559 1516 innuit
1621 1453 1954 1522 evangelista
2003 1449 2125 1502 illos

533 1544 830 1635 habuisse,
865 1544 1080 1622 ﬁcontra
1133 1575 1272 1631 quos
1324 1555 1582 1611 Dominus
1636 1549 1726 1604 hic
1780 1544 2124 1615 loquebatur.

533 1667 671 1724 Nam
717 1661 1051 1720 conlitebant
1100 1655 1280 1718 inse,
1319 1665 1428 1706 non
1461 1647 1515 1701 in
1568 1645 1698 1707 Deo,
1737 1655 1843 1700 non
1877 1653 1940 1692 ex
1984 1638 2124 1699 Deo,

533 1761 630 1818 sed
657 1773 720 1813 cx
755 1751 1019 1812 industria
1055 1745 1274 1821 propria
1313 1757 1371 1798 se
1393 1741 1591 1796 bonum
1626 1735 1826 1790 habere
1848 1737 2124 1801 putantes,

536 1867 641 1908 nec
672 1854 831 1904 erant
873 1842 1032 1914 justi,
1070 1839 1167 1896 sed
1201 1846 1456 1906 tanquam
1495 1829 1629 1902 justi
1667 1834 1895 1883 caeteros
1943 1834 2128 1891 asper-

534 1945 830 1999 nabantur.

611 2031 868 2103 Sequitur
889 2040 1023 2098 pars
1059 2021 1318 2086 secunda,
1365 2019 1418 2073 in
1447 2031 1552 2086 qua
1593 2015 1660 2068 ad
1695 2007 2128 2066 confundendam

537 2141 729 2185 eorum
767 2123 1120 2192 multiplicem
1167 2109 1519 2185 superbiam,“
1551 2105 1824 2162 inducitur
1868 2098 2129 2172 parabola

541 2219 757 2278 Domini
785 2217 851 2272 de
876 2213 1111 2284 superbo
1147 2207 1328 2278 justo,
1366 2212 1420 2259 ct
1451 2199 1643 2258 humili
1672 2204 1981 2269 peccatore,
2007 2208 2128 2247 cum

538 2313 783 2371 dicitur:
835 2307 957 2365 Duo
1007 2301 1243 2360 homines
1299 2295 1646 2352 ascenderunt
1691 2292 1744 2344 in
1783 2286 2029 2356 templum
2074 2293 2132 2339 ut

539 2413 788 2462 orarent:
811 2417 947 2456 unus
971 2395 1300 2458 Phariswus,
1324 2404 1370 2444 et
1387 2388 1533 2442 ialter
1563 2383 1906 2440 Publicanus.
1931 2380 2127 2434 Ascen-

539 2499 759 2562 derunt,
794 2493 988 2563 inquit,
1042 2489 1096 2545 in
1151 2484 1435 2554 templum,
1486 2477 1629 2548 quod
1675 2477 1742 2529 ad
1791 2473 2029 2528 litteram
2079 2469 2132 2524 in

541 2587 888 2649 eminentiori
929 2584 1050 2638 loco
1096 2578 1260 2636 situm
1292 2582 1432 2630 erat.
1479 2571 1546 2626 Et
1574 2566 1878 2631 moraliter,
1907 2563 2134 2633 quicun-

540 2697 650 2756 que
691 2688 840 2736 recte
870 2675 986 2730 vult
1029 2683 1189 2729 orare
1234 2667 1394 2722 debet
1423 2664 1531 2719 ima
1574 2659 1825 2714 vitiorum
1859 2655 2130 2720 deserere,

541 2746 598 2833 έι
637 2770 907 2829 desiderio
947 2767 1015 2822 ad
1061 2763 1168 2820 alta
1201 2755 1591 2816 conscendere.
1630 2750 2012 2812 Ascenderunt,
2048 2746 2134 2799 iu-

541 2868 686 2942 quit,
715 2876 771 2920 ut
815 2868 1044 2918 orarent.
1094 2856 1236 2912 Ecce
1263 2850 1537 2924 quomodo
1577 2854 1723 2902 recta
1757 2841 1918 2897 fuerit
1948 2854 2134 2895 eorum

543 2933 797 3020 intentio.
848 2955 906 3011 Si
950 2966 1080 3023 ergo
1124 2963 1260 3018 opus
1293 2944 1575 3013 utriusque
1625 2938 1788 2994 fuerit
1835 2937 2035 2991 bonum
2081 2933 2136 2987 in

543 3068 763 3129 genere,
807 3061 862 3104 et
897 3056 1103 3103 rectum
1141 3040 1476 3103 intentione,
1515 3047 1684 3106 quare
1711 3047 1816 3086 nun
1855 3036 2136 3096 acceptum

530 3120 709 3216 fuerit
753 3135 1076 3207 utrumque?
1118 3132 1244 3203 quia
1295 3143 1429 3200 opus
1461 3125 1622 3180 unius
1650 3120 1918 3177 fermento
1946 3132 2137 3186 supcr-

543 3238 648 3296 biae
677 3233 778 3289 fuit
825 3230 1103 3289 vitiatum,
1155 3233 1210 3278 et
1237 3235 1372 3290 epus
1407 3217 1632 3272 alterius
1661 3211 2004 3268 condimento
2034 3208 2137 3261 hu-

543 3326 792 3385 militatis
837 3321 940 3377 fuit
983 3314 1444 3373 commendatum.
1485 3307 1657 3364 Tanta
1697 3311 1782 3357 est
1831 3302 1998 3366 enim,
2031 3298 2139 3351 fra-

546 3433 684 3487 tres,
729 3419 878 3472 labes
925 3412 1224 3484 superblm,
1265 3403 1407 3476 quod
1457 3409 1934 3473 quantumcunque
1980 3392 2142 3446 fuerit

546 3529 684 3587 opus
710 3511 942 3573 bonum,
995 3520 1093 3577 per
1122 3519 1243 3558 eam
1298 3497 1690 3567 corrumpitur.
1736 3492 1849 3549 Hoc
1884 3499 1968 3547 est
1998 3489 2140 3544 enim

545 3609 679 3670 illud
737 3603 1006 3662 modicum
1057 3597 1425 3659 fermentum,
1479 3589 1624 3660 quod
1684 3595 1848 3643 totam
1905 3597 2141 3638 massam

543 3699 851 3770 corrumpit
883 3693 934 3763 (ι
979 3692 1102 3746 Cor.
1133 3689 1212 3760 v).
1242 3687 1311 3743 Et
1340 3682 1654 3741 eeontrario
1682 3688 1893 3734 tantum
1925 3685 2008 3730 est
2046 3674 2142 3728 bo-

546 3811 679 3855 num
715 3769 1058 3848 humilitatis.
1100 3783 1242 3854 quod
1274 3787 1758 3850 quantumcunque
1812 3769 1974 3823 fuerit
2008 3783 2143 3836 opus

547 3886 792 3953 malum,
848 3897 946 3952 per
991 3891 1113 3934 eam
1158 3873 1499 3927 emendatur.
1551 3863 1892 3925 Pltarisrrus,
1945 3856 2143 3926 inquit,

547 3992 695 4038 stans
724 3979 835 4033 ἡιεε
863 3973 1000 4042 apud
1020 3987 1076 4026 se
1105 3966 1309 4023 orabat.
1352 3960 1657 4017 Pharisteus
1691 3957 1791 4010 istc
1817 3953 1998 4022 justus
2026 3957 2146 4005 erat

548 4073 792 4135 nomine,
823 4068 950 4139 quia
985 4065 1160 4136 justus
1197 4072 1362 4129 opere
1382 4097 1395 4120 ,
1423 4055 1599 4125 justus
1627 4049 1790 4104 etiam
1825 4043 2142 4108 intentione,

550 4165 659 4224 nisi
712 4135 858 4218 eam-
884 4135 1016 4212 vitio
1071 4149 1337 4221 superbia:
1390 4141 1743 4211 corrupisset.
1795 4135 1983 4194 Justus
2030 4141 2148 4190 erat

551 4259 795 4321 nomine,
821 4252 945 4323 quia
976 4242 1236 4302 Phariszei
1273 4239 1598 4295 dicebautur
1627 4234 1846 4303 quidam
1882 4228 2143 4298 religiosi,

555 4349 648 4421 qui
678 4349 746 4402 ob
790 4341 1068 4415 religionis
1111 4333 1537 4393 observantiam,
1573 4343 1603 4381 a
1642 4323 1888 4380 saeculari
1932 4323 2040 4375 vita
2087 4333 2146 4374 se

555 4412 1087 4512 separabant.'Unde
1116 4439 1172 4484 et
1205 4423 1485 4486 Pharisaei,
1539 4419 1590 4474 id
1641 4426 1724 4472 est
1767 4412 1951 4479 divisi,
1984 4428 2149 4466 voca-

553 4506 775 4593 bantur.
815 4529 1004 4587 Justus
1034 4531 1152 4580 erat
1183 4534 1346 4591 Opere
1368 4558 1381 4580 ,
1424 4513 1546 4585 quia
1592 4511 1723 4565 vitia
1750 4506 1974 4573 (itabat,
2007 4506 2149 4576 rapi-

2228 615 2320 678 tis,
2340 612 2482 666 bene
2510 579 2697 673 utique
2725 603 2966 656 faceret.
3012 594 3149 664 Ipse
3179 595 3377 640 autem
3408 583 3514 653 agit
3540 579 3710 651 gratias
3732 599 3796 636 non

2225 716 2333 761 tatu
2363 705 2428 758 de
2459 717 2557 757 suo
2595 700 2738 753 bono
2770 709 2944 765 quam
2976 689 3049 743 de
3084 684 3286 739 alieno
3320 677 3484 732 malo.
3515 675 3698 730 Gratias
3717 676 3794 745 agit,

2228 813 2336 854 non
2365 804 2477 849 tam
2503 791 2629 863 quia
2671 790 2790 861 ipse
2820 786 2972 842 bene
2996 779 3245 852 egisset,
3277 783 3549 842 quantum
3585 769 3690 838 quia
3713 769 3798 824 εξὶυι

2229 893 2533 962 peccasset.
2569 881 2791 937 Gratias
2815 878 2957 947 agit,
2990 888 3110 930 non
3141 881 3264 924 tam
3299 864 3430 936 quia
3464 863 3572 934 ipse
3603 871 3720 918 esset
3743 863 3796 917 bo

2232 956 2358 1045 nus,
2383 985 2646 1049 quantum
2678 973 2808 1044 quia
2849 970 3027 1026 solus.
3080 961 3364 1022 Peccavit
3404 957 3566 1029 igitur
3606 956 3798 1026 multipli-

2233 1073 2392 1136 citer,
2429 1079 2542 1125 tum
2589 1069 2715 1139 quia
2776 1067 2830 1120 in
2881 1062 3052 1120 bonis
3108 1058 3233 1114 suis
3275 1055 3465 1110 minus
3508 1051 3601 1106 sibi
3641 1050 3801 1121 placuit,

2234 1174 2350 1217 tum
2391 1161 2516 1231 quia
2550 1159 2685 1213 alios
2717 1152 3075 1223 contempsit,
3115 1159 3240 1203 tum
3289 1145 3424 1215 quia
3457 1157 3514 1197 se
3549 1140 3621 1196 eis
3646 1156 3796 1210 compa-

2239 1271 2391 1322 rans,
2439 1269 2504 1308 ex
2536 1267 2720 1307 eorum
2771 1246 3136 1318 depressione
3180 1241 3292 1296 sibi
3339 1237 3566 1308 gloriam
3598 1235 3799 1304 quasiiit,

2241 1360 2357 1406 tum
2403 1349 2529 1420 quia
2561 1361 2621 1402 se
2659 1344 2927 1407 laudavit,
2962 1352 3079 1395 tum
3119 1337 3258 1407 quia
3299 1332 3540 1387 aliorum
3581 1328 3698 1382 vitia
3736 1344 3798 1382 non

2235 1440 2634 1512 compatiendo,
2670 1437 2764 1492 sed
2793 1434 2976 1506 potius
3025 1427 3359 1486 insultando
3389 1422 3707 1486 numerarii,
3732 1431 3800 1474 lum

2237 1537 2367 1605 quia
2411 1533 2476 1588 de
2504 1528 2850 1602 generalibus
2879 1524 3063 1588 vitiis,
3101 1524 3158 1576 in
3195 1516 3546 1590 singularem
3577 1515 3800 1568 detractio-

2201 1635 2362 1684 ‘netu
2403 1624 2708 1688 descendit,
2758 1631 2813 1677 et
2863 1637 2986 1676 cum
3032 1618 3267 1672 deberet
3303 1608 3702 1668 multitudinem
3726 1624 3801 1678 per-

2237 1729 2483 1777 catorum
2528 1715 2713 1770 fratris
2740 1728 2837 1784 per
2880 1710 3218 1767 charitatem
3269 1703 3491 1760 orando
3531 1710 3654 1756 ante
3686 1699 3799 1755 Deam

2237 1813 2473 1885 operire.
2505 1809 2653 1864 visus
2679 1815 2764 1861 est
2791 1805 2933 1876 apud
2973 1803 3144 1858 Deum
3173 1801 3316 1865 Teum
3357 1797 3616 1850 incusare
3647 1793 3800 1860 dicens,

2161 1911 2209 1969 Β
2236 1883 2370 1962 velut
2396 1902 2555 1956 etiam
2595 1899 2678 1951 hic
2707 1896 3058 1950 Publicanus.
3085 1889 3258 1958 Quasi
3288 1888 3542 1942 diceret:
3583 1883 3713 1938 Huic
3732 1883 3801 1936 Pu-

2237 1999 2474 2059 blicano,
2493 1993 2587 2064 qui
2616 2006 2723 2046 non
2753 1997 2839 2044 est
2864 1986 3063 2042 similis
3086 1983 3247 2048 mihi,
3279 1996 3393 2034 non
3419 1979 3590 2033 debes
3612 1992 3799 2047 parcere.

2237 2090 2308 2146 Et
2351 2087 2675 2142 Publicenus
2715 2100 2748 2136 α
2788 2081 2941 2149 longe
2989 2086 3178 2140 stans,
3235 2090 3345 2127 non
3394 2071 3634 2126 audebat
3679 2070 3800 2122 «sint

2237 2184 2307 2238 ad
2339 2181 2525 2236 calum
2551 2179 2745 2232 levare.
2776 2171 3125 2236 Econtrario,
3152 2169 3384 2231 fratres,
3414 2164 3510 2220 hic
3537 2163 3804 2234 publicanus

2237 2282 2500 2347 peccator
2523 2277 2642 2324 erat
2668 2267 2908 2333 nomine,
2940 2270 3195 2334 peccator
3222 2269 3347 2314 erat
3369 2273 3564 2328 opere,
3595 2267 3802 2326 peccator

2239 2374 2363 2420 erat
2395 2361 2752 2419 conscientia.
2791 2357 3020 2414 Nomine
3066 2356 3196 2424 quia
3239 2351 3534 2406 Publieani
3575 2351 3801 2415 dicuntur,

2239 2460 2335 2531 qui
2379 2457 2729 2528 implicantur
2780 2451 3010 2523 publicis
3065 2447 3417 2511 criminibus,
3472 2443 3559 2497 vel
3597 2444 3799 2512 negotiis,

2240 2569 2361 2623 quae
2391 2551 2480 2605 vix
2527 2549 2608 2604 vel
2649 2561 2925 2618 nunquam
2973 2545 3091 2598 sine
3134 2549 3365 2612 peccato
3413 2546 3653 2607 possunt
3685 2537 3804 2590 mmi-

2241 2644 2425 2698 strari.
2458 2641 2723 2697 Peccator
2749 2647 2868 2694 erat
2909 2649 3094 2706 opere,
3144 2634 3272 2703 quia
3319 2639 3443 2685 erat
3476 2629 3600 2683 talis
3641 2627 3799 2698 qualem

2242 2735 2508 2793 describit
2561 2733 2909 2796 Pharismus,
2982 2725 3238 2781 videlicet
3307 2732 3535 2794 raptor,
3599 2719 3800 2789 injustas,

2244 2835 2477 2889 adulter.
2508 2831 2914 2886 Peccator-erat
2943 2822 3298 2885 conscientia,
3348 2820 3536 2889 seipso
3587 2818 3654 2871 de
3679 2832 3726 2870 se
3747 2827 3800 2869 te»

2243 2925 2555 2983 stiinoniutu
2616 2920 2945 2994 perhibenli,
2997 2933 3120 2972 cum
3176 2916 3308 2970 ait:
3366 2914 3542 2979 Deus,
3599 2911 3803 2980 propitiat

2243 3034 2352 3074 es.'o
2395 3021 2526 3073 mihi
2560 3017 2848 3086 peccatori.
2896 3012 3032 3068 Cum
3071 3027 3204 3082 ergo
3247 3009 3375 3064 talis
3414 3018 3475 3062 et
3517 3007 3643 3060 talis
3678 3015 3799 3068 esset,

2247 3123 2426 3166 tamen
2464 3109 2587 3182 quia
2619 3126 2678 3164 se
2721 3108 2986 3179 despexit,
3039 3115 3096 3160 et
3138 3119 3198 3158 se
3237 3102 3554 3158 humiliavit
3579 3142 3595 3164 ,
3641 3099 3804 3153 veniam

2247 3203 2465 3258 meruit.
2507 3201 2813 3254 Phariszeus
2865 3212 2991 3251 suas
3041 3195 3276 3248 virtutes
3331 3201 3385 3244 et
3438 3191 3666 3245 aliorum
3711 3190 3804 3240 vita

2165 3268 2213 3333 θ
2249 3293 2653 3350 considerando
2682 3306 2739 3345 se
2767 3289 2979 3352 extulit,
3005 3297 3054 3342 et
3079 3287 3218 3340 alios
3244 3281 3596 3352 contempsit.
3619 3281 3810 3335 Ecoutra

2245 3389 2576 3447 Publicanus
2628 3400 2724 3440 sua
2771 3384 2902 3437 vitia
2941 3392 2996 3436 et
3039 3379 3270 3434 aliorum
3319 3378 3557 3430 virtutes
3601 3373 3807 3428 conside-

2246 3495 2397 3546 rans,
2431 3477 2667 3547 seipsum
2699 3472 2966 3544 despexit,
3007 3479 3063 3526 et
3110 3469 3246 3523 alios
3280 3469 3384 3523 sibi
3417 3466 3664 3538 praetulit
3710 3464 3813 3515 dum

2247 3589 2307 3628 se
2335 3582 2391 3626 et
2420 3572 2487 3625 ab
2529 3569 2782 3624 omnibus
2809 3576 2865 3620 et
2894 3581 2925 3618 a
2953 3562 3268 3618 sanctuario
3300 3574 3590 3629 separans,
3624 3573 3652 3609 a
3680 3556 3810 3624 longe

2248 3665 2419 3730 stetit,
2457 3678 2516 3717 so
2542 3661 2796 3716 omnibus
2823 3658 3071 3712 viliorem
3128 3662 3185 3708 et
3215 3657 3533 3708 sanctuario
3570 3649 3814 3717 indigum

2241 3756 2512 3828 judicans.

2245 3859 2248 3862 ’
2321 3848 2518 3904 llabuit
2568 3846 2736 3917 igitur
2788 3841 3080 3897 maximam
3125 3838 3517 3901 humilitatem,
3553 3834 3735 3890 habuit
3773 3839 3816 3887 et

2249 3943 2501 3997 comitem
2551 3938 2668 4006 ejus
2717 3937 2980 4007 pudorem
3015 3944 3070 3988 et
3117 3931 3519 3988 confusionem.
3553 3927 3705 3982 Unde
3741 3939 3819 3978 ne:

2249 4034 2434 4087 oculos
2463 4033 2530 4085 ad
2559 4027 3051 4114 etelutn‘attollere
3092 4041 3256 4080 ausus
3288 4032 3394 4078 est.
3448 4021 3649 4076 Habuit
3682 4019 3815 4088 igitur

2250 4138 2304 4181 et
2336 4126 2626 4181 maximam
2657 4139 2722 4178 ex
2772 4111 3050 4192 prcedictis
3102 4130 3286 4173 natam
3336 4116 3516 4171 cordis
3560 4111 3817 4167 contritio-

2251 4235 2396 4274 nem.
2428 4217 2580 4272 Unde
2612 4225 2664 4270 et
2691 4212 3032 4284 percutiebat
3054 4220 3243 4281 pectus
3270 4224 3449 4270 suum,
3480 4207 3720 4276 seipsum
3743 4217 3812 4254 ac»

2251 4326 2474 4376 cusans,
2529 4310 2764 4379 seipsum
2808 4306 3083 4376 judicans,
3143 4305 3378 4374 seipsum
3433 4300 3688 4371 puniens.
3708 4296 3813 4351 Cum

2250 4407 2395 4462 enim
2420 4419 2515 4458 cor
2541 4413 2787 4458 nostrum
2813 4400 2884 4454 sit
2917 4401 2971 4453 in
3002 4408 3245 4469 pectore,
3269 4396 3360 4466 qui
3387 4393 3629 4462 percutit
3659 4398 3812 4460 pec-tas

2252 4515 2432 4562 suum,
2457 4496 2697 4552 ostendit
2720 4495 2864 4564 quod
2893 4509 2988 4549 cor
3009 4507 3167 4548 suum
3197 4505 3321 4544 eum
3365 4496 3612 4548 accusat,
3643 4482 3814 4551 iudicat

555 4643 708 4691 nam,
758 4620 1103 4692 iujustitiam,
1127 4611 1481 4669 adulterium,
1520 4613 1576 4659 et
1605 4603 1744 4656 bona
1773 4601 2026 4664 faciebat,
2061 4574 2147 4667 jeo
2180 4630 2225 4688 υ
2250 4602 2306 4647 et
2335 4579 2570 4659 torquet.
2600 4587 2799 4642 Habuit
2822 4595 2876 4640 et
2900 4600 3086 4639 veram
3117 4581 3540 4644 confessionem,
3573 4590 3696 4630 cum
3720 4574 3811 4624 ait:

553 4723 754 4794 junans
783 4725 838 4771 et
866 4713 1104 4768 decimas
1134 4707 1364 4761 donans.
1396 4699 1583 4754 Jusms
1623 4699 1785 4748 etlam
1817 4702 1934 4748 erat
1964 4693 2144 4746 inten~

561 4785 728 4878 tione,
761 4810 887 4880 quia
926 4806 1067 4860 bona
1095 4813 1215 4869 quae
1241 4792 1498 4854 faciebat,
1529 4796 1748 4858 propter
1774 4786 1941 4841 Deum
1976 4785 2144 4839 facie-

558 4909 672 4970 bat,
702 4876 756 4959 et
779 4876 835 4955 ei
877 4902 1070 4951 runcta
1117 4903 1227 4944 non
1282 4884 1385 4939 sibi
1425 4879 1798 4936 attribuebat:
1846 4879 1987 4932 unde
2015 4876 2147 4930 etei

560 4997 765 5069 gratias
810 4990 1025 5059 agebat.
1063 4979 1262 5034 Verum
1302 4989 1424 5030 cum
1473 4981 1668 5026 ctetera
1718 4971 1848 5024 vitia
1891 4970 2144 5034 cavisset,

559 5061 732 5142 solum
782 5075 1116 5148 superbiam,
1173 5084 1293 5138 qua:
1343 5065 1530 5119 ultima
1576 5063 1714 5118 solet
1757 5061 1933 5132 justos
1979 5075 2146 5129 expu-

560 5191 752 5250 gnare,
781 5187 887 5226 nun
919 5171 1055 5222 bene
1082 5162 1248 5218 cavit.
1281 5160 1386 5216 Sed
1417 5158 1545 5228 quid
1573 5156 1730 5218 valet,
1764 5155 1807 5209 si
1843 5169 1908 5208 ex
1935 5153 2147 5208 caeteris

561 5269 813 5343 partibus
855 5263 1038 5316 hostes
1085 5254 1363 5321 excludas,
1402 5267 1524 5309 cum
1553 5266 1649 5322 per
1679 5263 1842 5304 unam
1873 5262 1966 5302 eos
2008 5245 2145 5301 reci-

564 5341 712 5432 pias?
754 5357 891 5412 Hinc
931 5350 1185 5407 Salomon
1226 5349 1341 5403 ait:
1387 5345 1546 5401 Omni
1585 5341 1824 5396 custodia
1867 5355 2016 5394 serva
2056 5353 2148 5392 cor

563 5468 714 5511 tuum
764 5448 946 5523 (Prov.
993 5450 1094 5518 tv).
1139 5440 1392 5500 Ezechiel
1451 5451 1666 5510 quoque
1718 5433 1906 5490 scribit
1958 5440 2146 5488 sancta

566 5548 815 5606 animalia
876 5543 1049 5601 oculis
1102 5539 1342 5608 undique
1392 5533 1550 5603 plena
1599 5527 1816 5600 (Exerit.
1881 5527 1961 5595 x),
2018 5526 2144 5596 quia

565 5641 742 5698 sancti
794 5653 1008 5707 semper
1045 5642 1100 5689 et
1144 5629 1290 5686 omni
1343 5642 1411 5681 ex
1456 5631 1609 5695 parte
1655 5621 1854 5677 debent
1900 5618 2144 5690 vigilare.

567 5733 811 5801 Gratias,
866 5728 1064 5798 inquit,
1117 5741 1215 5794 ago
1266 5721 1382 5785 tibi,
1434 5717 1674 5779 Domine,
1725 5714 1848 5786 Quia
1887 5729 1991 5766 non
2030 5728 2146 5765 sum

564 5828 704 5885 sicut
755 5822 928 5878 ueteri
977 5815 1270 5879 hominum,
1318 5821 1583 5881 raptores,
1629 5805 1844 5875 injusti,
1896 5803 2143 5857 adulteri.

565 5916 735 5985 Ecce,
762 5912 983 5978 fratres,
1011 5921 1173 5987 quam
1202 5919 1455 5985 perverse
1483 5902 1697 5985 locutus
1725 5906 1810 5956 est
1828 5896 2146 5984 {Larinas

2253 4689 2417 4753 Deus,
2448 4685 2716 4757 propitius
2745 4691 2853 4735 esto
2886 4679 3015 4732 mihi
3038 4674 3457 4744 percatori.Sine
3481 4667 3813 4725 excusatius:

2251 4799 2311 4839 se
2342 4786 2588 4843 accusat,
2618 4777 2736 4830 sine
2765 4773 3087 4842 exceptione
3123 4785 3181 4824 se
3215 4767 3470 4826 humiliat,
3502 4765 3634 4817 sine
3661 4761 3808 4826 aliqs:

2248 4878 2330 4932 sui
2392 4869 2808 4946 praesumptione
2862 4867 2928 4921 de
2983 4864 3100 4919 sola
3158 4862 3331 4933 gratia
3379 4857 3592 4912 veniam
3635 4863 3807 4922 spem.

2321 4965 2581 5035 Sequitur
2617 4939 2744 5032 pars
2795 4957 2988 5020 tertia,
3024 4956 3080 5009 in
3131 4970 3235 5023 qua
3276 4955 3674 5005 demonstratur
3705 4939 3808 5012 qui

2249 5058 2522 5132 superbia,
2543 5054 2742 5124 quidve
2769 5049 3051 5106 humilitas
3078 5056 3367 5111 mereatur,
3393 5057 3508 5096 cum
3541 5040 3806 5093 subditur;

2249 5128 2434 5216 Amen,
2467 5150 2582 5202 dico
2621 5145 2786 5209 vobis,
2819 5141 3086 5196 descendit
3138 5140 3224 5192 llic
3267 5135 3593 5209 justiﬁcalus
3639 5132 3692 5182 in
3736 5128 3806 5178 da-

2249 5261 2392 5302 mum
2419 5256 2571 5296 suam
2603 5240 2666 5291 ab
2701 5235 2820 5290 illo.
2852 5234 3004 5288 Hanc
3052 5232 3198 5286 enim
3247 5240 3468 5283 summus
3509 5223 3706 5290 judex,
3735 5221 3801 5285 qs:

2247 5336 2361 5393 falli
2407 5349 2513 5388 non
2561 5337 2758 5402 potest,
2809 5341 2911 5381 nec
2956 5323 3147 5378 fallere
3187 5320 3314 5383 vult,
3360 5315 3669 5389 promulgat
3704 5324 3796 5363 ﬂ

2249 5430 2475 5484 tentiam
2504 5439 2666 5495 super
2688 5416 2879 5475 meri'ta
2907 5415 3147 5488 gloriosi,
3171 5412 3300 5485 justi
3318 5420 3364 5466 et
3384 5408 3614 5462 humilis
3638 5417 3796 5476 pecea-

2250 5523 2384 5578 toris
2430 5519 2655 5574 dicens:
2711 5512 2988 5568 Descendit
3028 5511 3112 5563 Mc
3144 5507 3440 5579 justiﬁcalus
3503 5503 3565 5553 in
3614 5502 3789 5552 deus:

2250 5631 2400 5671 suam
2441 5613 2506 5666 ab
2539 5610 2628 5664 illo
2651 5649 2665 5674 ,
2705 5607 2757 5661 id
2789 5614 2872 5661 est
2909 5601 3304 5668 comparatione
3333 5596 3490 5651 illius.
3527 5589 3786 5648 δίωξιεὲ-

2251 5710 2395 5783 gitur
2417 5707 2469 5761 in
2497 5703 2755 5776 propheta
2783 5698 3124 5768 :Justiﬁcato
3149 5704 3220 5749 est
3243 5691 3450 5746 Sodoma
3481 5704 3516 5739 α
3542 5687 3671 5754 ﬁliis

2251 5775 2544 5855 ierusalem
2569 5793 2786 5865 (Eur-It.
2815 5791 2953 5861 xw),
2980 5789 3034 5846 id
3066 5795 3144 5844 est
3169 5787 3216 5840 in
3247 5781 3651 5848 comparatione
3675 5775 3776 5829 Eiar-

2253 5907 2374 5948 rutn
2406 5902 2648 5957 tuorum,
2672 5901 2705 5942 ο
2734 5883 3060 5947 Jerusalem,
3093 5879 3308 5936 Sodoma
3330 5879 3397 5927 est
3428 5871 3616 5936 iusta.
3651 5869 3770 5923 Etet.
