3896 6320
106 386 237 454 1033

781 401 1086 465 HOMILIE
1112 400 1180 465 IN
1209 404 1441 503 ⁸ΕΡῙΒΤ.
1466 413 1557 471 ΕΤ
1590 413 1662 475 EI

1763 398 1848 477 tG.
1884 410 2185 485 nouttvtc’.
2226 456 2298 475 .-
2326 374 2608 509 eiusat.

3225 446 3372 511 1054

105 516 310 583 fratres,
335 518 597 587 judicium
628 521 771 591 quod
799 520 1062 592 judicavit
1083 525 1174 605 qui
1201 539 1479 585 scrutatur
1499 532 1662 589 corda
1688 536 1742 595 Δ
1768 551 1892 621 cum
1917 540 2062 610 dicit,
2081 545 2152 599 ad
2170 546 2358 603 Deum.
2374 547 2432 605 In
2454 550 2624 607 Deum
2647 567 2707 611 se
2729 556 2932 617 nabere
2951 558 3209 622 ﬁduciam
3233 540 3370 625 dicit

103 620 153 668 et
179 627 328 670 renes
380 614 543 691 Deus,
580 614 672 685 qui
711 631 816 671 non
863 618 1158 698 secundum
1209 620 1464 678 intuitum
1498 625 1667 682 homi-

101 721 220 762 nuttt
256 707 485 778 judicat.
510 708 652 786 Quis
692 710 836 779 enim
867 711 1184 789 {hominum
1219 712 1425 783 justum
1471 727 1528 773 et
1574 735 1672 777 no-

100 799 256 867 mine,
290 810 346 856 et
378 816 543 873 opere
568 810 622 857 et
651 802 981 859 conscientia
1020 820 1128 860 non
1160 808 1445 877 prmferret
1474 825 1668 881 pecca-

98 891 194 946 tori
223 902 276 946 et
303 893 545 958 nomine,
591 903 646 949 et
671 909 836 963 opere
861 903 917 950 et
949 898 1314 954 conscientia?
1339 900 1527 959 Nemo.
1564 902 1671 961 Sed

97 985 343 1043 terribilis
402 987 457 1042 in
504 989 744 1044 consiliis
792 1005 957 1060 super
1006 991 1146 1049 filios
1197 997 1479 1054 hominum
1526 999 1670 1059 Deua

93 1074 257 1142 (Paul.
283 1080 429 1151 va),
461 1089 805 1151 peccatorem
835 1098 955 1139 sese
984 1084 1375 1156 despicientem
1406 1100 1461 1145 et
1486 1092 1674 1147 humi-

89 1168 303 1224 liantem
346 1173 628 1242 proposuit
651 1172 798 1241 justo
825 1189 885 1228 se
917 1172 1181 1258 jactanti,
1205 1189 1262 1235 et
1288 1196 1347 1236 se
1393 1182 1670 1252 peccatori

87 1263 405 1332 praeferenti.
456 1266 665 1322 Timeat
700 1283 850 1338 ergo,
900 1269 1099 1328 fratres
1126 1272 1454 1353 cltarissimi,
1486 1293 1666 1347 quan-

87 1363 407 1428 tumcunque
430 1355 630 1427 justus,
689 1372 846 1418 etne
895 1364 1146 1436 desperet
1183 1378 1687 1445 quantumcunque

84 1459 349 1518 peccator.
392 1449 578 1521 Itaque
609 1453 828 1519 fratres,
857 1470 983 1510 cum
1025 1459 1077 1511 in
1127 1459 1356 1515 ecclesia
1402 1461 1658 1525 conveni-

87 1557 227 1608 mus,
260 1552 315 1600 et
349 1553 476 1599 ante
506 1560 604 1601 nos
641 1546 874 1617 aliquam
907 1563 1197 1619 personam
1229 1551 1486 1609 infamem
1516 1554 1669 1611 vide-

82 1649 221 1701 mus,
252 1650 317 1689 ne
343 1650 462 1691 eam
503 1636 886 1708 despiciemus,
908 1655 1008 1696 nec
1038 1656 1139 1697 nos
1162 1657 1226 1697 ex
1255 1646 1667 1715 comparatione

81 1722 195 1792 ejus
230 1726 395 1781 bonos
424 1727 784 1795 aestimemus,
821 1730 970 1799 quia,
1005 1731 1117 1787 Deo
1153 1745 1433 1803 operante,
1486 1745 1666 1806 potest

80 1814 156 1870 illi
209 1818 503 1873 enormitas
560 1829 912 1889 peccatorum
977 1821 1095 1878 fieri
1163 1826 1383 1882 occasio
1439 1828 1665 1899 majoris

77 1906 393 1965 humilitatis
434 1918 488 1965 et
534 1888 887 1982 poenitentiae,
919 1914 992 1968 ita
1027 1924 1085 1970 ut
1117 1926 1279 1974 exeat
1306 1918 1477 1988 magis
1501 1888 1665 1989 jitsti-
1695 1888 1743 1948 Β

76 1998 230 2056 licata
285 2016 447 2071 quam
498 2018 616 2069 nos,
664 2005 755 2075 qui
806 2006 873 2061 de
917 2016 1229 2063 nostrorum
1278 2011 1432 2080 quasi
1480 2013 1663 2069 securi

81 2091 399 2147 remissione
440 2104 811 2164 peccatorum,
857 2112 965 2153 non
1011 2101 1143 2156 satis
1171 2101 1401 2157 humiles
1436 2103 1520 2159 vel
1548 2119 1663 2175 poe-

75 2183 312 2240 nitentes
346 2201 550 2243 sumus.
581 2186 717 2244 Nam
747 2191 936 2261 procul
973 2192 1137 2248 dubio
1168 2203 1371 2264 quanto
1400 2196 1673 2275 quismaa

69 2278 153 2347 gis
195 2280 527 2348 humiliatur,
562 2291 712 2339 tanto
755 2287 927 2357 magis
971 2287 1246 2342 exaltatur
1292 2288 1431 2359 apud
1461 2289 1657 2346 Deum.

76 2367 228 2427 Unde
258 2380 311 2427 et
334 2373 600 2443 generalis
644 2377 910 2431 sententia
956 2378 1244 2433 subditur:
1275 2379 1418 2434 Nam
1459 2383 1656 2448 omnia,

66 2460 287 2541 inquit,
317 2464 411 2535 qui
438 2467 666 2538 aeipsum
712 2469 910 2523 exultat
938 2469 1327 2538 humiliabitur,
1375 2482 1422 2528 et
1481 2475 1571 2546 qui
1604 2491 1662 2530 ce

62 2554 310 2611 humiliat
342 2560 684 2616 exaltabitur.
733 2560 983 2633 Seipsum
1029 2564 1351 2636 exultatqui
1391 2582 1451 2623 se
1494 2583 1660 2640 super

61 2664 119 2705 se
141 2652 396 2721 aestimat,
415 2654 586 2724 quise
610 2655 873 2727 majorem
894 2672 1056 2728 quam
1079 2660 1174 2725 sit,
1192 2670 1410 2730 appetat
1436 2662 1539 2718 dici
1564 2660 1661 2720 vel

56 2743 254 2801 videri.
275 2747 343 2801 Et
364 2756 583 2803 econtra
605 2764 664 2804 se
681 2749 928 2806 bumiliat
944 2751 1036 2821 qui
1059 2751 1141 2806 inf
1143 2768 1197 2807 ra
1221 2768 1279 2809 se
1296 2768 1354 2809 se
1378 2756 1650 2826 reprimit,

63 2850 173 2892 nec
218 2834 478 2906 majorem
512 2853 571 2894 se
600 2855 762 2909 quam
806 2841 875 2896 sit
915 2842 1168 2909 aestimat,
1210 2858 1312 2900 nec
1355 2843 1531 2914 major
1561 2863 1664 2918 ap-

55 2928 200 2999 petit
227 2928 398 2985 videri
429 2928 513 2985 vel
544 2930 672 2986 dici.
719 2931 925 3003 Itaque,
970 2933 1193 3003 fratres,
1232 2937 1360 3007 quia
1399 2939 1659 3007 superbia

53 3031 143 3077 est
176 3022 333 3078 ruina
359 3024 523 3080 etiam
546 3022 840 3093 justorum,
880 3035 934 3083 et
966 3028 1247 3086 humilitas
1278 3040 1363 3086 est
1389 3031 1669 3113 exultatio.

49 3112 224 3167 etiam
245 3124 615 3185 peccatorum,
633 3131 851 3189 semper
879 3121 1242 3192 nosmetipsos
1263 3122 1613 3181 humiliemus
1631 3140 1652 3179 :

48 3220 278 3279 semper
305 3219 432 3265 ante
470 3209 659 3266 oculos
688 3221 904 3269 nostros
940 3223 1163 3284 peccata
1211 3224 1395 3271 nostra
1440 3217 1647 3274 habea-

46 3315 218 3368 mus,
251 3315 463 3372 semper
510 3302 882 3359 inlirmitatem
929 3315 1171 3361 nostram
1212 3308 1532 3377 cogitemus.
1577 3302 1696 3385 Et:

43 3401 289 3449 econtra
311 3409 527 3465 semper
553 3395 784 3451 aliorum
825 3397 987 3465 bena,
1026 3399 1318 3469 praecipue,
1360 3417 1480 3471 qua:
1506 3417 1665 3489 non-‘

41 3484 188 3541 dum
234 3487 516 3541 consecuti
558 3502 779 3553 sumus,
830 3488 1184 3544 admiremur.
1230 3488 1309 3546 Ne
1350 3492 1651 3563 cogitemus

42 3577 257 3648 quibus
304 3580 473 3634 simus
521 3576 785 3648 majores,
834 3580 932 3636 sed
979 3582 1175 3651 quibus
1215 3570 1474 3640 minores.
1525 3585 1652 3642 Illos

38 3670 223 3724 etiam
259 3669 351 3740 qui
383 3671 544 3726 nobis
575 3672 815 3728 minores
845 3672 1121 3742 videntur,
1159 3690 1260 3731 nos
1295 3692 1394 3747 per
1424 3678 1652 3733 humili-

38 3768 220 3815 tatem
256 3775 619 3830 prtecessuros
661 3778 974 3833 pensemus,
1008 3773 1067 3820 ut
1098 3765 1171 3820 ita
1215 3782 1431 3839 semper
1466 3771 1659 3851 humie

32 3852 145 3922 les,
183 3856 392 3922 timidi,
415 3865 472 3911 et
499 3858 714 3914 cunctis
739 3858 968 3930 subjecti
992 3860 1262 3928 vivamus,
1288 3872 1364 3925 ut,
1399 3864 1650 3935 exemplo

32 3947 267 4002 domini
316 3949 488 4004 nostri
533 3947 661 4006 Jesu
708 3950 933 4018 Christi,
976 3954 1150 4025 magis
1181 3953 1497 4011 studeamus
1539 3958 1653 4012 nti—

28 4039 297 4095 nistrare
324 4056 488 4112 quam
517 4042 841 4111 ministrari,
872 4044 1046 4114 magis
1076 4044 1325 4101 famulari
1349 4062 1512 4117 quam
1544 4047 1650 4103 do-

24 4131 275 4197 minari,
299 4136 477 4204 magis
501 4134 726 4190 obedire
748 4150 908 4205 quam
940 4136 1229 4208 imperare,
1254 4146 1315 4192 ut
1338 4153 1651 4194 mereamur

22 4239 168 4279 cum
231 4225 532 4283 humilibus
579 4227 779 4284 habere
824 4230 1054 4301 gratiam
1096 4239 1148 4286 et
1196 4231 1500 4301 premium,
1548 4246 1651 4302 per

19 4320 349 4376 Dominum
377 4331 620 4377 nostrum
651 4321 836 4379 Jesum
879 4323 1156 4380 Christum
1189 4324 1282 4396 qui
1326 4341 1448 4382 cum
1483 4324 1648 4381 Patre

17 4422 76 4468 et
138 4412 375 4483 Spiritu.
405 4424 595 4471 sancto
645 4416 778 4472 vivit
825 4426 880 4474 et
904 4426 1091 4489 regnat
1136 4419 1296 4486 Deus,
1341 4434 1440 4490 per
1461 4416 1649 4474 omnia

17 4505 257 4562 saecula
281 4507 623 4564 saeculorum.
647 4511 842 4565 Amen.

592 4600 875 4658 IIOMILIA
907 4602 1098 4661 XXVI.

258 4710 514 4752 DOIINICL
551 4711 856 4752 DUODECIIA
896 4713 1025 4753 POST
1068 4714 1426 4755 ΤΒΙΝΙΤΔΤΕΜ.

85 4782 409 4840 Fiduciam
440 4786 596 4841 talem
627 4787 876 4843 habemus
910 4805 1003 4860 per
1040 4787 1311 4846 Christum
1340 4791 1412 4846 ad
1452 4790 1645 4859 Deum,

17 4894 132 4931 ton
168 4878 331 4948 quod
358 4880 669 4950 sufﬁcientes
699 4882 866 4936 cimus
893 4882 1124 4953 cogitare
1165 4882 1365 4954 aliquid
1390 4898 1456 4938 ea:
1497 4871 1647 4937 nobis

17 4967 197 5033 μιαεὶ
238 4984 307 5021 ex
337 4971 506 5037 nobis,
539 4972 629 5024 sed
658 4973 971 5043 cnﬁdentia
1001 4980 1179 5026 nostra
1206 4989 1271 5027 ea:
1301 4972 1410 5028 Deo
1450 4984 1525 5029 est
1557 4970 1646 5045 (II

17 5058 158 5113 Sor.
208 5060 327 5132 ut),
366 5072 474 5117 etc.
505 5060 799 5131 Tripertita
824 5073 908 5119 est
936 5064 1051 5119 bmc
1082 5065 1258 5130 lectio,
1290 5066 1489 5122 fratres
1515 5065 1645 5121 mei.

18 5152 244 5205 9rimo
283 5152 427 5206 enim
459 5155 703 5227 ostendit
736 5156 950 5224 qualem
984 5155 1237 5212 fiduciam
1285 5157 1401 5229 ipse
1447 5167 1502 5213 et
1538 5172 1646 5213 cae-

17 5245 119 5301 eri
156 5246 414 5313 apostoli
442 5248 675 5302 habeant
712 5247 766 5303 in
801 5250 991 5305 Deum.
1025 5250 1278 5307 Secundo
1302 5253 1649 5308 commendat

17 5336 422 5392 niuisterium
464 5338 566 5394 sibi
599 5356 627 5394 a
664 5339 775 5394 Deo
816 5342 1186 5398 commissum.
1224 5343 1429 5421 Tertio.
1453 5344 1647 5427 probat

17 5430 222 5500 uagis
280 5427 413 5485 Novi
462 5447 624 5501 quam
671 5433 881 5491 Veteris
911 5435 1242 5492 Testamenti
1285 5437 1647 5496 ministerium

18 5519 496 5581 lor-ineundum.
530 5524 531 5527 “
563 5522 807 5583 Primum
864 5529 1030 5599 igitur
1082 5529 1373 5585 ostendens
1429 5531 1646 5602 qualem

18 5618 314 5672 lduciam
363 5618 477 5687 ipse
519 5628 574 5674 et
619 5621 801 5677 caeteri
829 5622 1059 5692 apostoli
1090 5622 1326 5679 habeant
1365 5622 1419 5679 in
1450 5624 1645 5693 Deum,

21 5711 77 5766 it.
113 5729 133 5764 :
177 5706 486 5766 Fiduciam
509 5712 665 5768 talem
691 5715 939 5771 habemus
959 5731 1051 5785 per
1074 5715 1340 5773 Christum
1363 5717 1433 5773 ad
1456 5716 1646 5779 Deum.

17 5805 149 5860 'ria
192 5801 370 5870 dicit,
403 5804 457 5860 in
486 5821 646 5876 quem
675 5806 871 5864 habeat
891 5808 1168 5878 fiduciam,
1189 5821 1245 5866 et
1264 5826 1362 5883 per
1380 5827 1566 5883 quem,
1593 5819 1651 5870 et

18 5896 279 5961 ualem
306 5894 578 5954 fiduciam.
608 5898 665 5957 In
695 5917 853 5973 quem
885 5903 1084 5962 habeat
1126 5903 1382 5963 fiduciam
1407 5906 1652 5965 ostendit

456 6035 460 6039 -
472 6039 478 6045 .
490 6028 659 6051 w-‘tﬁL‘e

1773 632 2094 705 Apostolus,
2137 647 2194 694 et
2236 650 2298 696 ut
2343 658 2443 698 nos
2486 643 2740 704 similiter
2781 650 3078 713 habeamus
3115 660 3370 730 exemplo

1774 724 1859 780 sui
1888 727 2068 795 docet,
2099 731 2354 801 quoniam
2382 734 2529 791 solus
2561 737 2797 809 Deusget
2834 742 3047 803 salvare
3078 724 3383 819 pot-est,-et§

1775 832 1907 872 vere
1947 819 2141 892 diligit,
2190 831 2247 879 et
2274 840 2440 885 verax
2486 839 2589 885 est.
2618 830 2795 903 Reges
2828 822 3360 913 autem-principes,

1774 924 2030 983 parentes
2052 926 2119 999 et
2138 919 2299 975 amici
2324 921 2638 994 saeculares,
2662 942 2762 983 nec
2789 942 2872 995 se,
2898 944 3001 986 nec
3028 946 3127 987 nos
3151 933 3363 992 salvaro

1775 1010 2037 1085 possunt.’
2059 1008 2211 1067 Unde
2252 1012 2582 1072 Psalmista:
2627 1016 2808 1075 Nolite
2837 1021 3099 1092 confidere
3132 1024 3188 1079 in
3215 1027 3365 1095 prin-

1775 1096 1974 1165 cipibus
1993 1116 2083 1154 nec
2098 1102 2153 1162 iu
2183 1102 2312 1170 ﬁliis
2337 1106 2629 1175 hominum,
2648 1110 2701 1163 in
2729 1110 2918 1180 quibus
2943 1129 3046 1166 non
3076 1123 3152 1167 est
3184 1115 3356 1173 salua.

1773 1185 1956 1243 Exibit
2001 1180 2231 1262 spiritus
2260 1196 2395 1264 ejus,
2449 1208 2495 1252 et
2533 1183 2819 1277 revertetur
2867 1202 2925 1258 in
2967 1213 3159 1260 terram
3207 1222 3364 1273 suam

1775 1276 1951 1348 (Paul.
1977 1284 2159 1354 chv),
2184 1295 2291 1343 etc.
2324 1287 2432 1343 Sed
2462 1306 2637 1361 neque
2663 1307 2792 1348 vere
2820 1293 3069 1367 diligunt,
3097 1282 3360 1368 quoniam

1773 1386 1963 1429 omnes
1986 1377 2144 1447 amici
2169 1381 2454 1437 saeculares
2474 1400 2579 1439 non
2603 1385 2830 1457 diligunt
2846 1403 2946 1445 nos
2966 1397 3195 1461 propter
3206 1406 3359 1449 com-

1775 1467 1938 1523 moda
1962 1479 2169 1537 nostra,
2202 1474 2296 1529 sed
2324 1485 2545 1546 propter
2572 1494 2690 1534 sua.
2722 1480 2864 1536 Deus
2887 1496 3018 1537 vero
3040 1483 3218 1561 diligit
3238 1499 3359 1551 nos,

1772 1573 1882 1613 non
1905 1570 2124 1631 propter
2151 1571 2431 1623 commoda
2454 1585 2574 1635 sua,
2606 1571 2699 1627 sed
2728 1582 2950 1644 propter
2976 1584 3185 1653 nostra.
3217 1576 3379 1645 Bury

1770 1670 1866 1710 sus
1914 1670 2014 1711 nec
2062 1671 2284 1715 veraces
2334 1671 2480 1727 sunt,
2534 1668 2657 1719 cum
2713 1669 2973 1739 scriptum
3022 1670 3127 1726 sit:
3172 1669 3358 1726 Omnia

1770 1747 1926 1802 homo
1959 1751 2189 1804 mendum
2221 1750 2396 1822 (Paul.
2440 1757 2586 1824 cxv).
2634 1756 2777 1814 Deus
2830 1770 3007 1816 autem
3062 1777 3249 1817 verax.
3296 1760 3357 1816 In

1774 1838 1944 1893 Deum
1972 1854 2103 1909 ergo
2133 1840 2310 1896 soluat
2358 1857 2467 1897 non
2518 1844 2573 1898 in
2627 1849 2966 1917 temporalia,
3003 1860 3173 1907 totam
3223 1852 3362 1908 fidu-

1773 1928 1917 1983 ciam
1949 1939 2189 1985 nostram
2235 1947 2525 2001 ponamus,
2573 1934 2774 1991 fratres
2807 1939 2935 2006 mei,
2983 1942 3237 2010 quoniam
3266 1957 3364 2011 pa-

1771 2028 1974 2089 rentes,
2009 2022 2168 2078 amici
2215 2033 2270 2079 et
2304 2026 2486 2082 omnia
2521 2028 2835 2098 temporalia
2860 2028 3187 2087 fefellerunt.
3219 2032 3362 2089 Deus

1768 2119 1953 2167 autem
1986 2112 2133 2170 solus
2163 2129 2271 2169 non
2319 2116 2647 2189 derelinquit
2687 2129 2971 2188 sperantes
3003 2121 3059 2177 in
3094 2137 3170 2178 se.
3203 2120 3363 2179 Unde

1774 2204 2035 2259 scribitur
2058 2222 2072 2260 :
2107 2205 2238 2272 Quis
2266 2210 2491 2274 speravit
2519 2211 2577 2264 in
2618 2208 2861 2278 Domino,
2889 2220 2941 2266 et
2966 2213 3218 2283 confusus
3244 2213 3361 2270 est!

1770 2294 1973 2365 (Eccle.
2002 2297 2088 2369 ιι).
2119 2298 2186 2354 Et
2219 2300 2389 2357 David
2417 2319 2430 2356 :
2468 2300 2623 2371 Mihi,
2656 2303 2852 2374 inquit,
2878 2304 3225 2381 udhwrerein
3248 2304 3361 2361 Deo

1768 2385 1963 2442 bonum
1997 2401 2105 2455 est,
2129 2408 2320 2461 ponere
2353 2395 2411 2448 in
2445 2393 2670 2450 Domino
2711 2394 2823 2450 Deo
2872 2411 2985 2450 meo
3010 2412 3150 2467 spent
3187 2413 3377 2471 meum

1770 2476 1945 2552 (Paul.
1987 2482 2187 2555 Lxxn).
2231 2483 2338 2541 Per
2373 2502 2534 2557 quem
2580 2487 2781 2543 habeat
2821 2488 3074 2545 fiduciam
3122 2489 3363 2545 ostendit

1768 2587 1891 2628 cum
1932 2574 2081 2641 dicit,
2112 2593 2205 2646 per
2232 2575 2520 2634 Christum.
2546 2579 2653 2635 Per
2676 2577 2960 2636 Christum
2997 2581 3141 2636 enim
3180 2579 3360 2636 solum

1768 2666 2030 2724 habemus
2060 2685 2341 2729 accessum
2372 2674 2439 2729 ad
2470 2672 2708 2742 Patrem,
2739 2674 2833 2744 qui
2864 2683 2949 2729 est
2971 2673 3379 2743 reconciliatur,

1767 2769 1824 2815 et
1852 2761 2120 2818 mediator
2146 2764 2239 2821 Dei
2271 2774 2326 2821 et
2352 2766 2659 2834 hominum,
2687 2771 2778 2840 qui
2805 2782 3021 2838 semper
3047 2766 3375 2849 interpellat

1765 2866 1868 2922 pro
1893 2853 2068 2921 nobis,
2094 2854 2149 2911 in
2180 2868 2443 2927 quantum
2471 2868 2554 2915 est
2583 2861 2770 2926 homo,
2800 2870 2855 2917 et
2878 2863 3054 2917 salvat
3075 2874 3174 2915 nos
3199 2871 3356 2929 aeque

1766 2959 1892 3000 cum
1920 2946 2102 3013 Patre,
2129 2949 2182 3005 in
2208 2963 2473 3022 quantum
2502 2963 2587 3009 est
2610 2954 2769 3011 Deus.
2791 2954 2943 3011 Illum
2969 2939 3125 3026 ergo,
3151 2940 3357 3033 fratres

1763 3039 1900 3109 mei,
1951 3042 2078 3098 totis
2125 3046 2425 3102 visceribus
2471 3047 2785 3119 diligamus,
2836 3049 3131 3120 quoniam,
3160 3055 3236 3129 .ut
3272 3046 3361 3129 ait

1763 3130 2091 3203 Apostolus,
2137 3151 2245 3192 non
2291 3146 2375 3193 est
2403 3137 2548 3194 aliud
2594 3154 2792 3196 nomen
2827 3141 2880 3195 in
2924 3138 3099 3208 caelo,
3148 3141 3250 3194 nec
3297 3137 3375 3221 in

1767 3233 1929 3291 terra,
1957 3226 2011 3281 in
2039 3243 2145 3299 quo
2176 3239 2429 3299 oporteat
2460 3247 2558 3287 nos
2603 3232 2803 3288 salvari
2830 3233 2972 3304 (Act.
3000 3229 3369 3317 tv).‘Qualem.

1758 3333 1890 3375 vero
1935 3320 2186 3377 fiduciam
2216 3321 2415 3379 habeat
2443 3325 2497 3380 in
2526 3324 2732 3391 Deum,
2764 3324 3002 3380 ostendit
3028 3312 3153 3379 cum
3193 3322 3353 3391 dicit.

1759 3431 1865 3470 non
1893 3416 2032 3487 quod
2066 3417 2385 3488 sufﬁcientes
2417 3417 2576 3473 simul
2612 3418 2813 3490 aliquid
2846 3418 3075 3489 cogitare
3104 3435 3138 3473 u
3175 3418 3347 3473 nobis.

1758 3507 1839 3562 Ac
1865 3507 1912 3561 si
1941 3508 2126 3563 dicat:
2160 3508 2271 3566 Nec
2318 3510 2385 3566 de
2416 3518 2545 3575 toto,
2594 3525 2695 3565 nec
2734 3511 2801 3566 de
2842 3520 3014 3580 parte,
3047 3514 3107 3564 ut
3126 3508 3350 3580 quidam

1760 3599 1958 3667 solent,
1985 3599 2039 3655 in
2066 3602 2223 3658 nobis
2248 3603 2500 3660 fiduciam
2528 3604 2814 3669 habemus,
2844 3602 2937 3658 sed
2978 3610 3147 3657 totam
3194 3610 3251 3658 et
3282 3600 3353 3657 de

1760 3690 2096 3748 omnibusin
2143 3694 2331 3751 Deum.
2375 3694 2560 3753 Talem
2599 3697 2746 3752 enim
2778 3696 2833 3750 in
2870 3693 3039 3752 Deum
3085 3693 3367 3775 habemqu

1758 3785 2051 3856 fiduciam,
2093 3790 2238 3860 quod
2288 3807 2387 3847 nec
2436 3791 2600 3847 etiam
2648 3789 2944 3862 cogitandi,
2998 3789 3226 3846 necdum
3268 3786 3352 3844 Io-

1760 3882 1983 3949 queudi,
2012 3882 2100 3938 vel
2129 3869 2361 3940 faciendi
2400 3883 2626 3955 aliquid,
2662 3868 2916 3939 fiduciam
2942 3897 2973 3937 a
3002 3882 3157 3938 nobis
3179 3879 3362 3957 habef

1759 3990 1901 4041 mus,
1926 3977 2020 4032 sed
2051 3992 2079 4032 a
2118 3976 2250 4033 Deo.
2281 3976 2338 4032 In
2368 3994 2476 4048 quo
2521 3976 2804 4032 confundit
2835 3974 2959 4031 illos
3003 3973 3094 4044 qui
3142 3986 3348 4043 praesu-

1756 4076 1915 4123 munt
1945 4069 2009 4124 de
2043 4069 2214 4125 libero
2243 4070 2489 4134 arbitrio,
2521 4070 2607 4127 vel
2631 4069 2698 4125 de
2737 4068 2978 4137 ingenio,
3008 4065 3091 4122 vel
3121 4066 3187 4133 de
3215 4062 3348 4119 viri-

1756 4163 1881 4228 bus,
1906 4161 1991 4216 vel
2016 4163 2082 4217 de
2107 4162 2310 4218 divitiis
2340 4164 2452 4219 suis
2479 4178 2601 4218 cum
2641 4162 2903 4235 scriptum
2934 4162 3007 4216 sit
3031 4177 3045 4213 :
3081 4155 3206 4212 Non
3234 4155 3347 4212 aul-

1756 4262 1912 4306 uutur
1941 4269 2033 4306 rex
2061 4269 2152 4323 per
2178 4253 2396 4308 multant
2426 4255 2694 4321 virtutem,
2726 4262 2774 4310 et
2801 4253 2950 4324 gigas
2988 4266 3092 4305 non
3117 4246 3347 4304 sulcabi-

1758 4351 1846 4395 tur
1867 4342 1921 4396 in
1949 4341 2290 4399 multitudine
2312 4344 2521 4399 virtutis
2544 4362 2653 4400 aute
2676 4341 2832 4415 (Paul
2859 4341 3057 4414 χχιιι).
3084 4339 3152 4394 Et.
3178 4337 3342 4393 alibi:

1760 4432 1865 4499 Qui
1897 4433 2112 4503 conﬁdit
2144 4434 2199 4487 in
2225 4435 2447 4501 divitiis,
2474 4444 2682 4490 corruet
2719 4431 2903 4505 (Prov.
2934 4436 3020 4500 tt).
3045 4428 3182 4496 Quia
3212 4441 3344 4484 vero

1759 4525 2053 4579 secundum
2075 4524 2327 4595 loquendi
2352 4542 2506 4581 usum
2528 4526 2759 4580 dicimus
2776 4521 3064 4595 aliquando
3081 4536 3180 4576 nos
3194 4519 3345 4591 cogi-

1636 4684 1643 4691 ί
1674 4652 1732 4714 D
1761 4624 1877 4670 tare
1919 4616 2122 4687 aliquid
2152 4632 2182 4671 a
2212 4618 2387 4685 nobis,
2420 4617 2473 4671 id
2502 4626 2586 4671 est
2615 4632 2683 4672 ex
2713 4616 2946 4714 propria.
2962 4613 3199 4714 ratione,
3223 4613 3345 4714 sine

1756 4706 2081 4762 adminiculo
2126 4707 2348 4763 alterius
2393 4714 2689 4771 creaturae,
2733 4704 2976 4775 adjungit
3015 4702 3340 4774 Apostolus,

1755 4799 1909 4868 quasi
1928 4813 1993 4851 ea:
2011 4798 2179 4862 nobis,
2199 4797 2456 4852 subaudis
2475 4796 2805 4852 auctoribus.
2822 4795 2890 4850 Et
2904 4795 2950 4879 si
2968 4793 3112 4849 enim
3136 4792 3342 4864 aliquid

1758 4905 1790 4944 a
1818 4889 1975 4944 nobis
1999 4889 2305 4960 ,aliquando
2344 4887 2667 4956 cogitamus,
2710 4896 2888 4942 tamen
2928 4900 2996 4941 ex
3033 4894 3217 4939 nostra
3244 4898 3343 4936 au-

1755 4981 2018 5037 ctoritate
2041 4980 2245 5049 aliquid
2274 4980 2515 5048 cogitare
2563 4995 2671 5036 non
2726 4978 2993 5043 valemus,
3039 4975 3339 5046 praesertim

1753 5088 1881 5128 cum
1915 5087 2015 5128 nec
2051 5072 2224 5141 ipsam
2257 5072 2540 5135 rationem,
2579 5086 2682 5126 nec
2711 5085 2810 5141 per
2845 5084 2966 5124 eam
3006 5065 3208 5139 aliquid
3245 5081 3342 5122 co-

1750 5165 1930 5235 gitare
1958 5164 2255 5219 habeamus
2281 5179 2347 5219 ex
2370 5163 2545 5228 nobis,
2574 5162 2668 5219 sed
2685 5177 2751 5218 ex
2776 5162 2980 5229 Deo,ut
3010 5158 3086 5214 ait
3108 5156 3335 5226 Paulus,

1751 5255 1809 5310 in
1839 5270 1949 5325 quo
1976 5254 2230 5322 vivimus,
2257 5240 2543 5309 mtivemur
2569 5263 2623 5310 et
2656 5267 2844 5309 sumus
2877 5251 3017 5326 (Act.
3044 5250 3200 5321 xvii).
3233 5246 3340 5304 Sed

1751 5346 2065 5418 sufﬁcientia
2094 5359 2271 5402 nostra
2298 5363 2361 5403 ex
2389 5347 2496 5402 Deo
2519 5357 2611 5411 est,
2634 5346 2690 5402 in
2734 5346 2986 5402 omnibus
3009 5345 3217 5401 scilicet
3243 5340 3340 5396 bo-

1752 5439 1862 5497 nis.
1888 5440 1942 5496 In
1975 5441 2135 5497 nullis
2160 5441 2306 5498 enim
2346 5442 2526 5506 bonis,
2562 5456 2663 5496 nec
2714 5440 2769 5495 in
2799 5434 3189 5525 corporalibus,
3239 5448 3340 5490 nec

1748 5517 1811 5591 in
1833 5533 2223 5605 spiritualibus,
2270 5550 2371 5590 nec
2403 5534 2457 5588 in
2492 5517 2975 5598 cmlestibt’ts,‘nisi
3020 5543 3114 5600 per
3160 5526 3339 5596 ipsum

1751 5628 2001 5685 valemus
2023 5629 2321 5686 abundare.
2346 5628 2449 5697 Qui
2478 5629 2577 5684 nisi
2608 5645 2709 5700 per
2736 5642 2840 5684 nos
2867 5633 3140 5697 operetur,
3172 5628 3227 5676 et
3257 5618 3337 5674 la-

1752 5717 1859 5777 bor
1890 5730 2074 5777 noster
2094 5721 2161 5777 ad
2190 5721 2530 5793 temporalia,
2554 5733 2608 5776 ct
2636 5721 2872 5777 studium
2906 5718 2974 5774 ad
3010 5712 3334 5788 spiritualia,

1755 5822 1813 5868 et
1834 5813 2082 5869 meritum
2108 5813 2174 5870 ad
2201 5813 2443 5871 coelestia
2469 5814 2764 5870 obtinenda
2789 5809 3031 5868 inefﬁcax
3046 5815 3149 5865 est.
3179 5804 3337 5863 Unde

1712 5976 1719 5977 γ
1756 5906 1873 5983 ipse
1894 5907 2167 5982 discipulis
2194 5908 2326 5984 _suis
2353 5927 2368 5969 :
2395 5907 2523 5967 Sine
2576 5925 2679 5978 me,
2716 5904 2910 5979 inquit,
2943 5902 3072 5961 nihil
3118 5897 3337 5975 putealia
