3910 7336
647 291 790 348 1055
819 323 828 326 -

1664 289 2012 346 sponsos.
2045 318 2116 332 -ρ
2157 289 2507 350 naut-“me
2546 287 2900 356 suasuris
3586 309 3659 367 ω

647 406 1018 482 facereran.
1045 407 1237 478 xv).Et
1263 407 1553 482 Apostolus
1579 405 1792 476 :Neque
1815 406 2050 468 colentis,
2077 425 2240 476 neque
2272 417 2318 476 Α
2421 407 2684 476 Sequitur
2718 421 2846 476 pars
2902 403 3075 466 tertia.
3123 405 3169 459 in
3214 421 3304 476 qua
3337 413 3471 477 probat
3505 421 3660 487 Apamia,

647 505 912 562 currentis
934 515 1031 570 est,
1049 505 1139 560 sed
1171 507 1462 560 miserentis
1481 503 1576 558 Dei
1607 503 1788 572 (Rom.
1818 505 1920 568 is).
1959 504 2027 558 Et
2061 503 2186 558 alibi
2222 522 2235 557 :

649 597 835 672 Neque
861 602 950 671 qui
976 597 1200 670 plantat,
1253 615 1413 668 neque
1450 599 1540 669 qui
1568 598 1727 667 rigat,
1766 597 1968 667 aliquid
2011 605 2108 661 est,
2148 595 2240 650 sed

649 693 740 765 qui
785 693 1162 746 inorementum
1188 694 1276 746 dat
1307 692 1447 745 Deus
1485 689 1536 760 (1
1563 689 1686 744 Cor.
1713 688 1820 758 iit}.

721 785 983 856 Sequitur
1027 800 1155 856 pars
1186 785 1446 850 secunda,
1507 784 1561 838 in
1609 799 1712 853 qua
1748 783 2038 854 Apostolus
2067 783 2166 838 sibi
2208 799 2239 838 a

647 875 760 932 Deo
786 879 1136 933 commissura
1170 877 1529 932 ministerium
1559 875 1930 940 commendat,
1959 891 2080 932 cum
2111 877 2240 932 sub-

647 970 724 1024 dit
755 986 768 1022 :
797 968 902 1035 Qui
935 973 1150 1023 idoneos
1175 986 1268 1023 nos
1293 970 1414 1038 fecit
1436 970 1707 1023 ministros
1727 967 1866 1022 Νονί
1896 967 2238 1035 Testamenti,

646 1079 749 1115 non
774 1064 970 1126 littera,
1007 1063 1098 1116 sed
1121 1064 1331 1131 spiritu.
1385 1062 1439 1116 in
1491 1063 1663 1116 tribus
1690 1077 1819 1132 ergo
1876 1061 2035 1116 nobis
2084 1076 2239 1115 coru-

645 1154 870 1205 mendat
908 1167 1064 1206 suum
1107 1163 1542 1224 caeterorumque
1575 1153 1942 1225 apostolorum
1993 1153 2240 1212 ministe-z

645 1243 805 1304 rium,
835 1259 954 1296 cum
978 1245 1217 1300 ostendit
1244 1261 1276 1300 a
1305 1261 1434 1314 quo,
1461 1257 1515 1301 et
1544 1247 1750 1316 quales,
1780 1255 1836 1300 et
1885 1245 2040 1312 cujus
2070 1244 2236 1298 mini-

644 1333 743 1386 stri
790 1333 919 1389 facti
961 1346 1106 1390 sunt.
1149 1333 1194 1389 A
1226 1339 1369 1406 quoi
1399 1354 1426 1391 a
1455 1339 1588 1392 Deo.
1626 1337 1683 1391 ln
1722 1352 1829 1406 quo
1875 1339 2098 1391 damnat
2121 1352 2236 1402 eos,

646 1425 739 1494 qui
771 1439 876 1480 non
902 1443 928 1480 a
958 1427 1086 1492 Deo,
1118 1429 1212 1483 sed
1237 1445 1266 1482 a
1296 1445 1355 1484 se
1380 1431 1482 1485 sibi
1513 1429 1877 1484 ministerium
1931 1436 2238 1482 assumunt.

641 1518 724 1572 De
783 1519 1036 1588 qualibus
1089 1517 1397 1576 Dominus:
1440 1522 1571 1591 Ipsi,
1615 1522 1809 1590 inquit,
1868 1529 2235 1590 regnaverunt,

642 1613 735 1665 sed
763 1630 866 1666 non
902 1628 970 1668 ex
988 1631 1090 1668 me.
1116 1613 1260 1683 (Ose.
1294 1616 1435 1683 νιιι).
1463 1615 1692 1682 Quales?
1716 1615 1912 1670 idonei.
1933 1614 2104 1668 Porro
2133 1614 2238 1668 tria

642 1699 850 1755 faciunt
879 1703 1187 1758 ministrum
1223 1703 1502 1771 idoneum,
1533 1707 1670 1760 bona
1723 1706 1856 1770 vita,
1887 1705 2029 1760 bona
2065 1706 2233 1774 larua,

2343 502 2518 570 magis
2549 498 2682 554 Novi
2727 513 2892 567 quam
2922 493 3126 582 Veteris
3168 497 3425 557 Testameuti
3457 509 3662 573 ministeriis

2342 607 2461 646 esse
2489 591 2905 662 gloriﬁcandum
2931 587 3139 644 dicens:
3169 591 3294 655 Quod
3317 585 3661 659 seramus...

2345 685 2434 748 tis,
2478 687 2669 738 litteris
2701 686 2754 737 in
2780 683 3043 752 lapidibus
3073 683 3319 751 deformata
3344 687 3471 754 {litis
3504 693 3665 762 ςιοήιίςι

2337 785 2402 829 att
2450 791 2552 828 non
2615 784 2824 843 possent
2849 773 2953 842 filii
2982 771 3140 827 Israel
3163 773 3379 830 intendere
3397 779 3435 830 in
3449 780 3568 847 {scita
3585 785 3667 856 Πομ

2340 878 2556 938 propter
2581 869 2806 938 gloriam
2831 867 3006 920 cultus
3027 867 3132 936 ejus
3173 883 3271 936 qua
3294 879 3514 934 eratutut,
3532 883 3666 942 qsmi:

2341 977 2449 1014 non
2472 961 2644 1030 magis
2673 961 2998 1013 ministratio
3037 955 3228 1025 spiritus
3258 963 3339 1014 erit
3373 965 3413 1014 in
3439 965 3623 1031 glorisllc
3650 975 3668 1022 ti

2343 1052 2491 1108 dicat
2540 1071 2555 1106 :
2615 1053 2676 1106 Si
2729 1052 3668 1124 ministrationemlitterzlezisocrilutit,

2342 1145 2562 1214 scripta!
2579 1146 2633 1200 in
2657 1145 2833 1215 lapide
2856 1147 2924 1199 ad
2939 1145 3424 1216 lempus,gloriiicatio
3440 1149 3612 1203 subsecat:
3624 1161 3668 1209 et

2344 1238 2420 1293 ita
2450 1248 2508 1292 ut
2535 1238 2790 1296 lsraslit:
2831 1238 3026 1294 faciem
3063 1237 3213 1308 Moysi
3247 1253 3335 1291 non
3371 1243 3671 1309 possentupictrt,

2344 1333 2616 1404 quomodo
2649 1334 3100 1388 ministratiouem
3129 1332 3673 1402 spirituslitteraviriicutis,

2343 1441 2453 1480 non
2479 1427 2651 1497 magis
2682 1425 3006 1497 gloriﬁcatio
3035 1425 3381 1495 subsequetur?
3402 1439 3449 1479 ac
3470 1425 3501 1478 si
3520 1426 3674 1488 dicati:

2345 1517 2732 1588 subsequetur.
2791 1517 2889 1574 Est
2942 1529 3123 1573 autem
3155 1517 3257 1572 hate
3304 1517 3492 1588 probatio
3527 1519 3674 1576 attineri,

2343 1609 2527 1666 minus
2548 1621 2629 1666 est
2655 1612 2800 1665 enim
2828 1611 3007 1666 littera
3044 1629 3057 1664 :
3081 1620 3132 1664 et
3168 1610 3321 1679 majus
3344 1619 3409 1662 est
3431 1609 3613 1678 spiritalis
3641 1611 3676 1660 ξι·

2347 1705 2669 1775 telligeutia.
2695 1705 3104 1776 Subsequenter
3121 1705 3248 1760 idem
3273 1703 3400 1766 dicit.
3419 1703 3486 1757 sed
3503 1703 3576 1757 aliis
3587 1703 3677 1757 uris

641 1792 782 1848 bona
811 1799 1155 1866 pradicatio:
1177 1813 1405 1866 quorum
1430 1815 1597 1854 unum
1621 1800 1736 1854 sine
1755 1799 1975 1869 reliquis
2005 1817 2109 1856 non
2134 1799 2241 1854 suf-
2273 1804 2320 1860 Β
2348 1797 2404 1853 Si
2436 1801 2601 1862 enim,
2650 1801 2858 1868 inquit,
2891 1799 3205 1850 ministratio
3254 1797 3527 1848 damnationis
3551 1795 3580 1846 ts
3603 1795 3679 1862 gitti!

641 1884 776 1940 ﬁcit.
796 1887 990 1955 Cujus?
1013 1887 1146 1944 Novi
1181 1888 1539 1956 Testameuti,
1575 1894 1627 1947 id
1659 1903 1740 1949 est
1765 1893 2066 1964 Evangelii.
2095 1894 2240 1949 Sane

641 1991 796 2033 sacra
852 1977 1134 2049 Scriptura
1193 1993 1417 2038 vocatur
1463 1981 1871 2040 Testamentum
1929 1987 2124 2056 triplici
2174 1989 2240 2042 de

640 2087 824 2126 causa.
856 2073 991 2140 Quia
1027 2085 1111 2129 est
1143 2077 1298 2145 quasi
1325 2077 1513 2132 charta
1548 2079 1847 2134 testiiicans
1890 2077 2241 2157 fcedusjuter

640 2163 812 2217 Deum
838 2173 891 2220 et
921 2163 1194 2222 hominem
1225 2167 1453 2234 iactum,
1479 2171 1604 2242 quia
1627 2173 1950 2226 testificatur
1967 2172 2124 2227 nobis
2153 2174 2239 2227 di-

639 2253 824 2309 vinam
851 2257 1184 2313 voluntatem
1219 2276 1380 2330 quam
1417 2259 1600 2316 facere
1625 2263 1919 2317 debeamus
1954 2280 1968 2318 :
2001 2263 2127 2332 quia
2153 2273 2239 2318 est

641 2349 798 2417 quasi
859 2360 1241 2407 testamentum
1299 2353 1662 2421 haereditatis,
1721 2371 1749 2408 a
1795 2353 1904 2412 Deo
1955 2356 2236 2425 promissa:

644 2441 826 2496 nobis.
850 2441 1206 2516 Evangelium
1246 2462 1460 2518 quoque
1482 2449 1679 2503 dicitur
1701 2449 2117 2504 Testamentum
2143 2465 2243 2504 uo-

639 2543 769 2604 vum
806 2535 1006 2605 triplici
1031 2538 1099 2592 de
1123 2553 1312 2603 causa,
1349 2539 1434 2594 vel
1460 2539 1585 2609 quia
1647 2549 1728 2594 est
1759 2556 1788 2594 a
1836 2555 1975 2594 novo
2021 2539 2242 2594 homine

638 2621 866 2681 Christo
892 2629 1109 2697 datum;
1155 2631 1238 2686 vel
1267 2632 1393 2702 quia
1431 2632 1992 2688 coutinetdoctrinam
2018 2645 2238 2698 novam,

638 2715 698 2772 in
750 2732 1001 2789 respectu
1042 2721 1290 2778 Mosaicae
1342 2724 1497 2796 legis,
1549 2725 1634 2781 vel
1687 2727 1811 2798 quia
1867 2728 2237 2795 observatum,

639 2809 919 2870 hominem
955 2817 1185 2872 interius
1211 2817 1343 2874 facit
1383 2835 1606 2874 novum.
1641 2817 1802 2886 Nosti,
1833 2822 2026 2892 inquit,
2059 2819 2242 2876 Testa-

638 2905 823 2971 menti,
849 2908 1107 2964 subaudis
1127 2911 1435 2976 constituti,
1460 2929 1566 2968 non
1595 2915 1652 2969 in
1682 2915 1889 2981 littera,
1917 2915 2012 2970 sed
2056 2917 2106 2970 in
2129 2915 2241 2987 spi-

641 2993 772 3047 ritu.
805 2995 864 3049 in
889 3014 1045 3053 sacra
1072 3001 1377 3071 Scriptura,
1409 3004 1604 3060 fratres
1630 3008 1760 3072 mei,
1797 3018 1925 3061 sunt
1950 3009 2085 3073 duo,
2116 3023 2240 3063 sen-

640 3101 735 3143 sus
755 3081 1114 3160 Superﬂciaiis
1144 3095 1337 3153 litterae
1380 3099 1620 3154 exterior
1647 3140 1662 3164 ,
1695 3109 1751 3153 et
1791 3099 2098 3154 intellectus
2127 3093 2237 3170 spi-

2347 1902 2455 1958 est,
2491 1892 2656 1945 multo
2711 1893 2878 1960 magis
2925 1891 3161 1944 abundat
3208 1889 3489 1942 ministerium
3517 1887 3681 1956 iutilius

2347 1985 2537 2055 gloria.
2570 1985 2739 2038 Porro
2764 1984 2933 2054 legem
2969 1992 3128 2037 vocat
3162 1991 3361 2036 monent
3402 1989 3442 2033 ct
3471 1981 3676 2031 damnatam

2349 2075 2547 2145 triplici
2581 2077 2645 2130 de
2678 2091 2864 2142 causa,
2890 2077 3016 2145 quia
3051 2075 3198 2146 juxta
3224 2069 3683 2126 litteramintelleruor-ti-

2348 2169 2452 2229 dit,
2486 2167 2614 2236 quia
2648 2168 2943 2236 prohibens
2967 2175 3241 2235 peccatum
3269 2165 3414 2233 magis
3448 2163 3566 2214 irritat
3583 2161 3615 2211 id
3630 2173 3683 2224 ps-

2346 2261 2601 2316 caudum.
2623 2261 2776 2316 Unde
2796 2261 3118 2331 Apostolus:
3143 2257 3536 2322 Concupiscention
3548 2253 3687 2306 male:

2347 2354 2452 2407 nisi
2478 2355 2562 2406 [ex
2590 2353 2787 2406 diceret
2814 2366 2832 2404 :
2859 2349 2983 2406 Non
3011 2351 3324 2414 concupisces
3345 2345 3480 2414 (Rom.
3501 2343 3687 2409 titilletan
3756 2343 3757 2396 l

2348 2447 2467 2500 sine
2527 2446 2902 2500 misericordia
2961 2445 3218 2499 reddebat
3269 2441 3466 2495 animam
3510 2451 3572 2508 pro
3603 2437 3688 2487 nisi.

2346 2537 2703 2609 Evangelium
2729 2553 2859 2592 vero
2884 2546 3045 2592 vocat
3100 2535 3332 2605 spiritum
3361 2540 3404 2586 et
3432 2529 3619 2598 justitiam,
3639 2537 3690 2592 qu
3756 2587 3757 2592 η

2345 2631 2586 2684 viviﬁcat
2614 2637 2668 2684 et
2693 2629 2982 2698 justiﬁcat.
3023 2627 3148 2684 Fuit
3174 2635 3339 2681 autem
3366 2624 3438 2678 lex
3459 2624 3546 2676 dats
3559 2615 3691 2674 luitis:

2344 2725 2527 2796 lapide
2557 2727 2785 2796 scripta,
2823 2725 2876 2780 in
2909 2743 3019 2795 quo
3060 2725 3398 2796 signiﬁcatum
3433 2721 3520 2782 fuit,
3549 2717 3694 2786 quoius
3756 2747 3757 2796 ἡ

2347 2821 2488 2893 lapis
2518 2824 2604 2876 vix
2636 2823 2865 2892 suscipit
2893 2821 3128 2885 litteras,
3168 2830 3220 2874 et
3247 2834 3356 2873 cum
3400 2813 3577 2884 suscipit,
3599 2809 3696 2874 usit

2345 2915 2570 2978 brutas,
2605 2915 2698 2969 sed
2723 2915 2858 2968 tales
2885 2930 2990 2968 non
3025 2914 3096 2968 de
3121 2912 3258 2968 facili
3287 2910 3460 2980 perdit;
3481 2901 3696 2960 italudzieu

2345 3013 2403 3060 et
2428 3005 2651 3075 lapidei,
2693 3005 2946 3076 legalium
2985 3003 3414 3058 caeremoniarum
3453 2991 3695 3053 assueizttatl

2344 3101 2434 3153 vix
2461 3110 2840 3170 susceperunt,
2875 3107 3158 3168 susceptas
3180 3097 3327 3151 brute
3366 3083 3702 3148 tenuerunt!”-

641 3179 862 3237 rltualis
891 3185 1142 3242 interior.
1198 3187 1408 3246 Sensus
1452 3207 1583 3247 vero
1633 3191 1990 3262 superﬁcialis
2043 3193 2238 3249 littera:
2265 3161 2312 3223 ϐ
2347 3190 2476 3257 lem,
2545 3207 2643 3245 nec
2677 3191 2842 3250 etiam
2882 3191 3138 3245 veniente
3194 3185 3469 3258 Evangelia,
3511 3175 3702 3243 demittit!“

640 3275 884 3330 exterior
910 3279 1109 3334 multos
1165 3281 1293 3336 fecit
1330 3299 1537 3349 errare,
1578 3294 1638 3339 ut
1665 3281 1880 3338 Judzcos
1915 3293 1969 3338 et
2020 3275 2239 3339 lucreti-

639 3381 759 3434 cos,
793 3385 898 3424 non
932 3375 1275 3432 attendentes
1305 3392 1372 3432 ex
1394 3393 1503 3448 quo
1526 3393 1713 3443 sensu,
1745 3378 1826 3433 vel
1841 3393 1906 3434 ex
1936 3393 2041 3450 qua
2070 3395 2238 3435 causa

641 3457 854 3516 fuerint
893 3465 1056 3520 verba
1085 3469 1318 3536 prolata,
1346 3471 1440 3524 sed
1473 3469 1602 3540 quid
1649 3475 1891 3526 exterius
1937 3486 2132 3526 sonare
2157 3471 2238 3526 vi-

642 3552 921 3611 derentur.
983 3555 1137 3614 Unde
1182 3567 1238 3615 et
1282 3561 1465 3617 subdit
1524 3580 1539 3617 :
1601 3559 1796 3618 Littera
1843 3563 1986 3618 enim
2020 3559 2233 3630 occidit,

639 3645 862 3715 spiritus
930 3659 1106 3705 autem
1167 3653 1418 3722 siviﬁcat.
1493 3653 1606 3710 Hoc
1657 3665 1774 3720 est,
1832 3655 1975 3726 quod
2050 3647 2235 3710 Domi-

642 3749 748 3792 nus
798 3737 851 3793 in
896 3737 1192 3814 Evangeiio
1215 3745 1293 3798 ait
1344 3761 1358 3801 :
1420 3743 1656 3817 Spiritus
1704 3753 1784 3802 est
1836 3750 1924 3819 qui
1970 3744 2239 3818 oiviﬁcat,’

643 3846 768 3885 raro
797 3842 970 3888 autem
1009 3852 1113 3890 non
1157 3838 1368 3907 prodest
1421 3841 1712 3910 quidquam
1759 3837 1945 3912 (Joan.
1993 3843 2090 3910 vr),
2140 3857 2240 3896 vo-

643 3937 779 3978 cans
815 3940 1034 3980 carnem
1059 3941 1278 3984 sensum
1309 3929 1507 3986 littera:
1542 3933 1901 3998 exteriorem;
1935 3935 2025 4004 qui
2057 3950 2234 4003 quan-

643 4013 821 4086 doque
873 4034 978 4072 uou
1038 4021 1214 4076 solum
1248 4038 1356 4078 non
1391 4025 1632 4094 prodest,
1681 4026 1789 4079 imo
1835 4027 1997 4080 etiam
2053 4035 2234 4083 nocet.

644 4107 839 4164 Omnia
878 4113 1021 4167 enim
1063 4115 1305 4184 ﬁguralia
1353 4115 1567 4173 Veteris
1626 4116 1958 4174 Testamenti
1989 4161 2005 4185 ,
2047 4121 2114 4174 ad
2151 4117 2239 4176 iit-

645 4209 820 4254 teram
853 4211 1058 4258 tantum
1091 4206 1365 4262 intellecta
1393 4251 1408 4276 ,
1441 4207 1619 4264 littera
1649 4212 1936 4268 occcidens
1959 4222 2100 4268 sunt.
2131 4212 2239 4270 Sed

645 4302 699 4348 et
720 4291 886 4348 etiam
921 4295 1032 4366 ipsa
1061 4297 1312 4365 moralia,
1343 4300 1386 4354 si
1420 4303 1539 4370 quis
1563 4318 1727 4371 penes
1756 4322 1819 4360 ea
1849 4305 2240 4373 causamjusti-

647 4386 734 4441 tiae
775 4404 885 4442 sua:
941 4391 1260 4458 constituat,
1311 4391 1490 4447 littera
1541 4395 1796 4451 occidens
1853 4408 2001 4452 sunt.
2051 4398 2154 4452 Sed
2185 4407 2242 4453 et

645 4477 808 4533 etiam
826 4479 1074 4549 quaedam
1103 4480 1154 4534 iu
1189 4479 1340 4538 Novo
1374 4481 1724 4540 Testamento
1759 4489 1823 4541 ad
1854 4487 2091 4542 litteram
2116 4495 2238 4542 ωη-
2269 4521 2318 4578 D

649 4577 757 4624 tttm
777 4570 1045 4626 intellecta
1075 4613 1090 4639 ,
1119 4581 1178 4626 ut
1206 4573 1470 4640 illudzoui
1496 4593 1598 4631 non
1623 4577 1772 4631 habet
1786 4579 2239 4649 gladium,veudat

645 4663 878 4716 tunicam
919 4675 1074 4718 suam
1110 4675 1156 4717 et
1194 4675 1331 4719 emat
1374 4666 1610 4736 gladium
1653 4665 1806 4734 (Luc.
1860 4671 2018 4743 xxii),
2064 4670 2245 4725 littera

645 4755 903 4810 occidens
947 4763 1094 4810 sunt.
1144 4755 1354 4828 Legant
1399 4774 1530 4828 ergo
1561 4769 1615 4814 et
1658 4761 1962 4834 intelligant
2006 4763 2244 4819 ministri

647 4845 780 4902 Novi
821 4847 1155 4905 Testamenti
1216 4865 1399 4906 sacras
1432 4852 1764 4923 Scripturas,
1815 4872 1920 4911 non
1949 4869 2016 4912 ex
2060 4859 2245 4913 sensui

647 4957 809 5010 quem
834 4942 1063 5011 faciunt,
1089 4955 1186 5000 seu
1210 4961 1278 5000 ex
1299 4962 1463 5003 sensu
1485 4961 1552 5001 ex
1577 4964 1685 5017 quo
1709 4949 1868 5011 ﬁunt.
1903 4951 2246 5008 attendentes

651 5050 770 5102 quae
797 5037 1314 5108 historialiter,qu:e
1341 5041 1595 5112 mystice,
1636 5056 1758 5112 quae
1801 5043 2158 5113 tropologice.
2192 5051 2249 5098 et

649 5141 770 5196 quae
821 5132 1114 5201 anagogice
1173 5132 1449 5198 dicantur,
1487 5141 1545 5188 ut
1582 5144 1898 5190 mereantur
1955 5151 2076 5192 esse
2120 5147 2245 5193 cum

647 5219 822 5275 Paulo
855 5222 1030 5279 idonei
1059 5225 1295 5283 ministri
1325 5225 1459 5284 Novi
1499 5227 1866 5296 Testamenli,
1897 5246 2002 5286 non
2041 5231 2244 5297 littera,

649 5315 743 5369 sed
782 5314 998 5383 spiritu.
1022 5317 1078 5371 ln
1105 5334 1234 5388 quo,
1289 5319 1491 5376 fratres
1546 5322 1683 5388 mei,
1732 5322 1931 5393 plango
1980 5325 2245 5394 quosdam

651 5407 822 5464 nostri
851 5409 1083 5478 ordinis,
1128 5413 1242 5482 qui,
1276 5429 1385 5470 non
1445 5414 1619 5471 dicam
1667 5415 2008 5486 spiritualem
2051 5413 2248 5474 intelli-

649 5502 915 5573 gentiam,
940 5505 1034 5560 sed
1059 5520 1161 5561 nec
1186 5507 1351 5563 etiam
1384 5509 1553 5577 ipsam
1583 5509 1782 5566 litterae
1801 5527 2047 5566 crassam
2067 5512 2248 5583 legere

649 5591 872 5662 norunt,
907 5599 1038 5655 caeci
1070 5609 1126 5655 et
1155 5601 1324 5657 duces
1372 5619 1658 5671 caecorum,
1688 5605 1776 5675 qui
1831 5613 1910 5661 tot
1939 5607 2246 5663 animarum

651 5691 726 5744 rei
753 5703 900 5756 sunt,
933 5711 1072 5764 quos
1101 5711 1198 5766 per
1223 5695 1468 5754 stultitia:
1497 5714 1608 5755 sua:
1644 5699 1944 5757 caecitatem
1983 5701 2034 5757 in
2063 5702 2246 5774 perdi-

654 5778 852 5837 tionem
885 5785 1122 5844 trahunt.

2167 5867 2215 5904 ά

2343 3284 2653 3338 voluerunt.
2681 3281 2835 3339 Uudc
2867 3283 3009 3337 idem
3039 3281 3326 3352 Apostolus
3356 3297 3368 3332 :
3399 3264 3704 3342 Sedssqstdti’i‘i

2344 3377 2523 3440 hodie,
2552 3393 2668 3431 cum
2710 3377 2904 3448 legitur
2935 3375 3169 3448 Moyses,
3210 3376 3416 3428 celantes
3464 3378 3521 3422 est
3545 3359 3706 3418 suum

2343 3485 2528 3522 eorum
2566 3463 2618 3540 (ι
2668 3469 2792 3523 Cor.
2843 3470 2949 3540 ιιι).
2986 3465 3105 3524 Hoc
3156 3480 3326 3522 tamen
3351 3465 3494 3520 velum
3540 3455 3709 3526 in

2346 3559 2556 3616 Christi
2585 3561 2816 3616 scissura
2848 3569 2932 3616 est
2963 3561 3226 3631 apostolis
3248 3568 3301 3614 et
3331 3544 3711 3622 eaterisspiritulai1

2345 3653 2503 3708 viris.
2534 3651 2651 3706 Non
2677 3663 2860 3706 autem
2886 3653 3066 3709 solum
3096 3651 3436 3709 ministerium
3469 3639 3713 3712 Evangelii?!“

2345 3743 2492 3799 cellit
2537 3745 2845 3800 ministerio
2877 3745 3032 3816 legis,
3086 3747 3178 3801 sed
3209 3746 3360 3800 etiam
3397 3739 3479 3813 ipsi
3509 3729 3712 3792 άοειοτθεςδ
3756 3729 3757 3790 l

2347 3836 2450 3906 ipsi
2480 3849 2833 3896 exsecutores
2859 3835 3143 3908 Evangelii
3201 3835 3479 3909 prmcellunt
3501 3821 3714 3910 doctoribu

2347 3929 2764 3985 exsecutoribus
2788 3930 2943 4002 legis.
2970 3929 3088 3986 Nec
3112 3931 3264 3998 illud,
3285 3929 3456 3982 fratres
3475 3915 3715 3984 mendum“

2346 4021 2567 4090 quidam
2602 4021 2864 4076 doctores
2914 4031 2970 4077 et
2999 4030 3348 4077 exsecutores
3394 4018 3518 4087 legis.
3555 4003 3716 4080 quinti“

2347 4113 2664 4170 doctoribus
2715 4123 2771 4170 et
2819 4117 3240 4171 exsecutoribus
3300 4106 3534 4180 Evangelii
3567 4093 3716 4173 ρδτέίίέί

2347 4208 2430 4263 vel
2463 4209 2626 4264 etiam
2663 4210 2982 4280 pr:ecellere
3018 4211 3320 4279 potuerint,
3370 4207 3488 4259 sicut
3524 4183 3720 4281 quitur?r

2347 4302 2470 4356 εοηί
2501 4303 2825 4372 (ιυῑὺυειιαω
2875 4303 3277 4366 sacerdotibus,
3335 4297 3418 4352 sed
3440 4295 3485 4349 in
3513 4285 3720 4362 genius?

2349 4397 2502 4450 sterii
2536 4407 2589 4451 et
2643 4397 2721 4451 rei
2772 4397 3098 4451 ministrata:
3146 4391 3446 4451 excellentia
3491 4377 3717 4440 ἀοίνουςωὲ

2347 4485 2568 4542 Gratias
2596 4487 2779 4555 itaque
2801 4503 3049 4558 agamus,
3068 4486 3295 4548 fratres,
3344 4472 3617 4536 DominoDso

2353 4580 2447 4651 qui
2479 4581 2856 4636 excellentiam
2884 4583 3216 4652 evangelica:
3243 4578 3504 4636 doctrinm,
3529 4563 3726 4625 ηοδίιιειί

2353 4683 2600 4729 extrema
2626 4684 2789 4729 aetate
2811 4675 3046 4730 vivimus
3093 4675 3264 4738 dedit,
3294 4677 3488 4726 orantes
3528 4673 3610 4714 eum
3628 4659 3658 4704 πί
3683 4653 3724 4710 il“

2354 4766 2510 4821 nobis
2540 4767 3008 4836 qualibuscunque
3040 4765 3355 4822 doctoribus
3399 4751 3648 4826 Εηηῖεῖίπθ

2353 4869 2440 4916 cte
2489 4861 2786 4931 intelligere
2837 4869 2892 4915 et
2926 4835 3160 4916 utiliter
3211 4861 3398 4915 docere
3442 4847 3638 4908 concedat.

2360 4969 2580 5024 quoque
2613 4927 2961 5009 auditoribus
2987 4953 3129 5010 bene
3148 4953 3339 5008 audire
3359 4959 3408 5005 et
3419 4927 3732 5004 retinertirmu

2353 5054 2465 5101 tam
2524 5046 2683 5103 nobis
2733 5063 2861 5103 vero
2909 5063 3074 5118 quam
3131 5045 3289 5102 vobis
3333 5086 3350 5113 ,
3409 5037 3620 5097 moribus.
3653 5027 3730 5118 οἷσί

2352 5143 2456 5199 bus
2500 5151 2556 5199 et
2615 5143 2724 5197 vita
2801 5115 2945 5197 illud
3003 5143 3312 5214 adimplere
3361 5137 3564 5194 tribuli.
3607 5115 3732 5214 imagis

2307 5267 2309 5270 ‹
2353 5242 2410 5290 et
2448 5235 2501 5289 in
2530 5235 2782 5306 prasenti
2809 5236 2914 5290 vita
2943 5203 3265 5306 justilicari,
3290 5242 3343 5292 et
3367 5233 3416 5287 in
3436 5227 3573 5284 lutuﬂ
3590 5203 3730 5306 ιιοτξίίῗ

2351 5344 2664 5384 mereamur
2696 5343 2794 5400 per
2839 5327 3128 5385 Dominum
3172 5339 3416 5385 nostrum
3441 5323 3582 5378 .lesum

2351 5417 2548 5477 Filium
2575 5419 2669 5478 Dei
2697 5397 2788 5492 qui
2826 5425 2879 5478 in
2909 5421 3184 5480 Trinitate
3238 5420 3463 5494 perfecta
3487 5397 3726 5466 viriuiri”

2351 5513 2517 5571 Deus.
2555 5515 2747 5571 Amen.

2887 5603 3173 5666 HOMILlA
3213 5606 3404 5665 XXVII

2559 5717 2812 5756 DOMINICA
2850 5717 3158 5758 DUODECIIA
3203 5719 3334 5758 POS‘I‘
3374 5700 3641 5757 τιιιιιτιιῑιι

2421 5793 2680 5864 Egressus
2709 5795 2866 5852 Iesus
2892 5798 2958 5854 de
2994 5798 3199 5865 ﬁnibus
3237 5795 3382 5864 Tyri.
3410 5779 3650 5850 ιιιιίῑιιηᾶ·
3699 5775 3728 5810 ⁸³

373 6245 3758 6434 _
