3910 7336
91 279 225 336 $037
801 293 1110 361 HOMILIE
1138 302 1205 361 iN
1241 306 1461 369 EPIST.
1496 313 1586 371 ET
1620 317 1627 375 i

1735 317 1876 381 1N6.
1924 322 2223 391 DOMINIC.
2261 362 2275 375 σ
2324 360 2335 371 ~

91 397 158 453 ad
206 412 349 453 mare
421 398 678 471 Galiltete,
727 410 868 469 inter
924 418 1119 473 medios
1164 422 1299 491 fines

88 579 413 654 charissimi,
454 586 607 659 juxta
632 591 867 654 litteram
897 602 1135 675 quinque
1158 610 1313 666 nobis
1343 628 1658 689 proponun-

88 680 215 728 tur:
264 674 580 739 Sollicitudo
632 687 868 758 Domini,
929 674 1146 755 miseria
1195 674 1359 761 surdi
1389 674 1459 764 et.
1497 715 1655 786 muti,

83 767 382 836 rogantium
411 772 672 847 charitas,
706 781 877 842 virtus
906 786 1115 848 Domini
1156 800 1417 865 curantis,
1445 813 1502 861 et
1528 767 1657 864 con:

80 860 163 910 ιη
211 862 523 922 mandatum
587 869 881 947 divulgatio
928 881 1196 942 miraculi.
1255 860 1439 952 Primo
1493 896 1657 971 igitur

75 945 380 1011 sollicitudo
411 955 643 1030 Domini,
689 945 851 1038 quam
900 971 1067 1031 habet
1095 994 1198 1051 pro
1220 983 1392 1042 salute
1433 945 1652 1049 humani

75 1042 285 1110 generis
307 1046 710 1113 demonstratur
742 1076 757 1115 :
786 1077 908 1118 cum
932 1066 1135 1126 dicitur
1159 1090 1173 1127 :
1202 1071 1462 1146 Egressus
1493 1082 1652 1143 Jesus

71 1133 135 1186 de
163 1132 359 1202 ﬁnibus
395 1139 541 1215 Tyri,
569 1154 673 1204 etc.
704 1150 951 1224 Magnam
988 1162 1189 1235 quippe
1230 1132 1648 1233 sollicitudine;

69 1224 136 1279 de
163 1227 340 1285 solute
391 1232 669 1296 hominum
715 1244 965 1317 habebat,
1002 1224 1333 1328 qui-terras,
1389 1266 1552 1324 urbes
1591 1282 1648 1327 et

64 1323 270 1382 castra,
299 1319 352 1375 in
400 1327 596 1394 quibus
619 1347 678 1387 se
727 1347 956 1397 noverat
978 1319 1249 1416 aliquibus
1277 1319 1646 1422 profecturum

57 1411 406 1480 peragrabat.
437 1416 607 1486 Quem
661 1440 759 1483 nos
811 1411 1106 1504 imitantes,
1160 1411 1487 1516 charissimi,
1535 1465 1644 1506 non

55 1515 440 1575 exspectemus
492 1523 553 1570 ut
593 1533 924 1593 quaeramur,
956 1531 1051 1584 sed
1097 1532 1261 1590 etiam
1294 1537 1393 1609 ipsi
1425 1556 1641 1611 quaera-

57 1608 174 1652 mus
231 1601 428 1670 quibus
456 1608 823 1675 proficiamus.
856 1616 1110 1680 Secundo
1136 1640 1264 1683 vero
1299 1631 1514 1690 miseria
1546 1651 1643 1693 cu-

58 1688 210 1744 randi
237 1693 567 1755 describitur
588 1718 709 1760 cum
732 1710 931 1767 surdus
955 1722 1009 1769 et
1031 1725 1212 1775 mutus
1236 1732 1481 1781 vocatur.
1501 1725 1639 1785 Mal;

53 1786 164 1836 tum
200 1786 405 1858 quippe
436 1792 602 1852 miser
627 1808 768 1868 erat,
799 1804 891 1874 qui
944 1809 1143 1865 surdus
1175 1813 1334 1869 simul
1385 1826 1439 1872 et
1465 1832 1648 1881 mutus
1678 1797 1728 1867 δ

53 1884 189 1931 erat.
225 1878 331 1948 Qui
358 1885 502 1942 enim
555 1902 735 1950 mutus
762 1906 869 1965 est,
922 1917 1023 1958 nec
1049 1919 1205 1962 suam
1243 1910 1518 1971 miseriam
1551 1919 1643 1975 alii

51 1962 319 2038 indicare,
362 1991 461 2032 nec
482 1982 794 2055 consilium,
824 2004 928 2046 nec
951 1995 1212 2052 auxilium
1263 2011 1438 2071 potest
1463 2020 1647 2078 postu-

51 2054 158 2078 I___
214 2061 259 2078 Α
307 2064 319 2078 ⁸
632 2077 641 2078 ί

782 2054 785 2055 ,
1263 2054 1437 2071 l’""'
1463 2054 1639 2078 Γ“’Ἷ’“⁴¹⁷

48 2054 182 2115 lare.
211 2061 320 2131 Qui
350 2082 480 2125 vero
516 2077 723 2133 surdus’
740 2091 846 2148 est,
876 2085 1163 2144 consilium
1185 2092 1375 2151 salutis
1406 2113 1517 2155 sua;
1544 2118 1645 2159 au-

47 2146 165 2205 dire
188 2168 304 2208 non
332 2167 532 2227 potest.
569 2164 793 2224 Multum
822 2146 977 2247 ergo,
1001 2175 1219 2248 fratres,
1255 2185 1422 2242 miser
1449 2200 1503 2245 et
1532 2194 1639 2250 mi-

44 2240 302 2301 serabilis
345 2260 483 2318 erat,
525 2258 615 2326 qui
670 2275 781 2316 suae
812 2265 1043 2324 miseriae
1083 2286 1244 2342 opem
1284 2294 1383 2335 nec
1423 2292 1639 2357 petere,

42 2344 146 2388 nec
174 2335 371 2406 etiam,
400 2342 445 2397 si
469 2344 711 2417 daretur,
731 2363 940 2423 poterat
965 2335 1154 2420 audire
1181 2384 1195 2420 :
1222 2366 1347 2425 inde
1378 2335 1460 2427 est
1495 2335 1640 2447 quod

44 2432 331 2481 mutorum
378 2441 433 2485 et
465 2438 752 2495 surdorum
803 2446 1036 2505 miseriae
1065 2454 1238 2527 magis
1271 2432 1637 2523 miserandum

39 2525 141 2569 est.
169 2515 374 2577 Cieteri
410 2525 553 2580 enim
589 2529 795 2602 miseri,
843 2540 944 2595 etsi
1006 2515 1257 2617 magnam
1289 2551 1489 2610 habent
1534 2561 1639 2613 mi-

39 2607 276 2675 seriam,
326 2620 508 2672 tamen
539 2618 684 2675 illam
716 2639 944 2694 possunt
984 2635 1357 2708 manifestare,
1391 2649 1634 2704 et‘auxi-

37 2694 169 2752 lium
205 2704 504 2771 postulare.
552 2711 760 2773 Surdus
791 2735 922 2778 vero
948 2733 1003 2781 et
1040 2738 1243 2797 mutus,
1293 2747 1499 2806 quanto
1548 2753 1636 2799 est

38 2788 429 2862 insensibilior,
469 2809 618 2860 tanto
643 2816 727 2864 est
757 2815 1141 2875 miserabilior.
1159 2822 1453 2898 Propterea
1484 2847 1636 2888 com-

37 2882 251 2950 patitur
281 2888 329 2941 ei
359 2889 596 2951 charitas
627 2899 948 2961 miserorum
998 2906 1300 2984 hominum,
1334 2916 1425 2991 qui
1455 2924 1628 2979 addu-

36 2983 170 3030 cunt
200 2991 326 3033 eum
380 2983 449 3038 ad
474 2982 678 3056 Iesum,
713 3003 769 3049 et
797 2998 941 3068 quod
985 3000 1072 3058 ille
1121 3022 1228 3062 non
1268 2982 1500 3081 poterat,
1530 3033 1632 3087 pro

33 3082 101 3122 eo
126 3082 347 3142 rogant.
369 3075 627 3138 Poterant
653 3088 871 3157 quidem
902 3106 1024 3150 emn
1057 3113 1160 3154 non
1214 3075 1504 3177 adducere,
1530 3075 1627 3168 sed

30 3162 251 3218 tantum
295 3180 394 3236 pro
439 3184 506 3228 eo
536 3190 743 3248 rogare,
772 3184 866 3237 sed
898 3184 1018 3243 ideo
1048 3205 1169 3246 eum
1218 3198 1512 3266 adducunt,
1571 3214 1630 3262 ut

32 3252 334 3310 manifesta
380 3275 723 3337 praesensque
759 3274 972 3331 miseria
1019 3283 1192 3352 magis
1216 3298 1428 3346 moveat
1455 3293 1626 3351 Deum

27 3343 97 3398 ad
159 3344 555 3412 miserendum.
602 3358 728 3417 Inde
772 3380 987 3439 quoque
1037 3343 1293 3443 majorem
1343 3343 1629 3444 suam‘de-

22 3446 349 3497 monstrant
400 3446 742 3523 charitatem,
773 3470 895 3513 cum
929 3477 1028 3531 pro
1070 3467 1271 3526 misero
1310 3486 1414 3529 non
1448 3477 1623 3535 solum

17 3538 245 3601 rogant,
270 3535 373 3589 sed
420 3532 584 3596 etiam
619 3543 795 3615 ipsum
827 3546 1102 3611 adducunt
1144 3567 1197 3613 et
1223 3560 1623 3628 demonstrant.

17 3619 179 3689 Quod
207 3633 297 3680 est
329 3637 522 3688 contra
572 3639 833 3705 quosdam
861 3644 1028 3703 duros
1058 3656 1111 3705 et
1140 3652 1620 3732 immisericordes,

15 3714 114 3786 qui
164 3715 437 3778 fraternas
472 3727 707 3787 miseria:
733 3740 966 3807 compati
995 3743 1262 3813 nesciunt,
1318 3750 1426 3807 imo
1453 3714 1620 3826 (quod

15 3808 177 3879 pejus
201 3816 314 3883 est)
354 3815 602 3876 derident
626 3832 681 3878 et
708 3826 1036 3889 maledicunt
1055 3808 1394 3913 surdo,vquia
1427 3808 1620 3907 audire

14 3912 126 3956 non
153 3913 433 3975 potest,et
467 3910 848 3976 odendlculum
869 3934 1077 3994 ponunt
1101 3944 1265 3999 caeco,
1284 3910 1418 4007 quia
1435 3939 1620 4000 videre

16 4006 125 4050 non
158 4006 369 4068 potest,
384 4018 505 4060 cum
527 4005 739 4082 Moyses
766 4013 951 4072 dicat:
980 4017 1104 4076 Non
1132 4005 1410 4096 maledices
1430 4033 1617 4103 surda,

17 4101 112 4141 nec
140 4104 329 4147 eorum
358 4110 495 4152 caeco
517 4116 678 4171 pones
710 4106 1087 4176 oﬂ'endiculum
1117 4114 1304 4189 (Leuit.
1338 4123 1474 4196 xix).
1513 4101 1620 4185 Nos

14 4194 171 4253 ergo,
227 4183 455 4257 fratres,
501 4207 717 4251 omnem
746 4200 1025 4270 duritiam,
1068 4222 1285 4267 omnem
1351 4229 1617 4276 exuamus

14 4272 504 4348 inhumanitatem,
536 4294 593 4343 et
620 4289 892 4352 discamus
936 4298 1136 4358 habere
1159 4305 1373 4364 viscera
1404 4314 1616 4370 miseri-

13 4365 216 4423 cordiae
245 4384 417 4440 super
449 4389 646 4444 egenos
686 4392 742 4439 et
784 4385 1035 4456 aliiictos,
1082 4400 1137 4447 et
1183 4396 1263 4453 eis
1313 4413 1412 4468 pro
1452 4417 1614 4472 posse

13 4470 201 4515 nostro
250 4462 571 4534 subvenire,

13 4564 174 4618 quam
224 4554 527 4614 habuimus
556 4571 647 4615 aut
706 4564 906 4625 habere
945 4586 1255 4646 possumus,
1306 4579 1611 4654 lugeamus,

13 4643 321 4703 imitatores
361 4647 460 4705 Dei
488 4657 540 4706 et
568 4650 778 4710 Domini
809 4662 998 4729 nostri,
1028 4666 1120 4736 qui
1153 4684 1260 4725 non
1311 4674 1486 4731 solum
1518 4693 1611 4734 su-

13 4748 105 4803 per
145 4736 357 4808 justos,
386 4740 483 4797 sed
510 4744 675 4801 etiam
702 4762 866 4820 super
889 4751 1119 4823 iniustos
1168 4762 1476 4823 misericors
1504 4777 1609 4827 est.

13 4824 161 4885 Unde
188 4840 245 4885 et
275 4832 372 4887 hic
398 4847 505 4888 non
551 4837 725 4891 solum
763 4839 830 4894 ad
858 4842 1133 4903 miseriam
1178 4857 1311 4911 muti
1344 4865 1400 4911 et
1429 4860 1605 4931 surdi,

13 4923 94 4976 sed
119 4925 293 4980 etiam
334 4926 406 4982 ad
456 4930 828 4991 miserantium
857 4953 1075 5009 precem
1116 4944 1318 5013 pietate
1368 4965 1609 5008 commo-

13 5025 180 5072 retur.
218 5017 385 5076 Unde
432 5028 488 5077 et
526 5025 819 5084 subditur:
849 5029 1165 5091 Eteducens
1203 5054 1321 5094 eum
1351 5042 1601 5099 deturba

13 5125 263 5168 seorsum.
319 5112 645 5174 Ostenditur
676 5131 859 5178 autem
892 5137 1088 5197 quarto
1116 5128 1238 5186 loco
1288 5131 1459 5191 virtus
1493 5135 1605 5191 Doo

14 5202 132 5261 nini
166 5206 224 5261 in
261 5205 471 5278 tribus,
498 5209 553 5267 in
586 5212 857 5283 doctrina,
884 5217 937 5273 in
971 5218 1292 5290 humilitate,
1324 5225 1376 5280 in
1406 5238 1603 5298 poten-

18 5295 95 5360 ia,
126 5297 186 5353 In
220 5298 482 5357 doctrina
511 5317 634 5359 cum
671 5305 869 5363 dicitur
913 5324 931 5365 :
985 5309 1055 5364 Et
1106 5312 1331 5369 educens
1357 5295 1477 5371 eum
1537 5320 1603 5377 de

14 5391 151 5447 urbe
172 5408 445 5450 seorsum.
479 5392 579 5452 Hic
596 5398 740 5454 enim
772 5401 1020 5475 exemplo
1060 5403 1143 5460 sui
1186 5419 1285 5461 nos
1332 5408 1507 5477 docet,
1540 5420 1599 5467 ut

13 5503 116 5542 tum
140 5488 410 5545 volumus
433 5487 611 5544 facere
638 5494 1063 5553 misericordiam
1087 5506 1142 5554 et
1169 5497 1596 5577 eleeinosynam,

15 5582 215 5639 urbam
238 5592 300 5641 et
321 5583 685 5655 frequentiam
718 5590 994 5649 hominum
1038 5596 1332 5669 fugiamus,
1357 5608 1416 5653 ut
1456 5601 1596 5657 elec-

1347 425 1663 500 θεοπροίιοε
1690 438 1741 499 Α
1767 453 1910 497 nus:
1937 441 2070 500 Cum
2101 448 2257 519 facis,
2286 450 2479 523 inquit,
2511 456 2910 533 eleemosynem,
2944 469 3053 528 noli
3089 475 3231 553 tuba‘
3255 497 3346 536 ea-

1347 536 1410 553 nn
1462 521 1658 553 (mu---
1767 547 1886 553 ..μη
1924 551 1935 553 -
1989 545 2003 553 .
2067 546 2080 553 -
2168 542 2180 552 .
2260 551 2267 553 ξ
2318 545 2331 553 .
2512 549 2522 553 -
2640 551 2651 553 _

90 485 278 558 (Mare.
307 491 424 563 vn).
449 490 509 551 in
538 495 641 555 hac
662 505 837 561 sancti
873 485 1430 588 Evangelii'iectione,
1460 485 1660 586 fiatres
1762 547 1887 588 nere
1910 545 2031 591 ante

2061 546 2111 593 te
2131 542 2270 596 sicut
2308 545 2595 617 hypocrita:
2621 551 2825 621 faciunt
2849 558 2905 617 in
2928 562 3053 621 eicis
3073 542 3127 623 et
3148 568 3205 624 in
3227 571 3346 639 plut

1762 626 1878 680 teis.
1908 624 1979 682 Te
2024 642 2199 688 autem
2228 634 2453 706 faciente
2474 640 2876 717 eleemosynam,
2900 657 3092 713 nesciat
3124 624 3344 723 sinistra

1760 727 1854 773 tua
1904 722 2033 792 quid
2076 723 2242 795 faciat
2272 729 2489 788 dextera
2533 742 2648 806 tua,
2678 746 2732 795 et
2756 740 2920 801 Pater
2948 756 3068 804 tuus
3091 753 3185 822 qui
3206 757 3345 815 uidet

1759 809 1817 865 in
1844 812 2168 887 abscondito,
2215 822 2392 880 reddet
2431 826 2527 883 tibi
2556 828 2775 902 (Matth.
2809 837 2908 910 vt).
2952 839 3019 896 Et
3042 809 3171 903 alibi
3199 809 3221 905 :7

1756 905 1992 960 scandite
2019 908 2396 984 eleemosgnum
2432 918 2488 972 in
2527 922 2647 978 sinu
2682 905 2950 998 pauperis,
2987 943 3039 988 et
3068 937 3184 1006 ipsa
3225 952 3344 999 orat

1750 1008 1853 1064 pro
1893 999 2037 1054 vobis
2063 1002 2132 1056 ad
2161 1002 2444 1065 Dominum
2490 1010 2680 1083 (Eccli.
2716 1020 2895 1091 xxix).
2922 1022 2982 1079 In
3038 999 3345 1089 humilitate

1754 1092 2062 1149 ostenditur
2089 1095 2259 1155 virtus
2293 1099 2525 1172 Domini,
2566 1120 2689 1163 cum
2744 1111 2995 1170 subditur
3023 1134 3037 1170 :
3070 1116 3218 1175 Misit
3251 1123 3336 1177 di-

1751 1180 1889 1249 gitos
1913 1197 2036 1239 suos
2065 1186 2119 1241 in
2141 1190 2409 1247 auriculas
2434 1195 2571 1264 eius,
2598 1206 2649 1253 et
2669 1215 2898 1272 expuens
2917 1208 3084 1278 tetigit
3105 1209 3343 1283 linguam

1750 1269 1888 1340 ejus.
1914 1273 2054 1331 Ecce
2079 1293 2269 1349 magna
2294 1283 2570 1343 humilitas
2600 1269 2931 1366 Domini,qui
2956 1269 3084 1356 su'os
3106 1269 3327 1360 sanctos

1750 1359 1946 1428 digitos
1978 1363 2030 1418 in
2053 1382 2212 1425 aures
2240 1374 2388 1429 surdi
2444 1374 2745 1440 fecuientas
2767 1359 3000 1455 mit-lere,
3034 1399 3087 1446 et
3115 1391 3343 1450 immun-

1751 1452 1873 1537 dam
1905 1457 2036 1510 muti
2072 1457 2309 1530 linguam
2361 1480 2483 1525 cum
2524 1484 2622 1525 sua
2658 1487 2844 1532 sancta
2886 1479 3054 1535 saliva
3083 1489 3322 1556 tangere,

1749 1561 1872 1602 cum
1898 1548 2014 1605 solo
2037 1553 2201 1609 verbo
2226 1556 2454 1616 salutem
2483 1564 2738 1625 conferre
2768 1582 2973 1642 posset,
2999 1591 3106 1632 non
3133 1551 3345 1649 πνοι-⁸

1748 1650 1932 1699 natur.
1977 1643 2036 1699 In
2078 1663 2188 1718 quo
2218 1650 2306 1707 dat
2350 1655 2508 1712 nobis
2533 1663 2864 1735 exemplum,
2914 1678 2976 1726 ut
3006 1671 3054 1727 si
3103 1643 3221 1743 ipse
3243 1689 3318 1746 qu

1755 1729 1872 1803 ipsa
1906 1736 2172 1793 munditia
2201 1749 2255 1796 et
2284 1746 2548 1801 sanctitas
2574 1729 3079 1821 esu-immunditias
3103 1729 3157 1818 et
3184 1729 3339 1821 infir-

1756 1825 1979 1883 mitates
2017 1824 2296 1891 hominum
2325 1852 2433 1893 non
2465 1839 2767 1910 abhorruit,
2800 1846 2911 1903 imo
2937 1851 3024 1920 pie
3064 1856 3338 1923 tractavit.

1750 1916 2020 1987 praecipue
2060 1920 2222 1978 homo
2253 1925 2525 1992 homines.
2572 1934 2771 1989 vermis
2822 1950 3063 2006 vermes,
3106 1944 3337 2011 putredo

1750 2007 2063 2077 putredines
2117 2028 2222 2068 non
2294 2016 2587 2075 abhorreat
2636 2032 2963 2083 attrectare.
3016 2007 3228 2089 Rursus
3280 2034 3336 2091 in

1750 2096 1995 2153 doctrina
2045 2100 2219 2157 virtus
2272 2105 2482 2165 Domini
2516 2112 2844 2180 ostenditur,
2879 2130 3003 2174 cum
3050 2125 3337 2191 suspiciens

1747 2187 1807 2242 in
1840 2190 2025 2246 uelum
2054 2193 2331 2265 ingemuit.
2360 2198 2416 2254 in
2440 2215 2549 2271 quo
2576 2218 2674 2259 nos
2702 2205 2937 2273 instruit,
2973 2207 3173 2267 fratres
3200 2215 3327 2281 mei,

1753 2292 1815 2337 ut
1842 2286 2069 2353 oraturi,
2104 2288 2219 2344 sive
2260 2291 2691 2353 misericordiam
2715 2300 2795 2356 vel
2822 2301 3038 2372 aliquod
3068 2304 3213 2363 aliud
3239 2306 3334 2365 bo-

1747 2388 1876 2429 num
1926 2374 2142 2443 facturi,
2176 2396 2392 2453 semper
2426 2386 2478 2442 in
2521 2389 2717 2445 coelum
2747 2395 2916 2465 magis
2954 2406 3136 2455 mente
3170 2413 3333 2470 quam

1745 2468 1918 2525 oculis
1961 2473 2341 2544 suspiciamus,
2386 2476 2539 2549 juxta
2582 2482 2709 2539 illud
2761 2485 3045 2557 Prophette
3080 2468 3314 2549 πιέειαυί

1745 2558 1923 2613 oculos
1958 2578 2096 2618 meos
2148 2567 2201 2620 in
2252 2579 2472 2637 montes,
2513 2574 2636 2629 inde
2656 2578 2823 2635 ueniet
2882 2582 3146 2640 auxilium
3201 2585 3332 2640 mihi

1744 2642 1918 2719 (Psal.
1943 2655 2092 2725 cxx),
2138 2654 2245 2712 Deo
2281 2671 2474 2715 cuncta
2503 2666 2888 2733 attribuentes,
2913 2671 2982 2727 de
3021 2686 3088 2729 eo
3108 2683 3163 2729 et
3184 2675 3238 2733 in
3265 2690 3333 2732 eo

1740 2747 1914 2797 totum
1944 2756 2247 2816 sperantes,
2283 2748 2349 2804 de
2389 2755 2541 2809 nobis
2566 2771 2696 2813 vero
2738 2768 2790 2815 et
2823 2762 2875 2818 in
2915 2762 3072 2821 nobis
3102 2764 3333 2837 ingemi-

1742 2843 1974 2902 scentes,
1999 2837 2090 2907 qui
2117 2853 2181 2894 ex
2209 2840 2360 2895 nobis
2393 2843 2523 2898 nihil
2555 2863 2841 2917 possumus
2864 2852 3014 2910 boni.

1810 2922 1868 2982 ln
1896 2931 2134 2998 potentia
2164 2932 2565 2994 demonstratur
2585 2941 2757 2999 virtus
2809 2943 3046 3014 Domini,
3077 2963 3199 3005 cum
3247 2950 3315 3007 ad

1738 3014 1855 3089 ejus
1881 3018 2166 3092 imperium
2194 3022 2360 3080 surdo
2381 3038 2434 3083 et
2459 3044 2604 3085 circo
2633 3048 2762 3089 usus
2800 3037 3055 3094 audiendi
3087 3040 3320 3095 donatur

1735 3119 1792 3163 ot
1816 3108 2087 3182 loquendi,
2110 3131 2233 3171 cum
2258 3116 2427 3174 dixit:
2456 3116 2749 3192 Ephpheta,
2774 3128 2914 3198 quod
2928 3140 3001 3184 est
3028 3130 3326 3201 adaperire.

1736 3200 1879 3258 Nam
1915 3202 2005 3281 [et]
2029 3211 2208 3264 statim
2259 3225 2454 3284 aperta:
2507 3226 2627 3271 sunt
2654 3234 2809 3272 aures
2835 3219 2972 3289 ejus,
3005 3231 3053 3275 et
3092 3222 3323 3279 solutum

1733 3307 1810 3350 est
1840 3298 2098 3355 uinculum
2132 3302 2325 3375 lingua:
2346 3307 2485 3377 ejus,
2528 3320 2574 3366 et
2597 3308 2905 3380 loquebatur
2929 3323 3084 3369 recte.
3116 3316 3172 3371 lu
3211 3331 3320 3388 quo

1733 3388 2072 3448 demonstrat
2118 3393 2378 3454 Dominus
2423 3415 2481 3457 se
2506 3414 2628 3457 esse
2655 3401 2805 3457 illum
2830 3405 3080 3461 eumdem
3132 3408 3221 3478 qui
3268 3410 3321 3467 in

1733 3483 2002 3555 principio
2029 3493 2237 3543 tantum
2259 3488 2396 3547 dixit
2418 3501 2472 3547 et
2488 3492 2627 3550 facta
2650 3503 2776 3551 sunt
2794 3496 3071 3555 universa.
3093 3500 3319 3570 Quinto,

1731 3585 1921 3631 contra
1947 3579 2279 3648 mandatum,
2296 3582 2589 3657 divulgatio
2610 3587 2858 3643 miraculi
2887 3590 3321 3659 demonstratur,

1729 3686 1854 3727 cum
1881 3672 2128 3730 subditur
2163 3691 2176 3729 :
2222 3673 2289 3731 Et
2316 3681 2561 3750 pracepit
2592 3682 2667 3737 eis
2710 3698 2774 3738 ue
2801 3682 2888 3736 cui
2912 3699 3034 3754 quae
3059 3686 3320 3744 vidissent

1730 3773 2030 3830 narrarent,
2052 3773 2159 3822 etc.
2189 3762 2295 3822 Sed
2320 3781 2508 3839 quare,
2558 3766 2756 3826 fratres
2784 3772 2915 3839 mei,
2945 3766 3206 3833 Dominus
3252 3793 3316 3835 ea

1730 3869 1851 3925 quae
1911 3852 2120 3912 fecerat
2188 3859 2463 3929 prohibuit
2520 3853 2809 3919 enarrari?
2855 3864 2926 3919 ad
2979 3868 3312 3939 exemplum.

1726 3936 2045 4019 Exemplum
2075 3950 2273 4023 quippe
2296 3953 2529 4023 praebuit
2548 3956 2705 4013 novis
2728 3972 2926 4014 vanam
2952 3936 3179 4032 gloriam
3197 3963 3318 4018 evi-

1727 4039 1899 4109 tandi,
1930 4050 1990 4097 ut
2011 4042 2260 4100 similiter
2284 4061 2382 4101 nos
2406 4048 2621 4117 quando
2674 4048 2905 4108 facimus
2948 4052 3040 4109 alii
3094 4055 3311 4115 miseri-

1725 4134 1993 4203 cordiam,
2019 4135 2088 4192 ab
2133 4152 2198 4194 eo
2222 4141 2392 4196 nostri
2420 4142 2603 4213 operis
2633 4143 2912 4217 exigamus
2967 4147 3311 4207 taciturnita-

1724 4232 1857 4292 tem,
1886 4242 1955 4283 ne
1984 4228 2188 4286 scilicet
2216 4231 2343 4289 illud
2370 4244 2685 4308 corrumpat
2711 4251 2845 4294 aura
2874 4239 3170 4310 popularis,
3211 4243 3308 4300 sed

1722 4318 1797 4374 sit
1827 4327 1975 4378 tanto
2005 4321 2115 4379 Deo
2144 4326 2314 4398 magis
2340 4337 2786 4401 gratum,quanto
2813 4335 2985 4404 magis
3005 4334 3303 4392 occultum.

1721 4408 1877 4477 Quod
1919 4427 2050 4469 vero
2080 4412 2153 4469 illi
2184 4430 2248 4471 eo
2275 4418 2448 4490 magis
2480 4420 2822 4477 mirabantur
2859 4432 2913 4478 et
2942 4422 3306 4495 loquebantur

2365 4473 2396 4490 _
2434 4473 2441 4475 .
2865 4473 2910 4478 --
2942 4473 3296 4495 --τμη---ηπ

619 4480 674 4525 et
708 4473 763 4528 in
815 4474 990 4535 aliena
1044 4484 1285 4555 miseria,
1345 4502 1614 4563 nostram,
1641 4492 1697 4555 Ι)
1723 4502 1986 4570 dicentes,
2034 4500 2178 4561 Bene
2206 4512 2385 4564 omnia
2416 4511 2561 4580 fecit,
2595 4524 2704 4570 etc.
2749 4513 2990 4573 Ostendit
3023 4517 3169 4573 illam
3193 4519 3305 4574 vir-

1720 4600 1892 4649 tutem
1926 4597 2097 4669 magis
2118 4612 2237 4652 esse
2262 4599 2566 4655 mirabilem
2595 4617 2715 4672 quae
2742 4602 2909 4661 latere
2936 4608 3150 4677 quatit,
3175 4622 3301 4665 cum

1717 4684 1888 4741 latere
1913 4704 2016 4743 non
2048 4691 2236 4761 possit.
2261 4688 2447 4746 Gloria
2490 4692 2633 4747 enim
2663 4694 2746 4749 sui
2772 4698 3103 4766 appetitores
3132 4697 3296 4772 fugit,

1715 4785 1773 4833 et
1799 4770 2044 4849 sequitur
2064 4780 2145 4835 sui
2171 4789 2597 4852 contemptores.
2627 4781 2733 4839 Sed
2758 4786 3024 4856 nunquid,
3073 4770 3295 4853 fratres,

1714 4870 1844 4936 mei,
1878 4870 1954 4925 illi
2004 4871 2095 4942 qui
2129 4871 2266 4941 jussi
2319 4889 2431 4929 non
2457 4866 2766 4944 tacuerunt,
2803 4878 2893 4961 rei
2917 4879 3296 4939 inobedientize

1712 4962 2014 5017 aestimandi
2048 4963 2214 5018 sunt?
2268 4963 2485 5021 Minime
2516 4984 2531 5021 :
2569 4968 2695 5038 quia
2720 4984 2826 5025 non
2855 4984 2925 5024 ex
2951 4979 3291 5042 contemptu,

1711 5050 1805 5107 sed
1845 5068 1913 5108 ex
1944 5052 2230 5109 dilectione
2258 5056 2360 5111 hoc
2399 5055 2663 5113 fecerunt.
2713 5056 2898 5117 Virtus
2951 5062 3136 5127 enim,
3185 5064 3289 5121 etsi

1710 5142 1876 5198 celari
1927 5154 2155 5215 quaerat,
2198 5161 2303 5200 non
2351 5156 2529 5203 tamen
2565 5149 2728 5206 celari
2775 5151 2955 5208 debet.
3008 5151 3077 5209 Et
3117 5153 3164 5209 si
3200 5154 3290 5210 ille

1708 5234 1801 5305 qui
1840 5248 1960 5288 eam
2007 5246 2284 5306 operatur,
2330 5252 2449 5294 eam
2494 5241 2746 5308 occultet,
2792 5242 2880 5300 ille
2935 5243 3024 5300 cui
3075 5245 3135 5301 iit
3164 5261 3287 5304 eam

1705 5324 1979 5384 occultare
2001 5344 2107 5384 non
2138 5330 2313 5387 debet.
2342 5330 2452 5389 Nec
2477 5332 2736 5391 Dominus
2755 5333 3016 5391 miracula
3043 5352 3139 5393 sua
3162 5334 3286 5398 ideo

1704 5419 1949 5489 praecipit
1972 5418 2158 5488 celari,
2186 5421 2328 5493 quod
2360 5422 2520 5479 vellet
2542 5440 2606 5481 ea
2632 5423 2844 5494 celare,
2889 5428 3001 5484 imo
3026 5426 3096 5484 ad
3134 5428 3284 5485 salu-

1704 5518 1813 5564 tem
1838 5508 2069 5579 plurium
2115 5510 2276 5570 latius
2307 5514 2592 5586 propalari,
2624 5515 2719 5573 sed
2760 5518 3043 5589 prohibuit
3068 5528 3279 5576 tantum

1702 5604 1771 5658 ad
1798 5605 2124 5675 exemplum.
2158 5605 2380 5678 Mystice
2407 5624 2533 5665 vero
2576 5624 2826 5683 egressus
2853 5609 3016 5671 Iesus
3061 5613 3131 5670 de
3162 5614 3285 5671 tini-

13 5693 224 5749 uosyna
264 5688 464 5736 nostra
501 5682 573 5739 sit
614 5694 767 5744 tanto
809 5688 920 5747 Deo
960 5692 1134 5762 magis
1181 5704 1360 5766 grata,
1390 5703 1594 5763 quanto
1698 5694 1802 5751 bus
1824 5695 1975 5768 Tyri,
2004 5712 2125 5767 qua:
2150 5702 2393 5771 angustia
2447 5682 2856 5776 interpretatur,
2878 5707 3032 5763 venit
3056 5722 3158 5781 per
3189 5707 3278 5766 Si-

13 5772 167 5844 uagis
197 5776 271 5832 ab
296 5778 620 5849 aspectibus
650 5782 927 5843 hominum
953 5783 1187 5843 occulta.
1218 5785 1372 5845 Unde
1402 5787 1588 5845 Domi-

1140 5909 1283 5931 ”’⁶⁴““ι

1700 5790 1916 5856 donem,
1962 5790 2013 5847 id
2060 5800 2145 5847 est
2187 5793 2532 5863 uenationem,
2570 5795 2640 5852 ad
2677 5812 2830 5856 mare
2871 5797 3109 5857 Galilaea:
3136 5801 3276 5861 inter

3890 0 3895 251 η

3840 0 3878 1743 1

3894 4170 3895 4223 1

3894 4410 3895 4451 1

3894 4506 3895 4531 1

3892 4534 3895 4581 1

3894 4620 3895 4665 1

3894 4694 3895 4749 1

3894 4768 3895 4821 1

3893 4878 3895 4925 1

3892 5376 3895 5395 Ι

3894 5456 3895 5467 i

3892 5482 3895 5503 1

3888 5505 3895 5621 1

3890 5636 3895 5823 1
