3896 6320
546 373 684 432 2039

551 598 657 643 tem
712 586 1000 656 dereliquit
1025 587 1298 657 angustias
1322 583 1538 646 Iudaeas,
1571 593 1624 636 et
1665 599 1760 653 per
1790 583 2134 637 venationem

547 680 950 750 praedicationis
979 680 1286 734 itertenens
1313 693 1409 747 per
1432 675 1757 744 Decalogum
1783 675 1936 744 legis,
1961 682 2136 727 trans-

546 782 610 835 iit
645 781 711 834 ad
769 793 918 833 mare
967 778 1304 850 gentilitatis.
1335 775 1425 830 Sic
1453 773 1596 829 enim
1627 773 1912 843 praevisum
1957 781 2074 826 erat
2103 784 2133 823 ι

545 870 793 934 Domino,
829 879 907 934 ut,
935 888 1039 925 non
1082 870 1182 924 nisi
1231 883 1326 938 per
1349 866 1551 923 ludam
1577 868 1968 923 desertionem.
2004 881 2134 936 gen-

546 962 654 1018 tilis
684 963 912 1034 populus
954 963 1288 1030 reciperetur
1326 962 1392 1015 ad
1427 961 1608 1016 fidem.
1633 961 1787 1016 Unde
1817 959 2077 1029 propheta
2113 972 2127 1016 :

545 1054 956 1124 Coangustatum
987 1065 1060 1108 est
1103 1062 1325 1108 stratum
1363 1064 1421 1108 ut
1460 1058 1594 1109 alt:r
1629 1056 1856 1119 decidat,
1906 1063 1953 1106 et
1987 1053 2132 1105 breve

544 1148 870 1216 estpallium,
887 1157 939 1200 nt
955 1149 1445 1216 utrumqneoperire
1461 1164 1561 1200 non
1575 1147 1736 1218 possit
1752 1143 2129 1207 llsai.xxvut).

541 1240 671 1294 Erat
704 1249 884 1293 atttem
929 1247 1056 1292 tunc
1085 1239 1301 1308 gentilis
1339 1238 1574 1309 populus
1611 1237 1809 1292 surdus
1839 1237 1905 1290 ad
1933 1234 2132 1289 intelli-

541 1328 772 1399 gendum
797 1327 891 1382 Dei
935 1329 1177 1382 verbum.
1202 1329 1400 1395 Quales
1424 1330 1583 1383 hodie
1601 1338 1726 1382 sunt
1753 1327 1904 1381 inulti
1939 1326 1988 1378 in
2029 1325 2131 1379 Ec-

541 1419 706 1475 clesia
754 1421 844 1486 qui
881 1437 945 1476 ex
975 1422 1106 1475 vitio
1135 1422 1340 1491 peccati
1379 1431 1431 1475 et
1455 1421 1791 1493 negligentitn
1816 1434 1924 1473 sua:
1943 1433 2127 1471 aurem

539 1514 720 1568 cordis
746 1516 810 1568 ad
855 1515 1259 1585 intelligendum
1292 1516 1385 1569 Dei
1413 1517 1637 1570 verbum
1659 1513 1856 1568 habent
1885 1513 2126 1575 surdam,

531 1606 686 1673 juxta
738 1607 866 1664 illud
903 1625 916 1660 :
946 1605 1134 1662 Noluit
1161 1608 1452 1680 intelligere
1479 1619 1532 1662 ut
1579 1610 1701 1662 bene
1731 1615 1909 1676 ageret
1950 1602 2127 1672 (Psal.

535 1698 726 1754 xxxvi.
759 1699 822 1753 Et
859 1715 918 1754 os
946 1701 1146 1756 habent
1201 1710 1411 1754 mutum
1461 1700 1526 1754 ad
1575 1697 1901 1752 laudandum
1935 1694 2123 1758 Deum,

531 1793 686 1858 juxta
717 1791 882 1848 illud:
919 1791 1042 1846 Non
1083 1802 1159 1846 est
1200 1793 1435 1862 speciosa
1463 1791 1580 1846 laus
1624 1793 1678 1846 in
1709 1808 1796 1845 ore
1841 1789 2126 1858 peccatoris

536 1885 726 1954 (Eccli.
754 1889 865 1954 xv).
907 1885 1006 1952 Qui
1043 1901 1162 1939 cum
1202 1885 1359 1954 digne
1391 1895 1488 1955 pro
1534 1899 1592 1940 se
1634 1899 1826 1953 rogare
1860 1896 1967 1936 non
2003 1895 2129 1952 pos-

533 1979 668 2046 sint,
696 1979 910 2035 devotio
939 1980 1176 2035 fidelium
1202 1979 1360 2034 debet
1387 1994 1479 2033 eos
1510 1979 1762 2048 precibus
1793 1979 1902 2032 Deo
1929 1976 2127 2031 oﬂ'erre

533 2069 603 2125 ad
655 2073 975 2137 curandum,
1031 2073 1097 2126 ad
1144 2087 1375 2142 quorum
1411 2087 1600 2142 preces
1641 2071 1782 2126 Deus
1828 2085 1968 2141 saepe
2007 2069 2125 2125 illos

532 2171 705 2226 curat,
741 2164 814 2216 ita
863 2165 1006 2234 quod
1053 2165 1118 2218 de
1176 2165 1358 2221 surdis
1411 2175 1464 2221 et
1495 2166 1659 2220 mntis
1705 2181 1796 2220 eos
1852 2164 1998 2218 verbi
2034 2161 2127 2216 Dei

529 2254 899 2325 Intelligentes
952 2258 1116 2312 faciat
1161 2269 1214 2313 et
1248 2259 1555 2330 loquentes.
1600 2258 1772 2313 Porro
1802 2258 2023 2312 surdum
2072 2261 2128 2311 ct

531 2356 737 2400 mutum
765 2357 1050 2404 curaturus
1076 2349 1335 2404 Dominus
1358 2349 1423 2404 de
1452 2351 1606 2404 turba
1637 2365 1885 2404 seorsum
1919 2346 2122 2414 educit,

529 2440 824 2496 ostendens
851 2441 990 2511 quod
1015 2441 1107 2510 qui
1131 2441 1243 2496 vult
1265 2443 1334 2498 de
1358 2443 1506 2498 vitiis
1536 2442 1649 2498 suis
1681 2443 1888 2513 integre
1912 2439 2121 2506 curari,

529 2530 690 2585 debet
710 2533 984 2590 declinare
1008 2537 1327 2591 vitiosorum
1361 2537 1598 2602 turbam,
1631 2544 1685 2592 et
1728 2535 1994 2606 peccandi
2029 2551 2124 2591 oc-

527 2623 825 2679 casionem.
883 2626 1153 2697 Scriptum
1185 2636 1268 2682 est
1296 2629 1440 2684 enim
1471 2647 1483 2682 :
1516 2628 1648 2682 Cum
1678 2639 1859 2682 sancto
1905 2636 2121 2682 sanctus

525 2714 717 2780 cris,ct
737 2733 854 2770 cum
883 2733 1122 2786 perverso
1146 2720 1452 2788 perverteris
1471 2717 1644 2789 (Psal.
1673 2722 1830 2790 xvn).
1862 2719 1928 2773 Et
1947 2717 2073 2772 alibi
2101 2733 2116 2770 :

523 2803 662 2862 Ecce
695 2809 932 2880 elongavi
963 2812 1167 2881 fugiens
1217 2821 1270 2867 et
1303 2814 1474 2867 mansi
1501 2815 1554 2868 in
1596 2814 1883 2868 solitudine
1932 2810 2114 2884 (Psal.

524 2899 659 2972 Liv).
690 2900 896 2971 Digitos
927 2917 1054 2958 vero
1091 2919 1218 2960 suos
1245 2905 1298 2960 in
1331 2920 1491 2961 aures
1521 2905 1670 2960 surdi
1704 2906 1964 2960 Dominus
1991 2904 2119 2959 mit-

523 2991 610 3053 tit,
642 3006 766 3046 cum
795 2993 849 3046 in
880 3008 974 3049 cor
1009 2995 1234 3050 surdum
1273 2995 1415 3050 dona
1457 2997 1636 3052 sancti
1668 2996 1906 3068 Spiritus
1933 2995 2116 3051 infuno

523 3080 621 3138 dit.
671 3081 824 3140 Unde
859 3087 1121 3157 propheta
1170 3089 1475 3146 :Dominus
1522 3090 1724 3161 aperuit
1774 3090 1902 3143 mihi
1933 3102 2118 3144 aurem

525 3173 688 3280 (fui.
719 3178 794 3249 ι).
841 3179 1023 3236 Saliva
1054 3197 1183 3238 vero
1225 3182 1463 3252 linguam
1493 3185 1626 3238 muti
1660 3183 1852 3254 tangit,
1879 3199 2001 3238 cum
2029 3197 2118 3238 sa-
2147 3221 2192 3281 ε

521 3267 749 3336 pientia,
796 3287 916 3341 qua:
949 3289 980 3327 a
1012 3289 1228 3330 summo
1267 3276 1471 3346 capite,
1508 3275 1563 3330 id
1605 3285 1712 3342 est,
1745 3291 1774 3329 a
1811 3274 1922 3329 Deo
1953 3274 2117 3329 Patre

521 3358 726 3427 deﬂuit,
765 3362 1036 3420 hominem
1067 3376 1274 3422 mutum
1303 3367 1438 3424 facit
1468 3367 1758 3431 disertum,
1788 3366 2115 3422 facundum-

519 3468 626 3523 qne
649 3455 716 3508 ad
745 3457 1148 3527 praedicandum
1178 3461 1270 3516 Del
1294 3459 1538 3516 verbum.
1570 3460 1724 3517 Unde
1745 3469 1800 3516 et
1831 3461 1896 3514 de
1924 3460 2116 3515 eadem

521 3545 722 3602 dicitur
749 3550 893 3620 quod
915 3551 1125 3624 linguas
1147 3552 1435 3608 infantium
1461 3554 1592 3609 tacit
1615 3553 1850 3609 disertas
1866 3551 2014 3623 (Sap.
2032 3551 2110 3622 ι).

517 3637 834 3712 Ephpheta,
875 3647 1021 3716 quod
1055 3655 1140 3702 est
1181 3647 1480 3716 adaperire,
1540 3647 1934 3717 dicit,quanilo
1959 3645 2117 3714 jussu

515 3738 898 3806 potentissimo
922 3755 1019 3796 cor
1038 3741 1104 3795 ad
1131 3740 1562 3812 intelligendum,
1578 3748 1633 3794 et
1651 3739 1888 3809 linguam
1919 3739 1984 3794 ad
2005 3739 2116 3794 elo-

517 3831 792 3898 quendum
838 3829 933 3885 Dei
987 3831 1213 3886 verbum
1251 3831 1406 3902 jubet
1439 3832 1660 3902 aperiri.
1713 3831 1873 3887 Unde
1911 3840 1966 3886 et
1997 3831 2115 3887 haec

516 3919 682 3973 verba
713 3919 766 3973 in
798 3921 1135 3977 catechismo
1171 3922 1624 3992 haptizandorum
1657 3923 1932 3988 dicuntur,
1987 3937 2114 3978 cum

516 4009 584 4067 de
609 4012 776 4067 saliva
807 4030 967 4071 aures
996 4030 1183 4071 eorum
1213 4025 1267 4072 et
1291 4032 1452 4072 nares
1483 4026 1800 4088 tanguntur.
1836 4017 1907 4071 Et
1929 4017 2112 4070 statim

514 4113 711 4172 aperta:
747 4114 868 4158 sunt
891 4123 1046 4162 aures
1075 4108 1211 4177 ejus,
1245 4117 1293 4162 et
1329 4108 1559 4163 solutum
1582 4117 1660 4164 est
1709 4108 1975 4165 vinculum
2008 4108 2116 4161 lin-

513 4208 634 4262 gua:
681 4193 796 4265 ejus
830 4212 848 4250 :
874 4207 923 4252 et
949 4198 1263 4268 loquebatur
1292 4211 1447 4255 recte.
1479 4201 1590 4257 Deo
1620 4201 1768 4257 enim
1800 4200 1947 4256 intus
1977 4199 2113 4255 visi-

512 4281 698 4338 biliter
746 4299 1028 4357 operante,
1074 4291 1166 4359 qui
1218 4289 1398 4347 fuerat
1443 4293 1639 4348 surdus
1687 4301 1741 4346 et
1787 4301 1990 4356 mutus,
2047 4291 2113 4346 lit

512 4378 698 4432 statim
732 4381 883 4435 verbi
914 4381 1005 4436 Dei
1027 4383 1331 4458 intelligens
1357 4397 1411 4441 et
1438 4385 1720 4456 eloquens.
1747 4387 1813 4442 Et
1845 4403 2111 4456 recogno-

511 4485 672 4526 scens
696 4473 982 4542 pristinam
1015 4478 1336 4533 surditatem
1367 4488 1421 4534 et
1467 4479 1893 4534 taciturnitatem
1929 4495 2104 4546 suam,

1540 366 1885 432 ADDENDA.
1922 398 1994 415 -
2021 367 2371 426 RADULPI’II
2401 368 2750 432 ARDENTIS

549 490 756 548 medios
788 490 923 545 lines
969 483 1315 560 Decapoleos,
1342 503 1559 559 quanuo
1595 499 1816 560 propter
1847 485 2134 542 infidelita-
2162 488 2215 545 Α
2245 484 2444 554 (Galat.
2481 488 2588 559 in),
2618 499 2723 544 etc.
2749 488 2808 543 lu
2842 488 2947 543 hac
2976 483 3249 552 lectione,
3285 483 3478 544 fratres
3501 488 3715 556 citatissimi,

3635 329 3866 434 toni

2241 578 2478 647 disputat
2527 579 2818 648 Apostolus
2855 593 3050 635 contra
3085 581 3362 650 quosdam
3391 579 3578 647 Judazos,
3600 583 3661 651 qui
3680 599 3719 638 et

2239 673 2492 742 operibus
2524 673 2657 743 legis
2683 691 2740 729 se
2768 676 2975 732 habere
2999 677 3287 748 justitiam
3313 687 3371 730 et
3401 676 3584 730 salutem
3602 677 3720 746 opina-

2239 762 2452 818 bantur.
2484 763 2723 830 Quorum
2776 768 2942 821 etiam
2985 767 3149 822 hodie
3176 768 3354 836 (unde
3402 766 3628 822 dolendum
3659 771 3725 842 est)

2238 863 2365 908 sunt
2419 857 2626 913 similes
2661 860 2880 928 quidam
2929 859 3058 916 falsi
3104 859 3438 925 Christiani,
3477 861 3551 930 qui
3586 878 3633 918 ex
3664 865 3727 919 hoc

2237 947 2378 1016 quod
2425 950 2670 1018 quasdam
2700 954 2829 1007 vitia
2888 954 3108 1025 fugiunt
3135 965 3192 1010 et
3225 971 3402 1027 opera
3433 953 3549 1008 bona
3576 953 3728 1024 iaciunt,

2235 1050 2428 1110 putant
2495 1059 2554 1099 se
2605 1059 2724 1100 esse
2766 1045 2945 1115 justos
3003 1059 3057 1104 et
3117 1057 3515 1105 consecuturos
3560 1047 3727 1104 salutem.

2234 1133 2512 1206 Utrosquc
2540 1139 2824 1195 confundit
2852 1141 3146 1197 Psalmista
3177 1159 3311 1198 cum
3339 1143 3536 1198 orando
3569 1143 3729 1199 clamat:

2236 1227 2362 1282 Non
2392 1232 2552 1286 intres
2583 1234 2636 1286 in
2652 1235 2920 1303 judicium
2944 1253 3064 1290 cum
3095 1254 3246 1292 servo
3301 1246 3418 1302 tuo,
3445 1235 3730 1306 Dominc,quia

2237 1337 2341 1374 non
2359 1322 2740 1392 justiﬁcabitur
2765 1327 2820 1381 in
2850 1338 3132 1398 conspectu
3155 1340 3247 1382 tuo
3271 1331 3448 1383 omnis
3476 1326 3735 1397 triamql’uil.

2235 1416 2425 1484 exui).
2469 1417 2532 1470 Et
2566 1420 2828 1488 propheta
2863 1437 2878 1474 :
2919 1419 3137 1487 Omnes,
3169 1420 3593 1491 inquit,justuiie
3611 1429 3738 1473 nostra

2233 1519 2353 1561 sunt
2380 1511 2532 1577 quasi
2560 1529 2765 1578 pannus
2797 1523 3136 1564 menstruam:
3165 1521 3294 1564 ante
3328 1521 3402 1574 te,
3430 1511 3612 1565 Domine
3633 1509 3740 1580 (Issi.

2233 1602 2399 1672 LXVI).
2456 1603 2660 1672 Itaque,
2696 1603 2895 1660 fratres
2951 1606 3081 1670 mei,
3127 1606 3177 1660 si
3222 1607 3346 1661 veri
3378 1605 3633 1661 Christiani
3663 1619 3742 1659 esse

2233 1696 2499 1762 volumus,
2545 1698 2684 1752 hanc
2728 1698 2886 1754 fidem
2942 1700 3182 1755 ﬁrmiter
3228 1711 3538 1762 teneamus,
3559 1697 3669 1768 quod
3701 1711 3744 1752 et

2237 1789 2394 1837 nullis
2423 1791 2674 1837 oneribus
2703 1792 2906 1837 nostris
2927 1792 3213 1837 inuiﬁnnri
3232 1793 3320 1837 vni
3350 1793 3540 1837 salvari
3561 1792 3744 1837 valemus.
3863 1714 3865 1837 i

2237 1789 2394 1844 nullis
2423 1791 2674 1858 operibus
2701 1792 3214 1860 nostrisjustilicari
3232 1793 3322 1848 vel
3348 1793 3540 1849 salvari
3561 1792 3744 1857 valemus,

2239 1883 2329 1938 sed
2360 1898 2426 1936 ex
2451 1883 2563 1937 sola
2595 1884 2688 1938 Dei
2731 1885 2930 1954 gratia,
2961 1887 3055 1956 qui
3085 1887 3257 1957 gratis
3277 1886 3542 1956 justilicat
3572 1883 3745 1951 impium.

2235 1973 2351 2029 Non
2383 1975 2524 2030 enim
2565 1976 2690 2045 quia
2725 1979 2866 2030 bona
2887 1977 3142 2042 fecimus,
3166 1977 3559 2046 justilicamur,
3597 1974 3740 2043 sedpo-

2235 2067 2341 2122 tius
2361 2069 2485 2137 quia
2519 2070 2687 2136 gratis
2717 2086 2744 2122 a
2774 2068 2884 2124 Deo
2905 2069 3296 2140 justificamur,
3331 2071 3477 2124 bona
3505 2068 3684 2138 agimus,
3703 2074 3744 2120 et

2237 2104 2341 2122 ...ιο
2361 2104 2485 2137 qu...
2519 2104 2687 2136 μονα
2717 2104 2744 2122 ..
2774 2104 2884 2124 νυν
2905 2104 3296 2140 ,ιηιηιωωυη
3333 2104 3477 2124 um...
3505 2104 3684 2138 ..δην-η.
3704 2104 3744 2120 υ.

2231 2160 2374 2215 bona
2427 2162 2634 2232 agendo
2677 2164 2978 2217 salvamur.
3038 2163 3293 2218 Ostendit
3335 2163 3506 2233 igitur
3533 2160 3752 2231 Apostolus
3863 2104 3865 2238 Α

2233 2254 2336 2316 tria
2387 2269 2402 2305 :
2445 2253 2651 2319 Primo,
2703 2256 2843 2324 quod
2891 2271 2998 2309 non
3043 2263 3124 2310 est
3170 2255 3333 2310 nobis
3391 2254 3534 2308 salus
3586 2253 3666 2306 nisi
3707 2265 3755 2304 ex

2228 2347 2444 2416 gratia;
2499 2349 2773 2411 secundo,
2822 2348 2965 2418 quod
3027 2363 3126 2418 per
3190 2346 3387 2404 Jesnm
3432 2346 3669 2401 Christum
3701 2353 3764 2397 est

2227 2439 2345 2495 haec
2397 2439 2598 2510 gratia;
2635 2441 2818 2507 tertio,
2868 2441 3010 2510 quod
3057 2457 3164 2496 non
3216 2457 3288 2496 ex
3337 2440 3479 2510 lege.
3520 2437 3762 2496 Ostendent

2226 2541 2356 2599 ergo
2407 2530 2638 2584 salutem
2691 2544 2813 2586 esse
2864 2546 2930 2585 ex
2978 2533 3152 2602 gratia
3201 2532 3282 2586 ait
3342 2546 3359 2584 :
3404 2530 3614 2582 Abrahae
3648 2528 3761 2579 dicta

2227 2631 2350 2674 sunt
2411 2622 2782 2692 promissiones
2849 2633 2896 2678 et
2963 2624 3149 2678 semini
3202 2624 3343 2694 ejus.
3407 2623 3484 2677 Ac
3541 2622 3583 2676 si
3628 2629 3766 2690 aperte

2231 2716 2377 2770 dicat
2418 2734 2431 2772 :
2466 2714 2584 2771 Non
2622 2734 2689 2772 ex
2739 2719 2993 2789 operibus
3023 2717 3181 2790 legis,
3233 2717 3320 2772 vel
3358 2718 3623 2787 aliquibus
3665 2727 3768 2784 pra!-

2228 2811 2548 2866 cedentibus
2589 2813 2839 2879 meritis,
2891 2815 2985 2868 sed
3046 2814 3228 2884 potius
3287 2812 3460 2884 gratis
3508 2808 3773 2880 promissis-

2226 2915 2324 2958 nes
2368 2902 2453 2958 vel
2505 2903 2740 2959 Abrahae
2796 2903 2974 2971 factae,
3028 2913 3083 2958 et
3137 2905 3310 2976 gratis
3367 2903 3637 2959 exhibita.
3677 2900 3774 2955 Pro-

2224 2997 2513 3052 missiones
2551 2999 2696 3053 enim
2729 3001 2848 3054 ista
2881 3000 3114 3071 propria
3145 2999 3406 3054 dicuntur
3453 3013 3574 3067 quae
3611 3005 3772 3050 tantum

2225 3092 2395 3160 gratis
2444 3091 2598 3157 llunt,
2648 3094 2950 3160 prmsertim
2996 3093 3042 3148 si
3095 3093 3346 3148 attendas
3383 3108 3413 3146 a
3450 3107 3586 3161 quo,
3619 3100 3670 3144 et
3691 3103 3776 3159 qua
3863 3084 3865 3173 l

2226 3194 2282 3238 et
2330 3185 2418 3239 cui
2468 3186 2858 3256 promissiones
2920 3187 3038 3242 ista:
3108 3186 3267 3241 factae
3317 3187 3449 3240 sint.
3498 3185 3545 3240 Α
3603 3183 3728 3254 quo?
3761 3194 3780 3233 ι

2227 3281 2360 3348 Deo,
2410 3281 2501 3351 qui
2559 3297 2658 3337 nec
2703 3281 2882 3351 aliqua
2914 3283 3260 3348 necessitate,
3294 3296 3398 3336 nec
3429 3279 3650 3350 propria
3673 3274 3783 3332 utili-

2226 3382 2358 3438 tate,
2396 3388 2497 3429 nec
2554 3373 2735 3443 aliquo
2767 3374 2949 3429 debito
2989 3374 3288 3444 constringi
3321 3381 3530 3443 potest.
3582 3368 3785 3424 Necessi-

2225 3472 2336 3520 tate
2388 3465 2584 3535 quippe
2615 3465 2844 3536 astringi
2881 3481 2988 3520 non
3036 3473 3235 3535 potest,
3270 3464 3370 3534 qui
3412 3463 3558 3518 liber
3585 3462 3786 3533 penitus,
3863 3464 3865 3515 l

2226 3558 2340 3613 imo
2376 3557 2490 3626 ipsa
2523 3556 2749 3612 libertas
2777 3568 2877 3618 est,
2908 3573 3009 3611 nec
3051 3556 3266 3628 propria
3295 3555 3560 3620 utilitate,
3592 3553 3676 3621 qui
3703 3549 3792 3603 nal-

2224 3647 2329 3704 Iins
2351 3649 2597 3719 indigens
2622 3657 2721 3711 est,
2751 3663 2850 3703 nec
2875 3647 3081 3713 debito,
3113 3649 3206 3718 qui
3235 3647 3368 3702 nulli
3399 3646 3674 3700 obnoxius
3708 3649 3792 3696 est.
3861 3656 3863 3658 ·

2223 3741 2351 3810 Qui,
2400 3743 2647 3812 quamvis
2690 3743 3022 3811 promiserit,
3085 3751 3267 3797 tamen
3327 3758 3395 3796 ex
3455 3743 3562 3796 hoc
3611 3735 3795 3792 vim:qu

2221 3835 2475 3906 promissi
2501 3851 2608 3890 non
2633 3836 2972 3906 astringitur,
3003 3834 3261 3905 quoniam
3299 3850 3410 3888 non
3444 3826 3798 3905 promisitnisi

2222 3928 2422 4000 dignis,
2458 3930 2599 3997 quod
2645 3927 2825 3982 nullus
2885 3935 3060 3998 potest
3112 3941 3256 3992 esse,
3311 3926 3419 3980 nisi
3475 3939 3643 3995 quem
3683 3921 3800 3974 Deos

2222 4019 2441 4090 dignum
2470 4019 2637 4088 gratis
2681 4019 2915 4074 voluerit
2943 4018 3163 4084 facere;
3194 4028 3253 4072 ut
3284 4017 3360 4072 ita
3386 4013 3725 4087 generaliter
3759 4017 3800 4061 et

2220 4111 2364 4182 quod
2413 4110 2682 4180 promisit,
2711 4119 2766 4164 et
2795 4108 2939 4179 quod
2970 4109 3191 4180 dignum
3222 4108 3376 4171 facit,
3409 4116 3470 4161 et
3499 4105 3652 4175 quod
3691 4115 3797 4172 pre-

2221 4205 2387 4259 missa
2440 4203 2644 4270 tribuit,
2678 4212 2852 4259 totum
2889 4202 3066 4274 gratia
3118 4202 3268 4256 fecit.
3299 4201 3436 4267 Quae
3470 4209 3662 4253 autem
3709 4206 3804 4264 pm-

2220 4297 2506 4354 missioncs
2561 4298 2720 4352 dictae
2754 4305 2882 4352 sunt
2931 4294 3163 4350 Abraha:
3191 4310 3223 4347 a
3253 4293 3381 4355 Deo,
3433 4293 3491 4346 in
3522 4287 3726 4346 Genesi
3749 4284 3805 4336 le-

2220 4390 2380 4458 gitur,
2413 4389 2625 4445 scilicet
2649 4389 2792 4460 quod
2819 4390 2871 4444 in
2893 4389 3099 4444 semine
3129 4387 3245 4458 ejus
3273 4385 3692 4440 benedicentur
3713 4391 3804 4431 om.

2220 4498 2317 4536 nes
2344 4491 2551 4553 gentes,
2588 4483 2708 4552 plus
2737 4481 3072 4552 spiritualem
3104 4489 3157 4534 et
3201 4489 3472 4532 aeternam
3506 4489 3685 4545 quam
3714 4483 3806 4523 cut-

3859 434 3866 634 Ν

3863 736 3865 890 l

3863 1500 3865 1599 ψ

512 4579 669 4663 suum
727 4578 1028 4624 creatorem
1076 4571 1324 4641 intelligit
1363 4580 1418 4626 et
1453 4573 1745 4627 benedicit.
1793 4573 1903 4630 Nos
1951 4589 2103 4644 ergo,
2135 4600 2192 4663 Β
2220 4577 2459 4648 poralem
2503 4585 2557 4632 et
2597 4575 2946 4646 temporalem
2985 4573 3295 4644 intelligens
3347 4569 3807 4626 benedictionem,

512 4653 728 4719 fratres,
767 4659 808 4712 si
840 4673 936 4727 per
966 4662 1193 4729 gratiam
1227 4662 1318 4715 Dei
1358 4663 1470 4731 jam
1506 4663 1766 4717 habemus
1791 4680 1954 4719 aures
1985 4681 2111 4720 cor-

513 4745 597 4801 dis
627 4759 841 4819 apertas
873 4754 939 4805 ad
979 4754 1405 4824 intelligendum,
1450 4764 1507 4808 et
1535 4771 1594 4810 os
1625 4757 1691 4810 ad
1717 4757 2109 4826 proferendum

512 4835 607 4892 Dei
657 4841 902 4904 verbum,
933 4842 1174 4899 divinam
1217 4845 1517 4900 bonitatem
1564 4849 2001 4918 magniﬁcemns,
2053 4861 2111 4906 et

513 4929 713 4986 fratres
765 4947 982 4988 nostros
1009 4938 1186 4990 adhuc
1214 4938 1406 4991 surdos
1431 4949 1484 4993 et
1525 4950 1704 4995 mutos
1737 4943 1967 4996 Domino
2014 4958 2108 4998 cu-

514 5025 714 5079 randos
736 5023 1047 5092 offeramus,
1078 5029 1434 5100 deprecantes
1462 5049 1582 5087 eum
1607 5044 1665 5087 ut
1691 5051 1910 5088 manum
1942 5034 2112 5089 mise-

514 5116 763 5170 ricordia:
816 5134 928 5172 suae
975 5120 1054 5174 eis
1088 5122 1350 5193 imponat,
1401 5135 1455 5179 et
1509 5141 1604 5181 eos
1648 5143 1802 5181 suum
1849 5138 2107 5182 sanctum

511 5211 738 5263 verbum
794 5211 1130 5284 intelligere,
1199 5218 1444 5286 proferre
1513 5229 1566 5275 et
1626 5221 1848 5290 exsequi
1914 5221 2106 5288 faciat,

509 5309 780 5370 quatenus
825 5307 985 5360 simul
1045 5325 1165 5363 cum
1219 5311 1297 5365 eis
1347 5312 1584 5366 divinant
1650 5313 1991 5380 inajcstatem
2049 5315 2108 5369 in

512 5403 772 5450 :eternum
830 5403 1182 5471 contemplari
1223 5414 1278 5459 et
1324 5405 1544 5461 laudare
1601 5423 1929 5475 mereamur,
1990 5409 2110 5477 ipso

509 5498 822 5559 pra‘stzuite,
864 5497 953 5562 qui
1000 5497 1051 5549 in
1083 5497 1350 5552 Trinitate
1393 5499 1637 5569 perfecta
1666 5502 1794 5555 vivit
1829 5511 1881 5556 et
1911 5511 2108 5572 regnat

511 5575 660 5659 Deus
678 5600 774 5655 per
794 5575 974 5642 omnia
1013 5591 1209 5644 saecula
1241 5593 1586 5648 Sxeculornm.
1615 5595 1816 5650 Amen.

1029 5681 1310 5736 HOMILIA
1333 5682 1566 5740 XXVIII.

649 5783 907 5828 DOIINICA
945 5787 1145 5828 DECIMA
1183 5787 1385 5830 TERTIA
1423 5792 1554 5832 POS'I'
1597 5794 1962 5836 τιιιΝιτλτει.

578 5852 806 5919 Abrahae
863 5863 1017 5918 dicta:
1070 5874 1192 5920 sunt
1243 5864 1626 5935 promissiones
1665 5873 1952 5947 etgsemim'
1989 5871 2106 5947 ejus

2221 4673 2438 4743 etquod
2471 4673 2519 4727 ei
2545 4673 2699 4726 daret
2738 4680 2961 4733 terram,
2993 4668 3208 4723 scilicet
3241 4668 3381 4721 lacte
3415 4675 3470 4720 et
3506 4662 3682 4718 melle
3725 4671 3808 4710 ma-

2221 4778 2464 4832 nantem,
2497 4767 2735 4836 figurans
2767 4773 2968 4818 terram
2999 4763 3323 4829 viventium,
3348 4777 3475 4832 qua:
3511 4759 3671 4813 lacte
3695 4764 3808 4805 τετε

2219 4861 2520 4933 sapientiai,
2572 4869 2626 4913 et
2659 4857 2940 4913 dulcedine
2996 4858 3234 4915 caelestis
3293 4856 3490 4926 gratiae
3557 4857 3748 4906 manet
3773 4846 3808 4895 in

2219 4965 2498 5008 aeternum.
2525 4949 2620 5004 Cui
2651 4953 2804 5004 factm
2826 4959 2952 5004 sunt
2985 4950 3100 5004 ista:
3124 4944 3567 5017 promissiones?
3603 4938 3808 4994 Abrae:

2219 5054 2274 5098 et
2302 5044 2492 5098 semini
2523 5042 2660 5109 ejus,
2682 5042 2736 5096 id
2766 5050 2850 5097 est
2885 5041 2990 5095 illis
3015 5041 3106 5110 qui
3149 5049 3333 5110 patres
3358 5048 3488 5094 sunt
3527 5034 3806 5089 multam—31

2219 5137 2458 5209 gentium
2489 5135 2596 5192 ﬁde
2615 5145 2669 5190 et
2698 5136 2944 5191 doctrina
2973 5143 3027 5190 et
3051 5133 3321 5204 exetnplo,
3365 5142 3425 5187 et
3453 5130 3542 5185 illi
3580 5127 3681 5196 qui
3711 5129 3806 5176 sua:
3857 5183 3859 5209 ἓ

2218 5231 2520 5286 imitatores
2558 5229 2681 5285 ﬁdei
2711 5238 2764 5284 et
2797 5229 3058 5284 doctrina:
3107 5236 3164 5282 et
3211 5225 3448 5295 exempli
3479 5223 3745 5277 illorum.
3771 5210 3807 5262 Si

2217 5339 2368 5393 ergo,
2409 5322 2606 5377 fratres
2646 5323 2774 5386 mei,
2819 5331 3130 5378 sanctarum
3177 5319 3663 5391 promissionum,
3721 5316 3806 5376 qd

2215 5417 2448 5471 Abrahae
2475 5417 2633 5471 dicta:
2665 5424 2813 5480 sunt,
2848 5415 3139 5484 participes
3166 5429 3288 5470 esse
3316 5413 3619 5473 volumus,
3669 5403 3801 5458 Sim“

2219 5510 2394 5566 sancti
2427 5519 2481 5563 et
2525 5509 2824 5565 imitatores
2850 5508 3085 5561 Abrahae
3121 5517 3585 5574 carterorumque
3621 5502 3800 5554 sancis?

2218 5620 2338 5658 rum
2375 5611 2614 5671 patrum,
2661 5603 2828 5656 simus
2871 5601 2922 5653 in
2957 5599 3064 5654 fide
3088 5598 3282 5663 fortes,
3311 5599 3424 5654 Deo
3451 5599 3522 5652 in
3577 5588 3794 5649 omniss

2215 5696 2551 5761 obedientes,
2613 5693 2780 5748 Deum
2827 5691 3042 5746 cunctis
3080 5701 3485 5763 praeponentes,
3556 5689 3620 5743 in
3679 5677 3789 5751 spis-

2218 5787 2452 5843 tualibus
2505 5796 2559 5842 et
2610 5786 2920 5842 coelestibus
2953 5788 3174 5850 eruditi,
3205 5787 3315 5843 vita
3341 5781 3672 5857 praeclari,
3714 5774 3790 5827 de?

2216 5880 2386 5940 ritate
2421 5880 2635 5950 fervidi,
2675 5879 3048 5954 hospitalitate
3097 5879 3373 5955 praecipui,
3411 5872 3697 5948 οιεωριο
3738 5879 3788 5936 μ’
