3896 6320
144 394 282 454 20H

865 394 1172 457 ΒοΜιιιΑε
1202 399 1271 458 ΙΝ
1291 400 1508 462 EPIST.
1536 404 1626 463 ΕΤ
1661 405 1719 464 E‘

1819 403 1917 465 NG.
1960 404 2260 469 DOMINIC.
2288 443 2355 454 —
2391 412 2572 471 PARS
2594 412 2647 472 ιι.

3242 386 3398 486 eote

144 519 258 568 tres
302 510 556 578 aliorum,
584 511 693 568 vita
726 515 1058 571 et‘moribus
1083 515 1177 570 lux
1219 513 1399 588 orbisg'
1427 531 1719 578 terrarum.
1749 527 1800 588 Α
1828 540 1895 583 ex
1933 526 2114 584 debito
2136 512 2426 607 praemiare
2475 539 2710 598 tenetur,
2745 536 2839 591 sed
2869 536 2959 607 qui
3011 540 3183 609 gratis
3204 552 3393 609 vocat,

212 604 832 669 Secundoqdemonstrat
870 607 1157 678 Apostolus
1211 611 1355 678 quod
1419 629 1516 684 per
1543 614 1717 670 solum

142 694 328 755 Jesum
359 698 631 756 Christum
660 700 854 773 gratia-
881 701 1023 760 facta
1056 705 1145 770 sit,
1180 715 1303 761 cum
1337 706 1557 761 subdit:
1593 704 1719 762 Non

141 791 312 847 dicit:
344 791 414 846 Et
446 792 766 867 seminibus,
794 796 942 865 quasi
992 796 1051 852 in
1089 798 1296 867 multis,
1337 799 1430 855 sed
1442 800 1614 871 quasi
1664 800 1720 857 in

142 892 253 936 uno‘
282 897 302 937 :
331 881 400 938 In
432 885 626 939 semine
669 893 760 940 tuo
803 887 942 957 quod
971 898 1045 943 est
1088 887 1346 958 Christus,
1385 892 1438 947 id
1465 901 1548 947 est
1575 892 1720 963 quod

140 971 405 1030 Dominus
433 974 573 1030 dixit
624 975 892 1044 Abrahm;
923 979 980 1033 in
1009 980 1205 1036 semine
1231 990 1322 1035 tuo
1352 981 1721 1036 benedicentur

139 1079 319 1119 omnes
346 1075 523 1137 gentes
557 1065 713 1139 (Gen.
732 1068 857 1142 x119.
883 1070 1243 1142 Singulariter
1273 1073 1371 1139 ait,
1403 1090 1512 1130 non
1534 1067 1738 1145 plura?

136 1155 266 1213 liter
292 1160 346 1214 in
367 1161 683 1234 seminibus,
709 1163 803 1219 sed
834 1164 1185 1235 singulariter
1210 1168 1265 1223 in
1286 1169 1499 1235 semine,
1514 1167 1721 1238 signiﬁ-

137 1264 272 1307 cans
292 1267 399 1308 non
419 1267 518 1324 per
528 1254 716 1326 plures
732 1271 992 1325 personas
1020 1258 1085 1314 de
1104 1256 1272 1331 stirpe
1295 1268 1450 1315 natas
1462 1258 1715 1325 Abrahae,

136 1346 235 1400 sed
265 1362 361 1417 per
381 1347 553 1403 solum
586 1346 771 1404 Iesum
802 1348 1100 1419 Christum,
1120 1352 1358 1408 divinam
1385 1351 1720 1407 benedictio-

134 1455 265 1497 nem
292 1444 360 1499 ad
398 1460 584 1501 omnes
610 1454 799 1514 gentes
829 1448 1199 1504 derivandam.
1222 1447 1341 1504 Non
1372 1448 1516 1504 enim
1547 1447 1601 1503 in
1622 1463 1719 1520 pa-

135 1536 416 1605 triarchis,
448 1538 500 1593 in
525 1541 829 1610 prophetis,
866 1555 975 1597 non
1017 1542 1072 1596 in
1099 1540 1492 1606 sacerdotibus,
1525 1557 1631 1597 non
1661 1542 1717 1598 in

132 1630 357 1701 regibus
392 1631 722 1698 lsraeliticis,
751 1633 845 1688 sed
878 1634 931 1689 in
962 1633 1078 1690 solo
1102 1633 1321 1689 Christo
1351 1648 1543 1690 omnes
1588 1649 1718 1706 gen‘

134 1727 220 1775 tes
243 1721 379 1775 dixit
403 1721 821 1789 henedicendas,
846 1724 1001 1793 juxta
1046 1726 1190 1796 quod
1218 1726 1472 1795 praedixit
1498 1725 1665 1782 Jacob
1699 1743 1714 1781 :

132 1807 192 1862 Ν
195 1826 263 1866 an
287 1812 559 1884 auferetur
584 1822 844 1885 sceptrum
885 1816 950 1870 de
977 1814 1013 1870 J
1019 1816 1145 1881 uda,
1177 1833 1268 1871 nec
1294 1816 1405 1871 dux
1427 1817 1490 1872 de
1520 1818 1716 1888 femore

128 1901 273 1971 ejus,
321 1905 483 1960 donec
535 1906 705 1961 veniat
755 1908 845 1979 qui
871 1904 1161 1962 mittendus
1216 1917 1314 1973 est,
1367 1917 1417 1962 et
1458 1908 1567 1978 ipse
1616 1910 1715 1964 erit
1744 1892 1791 1955 Β

128 1998 451 2064 exspectatio
501 1998 732 2066 gentium
789 1996 944 2071 (Cen.
986 2000 1155 2069 XLIX).
1202 1999 1320 2070 Ipse
1372 2000 1516 2054 enim
1582 2002 1716 2058 duos

126 2086 399 2156 populos,
461 2088 766 2146 Iudaeorum
825 2092 1036 2148 scilicet
1090 2101 1144 2148 et
1205 2092 1488 2164 gentium,
1545 2092 1599 2149 in
1658 2110 1717 2151 se

126 2190 300 2245 caput
347 2189 402 2236 et
449 2183 761 2253 angularem
807 2184 1036 2255 lapidem
1089 2185 1323 2252 uniens,
1371 2185 1438 2241 de
1485 2185 1719 2255 plenitu-

126 2272 261 2328 dine
321 2276 616 2343 gratiarum
677 2287 733 2333 et
795 2277 1263 2344 henedictionum,
1328 2276 1525 2347 quibus
1598 2278 1719 2335 sine

126 2379 389 2421 mensura
452 2378 646 2424 unctus
687 2378 807 2435 est,
862 2371 918 2426 in
987 2386 1177 2429 omnes
1226 2373 1513 2429 derivavit.
1565 2372 1719 2441 Quod

125 2458 498 2530 significatum
526 2472 612 2518 est
639 2479 737 2535 per
759 2458 1092 2537 unguentum
1119 2465 1347 2523 effusum
1371 2482 1534 2538 super
1556 2474 1720 2537 caput

121 2552 340 2619 Aaron,
369 2556 512 2625 quod
542 2557 819 2612 descendit
845 2557 898 2612 in
923 2559 1171 2625 barbam,
1201 2568 1256 2615 et
1285 2575 1457 2630 usque
1481 2559 1533 2614 in
1564 2574 1717 2615 oram

121 2647 447 2702 vestimenti
480 2647 596 2718 ejus
625 2647 794 2720 (Psal.
830 2651 1058 2723 cxxxn).
1098 2652 1335 2721 Utinam,
1362 2654 1560 2709 fratres
1588 2653 1716 2720 mei,

124 2748 190 2792 et
247 2739 302 2795 in
338 2757 456 2799 ,nos
504 2740 690 2797 ultima
746 2744 989 2800 membra
1043 2745 1296 2816 dignetur
1350 2746 1599 2802 Christus
1653 2746 1721 2801 de

121 2848 356 2888 suarum
382 2834 715 2903 plenitudine
734 2836 1029 2906 gratiarum
1060 2846 1116 2895 et
1150 2829 1587 2896 benedictionum
1615 2837 1719 2893 alio

120 2928 263 2996 quid
295 2928 580 2996 distillare,
611 2938 669 2984 ut
711 2931 1168 3000 quemadmodum
1200 2929 1351 2988 dedit
1382 2932 1538 2988 nobis
1560 2930 1720 2987 Chri-

119 3020 326 3075 stianis
352 3023 586 3079 nominis
612 3023 692 3078 sui
748 3026 1265 3093 (lenomiuationem,
1296 3027 1368 3082 ita
1421 3035 1478 3083 et
1519 3026 1719 3082 tribuat

118 3127 244 3165 suae
259 3114 530 3168 unctionis
546 3120 600 3169 et
612 3115 1003 3171 benedictionis
1019 3108 1295 3173 immensae
1306 3106 1547 3188 aliquam
1564 3115 1720 3171 nobis

117 3203 543 3262 derivationem.
563 3207 674 3262 Hoc
691 3218 866 3263 autem
889 3202 1026 3271 dico,
1051 3218 1415 3265 testamentum
1435 3206 1720 3279 conﬁrma?

1806 618 1991 686 'gratis
2018 618 2306 691 justiﬁcat,
2330 623 2589 705 Vet'gratis
2630 626 2895 696 prazmiat.
2920 628 3169 690 Secundo
3199 633 3396 705 probat

1818 722 1917 780 per
1938 708 2257 767 indirectam
2299 712 2792 781 ratiocinationem,
2821 719 2964 787 quod
2995 722 3142 778 salus
3190 740 3298 781 non
3326 741 3395 782 ex

1818 799 1936 873 lege
1983 812 2088 872 est,
2143 820 2266 861 cum
2296 797 2512 862 subdit:
2544 804 2689 861 Nam
2739 797 2889 864 εἰέκ
2940 811 3048 883 lege
3082 817 3392 887 ltmreditas,

1810 895 1928 967 jam
1958 915 2061 953 non
2089 915 2154 953 ex
2180 900 2545 970 promissione.
2577 900 2673 956 Est
2701 908 2882 958 autem
2911 917 3292 975 argumentum
3326 911 3393 968 ab

1819 991 2107 1061 Oppositis;
2143 1008 2268 1048 nam
2297 994 2491 1050 merita
2534 1004 2590 1051 et
2633 998 2807 1069 gratia
2848 999 3095 1071 opposita
3128 1011 3271 1057 sunt.
3302 1001 3397 1059 Est

1821 1095 1949 1151 ergo
1979 1098 2042 1139 ac
2070 1084 2116 1140 si
2146 1085 2352 1142 diceret
2379 1104 2394 1142 :
2425 1086 2483 1143 Si
2506 1102 2578 1144 ex
2618 1091 2820 1147 merito
2849 1092 3035 1164 legalis
3061 1093 3398 1151 observatio-

1818 1173 1906 1230 nis
1945 1178 2105 1231 datur
2136 1178 2446 1249 hmreditas,
2472 1182 2584 1254 jam
2635 1202 2741 1243 non
2781 1202 2847 1243 ex
2879 1185 3054 1258 gratia
3086 1184 3398 1256 promissio-

1819 1263 1926 1320 nis.
1950 1265 2019 1321 Et
2038 1270 2219 1325 statim
2241 1274 2470 1330 assumit
2488 1291 2586 1352 per
2608 1277 3028 1335 destructionem
3052 1271 3395 1350 conSequen-

1821 1358 1911 1424 tis,
1962 1361 2200 1441 subdens
2245 1371 2516 1426 :Abralue
2572 1382 2746 1428 autem
2797 1391 2891 1445 per
2941 1375 3396 1445 repromissionem

1819 1453 2032 1509 donavit
2061 1456 2219 1514 Deus.
2254 1460 2334 1517 Ex
2387 1464 2473 1520 his
2517 1468 2680 1524 tacita
2731 1468 3011 1525 conclusio
3040 1467 3396 1539 subintelligi-

1820 1548 1944 1598 tur:
1970 1545 2109 1618 Ergo
2132 1564 2239 1604 non
2262 1562 2348 1607 est.
2375 1568 2444 1609 ex
2476 1555 2595 1626 lege
2647 1559 2955 1616 liazreditas.
2983 1559 3247 1616 Similiter
3266 1575 3395 1630 pos-

1820 1640 2306 1727 sumus.colligere
2332 1660 2347 1698 :
2377 1645 2435 1700 Si
2466 1662 2533 1702 ex
2564 1651 2772 1707 meritis
2812 1660 2867 1708 et
2901 1653 3168 1725 cperibus
3193 1652 3396 1709 nostris

1819 1738 1902 1784 est
1921 1731 2077 1788 nobis
2107 1733 2270 1801 salus,
2297 1735 2409 1806 jam
2436 1754 2539 1794 non
2571 1757 2638 1797 ex
2668 1744 2880 1811 gratia;
2908 1747 3005 1802 sed
3025 1757 3284 1803 constans
3314 1754 3399 1802 est

1820 1820 1949 1889 quia
1991 1821 2139 1880 salus
2180 1824 2338 1881 datur
2377 1828 2534 1884 nobis
2576 1846 2641 1885 ex
2674 1835 2865 1908 gratia,
2906 1851 3035 1908 ergo
3089 1854 3196 1895 non
3237 1838 3399 1895 datur

1821 1913 1975 1970 nobis
2029 1930 2095 1971 ex
2130 1918 2339 1974 meritis
2389 1928 2444 1975 et
2471 1906 2744 1992 operibus.
2776 1906 3000 1983 nostris.
3032 1918 3397 1995 Quaestionem

1820 2021 1981 2089 quam
2009 2008 2226 2064 videbat
2255 2010 2547 2082 Apostolus
2571 2031 2728 2086 posse
2757 2017 2893 2082 fieri,
2950 2018 3081 2074 facit
3115 2029 3170 2075 et
3216 2021 3400 2089 solvit,

1820 2087 2053 2156 subdens
2083 2118 2096 2155 :
2130 2101 2272 2167 Quid
2324 2104 2490 2175 igitur
2529 2105 2660 2161 lex?
2695 2118 2910 2178 propter
2952 2087 3399 2182 transgressiones

1819 2193 1990 2260 posita
2039 2204 2135 2262 est,
2173 2196 2442 2252 cavendas
2473 2206 2523 2253 et
2577 2200 2950 2257 vindicandas.
2998 2202 3078 2258 Ac
3112 2204 3157 2258 si
3203 2204 3348 2260 dicat
3381 2219 3399 2260 :

1820 2279 1936 2337 Non
1973 2281 2074 2338 fuit
2122 2284 2206 2341 lex
2246 2288 2420 2357 posita
2467 2287 2535 2343 ad
2584 2292 2953 2348 evacuandam
3002 2294 3258 2365 gratiam,
3304 2295 3402 2353 sed

1821 2374 2000 2445 potius
2032 2377 2098 2432 ad
2143 2381 2514 2437 evacuandum
2564 2392 2623 2438 et
2666 2385 3042 2457 corrigendum
3093 2396 3396 2458 peccatum.

1821 2463 1937 2523 Non
1978 2469 2144 2536 enim,
2196 2471 2394 2530 fratres
2446 2475 2575 2544 mei,
2629 2477 2749 2534 ideo
2790 2479 3045 2535 mandata
3084 2470 3307 2539 Veteris
3340 2489 3399 2538 et

1820 2551 1954 2610 Novi
1991 2556 2321 2619 Testamenti
2376 2565 2502 2621 data
2544 2578 2691 2633 sunt,
2749 2568 2892 2639 quod
2925 2585 2994 2625 ex
3050 2571 3400 2628 observantia

1822 2658 2033 2702 eorum'
2064 2660 2319 2721 tanquam
2353 2670 2417 2709 ex
2451 2669 2615 2711 causa
2647 2657 2868 2714 daretur
2892 2659 3064 2729 salus,
3096 2664 3188 2719 sed
3215 2672 3273 2718 ut
3300 2677 3402 2733 per

1820 2747 1883 2789 ea
1910 2739 2310 2810 corrigeremur
2334 2754 2389 2800 et
2414 2748 2829 2818 instrueremur,
2848 2752 3118 2823 quomodo
3139 2750 3401 2824 consequi

1821 2825 2052 2882 salutem
2100 2829 2424 2891 valeremns.
2474 2835 2626 2894 Multi
2672 2840 2815 2896 enim
2868 2841 3211 2911 antelegem
3263 2841 3400 2913 justi

1821 2914 2045 2973 fuerunt
2070 2929 2125 2975 et
2152 2922 2378 2979 salutem
2408 2929 2686 2986 consecuti
2719 2939 2864 2987 sunt.
2896 2930 3051 2989 Unde
3069 2932 3398 3003 Apostolus:

1820 3007 1953 3078 Lex,
1977 3013 2175 3085 inquit,
2207 3033 2311 3072 non
2336 3030 2410 3074 est
2440 3023 2610 3091 posita
2631 3012 2814 3093 justis,
2838 3026 2929 3080 sed
2953 3025 3191 3097 injustis,
3220 3025 3402 3096 impiis

1822 3111 1869 3157 et
1898 3107 2259 3172 peccatoribus
2300 3109 2353 3181 (I
2396 3110 2532 3167 Tim.
2563 3112 2627 3187 ι).
2662 3102 2867 3185 Posita,
2893 3117 3088 3189 inquit,
3114 3133 3221 3174 non
3257 3133 3402 3174 sem-

1820 3208 1937 3263 per,
1963 3199 2054 3252 sed
2075 3203 2241 3256 donec
2267 3203 2463 3258 ueniret
2483 3208 2965 3274 semen,,Dominus
2984 3211 3192 3268 scilicet
3216 3219 3404 3268 noster

114 3308 242 3353 tum
257 3316 289 3352 a
304 3295 591 3366 Deo'.Quod
611 3301 1022 3355 testamentum?
1044 3309 1423 3381 testamentum
1455 3276 1719 3373 gratuita-

1820 3282 1980 3344 Jesus
2027 3287 2299 3358 Christus,
2343 3294 2399 3349 in
2430 3312 2532 3366 quo
2568 3301 2904 3369 promiserat,
2942 3302 3202 3359 subaudis
3234 3303 3399 3371 Deus,

114 3410 254 3450 rum
303 3396 748 3466 promissionum,
795 3397 910 3453 sive
945 3397 1334 3467 promissarum
1392 3396 1716 3468 gratiarum,

114 3488 258 3543 dico
286 3487 667 3543 confirmatum
697 3503 818 3545 esse
843 3503 873 3543 a
903 3488 1014 3544 Deo
1040 3489 1202 3544 Patre
1228 3489 1280 3544 in
1318 3497 1557 3559 tempore
1598 3507 1722 3563 gra-

112 3583 247 3646 tiae,
278 3596 377 3650 per
404 3590 628 3638 mortem
658 3582 937 3638 ‘testatoris
954 3580 1082 3638 Jesu
1103 3581 1329 3649 Christi,
1347 3583 1489 3654 quod
1519 3598 1720 3640 novum

115 3681 519 3729 testamentum
546 3683 791 3730 vocatur.
825 3673 977 3740 Quod
1009 3673 1054 3728 si
1083 3687 1211 3728 vere
1238 3672 1519 3744 sequimur
1552 3682 1609 3729 et
1633 3682 1719 3730 te-

109 3782 352 3832 nemus,
405 3766 599 3823 fratres
642 3766 969 3834 charissimi,
1000 3766 1353 3838 pignoramur
1409 3767 1497 3822 hic
1538 3766 1717 3850 gratia

1819 3376 2217 3438 benedicendas
2268 3399 2458 3443 omnes
2508 3399 2720 3460 gentes.
2754 3391 2879 3447 Fuit
2928 3402 3111 3450 autem
3143 3390 3228 3450 lex
3256 3393 3403 3451 ordi-

1821 3482 1968 3540 nata,
1997 3472 2050 3527 id
2079 3484 2163 3530 est
2211 3478 2459 3535 ordinate
2494 3478 2716 3537 statuta
2761 3483 2939 3540 medio
2979 3493 3217 3558 tempore
3258 3487 3403 3543 inter

1822 3571 2033 3636 tempus
2079 3566 2214 3640 legis
2268 3573 2531 3631 naturalis
2579 3585 2635 3631 et
2688 3586 2898 3648 tempus
2951 3579 3159 3649 gratiae.
3211 3579 3399 3638 Primo

1821 3658 1991 3726 enim,
2021 3659 2390 3732 fratres'mei,
2437 3669 2804 3727 convincenda
2845 3657 2962 3728 erat
3015 3674 3271 3746 superbia
3300 3675 3405 3731 bu-

1823 3765 1984 3808 mana
2013 3769 2111 3824 per
2158 3758 2460 3815 naturalem
2508 3760 2679 3834 legem
2731 3774 2788 3820 et
2821 3765 3081 3837 scriptam
3115 3786 3128 3822 :
3158 3778 3220 3823 ut
3249 3768 3400 3824 vide-

1824 3841 1950 3899 licet
1972 3856 2256 3918 postquam
2285 3850 2607 3923 intelligeret
2632 3854 2796 3913 homo
2821 3872 2881 3914 se
2908 3857 2976 3914 de
2996 3858 3204 3917 viribus
3242 3856 3404 3917 liberi

1729 3982 1733 3986 .
1824 3936 2057 4007 arbitrii,
2088 3956 2187 3997 nec
2214 3957 2311 4013 per
2332 3942 2505 4016 legem
2529 3949 2853 4015 naturalem,
2894 3967 2995 4009 nec
3021 3968 3120 4024 per
3145 3954 3404 4023 scriptam

1825 4043 1983 4098 posse
2013 4032 2301 4103 justificari
2329 4036 2414 4092 vel
2444 4038 2668 4119 salvari,
2700 4044 2768 4099 ad
2807 4045 3038 4114 gratiam
3066 4030 3401 4118 confugdzet,

105 4158 186 4198 ex
228 4141 371 4211 lege.
416 4139 598 4196 Primo
624 4148 708 4195 est
741 4140 844 4195 hoc
871 4140 1015 4211 quod
1046 4154 1167 4195 cum
1214 4137 1604 4209 promissiones
1634 4137 1719 4193 fu-
1823 4133 1879 4219 ξι
1908 4126 1974 4219 fle
1995 4138 2056 4181 se
2081 4127 2585 4199 άθδρθωυενιοιυιη
2613 4136 2679 4190 de
2700 4136 2875 4207 Simia
2901 4138 2999 4196 Dei
3025 4149 3404 4219 Pmsumemt-

106 4246 276 4292 tura:
309 4233 500 4289 salutis
523 4233 680 4290 facta:
718 4243 842 4290 sunt
869 4234 1124 4299 Abrahze,
1154 4233 1394 4288 nondum
1428 4242 1552 4287 erat
1596 4233 1719 4288 data

1823 4214 1949 4271 Fuit
1976 4225 2155 4274 autem
2186 4219 2273 4276 lex
2315 4224 2570 4315 ordinata.
2591 4244 2687 4298 per
2717 4230 2950 4302 angelos,
2982 4231 3038 4288 id
3072 4242 3158 4289 est
3184 4214 3282 4305 per
3306 4233 3409 4289 mi-

100 4331 247 4392 lex,
286 4345 388 4384 nec
431 4336 552 4400 post
597 4328 697 4383 fuit
736 4330 879 4391 data,
913 4326 1015 4382 nisi
1049 4335 1169 4397 post
1217 4325 1642 4395 quadringentos
1667 4332 1719 4380 et

1824 4307 2106 4367 nisterium
2136 4315 2475 4386 angelorum,
2503 4307 2602 4390 per
2625 4336 2762 4393 quos
2788 4322 3115 4395 loquebatur
3142 4326 3408 4383 Dominus

101 4418 365 4490 triginta
416 4433 608 4472 annos.
659 4417 724 4472 Et
771 4418 873 4472 hoc
920 4425 1004 4475 est
1040 4416 1181 4486 quod
1222 4416 1400 4471 dicit:
1435 4414 1567 4481 ρυτε
1602 4418 1737 4486 μου
1825 4402 1892 4458 ad
1919 4401 2161 4477 Moysen.
2192 4408 2289 4464 Vel
2312 4421 2460 4467 certe
2489 4413 2708 4484 angelos
2732 4415 2785 4471 id
2823 4425 2908 4473 est
2934 4419 3155 4474 nuntios
3184 4418 3278 4475 Dei
3312 4435 3406 4476 vo-

97 4514 547 4586 quadringentos
586 4522 632 4568 et
664 4512 881 4582 triginta
918 4526 1084 4566 annos
1139 4511 1286 4581 facta
1334 4518 1406 4563 est
1454 4514 1556 4576 lea),
1620 4526 1719 4565 non

1826 4506 1915 4552 cat
1940 4497 2159 4571 Moysen
2204 4512 2260 4558 et
2284 4504 2490 4573 Aaron,
2519 4517 2854 4580 cteterosque
2888 4510 3145 4567 doctores
3170 4511 3327 4584 legis,
3352 4520 3408 4569 et

98 4606 351 4661 ενι-ξηαπ
391 4604 516 4672 facit
556 4602 625 4657 ad
673 4603 1032 4657 evacuandum
1082 4600 1504 4671 promissionem,
1554 4600 1632 4656 Ac
1675 4600 1721 4656 si
1748 4642 1801 4702 Β
1830 4598 2007 4702 tamen
2030 4593 2068 4647 ii
2098 4603 2304 4701 tantum
2330 4595 2466 4667 legis
2503 4599 2736 4702 ministri
2755 4611 2941 4702 erant,
2978 4618 3086 4659 non
3113 4612 3404 4660 auctores:

97 4703 390 4758 diceret:
427 4692 501 4753 Si
525 4696 610 4752 lex
642 4688 951 4753 necessaria
986 4705 1131 4752 esset
1164 4694 1231 4749 ad
1281 4694 1719 4765 consequendam

1827 4683 1951 4753 quia
1986 4684 2071 4740 lex
2100 4696 2219 4742 erat
2245 4689 2301 4743 in
2328 4705 2511 4758 manu,
2545 4691 2597 4746 id
2641 4700 2725 4749 est.
2753 4693 2807 4748 in
2832 4703 3101 4764 potestate
3131 4705 3188 4751 et
3217 4706 3408 4753 aucto-

92 4792 463 4869 promissam
487 4789 874 4856 haereditatem,
896 4806 1016 4844 cum
1043 4789 1161 4861 ipsa
1182 4787 1343 4869 simul
1361 4787 1719 4859 promissione

1826 4775 1988 4832 ritate
2027 4779 2335 4835 mediatoris
2373 4781 2467 4837 Dei
2503 4791 2559 4838 et
2587 4784 2866 4841 hominum
2891 4786 3019 4844 Jesu
3057 4786 3284 4856 Christi,
3311 4790 3406 4860 qui

93 4884 416 4945 debuisset
445 4883 578 4947 dari,
612 4891 669 4937 ut
691 4875 1080 4937 determinaret
1103 4880 1547 4952 promissionem,
1577 4879 1725 4951 quod
1828 4876 2082 4941 ιεηίιιιειιη
2106 4873 2347 4928 omnium
2381 4873 2643 4933 υοωίηυδ
2664 4887 2988 4948 Ροῑθεῑθῑθιη
3011 4879 3200 4936 habuit
3229 4881 3406 4952 Ιθεθιιι

92 4977 374 5043 scilicet,
400 4975 503 5031 nisi
527 4990 623 5045 per
651 4974 822 5045 legem
851 4975 1110 5044 promissa
1141 4972 1430 5028 hacreditas
1461 4986 1566 5027 non
1595 4986 1724 5042 pos-
1750 4986 1755 4992 '
1825 4965 2100 5020 διθῑυθηάί
2130 4967 2347 5035 quando
2374 4966 2553 5024 νθηει·
2587 4968 2691 5026 Per
2728 4985 2891 5042 quem
2919 4971 3093 5029 εοιυῐη
3120 4973 3285 5044 (θυοδ
3308 4988 3408 5044 Per

90 5080 210 5127 set
259 5066 518 5121 obtineri.
564 5065 671 5121 Sed
709 5066 812 5121 hoc
846 5064 1099 5130 nonfuit,
1132 5063 1387 5144 quoniam
1420 5058 1564 5116 facta
1593 5076 1724 5133 pro-
1825 5053 1999 5129 legem
2039 5056 2157 5112 ﬁeri
2185 5073 2290 5113 non
2314 5059 2551 5134 poterat)
2581 5063 2637 5118 fit
2667 5066 2865 5134 gratia,
2905 5073 3108 5151 paxfet
3162 5066 3408 5125 reconci-

56 5159 422 5226 .missione,
447 5158 750 5225 Abraham,
776 5158 927 5214 lsaac
955 5164 1011 5211 et
1055 5154 1222 5211 Iacob
1251 5164 1380 5209 ante
1425 5154 1597 5225 legem
1627 5153 1725 5210 da—
1826 5149 1979 5206 liatio
2013 5151 2107 5208 Dei
2146 5162 2201 5208 et
2250 5153 2552 5211 hominum.
2583 5155 2736 5224 Quod
2764 5158 2892 5215 inde
2932 5168 3106 5231 patet,
3135 5160 3259 5232 quia
3299 5178 3408 5217 meo

94 5264 255 5311 tam
293 5252 494 5306 mortui
521 5258 667 5317 sunt,
699 5250 790 5322 qui
820 5257 1001 5305 tamen
1030 5246 1306 5306 consecuti
1339 5253 1465 5301 sunt
1496 5236 1727 5302 haet'edi?
1826 5242 2003 5297 diutor
2039 5252 2217 5315 autem
2260 5245 2418 5300 unius
2448 5262 2554 5301 non
2592 5256 2667 5302 est
2693 5262 2712 5301 -'
2747 5247 2891 5306 Deus
2921 5262 3116 5338 autem
3144 5270 3279 5309 unus
3309 5261 3404 5309 est.

90 5355 332 5404 tatem.
374 5333 475 5397 Ex'
503 5344 606 5399 hoc
630 5359 761 5414 ergo
786 5343 930 5414 quod
981 5351 1102 5413 post
1134 5351 1341 5398 tantum
1368 5354 1579 5416 tempus
1604 5348 1727 5410 post
1826 5332 1905 5390 Ac
1932 5333 1977 5389 si
1998 5344 2183 5404 aperte
2213 5336 2359 5392 dicat
2405 5354 2419 5392 :
2448 5337 2581 5394 Cum
2608 5336 2613 5341 ’
2624 5341 2843 5413 proprie
2873 5334 3142 5402 mediator
3193 5345 3409 5402 dicatur

88 5435 559 5513 promissionem
590 5436 850 5501 data‘est,
880 5441 1092 5490 constat
1112 5432 1235 5502 quia
1265 5432 1353 5488 lex
1386 5451 1491 5491 non
1521 5436 1724 5503 irritat,
1829 5426 1922 5496 (Ιυί
1953 5428 2326 5500 Ρπιίείρθηίιο
2351 5438 2406 5487 ει
2446 5432 2819 5491 conveniendi)
2847 5435 2992 5493 inter
3028 5439 3164 5493 duos
3192 5439 3410 5508 OPPUSi'
3445 5496 3449 5499 .

86 5546 241 5589 nec
279 5535 507 5583 evacuat
536 5528 970 5597 promissionem,
1003 5526 1056 5580 id
1106 5539 1189 5581 est
1234 5544 1398 5600 Opera
1448 5527 1581 5600 legis
1618 5545 1719 5586 non

1831 5530 1934 5589 tos,
1978 5538 2073 5579 eos
2097 5523 2166 5579 ad
2214 5523 2445 5582 invicem
2487 5529 2784 5600 componit,
2823 5530 2867 5586 si
2902 5530 3151 5613 Christus
3200 5539 3410 5614 tantum

86 5627 438 5683 destruunt
478 5620 704 5690 gratiam
755 5617 1150 5689 promissionis.
1183 5615 1468 5689 Similiter,
1525 5618 1728 5677 fratres
1762 5634 1765 5637 '
1830 5617 2024 5674 divina:
2052 5630 2280 5687 naturae,
2308 5619 2394 5677 vel
2422 5628 2630 5677 tantum
2680 5625 2933 5683 humanae
2957 5637 3121 5695 esset,
3146 5627 3412 5683 mediator

84 5715 291 5780 mei,
337 5722 616 5785 postquam
663 5715 832 5786 gratis
877 5713 946 5768 ad
984 5711 1146 5768 iidem
1189 5713 1366 5769 vocati
1420 5730 1627 5782 sumus,
1681 5715 1727 5773 si
1831 5711 1926 5768 Dei
1955 5723 2010 5769 et
2035 5713 2315 5769 hominum
2343 5730 2447 5770 non
2477 5725 2644 5775 esset.
2673 5718 2825 5776 Sicut
2846 5720 3014 5788 enim,
3041 5720 3238 5801 fratres
3279 5720 3410 5787 mei,

80 5816 335 5881 postea
382 5807 563 5879 aliqua
608 5807 750 5864 bona
784 5822 949 5879 opera
998 5806 1250 5875 facimus,
1301 5802 1409 5866 non
1437 5818 1728 5881 propterea
1768 5832 1771 5839 ν
1832 5807 2120 5878 aliquando
2145 5808 2337 5866 videtis
2365 5811 2418 5866 in
2447 5812 2819 5882 saecularibus,
2857 5814 3002 5887 quod
3041 5817 3261 5886 quando
3291 5815 3412 5871 dua:

77 5900 325 5966 gratia
369 5900 466 5959 Dei
493 5908 809 5966 evacuatur.
841 5915 944 5957 nec
980 5901 1125 5965 Deus
1147 5896 1438 5971 propterea
1467 5911 1729 5973 tanquam
1833 5902 2007 5960 tribus
2034 5901 2101 5959 ad
2129 5900 2363 5961 invicem
2387 5903 2487 5961 sibi
2538 5904 2910 5975 iuimicantur,
2948 5906 3110 5963 datur
3137 5906 3222 5966 vir
3250 5907 3413 5966 unius

98 3858 536 3928 jnstificationis
590 3864 775 3925 novm,‘
806 3867 864 3915 et
915 3859 971 3914 in
1022 3858 1205 3915 futuro
1272 3858 1717 3939 haereditabimur

107 3967 343 4012 wterna
379 3954 728 4011 beatitudine.

200 4044 420 4105 Tertio
445 4048 784 4104 demonstrat
807 4048 1098 4119 Apostolus
1126 4048 1270 4120 quod
1315 4046 1464 4104 salus
1493 4062 1599 4103 non
1629 4054 1717 4102 est
