3896 6320
130 394 277 452 Ξοῶδ

848 387 1166 451 ιιοιιιιιλε
1212 388 1279 449 ΙΝ
1316 380 1541 453 EPIST.
1567 384 1653 451 E'l'
1679 395 1711 451 ε

1820 392 1931 449 NG.
1972 384 2272 448 DOMINIC.
2301 419 2375 436 --
2413 388 2594 448 PARS
2630 388 2693 448 ll.

3241 391 3387 454 2046

207 507 465 576 Sequitur
503 520 629 576 pars
684 507 936 570 secunda,
993 521 1114 560 cum
1170 506 1460 560 subditur:
1497 503 1561 560 Et
1600 523 1715 560 ecce
1742 510 1793 570 Α
1821 504 1924 563 nisi
1959 509 2011 563 iu
2055 509 2277 572 bonum,
2307 513 2361 561 et
2391 504 2458 560 ad
2503 504 2723 570 bonum,
2758 504 2810 557 id
2866 512 2951 562 est
3001 513 3059 559 ut
3099 501 3399 561 efﬁciamur

131 601 348 672 quidam
379 598 701 668 legisperitus
726 599 955 654 surrexit
987 604 1191 653 tentans
1220 615 1360 665 eum,
1408 608 1455 653 et
1484 598 1663 653 dicens
1694 616 1712 655 :

134 692 412 763 Magister,
441 693 567 763 quid
617 692 871 762 faciendo.
902 692 1060 746 vitam
1111 702 1360 749 aeternam
1402 693 1717 764 possidebof

134 782 308 853 Hujus
351 781 647 851 legisperiti
719 781 900 847 oculi,
961 782 1063 837 etsi
1117 781 1373 837 videbant
1426 783 1715 838 Dominum

132 873 398 938 exterius,
443 882 623 928 tamen
678 888 785 929 non
827 874 1085 930 videbant
1131 874 1185 929 in
1216 887 1283 930 eo
1309 888 1373 930 ea
1403 888 1524 944 quae
1553 874 1717 930 disci-

130 966 249 1037 puli
280 965 556 1020 videbant.
581 964 697 1020 Non
731 965 985 1022 videbant
1022 967 1076 1022 in
1110 966 1445 1023 humanitate
1466 965 1717 1023 divinita-

129 1065 266 1120 tem,
299 1055 353 1110 in
382 1054 688 1111 humilitate
713 1056 1076 1124 majestatem,
1130 1056 1186 1111 iu
1235 1038 1460 1113 stultitia
1500 1058 1717 1128 sapiens

126 1149 289 1203 tiam.
317 1146 563 1203 Habebat
596 1147 741 1202 enim
770 1147 824 1202 in
868 1147 1025 1202 oculo
1056 1148 1389 1220 albuginem,
1438 1150 1492 1204 id
1528 1159 1613 1205 est
1656 1147 1716 1205 in

124 1240 359 1297 scientia
389 1239 702 1308 superbiant
733 1254 747 1293 :
776 1239 897 1296 talis
928 1254 960 1294 a
991 1241 1295 1297 ministerio
1336 1242 1431 1297 Dei
1457 1244 1715 1311 reproba-

128 1341 244 1387 tur.
304 1330 533 1386 Humilis
579 1330 779 1402 quippe
835 1332 1064 1388 scientia
1114 1333 1281 1398 videt,
1327 1334 1557 1403 superba
1605 1346 1715 1387 non

123 1424 299 1480 videt.
332 1425 397 1479 Et
434 1423 667 1493 superba
699 1422 925 1478 scientia
966 1409 1261 1495 legisperiti
1304 1439 1432 1480 eum
1472 1422 1711 1491 inﬂabat,

126 1531 242 1571 non
275 1527 456 1571 autem
484 1513 808 1570 aediﬁcabat.
836 1514 1148 1571 Ostenditur
1184 1516 1346 1584 igitur
1370 1530 1437 1570 ex
1466 1515 1711 1580 scientia,

123 1623 296 1677 quam
325 1607 443 1661 sine
481 1606 790 1662 humilitate
847 1616 903 1661 et
953 1605 1214 1661 charitate
1267 1606 1475 1668 imbuit,
1519 1606 1712 1673 elatus,

112 1696 384 1768 iactator,
408 1709 462 1754 et
482 1707 845 1769 contemptor.
877 1698 1062 1755 Elatus
1079 1714 1200 1754 cum
1227 1698 1444 1767 dicitur,
1465 1700 1714 1753 surrexit.

119 1792 258 1848 Plus
287 1793 432 1848 enim
458 1802 638 1847 mente
668 1807 831 1861 quam
861 1805 1092 1862 corpore
1139 1807 1197 1846 se
1234 1792 1477 1846 elevasse
1520 1791 1714 1847 intelli-

121 1884 337 1954 gendus
364 1890 468 1937 est.
519 1880 763 1937 luctator
796 1890 851 1938 et
902 1888 1263 1951 contemptor,
1311 1896 1434 1936 cum
1475 1896 1538 1936 ea
1591 1897 1713 1951 qua:
1744 1868 1787 1925 Β

120 1984 378 2038 noverat,
424 1975 722 2044 quaerebat,
767 1989 873 2030 non
932 1985 990 2029 ut
1013 1974 1319 2030 addisceret
1353 1972 1435 2026 vel
1468 1973 1708 2039 doceret,

116 2069 219 2125 sed
252 2078 313 2123 ut
339 2068 621 2123 scientiam
649 2082 799 2123 suam
820 2065 1121 2136 jactitaret,
1154 2074 1210 2121 et
1244 2065 1468 2120 alterius
1495 2064 1708 2134 simpli-

116 2164 354 2219 citatem
402 2161 693 2217 derideret.
727 2161 926 2227 Quales
952 2160 1117 2231 (unde
1143 2158 1431 2213 dolendum
1461 2158 1565 2226 est)
1587 2165 1714 2214 sunt

117 2253 289 2309 hodie
326 2252 571 2322 plerique
598 2251 863 2320 magistri,
896 2250 987 2320 qui
1017 2249 1084 2303 de
1109 2248 1334 2302 scientia
1367 2264 1462 2302 sua
1515 2247 1709 2313 inflati,

115 2347 312 2419 legunt
336 2356 388 2403 et
418 2348 722 2417 disputant,
755 2360 861 2399 non
911 2352 972 2398 ut
1001 2342 1105 2397 sibi
1138 2343 1221 2396 vel
1251 2342 1371 2397 aliis
1399 2341 1711 2412 proficiant,

111 2441 218 2494 sed
247 2448 305 2493 ut
330 2454 389 2495 se
415 2445 714 2502 ostentent,
742 2444 798 2491 et
822 2434 1097 2505 simplices
1119 2433 1474 2490 confundant.
1510 2435 1615 2490 Sed
1656 2435 1711 2490 hi

110 2532 370 2600 profecto
400 2531 527 2587 licet
556 2529 755 2586 multas
785 2529 995 2583 litteras
1040 2527 1311 2595 noverint,
1366 2538 1546 2583 tamen
1578 2528 1708 2597 quia

109 2621 431 2692 albuginem
460 2622 665 2677 habent
726 2621 782 2675 in
814 2618 996 2685 oculo,
1029 2619 1262 2674 divinam
1294 2618 1348 2672 in
1404 2617 1711 2674 humilitate

108 2716 442 2785 sapientiam
479 2730 586 2772 non
617 2716 818 2771 vident.
858 2715 935 2770 De
962 2714 1159 2784 quibus
1187 2713 1388 2768 dicitur
1419 2729 1434 2768 :
1467 2711 1603 2777 Quia
1626 2712 1711 2767 di-

104 2817 366 2863 centesse
398 2824 507 2862 esse
534 2810 787 2877 sapientes
818 2805 964 2861 stulti
988 2810 1113 2876 [acti
1134 2816 1252 2860 sunt
1277 2803 1455 2876 (Rom.
1486 2804 1549 2875 t).
1580 2804 1708 2859 dum

102 2904 392 2975 Dapieutia
419 2905 582 2960 verba
600 2919 709 2960 non
730 2918 976 2975 saporem
997 2902 1219 2959 habent.
1244 2901 1311 2956 At
1329 2901 1590 2956 Dominus
1614 2901 1707 2971 qui

104 3006 350 3053 noverat
375 3013 499 3052 eum
524 3012 688 3053 causa
719 2996 964 3051 tentandi
993 2996 1095 3050 hoc
1122 2994 1458 3064 qumsivisse,
1488 2994 1564 3048 ait
1592 3007 1607 3046 :
1639 2991 1708 3047 In

102 3090 233 3161 lege
255 3092 381 3161 quid
396 3092 646 3161 scriptum
673 3098 750 3145 est
774 3090 800 3144 1
833 3090 1108 3155 Quomodo
1147 3088 1275 3158 legis
1301 3089 1327 3143 1
1350 3088 1705 3143 Occasionem

101 3184 479 3255 magistrandi
507 3183 765 3239 Dominus
783 3182 1092 3253 legisperito
1123 3182 1311 3246 donat,
1357 3181 1500 3250 quod
1530 3181 1706 3235 maxia

101 3292 213 3331 nte
243 3275 501 3332 aﬁ‘ectarc
528 3292 654 3332 eum
679 3274 910 3331 sciebat.
935 3275 1071 3330 Cum
1096 3275 1240 3330 enim
1263 3274 1495 3343 superba
1523 3272 1702 3328 scien-

98 3367 414 3433 tia,etiam
444 3382 553 3423 non
600 3367 957 3439 interrogata,
997 3365 1273 3421 multoties
1323 3366 1519 3421 docere
1567 3379 1710 3435 prae-

93 3470 327 3525 sumat,
360 3469 489 3515 tunc
521 3460 754 3516 maxime
784 3442 983 3530 gaudet
1004 3471 1126 3513 cum
1152 3458 1537 3529 interrogatur,
1581 3457 1709 3527 quia

92 3552 301 3608 locum
335 3551 687 3622 magistrandi
731 3559 789 3606 et
824 3564 884 3606 se
938 3549 1250 3605 ostentandi
1297 3549 1522 3613 invenit,
1564 3547 1710 3618 quod

89 3645 363 3704 maxime
391 3645 758 3702 desiderabat.
783 3642 1006 3713 Diliges,
1026 3641 1518 3713 inquit,Dominum
1543 3641 1710 3697 Deum

93 3750 295 3797 suum.
332 3739 393 3795 ln
419 3739 522 3795 hoc
549 3739 808 3794 mandato
831 3736 1236 3793 demonstratur
1273 3751 1441 3806 quare
1483 3735 1555 3792 sit
1596 3734 1714 3790 dili-

96 3834 330 3905 gendus
358 3833 523 3895 Deus.
557 3836 614 3887 et
640 3840 931 3902 quantum.
955 3831 1139 3899 Quare
1168 3829 1191 3883 ἲ
1215 3828 1298 3886 Ob
1334 3837 1449 3885 tres
1493 3842 1709 3884 causas.

94 3926 309 3984 Prima
335 3935 418 3980 est
444 3925 570 3997 quia
596 3935 679 3981 est
729 3925 903 3980 bonus
930 3923 986 3978 in
1013 3937 1073 3979 se
1097 3940 1114 3990 ;
1138 3924 1281 3995 quod
1307 3922 1481 3978 innuit
1503 3922 1555 3977 in
1609 3923 1714 3977 hoc

96 4019 271 4095 quod
330 4020 427 4085 ait,
456 4019 642 4075 Deum.
669 4017 940 4083 Secunda,
972 4016 1098 4087 quia
1121 4016 1319 4072 meruit
1362 4015 1509 4086 diligi
1539 4031 1568 4070 a
1616 4029 1715 4070 no-

96 4117 205 4173 bis
230 4129 337 4171 nos
357 4113 613 4179 creando,
650 4110 962 4176 nutriendo,
988 4108 1301 4165 redimendo
1327 4125 1343 4176 ;
1371 4108 1514 4180 quod
1537 4107 1715 4162 innuit

95 4225 252 4268 cum
285 4207 401 4263 ait:
434 4205 739 4262 Dominum.
776 4204 981 4268 Tertia,
1014 4203 1141 4273 quia
1189 4202 1424 4271 seipsqu
1478 4199 1532 4253 in
1577 4211 1717 4270 prie.

93 4300 299 4357 mium
324 4295 672 4366 diligentibus
704 4308 765 4350 se
798 4293 1026 4358 tribuit;
1074 4293 1216 4361 quod
1266 4290 1443 4345 innuit
1494 4289 1551 4344 in
1608 4291 1714 4342 hoc

91 4390 274 4463 quod
297 4388 514 4453 dicitur,
540 4396 710 4441 tuum.
756 4384 1028 4453 Quantum
1084 4396 1214 4437 vero
1263 4379 1567 4450 diligendus
1622 4377 1714 4445 sit,

88 4479 387 4545 ostendit,
414 4494 537 4533 cum
568 4477 643 4532 ait
672 4494 688 4530 :
718 4475 803 4531 Ex
833 4485 940 4530 toto
973 4474 1149 4538 corde,
1175 4482 1224 4527 et
1264 4488 1331 4526 ex
1362 4478 1475 4525 tota
1513 4470 1716 4534 animo,

1817 597 1965 654 boni.
2000 598 2260 654 Similiter
2289 595 2595 667 proximum
2618 599 2860 649 nostrum
2891 610 2995 651 non
3025 595 3282 650 debemus
3306 593 3396 650 di-

1818 693 1989 765 Περι-ο
2015 693 2119 747 nisi
2164 692 2218 745 in
2248 691 2392 747 bono
2431 699 2486 745 et
2515 688 2582 743 ad
2627 687 2851 754 bonum,
2899 687 2951 743 id
2987 696 3090 751 est,
3143 685 3197 741 in
3252 687 3396 741 bono

1816 787 1960 858 quod
1982 784 2093 855 jam
2122 784 2306 851 habet,
2348 782 2429 837 vel
2463 788 2521 834 ut
2577 779 2794 843 habeat,
2827 787 2885 832 ιιι
2928 779 3137 835 scilicet
3184 777 3390 833 bonunt

1818 878 1959 949 quod
1981 877 2139 933 nobis
2171 876 2300 945 ipsis
2320 875 2586 939 volumus,
2615 870 2878 944 proximis
2897 870 3143 925 velimus.
3179 868 3394 926 Discre-

1818 977 1872 1025 te
1900 972 2080 1042 igitur,
2120 969 2314 1024 fratres
2338 967 2461 1031 mei,
2491 977 2598 1020 tam
2644 979 2743 1019 nos
2780 978 2941 1033 quam
2975 963 3254 1031 proximos
3296 976 3396 1016 no-

1816 1069 1958 1115 stros
1985 1059 2285 1130 diligamus.
2324 1056 2455 1111 Nam
2486 1056 2628 1111 sicut
2686 1063 2876 1125 peccat
2930 1053 3020 1122 qui
3068 1066 3175 1106 non
3221 1050 3401 1121 diligit

1816 1152 2017 1208 bonum
2050 1153 2101 1206 in
2130 1151 2401 1223 proximo,
2430 1150 2502 1204 ita
2546 1156 2731 1219 peccat
2756 1147 2848 1218 qni
2877 1161 2983 1201 non
3031 1146 3147 1201 odit
3190 1143 3392 1200 malum

1817 1242 1872 1298 in
1898 1259 1980 1297 eo.
2008 1241 2143 1311 Hoc,
2176 1244 2370 1314 inquit,
2404 1241 2488 1312 fac
2516 1251 2562 1295 et
2586 1242 2740 1296 vives.
2770 1241 2846 1294 Ac
2870 1239 2916 1295 si
2943 1238 3108 1306 dicat,
3138 1253 3244 1293 non
3281 1235 3386 1292 suf-

1818 1334 1932 1388 ficit
1959 1343 2168 1387 tantum
2198 1335 2357 1398 scire,
2383 1333 2527 1387 unde
2555 1341 2607 1387 tu
2633 1330 2903 1403 gloriaris.

1889 1423 2147 1493 Sequitur
2172 1438 2299 1493 pars
2349 1422 2531 1487 tertia,
2564 1423 2616 1476 in
2661 1438 2768 1490 qua
2824 1419 3165 1493 legisperitus
3213 1418 3381 1475 sciens

1818 1517 1961 1588 quod
2004 1516 2246 1587 pluribus
2277 1515 2452 1570 modis
2479 1515 2678 1570 dicitur
2729 1514 3030 1585 proximus,
3060 1512 3145 1568 vel
3194 1526 3380 1582 cognao

1819 1610 1983 1671 tione,
2015 1606 2099 1661 vel
2129 1606 2520 1672 familiaritate,
2548 1606 2634 1661 vel
2665 1606 2787 1667 ﬁde.
2817 1607 2902 1661 vel
2925 1615 3124 1670 mente,
3146 1604 3230 1660 vel
3255 1605 3393 1670 loco,

1819 1700 2009 1771 quaerit
2036 1699 2160 1769 quis
2199 1700 2252 1753 iu
2279 1700 2382 1753 hoc
2433 1698 2553 1754 loco
2602 1699 2884 1769 proximus
2922 1698 3280 1769 intelligatur.
3323 1695 3395 1751 In

1817 1794 1914 1848 Itoc
1939 1791 2114 1846 volens
2130 1790 2428 1861 justiﬁcare
2456 1790 2703 1859 seipsttm,
2733 1792 2785 1846 id
2816 1800 2900 1845 est
2929 1807 2987 1847 se
3013 1800 3287 1846 ostentare
3310 1791 3394 1842 in-

1814 1887 2128 1956 quisitorem
2154 1884 2470 1954 prudentem
2494 1892 2548 1936 et
2564 1882 2785 1950 justum.
2817 1881 2884 1937 Et
2905 1882 3191 1949 suspiciens
3212 1881 3272 1936 in
3291 1895 3395 1934 cte-

1815 1982 1927 2034 lum
1962 1979 2143 2041 Jesus,
2172 1979 2223 2031 iu
2256 1992 2364 2044 quo
2392 1974 2736 2046 signiﬁcabat
2762 1988 2821 2028 se
2844 1988 3034 2043 magna
3059 1982 3116 2026 et
3143 1971 3397 2040 spiritua-

1812 2074 1882 2129 lia
1905 2074 2196 2135 dicturum,
2224 2071 2333 2124 ait:
2363 2067 2533 2121 Homo
2565 2054 2782 2137 quidam
2810 2064 3151 2119 descendebat
3185 2080 3216 2117 a
3239 2062 3398 2118 leru-

1812 2164 1977 2217 salem
2015 2165 2070 2216 in
2106 2161 2343 2224 Iericho,
2382 2167 2427 2214 et
2461 2158 2645 2212 incidit
2677 2157 2731 2212 in
2776 2156 3029 2220 latrones,
3067 2162 3174 2211 etc.
3203 2152 3263 2208 In
3294 2155 3396 2210 hac

1812 2253 2091 2324 paraboia,
2121 2251 2317 2306 fratres
2364 2249 2495 2314 mei,
2546 2246 2787 2303 ostendit
2840 2246 3100 2302 Dominus
3150 2245 3274 2316 quis
3325 2244 3397 2301 sit

1813 2347 2093 2418 proximus
2145 2352 2375 2407 noster;
2415 2342 2542 2411 quia
2589 2341 2769 2396 omnis
2810 2338 2905 2410 qui
2942 2348 3149 2395 naturae
3196 2345 3399 2393 nostras

1812 2439 2084 2510 particeps
2107 2443 2228 2500 est,
2255 2444 2310 2491 et
2337 2434 2516 2504 qualis
2565 2433 2757 2491 debeat
2799 2445 2922 2487 esse
2946 2430 3230 2501 prosimus
3266 2442 3397 2498 erga

1813 2530 2141 2601 proximum,
2171 2526 2297 2595 quia
2326 2524 2591 2594 benignus
2612 2531 2668 2579 et
2697 2524 3008 2578 misericors
3029 2534 3126 2591 per
3155 2518 3400 2576 charita-
3444 2580 3447 2582 η

1814 2632 1920 2676 tem
1949 2628 2003 2675 et
2026 2617 2472 2689 compassionem.
2501 2615 2660 2672 Juxta
2694 2614 2981 2685 mysticum
2999 2628 3128 2669 vero
3151 2626 3395 2677 sensum,

1812 2713 2049 2768 ostendit
2078 2710 2340 2767 Dominus
2364 2723 2424 2764 se
2443 2723 2556 2778 pra
2581 2707 2797 2763 caeteris
2816 2705 3121 2776 proximum
3142 2717 3263 2760 esse
3291 2702 3395 2757 hu-

1809 2806 1954 2862 mani
1969 2803 2202 2876 generis,
2216 2816 2321 2857 non
2339 2810 2543 2857 tantum
2555 2800 2848 2857 secundum
2860 2813 3105 2863 carnem,
3121 2796 3215 2852 sed
3230 2793 3399 2850 etiam

1811 2899 2105 2955 secundum
2141 2898 2482 2964 charitatem,
2512 2894 2938 2965 t-ompassionom
2978 2900 3035 2946 et
3074 2888 3403 2959 redemptio-

1809 3009 1957 3058 nem,
1982 3007 2144 3063 quam
2169 2992 2325 3046 nobis
2345 2988 2633 3045 immeritis
2651 2985 2913 3042 exhibuit.
2928 2982 3090 3039 Juxta
3113 2981 3256 3052 quod
3287 2980 3406 3064 ipse

1809 3088 1886 3143 ait
1912 3104 1928 3141 :
1961 3084 2219 3155 Hajorem
2250 3084 2348 3137 hac
2366 3081 2696 3136 dilectionem
2728 3095 2877 3134 nemo
2898 3076 3051 3131 habet
3088 3084 3143 3128 ut
3169 3073 3403 3128 animans

1809 3194 1960 3233 suam
1972 3186 2128 3245 ponat
2143 3176 2256 3245 quis
2274 3190 2367 3243 pro
2382 3174 2565 3227 amicis
2586 3172 2696 3227 suis
2711 3170 2894 3239 (Joan.
2909 3163 3404 3236 xv).Ostenduntur

1813 3278 1993 3324 autem
2013 3267 2065 3321 in
2083 3266 2188 3320 hac
2209 3280 2273 3333 pa
2284 3263 2464 3319 raboia
2483 3271 2736 3332 quatuor,
2752 3260 2905 3317 ruina
2925 3257 3142 3329 generis
3155 3253 3401 3318 humani,

1809 3358 2115 3430 persecutio
2153 3356 2372 3419 diaboli,
2406 3353 2783 3410 insul‘licieutia
2829 3352 2985 3423 legis,
3016 3347 3397 3405 misericordia

1810 3453 2032 3509 Christi.
2053 3450 2229 3506 Ruina
2265 3449 2480 3522 generis
2513 3447 2736 3504 humani
2771 3444 3235 3509 ostenditur,cutu
3262 3441 3396 3498 dici-

1808 3554 1902 3601 tur
1917 3562 1930 3597 :
1950 3542 2343 3612 llomoquidam
2356 3538 2696 3595 descendebat
2710 3537 2775 3592 ab
2787 3534 3080 3593 Jerusalem
3097 3535 3156 3589 in
3164 3533 3402 3599 Iericho,

1811 3645 1860 3691 et
1884 3634 2070 3690 incidit
2094 3632 2149 3687 in
2169 3632 2423 3687 latrones.
2457 3629 2631 3687 Homo
2656 3628 2801 3685 enim
2828 3627 2931 3682 iste
2975 3626 3272 3683 humanum
3311 3637 3407 3692 ge-

1812 3743 1917 3784 nus
1943 3735 2026 3782 est
2052 3742 2067 3792 ;
2099 3726 2191 3796 qui
2225 3725 2281 3779 iu
2324 3723 2498 3794 primo
2524 3720 2763 3785 homine,
2806 3718 2935 3772 dum
2962 3731 3058 3786 per
3093 3712 3404 3784 superbiam

1815 3822 2105 3885 ascendere
2126 3818 2315 3882 voluit,
2346 3814 2641 3875 descendit.
2662 3811 2938 3882 Scriptum
2963 3816 3047 3864 est
3072 3808 3215 3862 enim
3239 3806 3407 3859 :Ants

1815 3918 2022 3973 ruinam
2054 3912 2376 3969 excitabitur
2399 3926 2491 3969 cor
2518 3907 2701 3980 (Prov.
2739 3904 2877 3975 avt).
2915 3901 3205 3985 Descendit
3230 3898 3424 3970 igitur-

1816 4027 1845 4063 a
1873 4005 2175 4065 Jerusalem
2212 4003 2420 4061 caelesti
2461 4002 2530 4059 ad
2557 4013 2722 4070 quam
2752 4006 2970 4055 creatus
2996 3992 3196 4059 fuerat,
3220 3995 3276 4046 in
3309 3989 3407 4045 lea

1813 4102 1982 4163 richo,
2020 4097 2071 4153 id
2098 4106 2203 4163 est,
2229 4096 2283 4151 in
2307 4092 2576 4155 defectum
2605 4090 2767 4159 hujus
2790 4087 3000 4144 mundi.
3021 4083 3243 4141 Jericho
3269 4095 3422 4136 vero.

1817 4192 2050 4261 defectus
2078 4188 2192 4244 sive
2212 4188 2339 4241 luna
2360 4185 2765 4255 interpretatur.
2779 4180 2851 4235 Et
2873 4178 3080 4242 incidit,
3104 4173 3404 4261 peccando,

1817 4256 1895 4335 inv
1919 4277 2172 4343 latrones,
2204 4274 2257 4330 id
2300 4281 2384 4327 est
2421 4271 2475 4326 in
2504 4277 2831 4342 potestatem
2870 4262 3283 4326 daemoniorum,
3312 4256 3405 4330 qui

1819 4373 2055 4428 latenter
2085 4368 2315 4425 insidias
2342 4380 2469 4421 suas
2521 4364 2620 4418 sub
2650 4360 2830 4439 specie
2857 4357 3125 4430 serpentis
3154 4353 3395 4422 rectique
3468 4391 3475 4395 .

1820 4464 2031 4521 consilii
2055 4459 2419 4517 occultabant.
2465 4457 2532 4510 Et
2566 4470 2691 4510 mox
2733 4460 2919 4524 aperta
2948 4446 3254 4522 persecutio
3280 4444 3401 4499 dia-

90 4584 165 4633 et
192 4589 270 4628 es
310 4533 420 4626 (cia
448 4580 635 4633 mente,
674 4578 723 4622 et
767 4583 831 4622 es
860 4567 984 4620 totis
1032 4566 1230 4621 uiribus
1278 4562 1419 4628 tuis;
1454 4561 1509 4615 id
1535 4569 1618 4615 est
1651 4533 1716 4614 ex
1746 4579 1798 4638 η
1824 4558 1931 4614 boli
1979 4554 2322 4618 ostenditur,
2356 4565 2477 4605 cum
2506 4547 2774 4610 subditur,
2810 4543 2902 4638 qui
2940 4539 3100 4638 etiam
3126 4533 3404 4638 exs-polia-

90 4674 246 4723 toto
277 4662 419 4733 quod
448 4660 579 4728 scis,
606 4675 673 4716 ex
698 4667 809 4714 toto
846 4657 988 4729 quod
1018 4656 1177 4719 vivis,
1210 4670 1278 4709 ex
1309 4662 1420 4708 toto
1449 4651 1594 4721 quod
1623 4665 1719 4722 po-

86 4767 235 4813 tes.
260 4753 344 4809 Ac
377 4753 423 4807 si
454 4752 695 4808 dicatur:
725 4747 927 4805 Omnes
955 4746 1245 4818 potentias,
1270 4744 1433 4806 vires,
1468 4742 1718 4808 virtutes,

88 4857 337 4912 motus,
369 4854 424 4901 et
451 4851 603 4899 actus
642 4851 763 4898 tuos
802 4839 1000 4911 diriges
1036 4839 1102 4892 ad
1155 4837 1325 4907 Deum
1368 4833 1717 4907 diligendum.

1822 4660 2001 4707 verunt
2023 4664 2163 4717 eum,
2188 4645 2439 4718 gratuitis
2475 4642 2683 4695 scilicet
2714 4636 2892 4702 bonis,
2916 4642 2975 4690 ut
3026 4630 3317 4687 virtutibus
3348 4635 3407 4685 et

1823 4740 2089 4797 fructibus
2117 4752 2324 4794 earnm.
2354 4732 2538 4805 Plagis
2569 4732 2726 4788 etiam
2764 4726 3038 4797 impositis,
3063 4719 3318 4778 subaudis
3348 4718 3404 4774 in

1823 4832 2158 4889 naturalibus
2185 4829 2359 4892 bonis,
2390 4835 2448 4880 ut
2475 4825 2530 4879 in
2574 4821 2865 4888 intellectu,
2913 4815 3176 4874 memoria
3224 4823 3280 4868 et
3308 4812 3407 4866 hu-

90 4903 244 4999 ἐξά
277 4903 407 5010 quid
427 4936 544 4991 vult
571 4936 696 5000 sibi,
731 4903 936 4991 fratres
963 4931 1088 4996 mei,
1120 4903 1272 4984 tanta
1318 4903 1608 4984 verborum
1636 4925 1721 4980 in-
1818 4926 2077 4997 jusmodi.
2109 4920 2370 4978 Gratuitis
2405 4917 2604 4991 quippe
2629 4914 2785 5010 bonis
2811 4927 2934 4968 eum
2964 4908 3185 4980 penitus
3221 4903 3406 5010 priva:

85 5001 396 5090 (ιιιιωῖἱοῖ
420 5027 609 5083 Nonne
634 5027 683 5083 si
727 5024 962 5080 dixisset
992 5032 1198 5077 tantum
1246 5036 1314 5076 ex
1362 5028 1475 5075 toto
1531 5017 1722 5082 corde,
1827 5024 2055 5074 verunt:
2091 5009 2436 5068 Naturalibus
2466 5020 2594 5062 vero
2640 5003 2798 5060 bonis
2849 5016 2956 5056 non
3010 5012 3136 5054 eum
3172 5001 3407 5090 penitus

82 5124 270 5184 satis
339 5118 704 5178 dixissetIAd
734 5116 1018 5188 majorem,
1067 5113 1286 5178 fratres,
1323 5110 1726 5182 expressionem
1826 5111 2175 5184 privaverunt
2202 5118 2217 5158 :
2248 5101 2345 5156 sed
2366 5115 2429 5155 ea
2463 5098 2516 5153 in
2549 5112 2616 5153 eo
2643 5095 3132 5188 deterioraverunt.
3262 5083 3408 5140 abic-

84 5221 341 5278 dictum
375 5224 496 5284 est;
540 5224 595 5271 et
642 5213 689 5271 si
726 5179 1037 5283 expressius
1074 5214 1256 5279 posset
1282 5179 1593 5278 expressius
1616 5203 1723 5258 hoc
1827 5179 1947 5258 runt
1976 5214 2081 5254 non
2110 5195 2304 5251 laedere
2327 5190 2608 5254 cessando,
2651 5187 2746 5243 sed
2777 5179 3410 5284 [uendente-minim.“-

85 5269 173 5374 :1;
188 5269 686 5381 sissetrquoniam
706 5269 982 5378 nunquam
1008 5269 1141 5360 salis
1178 5269 1376 5357 dicitur
1406 5300 1549 5371 quod
1590 5315 1725 5353 nun-
1828 5297 1971 5351 ticto.
2001 5292 2050 5347 Δ
2077 5306 2185 5362 quo
2205 5297 2259 5345 et
2289 5287 2374 5343 cui
2398 5286 2421 5339 2
2449 5283 2493 5338 Α
2522 5284 2654 5381 Deo,
2674 5279 2789 5381 sibi
2829 5275 3060 5381 homini:
3090 5271 3209 5381 Fuit
3229 5269 3404 5381 enim,

85 5367 301 5480 ξῦεω
325 5367 458 5459 satis
488 5402 686 5473 agitur.
713 5367 997 5470 Nunquam
1020 5396 1165 5454 enim
1211 5394 1346 5449 satis
1372 5367 1516 5463 diligi
1546 5397 1726 5460 potest
1828 5389 2082 5458 exigente
2110 5390 2339 5455 peccato
2366 5393 2483 5444 suo,
2512 5374 2763 5480 a‘divi‘no.
2792 5369 2994 5428 auxilio
3022 5367 3333 5472 destitutus,
3356 5368 3414 5417 ct

62 5459 285 5559 iis—eus
313 5510 346 5549 a
370 5459 553 5549 nobis...
582 5490 753 5547 Nemo
777 5459 922 5546 enim
945 5504 1071 5545 eum
1101 5494 1314 5542 tantum
1346 5459 1728 5552 diligetiquan-
1780 5546 1787 5553 _
1830 5494 1931 5536 suo
1955 5476 2178 5533 arbitrio
2209 5472 2519 5530 derelictus.
2550 5466 2669 5523 Non
2689 5466 2788 5522 fuit
2809 5473 2990 5520 tamen
3015 5459 3237 5559 omnino
3258 5469 3410 5559 .mor-

603 5593 865 5658 quantum
895 5582 1065 5638 amari
1096 5579 1290 5651 dignus
1316 5583 1417 5631 est.
1446 5546 1523 5628 lit
1546 5546 1727 5644 proxi-
1780 5546 1787 5553 ’
1829 5580 1980 5639 tuus,
2014 5569 2124 5625 sed
2154 5565 2464 5622 semivivus.
2512 5560 2779 5630 Quoniam
2824 5574 2931 5614 non
2958 5553 3133 5658 potuit
3165 5546 3412 5658 diabolus

90 5643 310 5746 meum,
348 5643 546 5750 inquit,
601 5643 752 5734 tum
805 5677 940 5732 sicut
993 5643 1231 5745 teipsurn.
1286 5667 1401 5723 Non
1453 5643 1599 5723 enim
1652 5666 1730 5723 ait
1832 5665 2047 5723 auferre
2077 5661 2290 5734 penitus
2329 5655 2533 5714 homini
2582 5653 2869 5711 scintillam
2916 5647 3155 5750 rationi-s-
3195 5645 3275 5750 in,
3306 5643 3411 5746 lto-

98 5733 821 5852 asian'tumiteipsuudhoc
868 5770 1013 5828 enim
1060 5733 1092 5822 ιι
1136 5764 1283 5821 nullo
1328 5759 1582 5832 exigitur)
1633 5759 1728 5816 sed
1833 5759 1998 5825 mine.
2036 5733 2154 5828 quae
2185 5753 2236 5810 ei
2271 5753 2437 5809 etiam
2468 5765 2591 5806 cum
2641 5755 2853 5822 peccat,
2901 5744 3077 5800 dicit:
3108 5733 3408 5852 Mslefacis.

101 5830 300 5938 acut
329 5830 580 5947 teipsuin.
610 5830 832 5927 Nosmet
873 5864 1017 5922 enim
1044 5861 1263 5926 diligere
1317 5830 1441 5910 non
1472 5830 1729 5914 debemus
1832 5849 2210 5911 lusuﬂicientia
2257 5861 2389 5904 vero
2416 5844 2548 5916 legis
2585 5846 2947 5907 ostemlittur,
2990 5850 3116 5894 cum
3166 5830 3408 5893 dicitur:
