3896 6320
391 435 396 438 _
492 347 635 407 eos!

1530 336 1879 395 ADDENDA.
1913 361 1987 379 --
2022 333 2375 396 MDULPHI
2411 332 2760 395 ABDENTIS

493 459 700 519 Accidit
730 465 905 513 autem
925 463 983 510 ut
1013 453 1259 510 sacerdos
1297 452 1514 524 quidam
1544 452 1873 507 descenderet
1899 451 2081 505 eadem
2108 459 2156 521 Α

491 554 597 620 eia,
625 562 671 605 et
704 551 812 606 viso
837 565 896 604 eo
929 548 1202 619 prateriit.
1239 545 1500 601 Similiter
1523 554 1570 597 et
1603 543 1776 598 Levita
1804 560 1920 598 cum
1953 554 2083 598 esset

492 660 642 698 secus
679 642 850 696 locum
879 650 926 694 et
962 641 1154 694 videret
1187 654 1320 699 eum,
1355 635 1678 706 pertransiit.
1706 635 1874 691 Porro
1899 650 2082 691 sacer-

495 737 591 792 dos
619 746 674 790 et
703 735 864 790 levita
897 733 1290 790 descendentes
1317 729 1503 785 eadem
1533 729 1644 795 via,
1676 739 1802 784 sunt
1832 730 2086 785 sacerdo-

498 829 630 884 tium
661 837 715 884 et
742 828 1102 884 ministerium
1129 825 1281 895 legis,
1305 839 1535 893 quorum
1567 823 1801 878 ministri
1843 823 1896 877 in
1927 839 2080 878 eam-

492 921 612 976 dem
633 938 844 992 quoque
869 921 1140 976 miseriam
1159 917 1483 973 inciderunt.
1506 917 1571 971 Et
1587 933 1709 972 cum
1728 927 1909 972 essent
1927 933 2083 973 secus

491 1025 640 1078 enin,
657 1023 714 1067 et
728 1013 972 1067 viderent
995 1027 1138 1074 eum,
1157 1009 1611 1080 pertransierunt,
1629 1009 1755 1080 quia
1773 1013 2083 1066 sacerdotes

491 1111 548 1162 et
579 1106 813 1160 ministri
858 1105 990 1174 legis
1019 1110 1386 1173 cognoverunt
1425 1102 1641 1171 quidem
1673 1105 1946 1158 mlseriam
1980 1105 2080 1159 hu-

493 1198 638 1250 mani
673 1190 908 1264 generis,
967 1205 1021 1250 et
1047 1209 1207 1250 secus
1232 1195 1453 1248 fuerunt
1477 1210 1574 1264 per
1603 1197 1996 1265 experientiam
2026 1205 2082 1252 et

494 1291 967 1359 compassionem,
1022 1298 1076 1343 et
1125 1306 1231 1342 non
1295 1287 1541 1344 valentes
1600 1289 1861 1344 auxilium
1915 1291 2077 1356 ferre,

485 1384 886 1456 praeterierunt.
944 1383 1052 1437 Lex
1108 1387 1251 1439 enim
1302 1395 1524 1455 peccata
1583 1385 1939 1447 monstravit,
1974 1399 2077 1438 non

487 1478 734 1534 abstulit.
771 1477 1144 1532 Misericordia
1174 1488 1355 1536 autem
1384 1479 1588 1534 Christi
1613 1477 1922 1532 ostenditur
1953 1491 2078 1530 cum

485 1573 732 1626 subditur
763 1587 776 1624 :
811 1571 1182 1626 Samaritanus
1218 1588 1335 1626 vero
1383 1573 1481 1625 iter
1510 1571 1734 1640 faciens,
1769 1571 1901 1623 venit
1930 1585 2078 1622 secus

483 1680 623 1718 sum.
686 1664 829 1720 Sane
875 1664 1274 1731 Samaritanus,
1320 1667 1412 1734 qui
1457 1664 1846 1734 interpretatur
1881 1674 2073 1728 custos,

483 1767 569 1812 est
614 1756 890 1825 Christus,
937 1759 1218 1813 hominum
1269 1767 1473 1812 custos.
1520 1757 1619 1823 Qui
1649 1757 1755 1810 iter
1783 1756 1985 1811 faciens
2010 1756 2077 1811 de

484 1849 624 1906 cmlo
673 1851 726 1906 in
780 1853 1060 1918 mundum,
1116 1853 1292 1906 factus
1333 1862 1416 1907 est
1465 1853 1676 1905 vicinus
1726 1849 1933 1904 homini
1986 1865 2082 1920 per

483 1941 899 2007 humanitatem,
938 1943 1006 1996 Et
1043 1943 1220 1996 videns
1256 1943 1504 1997 miserias
1534 1942 1673 2010 ejus,
1715 1943 2083 1996 misericordia

481 2043 652 2088 motus
692 2043 788 2087 est.
835 2033 904 2086 Et
945 2034 1283 2103 appropians,
1327 2049 1420 2102 per
1464 2033 1924 2100 compassionem,
1963 2034 2082 2086 alli-

481 2125 622 2194 gavit
677 2125 892 2179 vulnera
930 2125 1070 2193 ejus,-
1115 2140 1214 2193 per
1257 2125 1656 2194 corrcptiouem
1707 2134 1761 2180 et
1810 2126 2081 2195 paeniten-

483 2215 648 2284 tiam,
669 2208 671 2210 ’
695 2217 982 2286 infundens
1021 2215 1193 2271 oleum
1222 2228 1273 2271 et
1306 2219 1486 2272 uinum
1514 2236 1526 2271 :
1562 2219 1613 2272 id
1645 2228 1730 2274 est
1755 2220 2078 2275 suavitatem

481 2317 538 2364 et
562 2325 712 2380 spem
759 2311 954 2378 veniae,
1007 2319 1064 2366 et
1113 2311 1495 2366 austeritatem
1539 2312 1831 2366 minarum.
1879 2313 2082 2383 Alligat

480 2399 705 2456 vulnera
731 2401 871 2471 ejus,
897 2402 1021 2456 dum
1052 2402 1252 2457 clamat
1278 2402 1461 2472 :Agite
1475 2403 1832 2474 pcnitentiam
1861 2402 2078 2473 (Matth.

482 2505 591 2562 tu).
622 2492 858 2547 lnl'uudit
889 2495 1064 2548 oleum
1093 2497 1218 2549 dum
1245 2496 1394 2550 addit
1428 2514 1440 2549 :
1473 2496 1919 2567 Appropinquabit
1941 2497 2080 2550 enim

481 2598 696 2652 regnum
747 2582 1228 2656 calorum(1bid.).
1257 2585 1499 2641 lnl'undit
1526 2580 1715 2640 vinum
1752 2602 1875 2642 cum
1905 2587 2074 2642 dicit:

483 2673 667 2730 Omnis
724 2677 885 2730 arbor
924 2693 1042 2749 qua
1080 2693 1184 2732 non
1236 2678 1368 2748 facit
1410 2679 1642 2750 fructum
1692 2680 1908 2745 bonum,
1943 2680 2080 2734 exci-

478 2765 635 2822 datur
701 2777 751 2823 et
809 2771 864 2824 in
925 2770 1096 2839 ignem
1162 2772 1401 2825 mittetur
1459 2771 1693 2844 (Ibid.).
1763 2773 1940 2843 Super
1989 2773 2079 2843 ju-

480 2869 724 2914 mentum
777 2874 934 2914 suum
990 2858 1169 2930 posuit
1214 2877 1231 2915 :
1286 2875 1410 2916 cum
1456 2873 1680 2933 peccata
1725 2861 1965 2919 hominis
2020 2864 2075 2920 in

477 2963 708 3020 corpore
761 2966 860 3009 suo
910 2947 1075 3022 super
1125 2952 1331 3023 lignum
1381 2955 1638 3024 portavit.
1689 2955 1746 3010 ln
1796 2955 2073 3013 stabulum

479 3040 622 3105 tulit,
661 3057 782 3096 cum
815 3057 870 3097 ιιι
917 3058 1041 3100 sinu
1079 3056 1282 3100 sanctae
1305 3045 1588 3115 Ecclesiae,
1621 3059 1680 3104 ut
1714 3049 2072 3118 refoveretur,

479 3133 683 3205 posuit.
735 3137 932 3190 Curam
985 3137 1130 3190 illius
1182 3138 1315 3208 agit,
1358 3155 1482 3194 cum
1518 3142 1724 3196 homini
1757 3146 1915 3198 modo
1945 3160 2072 3215 pro-

478 3243 663 3298 spera.
714 3230 872 3284 modo
899 3231 1147 3297 adversa,
1181 3247 1342 3302 prout
1371 3236 1521 3289 novit
1549 3236 1824 3305 expedire,
1860 3225 2069 3292 immit-

477 3325 561 3380 tit.
593 3324 770 3380 Altera
823 3327 929 3392 die,
980 3327 1036 3384 id
1077 3337 1162 3385 est
1198 3337 1318 3398 post
1370 3329 1790 3397 Aseensionem,
1845 3333 2070 3402 protulit

475 3415 608 3471 duos
643 3417 909 3485 denarios,
959 3420 1084 3477 dum
1129 3421 1381 3475 notitiam
1419 3421 1703 3492 utriusque
1735 3421 2070 3479 Testamenti

475 3506 567 3562 dat
622 3510 880 3581 magistro
936 3512 1230 3580 Ecclesiae,
1276 3514 1460 3569 dicens
1509 3514 1588 3570 illi
1619 3533 1632 3569 ε
1662 3514 1862 3570 Curam
1923 3518 2071 3571 illius

472 3599 647 3669 Italic,
690 3606 1057 3675 corripiendo,
1112 3608 1412 3664 erudiendo
1439 3649 1454 3674 ,
1508 3608 1862 3664 confortando
1890 3651 1904 3675 ,
1956 3627 2073 3666 mo-

472 3696 677 3752 uendo.
733 3695 796 3750 Et
834 3698 1179 3770 quodcunque
1224 3703 1683 3771 supererogaveris
1727 3717 1895 3758 novas
1951 3718 2073 3759 sen-

475 3786 699 3855 tentias,
749 3789 1094 3858 monitiones,
1125 3801 1180 3848 et
1210 3793 1457 3862 exempla
1491 3794 1767 3860 addendo;
1804 3795 1916 3865 Ego
1950 3812 2072 3849 cunt

471 3881 683 3933 rediero
737 3881 965 3936 reddere
1014 3883 1306 3952 unicuique
1353 3887 1651 3940 secumlum
1697 3887 1886 3941 merita
1944 3903 2065 3955 sua,

469 3973 686 4028 reddam
709 3972 1054 4042 tibi.--Quis
1085 3976 1269 4030 lterum
1295 3979 1452 4032 trium
1475 3980 1679 4033 videmr
1704 3979 1868 4049 fuisse
1897 3983 2075 4051 proxi-

469 4080 584 4120 mus
618 4068 696 4121 illi
718 4067 815 4138 qui
844 4067 1032 4122 incidit
1063 4071 1118 4123 in
1151 4069 1422 4124 latrones?
1444 4071 1548 4137 Qui
1569 4072 1710 4142 fecit,
1742 4072 1944 4143 inquit,
1970 4075 2074 4129 mi-

475 4161 829 4222 sericordiam
861 4161 916 4214 in
942 4160 1115 4216 illum.
1143 4163 1197 4216 Ιιι
1227 4179 1333 4233 quo
1359 4165 1688 4232 ostenditur,
1720 4165 1912 4220 fratres
1942 4166 2069 4234 mei,

468 4253 934 4323 prapinquitatcm
1007 4255 1184 4324 gentis
1235 4256 1317 4311 vel
1363 4259 1544 4313 carnis
1594 4258 1794 4311 nullam
1849 4273 1968 4313 esse
2017 4259 2071 4314 iu

470 4349 885 4416 comparatione
931 4347 1074 4404 illius
1122 4366 1242 4419 quae
1287 4362 1371 4408 est
1411 4354 1695 4410 charitatis
1735 4367 1786 4409 et
1824 4370 2074 4425 compas-

470 4439 661 4497 sionis.
714 4443 844 4511 Qua:
873 4444 1006 4519 quia
1037 4444 1090 4498 in
1119 4444 1339 4502 Christo
1369 4461 1480 4516 prae
1508 4448 1723 4504 caeteris
1747 4450 2088 4516 abundavit,’

2112 1825 2157 1882 Β

2733 531 3019 590 HOMlLlA
3063 529 3244 590 XXX.

2317 697 2574 740 ῡοιιιιιιελ
2615 695 2813 736 DECIIIA
2852 695 3077 743 QUARTI.
3116 694 3252 735 Ροιτ
3299 693 3648 736 τιιιιιιτιτει.

2259 845 2464 916 Spiritu
2497 842 2784 906 ambulate,
2817 852 2865 895 et
2898 839 3168 894 desideria
3193 838 3384 892 carnis
3419 855 3522 891 non
3561 841 3739 908 perﬁde.

2187 941 2252 995 tis
2276 939 2480 1002 (Calai.
2511 938 2588 1008 v),
2618 947 2725 993 etc.
2759 935 3005 1003 Quatuor
3034 934 3126 988 hic
3153 932 3292 988 facit
3342 932 3641 1002 Apostolus,
3662 934 3740 989 ira-

2189 1037 2302 1085 tres
2349 1030 2478 1084 mei.
2521 1027 2704 1083 Primo
2751 1037 2937 1080 monet
2974 1041 3078 1080 nos
3112 1041 3221 1079 non
3270 1023 3470 1078 vivere
3509 1027 3739 1082 secundum

2189 1136 2439 1176 carnem.
2497 1119 2749 1174 Secundo
2801 1120 3144 1175 demonstrat
3204 1125 3426 1187 quanta
3485 1131 3655 1185 gnem
3692 1119 3739 1173 sit

2185 1214 2328 1268 inter
2389 1228 2606 1267 carnem
2672 1224 2728 1267 et
2775 1213 3050 1284 spiritum.
3124 1209 3324 1264 Tertio
3386 1209 3619 1263 ostendit
3659 1225 3739 1278 qua

2185 1306 2292 1361 sint
2329 1306 2596 1362 desideria
2630 1306 2814 1362 carnis
2847 1347 2862 1369 ,
2913 1315 2969 1362 et
3012 1305 3159 1375 quod
3209 1304 3490 1356 damnum
3538 1299 3737 1359 all'erant.

2185 1399 2389 1466 Quarto
2427 1401 2769 1455 demonstrat
2815 1415 2937 1470 qua:
2984 1398 3093 1452 sint
3141 1396 3430 1452 desideria
3466 1395 3676 1464 spiritus,
3705 1407 3743 1452 et

2183 1510 2343 1564 quam
2378 1494 2664 1548 utilitatem
2727 1493 3035 1548 conferant.
3065 1490 3258 1545 Primo
3283 1503 3423 1558 ergo
3453 1504 3551 1542 nos
3576 1504 3742 1545 monens

2181 1585 2469 1655 Apostolus
2496 1586 2676 1638 vivere
2702 1585 3000 1639 secundum
3028 1584 3322 1652 spiritum,
3354 1597 3470 1634 non
3503 1582 3743 1635 secundum

2182 1695 2425 1745 carnem,
2454 1679 2571 1733 ait:
2607 1678 2811 1740 Spiritu
2862 1677 3165 1740 ambulate,
3198 1684 3250 1729 et
3295 1673 3577 1727 Desideria
3621 1677 3744 1727 carnis

2183 1787 2286 1824 non
2317 1770 2614 1840 perﬁcietis.
2659 1773 2736 1824 Ac
2776 1770 2822 1823 si
2865 1780 3052 1839 aperte
3094 1768 3271 1832 dicat,
3314 1766 3589 1822 desideria
3618 1767 3747 1820 carnis

2189 1879 2297 1918 non
2340 1863 2656 1934 perlicietis.
2687 1862 2755 1918 Et
2789 1872 2875 1918 est
2905 1862 3058 1916 locus
3088 1861 3158 1915 ab
3191 1859 3494 1930 oppositis.
3527 1857 3742 1912 Desideria

2191 1956 2389 2026 quippe
2435 1955 2660 2024 Spiritus
2706 1964 2760 2007 et
2809 1953 3082 2008 desideria
3129 1951 3324 2007 carnis
3368 1949 3614 2019 opposita
3638 1958 3739 2008 sunt.

2185 2049 2323 2102 adeo
2354 2056 2411 2114 ut
2437 2062 2597 2102 nemo
2630 2047 2801 2117 possit
2829 2046 2879 2098 in
2913 2046 3017 2099 hac
3049 2047 3164 2098 vita
3203 2041 3489 2098 desideria
3519 2043 3742 2110 utriusque

2185 2139 2346 2194 simul
2378 2138 2578 2193 lacere.
2613 2138 2886 2193 Desideria
2919 2137 3066 2190 enim
3100 2136 3338 2205 spiritus
3379 2142 3512 2188 sunt
3541 2133 3747 2186 mundum

2190 2242 2560 2298 contemnere,
2592 2232 2660 2286 ad
2691 2229 2936 2285 caelestia
2965 2239 3078 2284 leto
3109 2229 3235 2282 nisu
3266 2225 3559 2290 anhelare,
3583 2225 3749 2278 modico

2185 2336 2498 2382 contentum
2521 2340 2660 2390 esse,
2687 2339 2870 2379 amare
2887 2322 3125 2394 jejunia,
3166 2318 3750 2389 sobrietatem,vigilau-

2184 2421 2339 2487 tiam,
2375 2420 2707 2484 castitatem,
2751 2416 3198 2488 temperantiam,
3235 2414 3516 2484 justitiam
3543 2422 3752 2467 caeteras.

2182 2528 2290 2584 que
2319 2513 2574 2568 virtutes.
2618 2511 2942 2568 Econtrario
2971 2525 3098 2565 vero
3127 2508 3409 2563 desideria
3434 2507 3611 2562 carnis
3636 2515 3752 2570 sunt,

2183 2605 2443 2660 mundum
2477 2617 2687 2670 amare,
2737 2603 2981 2658 caelestia
3023 2611 3415 2662 contemnere,
3457 2599 3512 2653 in
3552 2599 3751 2653 terrenis

2183 2699 2387 2754 divitiis
2433 2698 2734 2763 abundare,
2780 2696 3116 2760 comessari,
3169 2694 3484 2759 inebriari,
3534 2693 3750 2757 dormire,

2187 2787 2478 2854 luxuriari,
2514 2786 2783 2859 superﬂue
2827 2787 3012 2843 vivere
3056 2797 3224 2857 atque
3269 2785 3501 2857 injuste,
3531 2794 3582 2839 et
3605 2781 3752 2852 hujus-

2179 2881 2341 2938 modi.
2377 2881 2548 2938 Porro
2569 2897 2675 2938 non
2705 2881 2780 2936 ait
2803 2880 3130 2951 Apostolus:
3166 2880 3385 2950 Spiritu
3417 2877 3688 2939 ambulate.
3710 2885 3753 2931 et

2176 2975 2530 3030 necessitates
2557 2974 2739 3030 carnis
2775 2988 2882 3029 non
2913 2973 3234 3044 perﬁciotis.
3293 2973 3447 3028 Bene
3481 2973 3634 3037 enim,
3658 2969 3747 3023 lia-

2179 3079 2289 3126 tres
2333 3070 2460 3134 mei,
2493 3084 2784 3139 possumus
2829 3067 2991 3124 simul
3017 3079 3072 3123 et
3101 3067 3477 3139 Spiritualiter
3507 3068 3748 3131 vivere,et

2190 3160 2550 3216 necessitates
2599 3161 2780 3214 carnis
2826 3159 3049 3222 facere;
3092 3167 3152 3211 ut
3187 3159 3448 3213 modeste
3483 3157 3747 3218 comedere,

2184 3252 2397 3318 bibere,
2449 3249 2713 3315 dormire,
2745 3251 2991 3305 modeste
3021 3249 3330 3320 possidere,
3367 3259 3426 3304 et
3456 3247 3749 3320 hujusruodi.

2183 3342 2340 3399 Unde
2389 3341 2587 3397 Paulus
2635 3343 2703 3396 ad
2756 3343 3028 3398 llomauos
3079 3341 3239 3416 [non]
3281 3343 3515 3398 aitzh'e
3543 3334 3748 3397 feceritis

2174 3449 2362 3490 curam
2392 3435 2596 3503 carnis,
2637 3434 2731 3490 sed
2760 3435 2837 3490 ait
2867 3436 3174 3507 vigilanter,
3215 3435 3302 3491 Ne
3333 3437 3567 3506 feceritis
3599 3448 3751 3490 curant

2174 3529 2228 3581 in
2253 3527 2531 3581 desideriis
2572 3529 2747 3582 carnis
2791 3527 2966 3598 (Rom.
3018 3530 3162 3600 xm),
3207 3531 3593 3585 necessitatem
3639 3544 3751 3584 cou-

2174 3626 2434 3693 cedendo,
2471 3635 2526 3681 et
2556 3623 2976 3696 superﬂuitatem
3012 3626 3382 3696 prohibendo.
3417 3625 3623 3681 Rursus
3660 3642 3750 3680 non

2177 3718 2257 3772 ait
2316 3717 2744 3787 ApostoluszEt
2790 3718 3322 3774 desideriis‘carnis
3383 3734 3491 3774 non
3539 3717 3747 3774 movebi-

2177 3809 2340 3875 mini;
2385 3810 2690 3879 priesertim
2733 3824 2858 3865 eum
2892 3817 3071 3864 motus
3097 3810 3272 3863 nostri
3306 3809 3561 3864 carnales
3588 3811 3634 3864 in
3658 3824 3740 3879 po—

2178 3910 2372 3958 testate
2397 3913 2582 3958 uostra
2607 3918 2710 3958 non
2739 3902 2868 3957 sint.
2902 3902 3010 3958 Sed
3031 3903 3150 3957 ait:
3187 3902 3256 3956 Et
3287 3903 3555 3958 desideria
3594 3903 3748 3956 carnis

2175 4013 2277 4051 non
2299 3998 2604 4066 perﬁcietis,
2634 3998 2685 4052 id
2711 4004 2816 4062 est,
2848 3999 2919 4051 ad
2949 3995 3202 4052 etfectum
3227 4013 3337 4052 non
3368 3999 3592 4054 ducetis.
3635 3998 3736 4067 Spio

2174 4088 2441 4144 ritualiter
2468 4091 2613 4145 enim
2643 4089 2851 4152 vivere,
2901 4097 2958 4143 et
3003 4098 3186 4144 tamen
3233 4089 3535 4158 aliquando
3568 4087 3745 4143 moveri

2175 4182 2462 4237 desideriis
2492 4182 2673 4237 carnis
2699 4196 3009 4252 possumus.
3045 4180 3154 4238 Sed
3179 4182 3543 4253 spiritualiter
3569 4182 3738 4242 vivere,

2174 4283 2231 4328 et
2279 4273 2562 4329 desideriis
2608 4274 2790 4329 carnis
2842 4273 2911 4328 ad
2956 4271 3209 4328 etfectum
3245 4273 3453 4328 ducere
3481 4272 3633 4327 simul
3655 4287 3739 4326 non

2174 4369 2442 4423 valemus.
2489 4367 2748 4435 Proinde,
2794 4367 2996 4423 fratres
3027 4369 3153 4435 niei,
3193 4368 3558 4439 spiritualiter
3586 4368 3736 4422 vivere

2173 4474 2456 4523 conemur,
2491 4467 2549 4512 ut
2575 4457 2750 4528 turpia
2786 4458 3054 4514 desideria
3080 4458 3132 4513 in
3168 4459 3328 4514 nobis
3355 4459 3643 4524 nascentia,
3671 4468 3734 4511 et-

467 4549 580 4606 prae
620 4540 832 4595 caeteris
883 4547 973 4597 est
1022 4540 1193 4610 magis
1239 4541 1519 4610 proximus
1557 4554 1766 4610 noster,
1803 4555 1859 4600 et
1889 4546 2064 4614 magis

2179 4554 2216 4609 si
2248 4569 2355 4608 non
2385 4556 2610 4610 omnino
2637 4570 2911 4620 amovere,
2961 4563 3144 4609 tamen
3196 4569 3548 4625 compescere
3587 4564 3636 4607 et
3673 4565 3728 4604 re-

467 4626 799 4700 diligendus.
860 4631 972 4688 Sed
1005 4640 1061 4686 et
1097 4640 1220 4702 post
1264 4648 1409 4701 eum,
1467 4636 1714 4706 quisquis
1760 4648 1844 4692 est
1899 4640 2069 4708 magis

467 4720 712 4780 imitator
747 4728 886 4798 ejus,
931 4727 1115 4800 magis
1141 4735 1224 4782 est
1260 4728 1541 4795 proximus
1571 4737 1776 4795 uoster,
1807 4740 1860 4785 et
1901 4732 2070 4802 magis

466 4813 796 4887 diligendus.
850 4819 1008 4878 Unde
1043 4827 1106 4876 ct
1142 4818 1411 4872 subditur.
1450 4816 1618 4885 Vade,
1649 4829 1696 4873 et
1720 4831 1775 4874 tu
1812 4822 1895 4891 fac
1923 4825 2070 4877 simi-

465 4903 603 4962 liter.
631 4909 894 4966 Videlicet
930 4921 988 4966 ιιι
1026 4907 1492 4982 quemadmodum
1531 4908 1784 4968 Christus
1815 4913 1946 4968 fecit
1971 4928 2069 4983 pro

465 4998 644 5065 nobis,
673 5000 747 5055 ita
774 5011 831 5057 et
856 5017 956 5057 nos
977 5017 1076 5071 pro
1103 4997 1464 5068 eogfaciamus
1496 5018 1510 5068 ;
1546 5018 1668 5058 eum
1702 5019 1866 5075 super
1885 5005 2068 5060 omnia

465 5089 772 5161 diligentes,
824 5109 924 5149 nos
980 5104 1034 5149 et
1082 5100 1274 5149 nostra
1330 5110 1427 5164 pro
1473 5110 1538 5150 eo
1590 5105 1875 5167 ponentes,
1919 5098 2068 5152 omni

466 5185 633 5239 etiam
667 5185 879 5241 homini
926 5204 1025 5260 pro
1062 5204 1126 5245 eo
1162 5186 1494 5246 charitatem
1539 5199 1594 5246 et
1639 5191 2068 5261 compassionem

465 5279 809 5350 exhibentes,
835 5284 1292 5354 persequentibus
1333 5299 1432 5340 nos
1472 5285 1700 5357 injurias
1739 5293 1953 5341 nostras
1987 5285 2071 5340 di-

466 5371 772 5440 mittentes;
821 5391 1018 5446 pravos
1063 5379 1174 5436 Deo
1234 5379 1404 5435 verbo
1451 5388 1506 5434 et
1547 5378 1798 5449 exemplo
1846 5377 2066 5434 lucrifa-

467 5465 716 5534 cicutes,
768 5469 995 5528 miseros
1042 5473 1435 5540 consolantes,
1487 5473 1728 5543 hospites
1777 5475 2072 5544 suscipien-

469 5568 571 5642 tes,
605 5562 778 5621 nudos
805 5568 1117 5637 vestientcs,
1150 5569 1436 5628 famelicos
1470 5570 1790 5634 reticientes,
1826 5570 2069 5638 captivos

467 5655 820 5730 redimentes,
863 5672 1200 5735 eteterasque
1249 5663 1567 5722 consimiles
1595 5663 1823 5734 pietates
1853 5663 2068 5720 Christo

471 5741 522 5820 in
569 5755 825 5810 membris
879 5761 992 5814 suis
1037 5758 1327 5828 facientes,
1371 5767 1432 5813 ut
1471 5759 1538 5812 ab
1577 5772 1643 5814 eo
1678 5765 1977 5814 extremam
2015 5767 2070 5814 et

468 5838 742 5902 aeternam
775 5863 1176 5921 consequamur
1199 5834 1664 5912 benedictionem.
1695 5851 1888 5909 Amen.

2173 4644 2393 4700 frenare
2421 4645 2714 4702 valeamus.
2747 4645 2945 4701 Beatus
2969 4647 3141 4711 enim,
3195 4647 3375 4718 inquit
3430 4646 3614 4711 David,
3657 4643 3723 4714 qui

2173 4739 2383 4805 tenebit,
2416 4739 2467 4794 id
2495 4749 2597 4806 est,
2633 4741 2907 4805 retinebit,
2948 4750 2997 4794 et
3030 4740 3208 4794 allidet
3237 4747 3487 4810 paruulos
3539 4756 3665 4803 suos,
3691 4735 3728 4790 id

2171 4841 2274 4895 est,
2318 4842 2604 4888 nascentes
2652 4834 2835 4888 carnis
2864 4849 2976 4888 suae
3005 4843 3208 4901 motus,
3249 4834 3322 4886 ad
3348 4844 3551 4904 petram
3581 4828 3724 4901 (Psal.

2171 4923 2412 4993 cxxxvr),
2447 4925 2500 4979 id
2527 4935 2608 4979 est
2640 4925 2705 4980 ad
2735 4925 3036 4980 Christum.

2183 5029 2187 5034 '
2245 5013 2505 5084 Sequitur
2529 5031 2657 5085 pars
2684 5017 2946 5082 secunda,
2983 5019 3035 5071 in
3067 5033 3174 5087 qua
3208 5017 3520 5072 ostenditur
3557 5019 3725 5086 quant:

2177 5121 2374 5176 guerra
2404 5107 2474 5159 sit
2504 5108 2645 5163 inter
2677 5109 2930 5178 spiritum
2958 5119 3012 5163 et
3043 5125 3288 5176 carnem,
3317 5126 3441 5165 cum
3473 5109 3726 5164 subditur:

2173 5207 2310 5262 Caro
2333 5206 2470 5260 enim
2509 5205 2826 5275 concupiscit
2865 5205 3115 5260 adversus
3154 5206 3433 5276 spiritum,
3470 5215 3517 5258 et
3551 5202 3726 5272 spiritu

2173 5295 2420 5355 adversus
2466 5314 2700 5361 carnem,
2757 5307 2812 5350 ut
2845 5314 2946 5352 non
2984 5315 3312 5369 qua-cunque
3345 5297 3522 5360 vultis,
3554 5296 3642 5349 illa
3669 5292 3724 5360 fc-

2173 5393 2349 5447 ciatis.
2388 5391 2530 5447 Caro
2559 5391 2702 5444 enim
2743 5406 2886 5462 smpe
2921 5391 3146 5462 impedit
3177 5406 3245 5446 ne
3275 5391 3535 5445 faciamus
3575 5385 3725 5439 volun-

2115 5515 2118 5519 -
2174 5493 2338 5538 talem
2363 5484 2612 5555 spiritus.
2645 5483 2712 5538 Et
2735 5483 2960 5554 spiritus
2986 5499 3129 5555 saepe
3153 5483 3383 5554 impedit
3407 5500 3474 5538 ne
3496 5481 3724 5535 faciane!

2171 5579 2512 5633 voluntatem
2555 5578 2772 5633 ‘oarnis.
2832 5578 3095 5634 Videntur
3139 5591 3324 5634 autem
3385 5578 3503 5641 hic,
3562 5576 3725 5626 fratres

2172 5673 2504 5739 charissimi,
2539 5673 2780 5742 quinque
2816 5673 3162 5743 inquirenda.
3199 5672 3383 5726 Primo
3414 5670 3552 5725 enim
3586 5676 3723 5736 queri

2170 5779 2301 5820 caro
2322 5766 2534 5820 dicatur
2575 5765 2959 5836 concupiscere
3004 5766 3268 5820 adversus
3319 5764 3585 5835 spiritum,
3624 5772 3722 5811 cum

2172 5870 2301 5915 caro
2323 5858 2458 5915 nihil
2483 5861 2652 5930 possit
2676 5857 2781 5917 nisi
2812 5873 2908 5931 per
2935 5858 3208 5931 spiritum.
3226 5857 3368 5915 Cano
3396 5858 3490 5948 hoc
3517 5855 3574 5912 in
3604 5853 3720 5915 luce,
