3890 6302
451 437 465 450 ‘
509 418 616 479 {95

1436 408 1638 466 PAULI
1671 409 1726 463 s.
1763 404 1966 461 rem
1999 380 2483 459 CAllNO'l‘ENSlS
2515 390 2822 452 nomen:
3674 383 3772 444 196

433 544 442 557 ‘
505 535 766 594 uissimus
805 541 968 606 atque
1017 528 1344 594 catholicus,
1375 527 1513 584 divm
1556 523 1950 581 moderationis
1980 534 2081 592 0pc
2113 521 2158 576 Α
2187 516 2459 572 liberioris
2515 510 2763 586 obsequii
2810 505 3047 564 cultibus
3101 492 3331 560 Domino
3371 501 3549 558 valeat
3603 501 3775 557 famu-

502 627 865 698 suii‘ragante,
905 625 1292 682 invic‘tissimus
1333 622 1630 691 imperator
1671 627 1932 688 angustus
1962 633 2086 672 san-

505 731 610 776 ctae
669 727 726 774 et
775 715 1100 773 universalis
1162 710 1418 769 azcclcsiae
1479 716 1680 764 statum
1728 707 2086 779 provectioris

507 811 705 884 fastigii
735 811 999 882 dignitate
1049 807 1343 864 sublimare
1380 811 1626 873 cuperet,
1661 818 1729 860 ne
1777 799 1957 874 aliqua
2001 802 2084 857 sui

507 902 728 958 habitus
778 909 931 970 parte
971 896 1182 955 fuscarc
1219 898 1514 962 videretur,
1563 896 1681 966 pari
1711 904 1836 951 voto
1859 895 2086 964 parique

503 1007 773 1048 consensu
812 989 1024 1060 imperii
1043 989 1126 1044 sui
1177 987 1522 1058 obt'imatum,
1577 986 1802 1060 protulit
1847 985 2084 1042 edictum

507 1096 564 1139 ut
592 1085 842 1140 universa
874 1082 1263 1138 canonicorum
1294 1081 1534 1137 claustra
1563 1081 1617 1136 in
1643 1094 1809 1151 regno
1831 1093 1929 1134 suo
1959 1093 2087 1133 con-

505 1175 780 1238 siSlcntia,
817 1176 1020 1243 absque
1051 1187 1247 1228 census
1277 1173 1586 1228 conditione
1639 1172 1893 1240 deinceps
1934 1171 2089 1227 abso-

505 1269 617 1323 luta
673 1276 1077 1339 permanerent,
1131 1265 1410 1336 quatinus,
1469 1261 1772 1321 absolutiva
1832 1259 2087 1322 libertate

505 1356 1098 1423 donata,sinceriorem
1130 1371 1229 1428 per
1252 1351 1601 1412 succedentia
1647 1365 1888 1426 tempora
1917 1351 2085 1412 divini

502 1444 680 1504 cultus
703 1447 931 1502 Domino
951 1442 1130 1502 valeat
1162 1447 1383 1503 exibere
1434 1442 1702 1502 militiam.
1747 1448 1896 1514 Quod
1921 1449 2084 1504 etiam

504 1537 684 1591 inclita
735 1536 853 1604 ejus
899 1533 1101 1608 proles,
1138 1553 1420 1594 successor
1478 1537 1728 1594 videlicet
1783 1553 1875 1592 rex
1915 1538 2087 1596 Karo-

501 1627 586 1682 lu's
611 1628 746 1699 (45),
780 1630 952 1699 patris
986 1631 1288 1685 imitamina
1331 1646 1584 1701 sequens,
1613 1631 1714 1687 sub
1745 1633 2086 1689 auctoritatis

500 1735 614 1775 suae
637 1732 909 1791 praecepto
945 1721 1210 1792 perpetim
1241 1722 1637 1778 observandum
1661 1723 1955 1778 mandavit.
1973 1725 2084 1796 Ego

502 1809 668 1880 igitur
697 1810 749 1864 in
777 1810 868 1866 Dei
901 1811 1118 1866 nomine
1138 1809 1636 1877 Aimericus,nullis
1658 1811 2084 1880 praecedentibus

2189 609 2288 664 lari
2319 625 2333 673 ;
2367 621 2594 662 censum
2641 617 2771 657 vero
2808 599 3012 654 nullum
3049 597 3306 665 cuipiam,
3333 595 3474 651 sicut
3503 609 3665 665 supra
3701 595 3779 648 di-

2187 711 2334 756 ctum
2362 707 2466 763 est,
2501 695 2698 752 exinde
2743 691 3008 756 exsolvat,
3035 690 3139 744 nisi
3166 676 3319 742 illum
3345 687 3439 758 qui
3470 686 3538 742 ad
3583 685 3780 742 divina:

2187 791 2464 848 servitutis
2491 787 2768 859 pertinere
2794 783 3008 839 videtur
3043 779 3319 835 militiam.
3364 778 3591 849 Insuper
3613 776 3779 832 etiam

2187 885 2237 940 ci
2267 883 2540 938 licentiam
2573 879 2764 935 damus
2779 884 2861 942 ut,
2892 874 3040 932 salvo
3069 872 3363 943 pontificali
3385 869 3529 941 jure,
3558 868 3644 924 vel
3667 869 3779 924 sic-

2188 985 2246 1032 ut
2270 975 2322 1030 in
2349 973 2512 1047 regali
2541 970 2852 1027 continetur
2878 975 3170 1038 praecepto,
3193 966 3518 1034 cuicumque
3540 959 3778 1017 conferri

2189 1070 2243 1124 in
2273 1067 2463 1124 eadem
2509 1063 2770 1120 canonica
2808 1059 3027 1117 domino
3073 1056 3327 1113 militanti
3361 1053 3580 1112 libuerit
3631 1061 3787 1123 pote-

2194 1167 2395 1216 statem
2437 1155 2640 1211 habeat
2666 1152 2893 1209 eandem
2924 1147 3256 1207 concedendi
3288 1153 3380 1201 aut
3407 1140 3782 1200 venundandi.

2190 1251 2318 1308 Haec
2348 1261 2476 1313 vero
2505 1247 2735 1311 cartula,
2768 1252 2828 1299 ut
2865 1256 2963 1314 per
3017 1239 3428 1298 succedentium
3475 1246 3780 1306 temporum

2188 1342 2460 1400 curricula
2493 1337 2861 1396 inviolabilem
2910 1333 3394 1402 inconvulsamque
3421 1329 3669 1386 obtineat
3693 1327 3784 1381 lir-

2188 1433 2456 1500 mitatem,
2496 1445 2658 1487 manu
2687 1427 2905 1500 propria
2935 1425 3125 1482 subter
3147 1439 3269 1480 eam
3313 1420 3652 1476 firmavimus
3679 1459 3694 1482 ,
3730 1426 3784 1472 et

2187 1523 2576 1580 canonicorum
2613 1527 2926 1576 nostrorum
2963 1516 3199 1589 propriis
3229 1514 3484 1571 manibus
3510 1511 3782 1568 roboran-

2187 1616 2312 1673 dam
2341 1615 2702 1672 decrevimus.
2734 1613 2868 1668 Data
2891 1620 2976 1668 est
3006 1624 3148 1666 anno
3173 1606 3413 1666 secundo
3448 1604 3601 1676 regni
3634 1602 3785 1661 Odo-

2187 1709 2274 1765 nis
2301 1709 2445 1781 regis
2476 1706 2590 1780 (i8)
2633 1705 2882 1763 feliciter.
2924 1701 3284 1775 lngelgaldus,
3332 1698 3593 1756 sacerdos
3645 1694 3786 1752 indi-

2187 1818 2346 1876 gnus,
2377 1799 2614 1872 scripsit.
2653 1817 2673 1854 ι
3549 1803 3556 1806 ·

503 1899 892 1970 stipendiorum
927 1902 1157 1967 meritis,
1185 1903 1279 1958 sed
1302 1902 1418 1958 sola
1453 1901 1666 1957 favente
1694 1903 1875 1960 divina
1917 1907 2079 1961 misce
2114 1897 2158 1956 Β
2257 1894 2488 1949 Silentio
2533 1891 2729 1948 tradita
2759 1889 3236 1946 corroboratorum
3276 1884 3497 1942 nomina
3540 1881 3786 1939 subscri-

504 1989 733 2057 ratione,
783 1992 1002 2049 humilis
1041 1991 1455 2050 Carnotensium
1485 1992 1788 2067 episcopus,
1833 1997 2082 2067 supradi-

501 2092 716 2138 ctorum
766 2083 1070 2156 principum
1126 2096 1296 2141 sacra:
1334 2081 1740 2143 constitutionis
1791 2103 2082 2154 memores,

503 2181 840 2242 compertum
890 2188 1012 2231 esse
1059 2175 1307 2232 volumus
1335 2176 1546 2233 cunctis
1592 2177 1781 2234 matris
1827 2178 2087 2235 mcclesiae

504 2271 706 2316 sanctae
733 2260 917 2318 Mariae
958 2262 1203 2320 fidelibus
1243 2266 1571 2338 nostrisque,
1605 2267 1840 2338 qualiter
1866 2268 2086 2339 quidam

509 2350 769 2406 diaconus
806 2360 862 2406 et
899 2350 1196 2409 canonicus
1231 2363 1432 2421 noster,
1472 2355 1798 2430 Frotgingus
1846 2360 2082 2427 nomine,

501 2439 572 2492 ab
596 2437 833 2507 ejusdem
865 2441 1125 2499 accelesiae
1162 2444 1418 2501 nobiliter
1467 2445 1732 2503 educatus
1777 2443 1952 2514 cunis,
1995 2462 2088 2504 ve-

504 2529 660 2585 niens
688 2530 739 2584 in
766 2532 1092 2601 prcsentiam
1119 2542 1382 2601 nostram,
1411 2535 1687 2592 humiliter
1713 2537 2009 2607 postulavit
2029 2545 2088 2592 ut

503 2634 570 2672 ex
607 2633 701 2673 sua
733 2633 858 2674 area
891 2635 1052 2690 quam
1102 2621 1325 2692 quidam
1382 2625 1652 2693 presbiter
1697 2633 1756 2681 et
1789 2627 2088 2684 canonicus

506 2710 694 2765 Sancti
737 2709 908 2776 Petri,
955 2713 1174 2768 nomine
1223 2712 1591 2784 Winemarus,
1623 2717 1766 2772 viam
1820 2719 2088 2776 universa:

501 2800 685 2856 carnis
706 2802 912 2868 abiens,
936 2803 984 2858 ei
1007 2803 1133 2858 olim
1159 2805 1400 2859 noscitur
1425 2807 1732 2863 vendidisse
1762 2808 1897 2880 (46),
1923 2809 2090 2866 ﬁrmi-

506 2892 633 2947 tatis
670 2893 936 2947 cartulam
969 2895 1164 2950 exinde
1200 2894 1379 2951 facere
1403 2907 1457 2952 et
1485 2897 1747 2955 roborare
1777 2908 1962 2956 nostro
1991 2914 2088 2957 no-

505 2984 650 3040 mine
697 2986 1086 3058 delegeremus.
1131 2987 1284 3056 Quod
1314 2991 1555 3060 quidem,
1609 3006 1706 3062 per
1761 3007 2086 3049 consensum

501 3076 889 3132 canonicorum
930 3087 984 3133 et
1020 3078 1255 3135 fidelium
1298 3087 1628 3150 nostrorum,
1656 3081 1881 3154 dignum
1931 3085 2086 3140 duxi-

504 3182 626 3222 mus
656 3168 980 3224 faciendum.
1015 3169 1111 3226 Est
1149 3179 1330 3226 autem
1363 3171 1478 3242 ipsa
1529 3188 1654 3228 area
1698 3174 1750 3228 in
1796 3185 2086 3247 prospectu

2187 1987 2371 2043 berem
2399 2027 2414 2052 ,
2465 1985 2514 2041 si
2558 1983 2981 2040 emolumentum
3032 1979 3390 2052 pmsentibus
3439 1975 3524 2030 vel
3578 1973 3783 2030 futuris

2189 2076 2403 2146 aliquod
2427 2076 2646 2131 scirem.
2677 2073 2877 2130 Verum
2914 2072 3042 2145 quia
3083 2071 3136 2127 in
3165 2069 3250 2126 bis
3271 2069 3659 2125 detrimentum
3685 2081 3783 2120 ne-

2189 2183 2294 2239 que
2323 2167 2745 2224 emolumentum
2772 2165 2938 2220 ullum
2964 2162 3264 2236 perpendo,
3291 2161 3361 2216 ad
3391 2159 3575 2217 damni
3603 2157 3785 2228 Agani

2189 2261 2391 2330 scripta
2429 2258 2586 2315 stilus
2635 2257 2747 2328 (49)
2801 2263 3074 2321 vertatur,
3103 2254 3197 2325 qui
3245 2251 3422 2309 locum
3468 2265 3498 2306 a
3548 2249 3786 2321 paganis

2189 2354 2567 2417 destructum,
2633 2349 2817 2405 divina
2878 2347 3182 2419 opitulante
3241 2344 3459 2415 gratia,
3521 2341 3787 2398 decenter

2190 2455 2504 2502 restaurans
2529 2442 2863 2500 clerinomia:
2891 2441 3091 2497 seriem
3115 2437 3248 2494 inibi
3287 2437 3396 2493 Deo
3423 2433 3786 2491 militaturam

2189 2541 2502 2613 subrogavit
2523 2539 2756 2611 quadam
2785 2536 3126 2609 portiuncula
3151 2544 3332 2589 rerum
3354 2525 3483 2588 olim
3513 2530 3636 2586 loco
3658 2542 3787 2600 per-

2191 2635 2479 2691 tinentium
2531 2632 2798 2703 delegata,
2838 2645 2959 2701 quae
3011 2641 3303 2698 corporum
3354 2616 3787 2680 necessitatibus

2192 2723 2566 2796 supplementa
2594 2727 2928 2791 suggereret,
2977 2725 3165 2788 atque,
3213 2711 3400 2786 procul
3431 2709 3661 2782 expulsa
3691 2723 3789 2763 re-

2192 2828 2314 2873 rum
2343 2822 2654 2870 exterorttm
2681 2806 2794 2882 (50)
2823 2806 3208 2873 sollicitudine,
3245 2804 3425 2860 clerus
3458 2801 3630 2875 libera
3658 2813 3782 2855 me-

2191 2904 2454 2964 ditatione
2494 2901 2690 2959 divinis
2731 2901 3006 2956 insisteret
3046 2895 3317 2952 laudibus.
3352 2893 3506 2950 Unde
3548 2890 3665 2963 (5i)
3699 2890 3791 2946 di-

2192 3012 2354 3070 gnum
2382 2994 2636 3051 duximus
2659 3002 2719 3048 ut
2743 2995 2810 3049 de
2844 2989 3235 3048 membranulis
3264 2985 3510 3044 collectis
3535 2983 3788 3041 donariis

2193 3102 2314 3159 qua:
2343 3087 2427 3142 vel
2451 3087 2566 3158 ipse
2592 3085 2681 3141 vel
2725 3084 2824 3140 alii
2872 3080 3214 3139 devotissimi
3241 3079 3346 3134 viri
3388 3077 3508 3133 loco
3532 3074 3790 3151 contule-

2193 3187 2346 3244 runt,
2381 3188 2556 3247 usque
2585 3175 2655 3231 ad
2683 3174 2736 3230 id
2775 3172 3036 3243 temporis
3064 3185 3174 3243 quo
3207 3166 3536 3225 venerabilis
3560 3164 3790 3235 Ragen-

501 3262 740 3318 civitatis
784 3261 1034 3320 Carnotis
1075 3260 1211 3320 infra
1253 3264 1551 3323 claustrum
1589 3264 1773 3325 Sancti
1823 3246 1990 3338 Petri,
2020 3273 2086 3327 ad
2111 3246 2160 3310 (ἶ
2189 3270 2375 3326 fredus
2398 3246 2692 3325 decentiori
2717 3275 2860 3323 statu
2886 3274 3050 3336 atque
3081 3260 3406 3334 religiosiori
3430 3259 3580 3317 cultu
3617 3271 3788 3313 eum-

502 3356 860 3412 meridianam
888 3357 1095 3414 scilicet
1121 3360 1356 3433 plagam,
1386 3362 1593 3418 habens
1635 3363 1688 3417 in
1717 3361 1935 3436 longum
1963 3377 2090 3434 per-

506 3445 642 3504 ticas
684 3465 871 3519 xxxvr,
897 3459 952 3506 et
981 3451 1036 3506 in
1066 3468 1173 3509 uno
1219 3455 1398 3524 capite
1441 3455 1679 3525 perticas
1724 3472 1820 3512 vm
1852 3465 1908 3513 et
1957 3457 2089 3513 ἀει-

505 3547 646 3594 trum
694 3557 884 3608 unum,
919 3542 972 3598 in
1019 3544 1195 3602 altero
1245 3561 1375 3602 vero
1419 3547 1596 3619 capite
1639 3548 1873 3618 perticas
1913 3561 1988 3604 vn
2032 3558 2088 3605 et

504 3629 751 3686 dextrum
782 3647 821 3687 ι.
854 3633 1204 3693 Tcrminatur
1239 3646 1416 3694 autem
1463 3640 1531 3695 ab
1571 3656 1678 3696 uno
1702 3638 1872 3697 latere
1900 3650 1955 3697 et
1980 3653 2088 3696 una

501 3718 681 3778 fronte
712 3732 852 3780 terra
896 3725 1124 3784 fratrum
1172 3728 1355 3786 Sancti
1386 3730 1553 3798 Petri,
1583 3733 1651 3788 ab
1699 3733 1871 3790 altero
1918 3734 2088 3790 latere

503 3814 592 3868 via
626 3816 860 3895 publica,
890 3827 942 3872 et
972 3833 1076 3875 una
1115 3819 1292 3878 fronte
1334 3824 1511 3881 exitus
1530 3824 1642 3896 (47)
1671 3825 1722 3880 in
1767 3825 2086 3881 claustrum.

508 3901 652 3958 infra
677 3904 777 3960 has
799 3907 1204 3966 terminationes
1231 3911 1510 3982 praefatam
1534 3928 1740 3981 aream,
1773 3927 1898 3968 cum
1925 3913 2083 3970 vinea

505 4007 627 4062 quae
649 3992 823 4048 eidem
856 4010 995 4052 areae
1042 3999 1376 4070 superposita
1407 4016 1530 4058 esse
1567 4002 1799 4068 videtur,
1829 4011 2088 4072 perpetuo

506 4097 605 4153 per
635 4084 941 4157 hujusmodi
989 4092 1254 4148 cartalam
1278 4093 1327 4150 ei
1357 4095 1662 4151 habendam
1707 4095 2083 4152 concedimus:

505 4173 582 4229 ita
639 4177 901 4237 duntaxat
960 4191 1051 4250 ut,
1101 4183 1258 4254 juxta
1312 4196 1735 4244 memoratarum
1785 4188 2087 4259 princ'pum

506 4266 760 4335 decreta,
804 4271 1009 4344 absque
1053 4290 1250 4334 census
1297 4276 1580 4335 exactione
1627 4292 1748 4334 eam
1805 4279 2086 4348 obtinens,

496 4460 726 4550 λῇς-(ῥῷ
768 4482 885 4550 qua;
929 4470 1060 4550 cepit
1105 4471 1223 4540 ﬁeri
1261 4473 1355 4527 sub
1381 4471 1538 4550 fielia
1576 4475 1813 4550 episcopo
1859 4476 1935 4550 bis
1979 4494 2088 4550 esse

504 4530 797 4601 delegatum
836 4530 1036 4592 clericis
1071 4530 1120 4594 ei
1160 4543 1484 4596 tantumdem
1525 4530 1814 4599 monachis.
1846 4530 2087 4603 Contine:

503 4610 685 4678 autem“
704 4606 802 4678 fige
822 4608 976 4678 modo
1002 4623 1019 4678 ς
1043 4626 1161 4664 cum
1193 4612 1676 4678 christianissimus,
1703 4623 1810 4669 etc.

717 4673 944 4757 garolus
973 4677 1188 4757 Calvus,
1236 4669 1682 4757 filiusuLudovici
1718 4684 2084 4757 imperatoris.

603 4740 694 4820 ῥεῖ)
718 4742 825 4820 _l_iic
851 4740 1278 4820 superscriptum
1318 4751 1606 4820 reliquisse.

573 4809 690 4950 $47;
718 4812 870 4869 Fort.
905 4809 1034 4884 leg.,
1057 4827 1106 4872 et
1129 4809 1297 4873 altera
1317 4809 1490 4888 fronte
1516 4823 1682 4878 exitu.

600 4880 668 4934 48
720 4884 878 4939 Anno
908 4885 1014 4940 889
1040 4887 1122 4940 vel
1147 4887 1272 4943 890.

600 4880 690 4943 48)
720 4884 878 4939 Anno
908 4880 1014 4940 889
1040 4887 1122 4940 vel
1147 4887 1272 4943 890.

577 4950 692 5024 (ἐξ.)
712 4951 764 5024 -Β
791 4970 804 5007 :
834 4954 1082 5024 pannula.

577 5019 687 5086 (50)
711 5021 787 5077 Ita
824 5019 944 5076 cod.

724 5092 764 5144 Β
786 5089 983 5176 :HUndc
1010 5092 1226 5176 ilignum.
1255 5096 1385 5176 dumi
1415 5101 1489 5176 ad_
1514 5102 1670 5176 ﬁnem
1707 5103 1864 5176 hujus
1885 5105 2083 5176 epilogi

505 5168 684 5218 cattas
709 5161 936 5216 scribere
959 5162 1128 5216 editas
1172 5165 1237 5218 ab
1263 5161 1524 5240 episcopis
1546 5174 1728 5244 Αθαηο
1759 5161 1992 5230 ιῖἱᾱειίἓει
2029 5161 2082 5232 ’ἐι

2187 3363 2311 3420 dem
2359 3361 2534 3419 locum
2582 3359 2964 3431 infastigiavit,
3014 3356 3152 3412 liber
3206 3352 3416 3426 Hagani
3469 3351 3782 3416 vocitetur;

2189 3455 2244 3510 in
2273 3467 2382 3524 quo
2431 3451 2658 3522 diligens
2681 3450 2854 3506 lector
2895 3447 3081 3504 omnia
3117 3445 3230 3501 fere
3262 3442 3500 3500 inveniet
3548 3455 3670 3515 quae
3725 3441 3787 3496 in

2188 3546 2305 3616 ipso
2333 3543 2633 3600 intersticio
2656 3543 2885 3597 duorum
2912 3539 3237 3597 eximiorum
3268 3534 3558 3608 praesulem
3584 3547 3618 3589 a
3645 3530 3789 3589 fide-

2188 3640 2328 3694 libus
2357 3637 2549 3693 collata
2589 3634 2673 3690 vel
2704 3647 2962 3690 concessa
2989 3645 3110 3689 esse
3137 3631 3416 3687 videntur.

2261 3731 2548 3800 Sequentis
2571 3742 2699 3784 vero
2721 3727 2902 3798 operis
2930 3726 3262 3800 agiographa
3286 3715 3612 3794 Ragenfredi
3639 3718 3790 3778 liber

2189 3831 2545 3894 noncupetur,
2569 3820 2716 3893 quia,
2749 3819 3086 3892 propiciante
3111 3817 3294 3873 divina
3319 3814 3626 3878 clementia,
3659 3813 3792 3884 ejus

2190 3915 2367 3971 studio
2415 3910 2645 3984 geminis
2691 3910 3041 3982 provectibus
3092 3909 3246 3965 locus
3301 3907 3449 3980 cepit
3503 3904 3791 3976 provehi,

2190 4015 2352 4076 atque
2394 4019 2492 4075 per
2523 4017 2686 4061 omne
2738 4013 2912 4060 :evum
2963 4003 3373 4057 fundamentum
3425 3999 3570 4068 quod
3619 3995 3790 4068 jecit,

2191 4094 2441 4165 quamvis
2462 4101 2712 4149 estuante
2743 4091 2859 4148 salo
2882 4105 2980 4164 per
3007 4092 3168 4163 hujus
3195 4089 3381 4145 mundi
3409 4086 3635 4159 pelagus
3656 4100 3797 4156 per-

2191 4197 2321 4258 sepe
2371 4183 2713 4255 naufragium
2762 4182 3023 4253 perferat,
3053 4180 3264 4238 victrici
3301 4187 3478 4235 tamen
3513 4177 3796 4249 patientia

2191 4275 2501 4334 invincibile
2529 4274 2770 4332 manebit
2798 4274 2852 4330 in
2875 4271 3077 4330 secula.

2193 4473 2522 4546 Ragenfredo
2567 4481 2722 4546 atque
2746 4465 3196 4546 _sanct_i__(_larauni
3233 4463 3418 4519 abbate
3462 4459 3786 4546 Qrad‘nlfog,

2193 4531 2460 4600 devrebus
2489 4531 2649 4597 datis'
2674 4540 2757 4595 vel
2803 4539 3022 4594 redditis
3072 4545 3233 4607 atque
3276 4532 3533 4607 concessis
3584 4531 3799 4607 sancto

2114 4605 2166 4666 D
2194 4615 2355 4670 Petro
2384 4614 2448 4668 ab
2477 4614 2574 4678 eis,
2604 4613 2732 4666 dum
2783 4611 2956 4665 adhuc
2994 4600 3236 4662 canonici
3272 4604 3386 4678 loco
3433 4600 3798 4678 deseruirent.

2190 4685 2397 4741 Deinde
2427 4699 2508 4738 res
2534 4672 2803 4752 possessas
2834 4680 2900 4734 ab
2927 4678 3032 4733 illis
3058 4692 3192 4752 quas
3230 4675 3453 4742 scriptas
3482 4672 3698 4752 repperi
3734 4672 3799 4752 in

2191 4755 2396 4810 duobus
2422 4741 2632 4816 retulis,
2656 4760 2811 4820 atque
2831 4741 3239 4820 consuetudines
3279 4741 3410 4815 quas
3439 4742 3506 4795 ab
3531 4741 3798 4820 agricolis

2193 4823 2541 4895 accipiebant,
2572 4811 2690 4889 qua:
2724 4811 2952 4895 multum
2992 4811 3352 4895 discrepant'a
3383 4811 3802 4895 consuetudini-

2193 4885 2501 4950 bus'nostri
2528 4885 2808 4960 temporis.
2863 4888 3067 4960 Earum
3104 4885 3325 4960 denique
3373 4898 3551 4960 rerum
3583 4890 3798 4960 curtas,

2191 4965 2270 5020 vel
2300 4963 2512 5018 nomina
2542 4950 2756 5015 illorum
2780 4960 2870 5030 qui
2891 4975 2977 5030 eas
3000 4956 3178 5030 largiti
3199 4950 3321 5009 sunt
3345 4952 3561 5030 minime
3587 4950 3797 5030 inueni.

2193 5034 2385 5090 Utrum
2409 5041 2583 5086 autem
2615 5020 2865 5084 vetustate
2892 5020 3103 5082 abolita?
3127 5035 3273 5090 sunt,
3305 5032 3394 5076 aut
3418 5021 3653 5075 hostium
3669 5020 3802 5088 igne

2195 5112 2463 5185 crematis,
2493 5111 2588 5182 aut
2619 5113 2886 5171 nunquam
2917 5099 3154 5182 scriptte,
3191 5094 3486 5151 scribarum
3532 5091 3799 5162 penuria,

2191 5188 2404 5229 minime
2427 5187 2559 5226 κιο.
