3896 6320
174 365 306 424 2049

175 484 355 538 fratres
389 476 512 541 mei,
552 489 658 530 non
692 482 922 531 vocatur
961 473 1076 529 sola
1108 489 1252 540 caro,
1287 476 1380 531 sed
1408 477 1728 532 sensualitas

172 588 283 628 cum
339 582 515 625 carne.
573 566 700 621 Duae
741 567 939 636 quippe
981 575 1108 621 sunt
1143 568 1289 623 vires
1319 568 1434 624 sive
1459 569 1730 639 potentiae,

171 663 379 735 spiritus
421 657 694 727 Superior,
742 666 796 711 et
848 656 1091 712 inferior.
1137 657 1394 728 Superior
1441 671 1522 714 est
1570 660 1729 726 ratio,

169 771 280 828 qtae
306 750 540 808 caelestia
575 749 977 819 contemplatur
999 758 1052 805 et
1086 752 1299 820 quaerit.
1341 751 1566 806 lnl'erior
1601 765 1731 806 vero

166 855 244 902 est
288 839 608 897 sensualitas
651 853 772 908 qua:
815 852 912 907 per
956 840 1192 909 quinque
1225 841 1465 896 ofﬁcinas
1491 841 1733 912 corporis

167 930 466 1002 temporalia
496 927 612 986 sola
643 927 917 982 desiderat
963 939 1020 984 ct
1058 931 1270 1000 quaerit.
1305 931 1566 1002 Superior
1601 947 1731 1002 ergo

163 1041 284 1098 pars
317 1023 542 1094 spiritus
584 1029 812 1076 vocatur
852 1021 1082 1079 interior
1123 1024 1306 1088 homo,
1341 1025 1455 1079 sive
1489 1025 1728 1096 spiritus.

169 1117 389 1175 Inferior
437 1131 571 1171 vero
621 1131 750 1186 pars
803 1131 925 1172 cum
975 1133 1171 1183 carne,
1224 1129 1448 1176 vocatur
1493 1120 1732 1175 exterior

159 1213 315 1268 homo
346 1209 458 1264 sive
482 1223 612 1263 caro
637 1224 651 1261 :
696 1207 818 1262 ideo
855 1208 979 1277 quia
1010 1224 1040 1263 a
1071 1225 1234 1266 carne
1261 1209 1372 1266 sola
1402 1210 1563 1266 habet
1589 1209 1733 1280 quod

167 1299 472 1370 temporalia
495 1297 770 1354 desiderat
796 1305 853 1351 et
875 1301 1087 1365 quaerit.
1120 1299 1255 1356 Hinc
1275 1309 1358 1356 est
1378 1301 1519 1370 quod
1547 1301 1730 1366 homo,

159 1393 243 1463 qui
276 1391 408 1446 vivit
464 1394 767 1450 secundum
813 1394 1242 1459 sensualitatem,
1286 1395 1448 1449 homo
1475 1392 1730 1460 carnalis,

158 1486 262 1541 imo
297 1486 460 1540 etiam
513 1494 657 1542 totus
700 1504 830 1544 caro
872 1490 1092 1544 dicitur.
1130 1488 1284 1543 Sicut
1308 1488 1614 1543 econtrario
1642 1487 1733 1543 ille

155 1577 244 1647 qui
269 1577 403 1631 vivit
441 1581 737 1634 secundum
776 1582 1050 1651 spiritum,
1083 1581 1246 1636 homo
1275 1578 1592 1649 spiritualis,
1621 1578 1732 1634 imo

155 1668 312 1724 etiam
368 1669 592 1739 spiritus
647 1671 872 1725 dicitur.
914 1671 1170 1726 Secundo
1200 1669 1460 1739 quaeritur
1485 1669 1627 1724 unde
1647 1677 1732 1724 est

153 1768 301 1814 tanta
347 1761 705 1831 repugnantia
737 1761 880 1816 inter
905 1761 1154 1832 spiritum
1185 1769 1242 1814 et
1270 1775 1513 1826 carnem,
1563 1760 1617 1815 id
1644 1771 1730 1816 est

152 1851 293 1907 inter
341 1851 612 1908 rationem
663 1862 717 1908 et
765 1853 1200 1919 sensualitatem,
1232 1861 1292 1907 ut
1323 1851 1491 1907 altera
1526 1867 1724 1908 concu-

146 1943 319 2015 piscat
363 1955 559 2000 contra
603 1945 851 2001 alteram.
895 1945 974 2000 Ex
1006 1945 1162 2016 culpa
1207 1944 1546 2016 protoplasti.
1585 1944 1727 2001 Ante

146 2039 284 2094 enim
321 2038 536 2108 culpam
583 2049 801 2095 creatus
835 2040 916 2094 sic
944 2047 1000 2094 et
1032 2039 1314 2094 ordinatus
1343 2047 1461 2094 erat
1494 2040 1654 2095 homo
1694 2053 1726 2093 a

143 2130 269 2195 Deo,
321 2139 380 2184 ut
417 2130 622 2185 nullam
656 2133 710 2186 in
738 2147 797 2187 se
827 2132 1052 2187 sentiret
1091 2130 1460 2195 rebellionem,
1497 2131 1590 2186 sed
1616 2129 1727 2200 spi-

145 2221 276 2276 ritus
304 2237 403 2277 suo
433 2221 682 2277 Creatori
726 2223 973 2277 subditus
999 2231 1053 2277 et
1085 2222 1346 2277 obediens
1383 2230 1550 2288 esset,
1595 2237 1725 2278 caro

140 2326 265 2366 vero
293 2312 409 2367 sive
449 2312 781 2368 sensualitas
823 2314 1046 2384 Spiritus
1075 2314 1128 2369 in
1165 2314 1416 2368 omnibus
1443 2315 1562 2370 sine
1590 2331 1725 2371 con-

140 2405 475 2476 tradictione,
517 2419 759 2478 pareret.
816 2408 954 2477 Quia
1004 2421 1132 2463 vero
1183 2406 1406 2477 spiritus
1453 2407 1726 2478 peccando

136 2497 454 2554 lnobetliens
512 2500 626 2556 Deo
675 2501 796 2567 fuit,
852 2501 974 2556 inde
1024 2503 1219 2556 merito
1262 2515 1418 2556 suum
1474 2499 1723 2565 inferius,

136 2589 187 2643 id
231 2599 337 2656 est,
385 2593 693 2648 carnalitas
717 2609 838 2648 cum
871 2593 1122 2648 sensibus
1147 2594 1260 2647 suis
1281 2593 1328 2647 ei
1352 2592 1570 2648 obedire
1602 2609 1725 2648 con-

137 2683 374 2752 tempsit.
407 2684 553 2740 Hinc
584 2694 667 2740 est
694 2686 836 2756 quod
861 2687 1034 2740 Adam
1066 2696 1187 2756 post
1216 2695 1495 2755 peccatum
1528 2701 1586 2742 se
1620 2703 1723 2741 nu-

131 2773 256 2828 dum
281 2776 439 2842 vidit,
472 2778 526 2833 id
559 2788 640 2834 est
666 2795 724 2834 se
756 2781 926 2851 gratia
973 2789 1028 2834 et
1063 2781 1321 2842 dominio,
1371 2781 1513 2850 quod
1558 2779 1725 2834 habe-

128 2864 218 2923 bat
255 2867 307 2923 in
342 2872 617 2926 membris
650 2874 762 2928 suis
807 2874 1094 2944 Spoliatum
1147 2875 1420 2944 cognovit.
1459 2875 1553 2929 Est
1597 2888 1726 2944 ergo

129 2956 244 3015 haec
296 2964 669 3034 repugnantia
712 2965 764 3018 in
809 2965 1049 3030 homine,
1099 2981 1201 3019 non
1252 2981 1321 3020 ex
1359 2957 1726 3042 nalttra,"sed

125 3049 306 3121 potius
353 3067 424 3106 ex
479 3063 716 3122 peccato
765 3069 925 3123 paena
971 3054 1192 3110 inﬂicta.
1247 3056 1429 3110 Tertio
1467 3056 1728 3126 quaeritur

126 3156 292 3211 quare
352 3142 634 3198 Dominus
677 3159 708 3198 a
751 3146 926 3200 servis
977 3145 1089 3201 suis
1131 3146 1272 3202 hanc
1311 3147 1723 3217 repugnantiam

123 3246 227 3286 non
283 3233 449 3288 tollit.
502 3235 667 3302 Quia,
723 3235 920 3292 fratres
965 3238 1092 3299 mei,
1139 3239 1287 3294 novit
1317 3239 1577 3294 Dominus
1605 3253 1724 3294 eam

121 3325 294 3380 servis
324 3327 444 3381 suis
473 3322 606 3382 esse
637 3327 824 3382 utilem
879 3330 1053 3384 tribus
1086 3331 1282 3386 modis.
1343 3331 1535 3384 Reddit
1581 3330 1724 3384 enim

121 3434 218 3474 eos
273 3422 636 3487 humiliores,
673 3439 741 3478 ne
780 3423 988 3479 scilicet
1013 3424 1079 3478 de
1110 3438 1168 3477 se
1202 3431 1529 3493 praesumant
1558 3439 1571 3474 :
1599 3422 1726 3476 dum

120 3514 396 3569 internam
449 3516 814 3573 rebellionem
859 3533 966 3571 non
994 3531 1060 3571 ex
1085 3531 1161 3581 se,
1192 3514 1283 3571 sed
1315 3531 1382 3570 ex
1411 3514 1522 3569 sola
1553 3515 1724 3586 gratia

117 3618 176 3658 se
204 3621 372 3675 posse
430 3623 711 3678 superare
769 3607 971 3661 vident.
1025 3605 1223 3660 Reddit
1273 3619 1366 3660 eos
1416 3619 1544 3674 erga
1591 3601 1727 3658 alios

115 3699 659 3765 misericordiores;
722 3715 789 3755 ex
855 3699 1074 3769 propria
1123 3697 1268 3752 enim
1318 3696 1538 3751 miseria
1593 3709 1728 3764 quo-

113 3791 280 3846 modo
315 3791 444 3848 aliis
477 3788 737 3846 misereri
781 3792 1016 3847 debeant
1071 3790 1375 3845 addiscunt.
1408 3787 1605 3844 Reddit
1633 3800 1726 3841 eos

110 3885 575 3942 victoriosiorcs.
623 3885 838 3954 Quanto
885 3885 1030 3941 enim
1088 3881 1345 3951 majorem
1387 3881 1624 3936 sentiunt
1670 3884 1727 3934 et

111 3977 348 4034 vincunt
392 3993 670 4049 pugnam,
711 3986 860 4032 tanto
907 3975 1166 4045 majorem
1203 3979 1605 4042 consequentur
1634 3985 1728 4025 co-

109 4085 329 4126 ronam.
390 4071 615 4139 Quarto
654 4071 915 4140 quatritur
951 4067 1224 4140 quomodo
1265 4068 1320 4122 in
1363 4066 1466 4120 hac
1509 4066 1723 4120 interna

105 4171 161 4217 et
196 4170 312 4218 tam
368 4155 642 4219 familiari
685 4178 878 4235 guerra
908 4160 1227 4231 'poterimus
1274 4158 1555 4212 victoriam
1584 4156 1726 4211 obti-

101 4271 258 4312 nere.
312 4257 443 4313 Non
494 4271 600 4326 per
633 4271 754 4322 nos,
791 4255 989 4310 fratres
1024 4253 1152 4318 mei,
1189 4251 1280 4306 sed
1307 4266 1406 4321 per
1433 4249 1600 4304 solam
1627 4246 1724 4303 Dei

101 4350 370 4418 gratiam.
438 4348 607 4405 Unde
669 4347 1008 4418 Apostolus:
1058 4342 1290 4415 Infelix,
1342 4341 1543 4413 inquit.
1602 4355 1724 4411 ergo

96 4441 298 4508 homo,
361 4443 494 4515 quis
557 4459 637 4496 me
694 4440 930 4494 liberabit
983 4437 1047 4491 tle
1108 4452 1322 4506 corpore
1377 4435 1560 4488 mortis
1619 4433 1723 4486 Im-

87 4540 186 4610 jus
209 4539 236 4592 ?
265 4539 478 4592 Gratia
517 4534 616 4588 Dei
637 4549 728 4602 per
753 4532 935 4586 Jesum
967 4529 1230 4584 Christum
1265 4526 1441 4597 (Rom.
1467 4527 1585 4592 vn).
1616 4524 1722 4579 Sed

96 4634 386 4704 quoniam
427 4628 622 4700 gratia
649 4626 744 4680 Dei
777 4640 884 4678 non
914 4621 1165 4692 provenit
1193 4617 1632 4682 dormitantibus,
1672 4617 1720 4672 si

92 4702 369 4782 volumus
398 4723 560 4778 hanc
588 4717 940 4773 rebellionem
968 4715 1188 4769 vincere
1220 4712 1273 4765 in
1304 4710 1479 4776 nobis,
1522 4702 1742 4764 instan-'

87 4820 224 4876 dum
259 4826 353 4872 est
387 4811 701 4884 vigilanter
731 4806 990 4871 orationi,
1033 4813 1090 4859 et
1129 4803 1310 4858 carnis
1347 4801 1722 4858 macerationi.

84 4912 299 4975 Porro,
331 4907 586 4962 fratres
630 4901 760 4967 mei,
802 4913 963 4969 super
1009 4907 1186 4952 motus
1225 4893 1406 4951 cordis
1453 4903 1508 4948 et
1543 4895 1723 4948 carnis

78 5016 306 5062 nostras
365 4997 620 5069 vigilare
657 4993 915 5050 continue
946 4991 1234 5054 debemus;
1266 4986 1459 5051 malos,
1515 4988 1559 5042 si
1588 5002 1714 5042 sur-
1742 4991 1744 4994 ’

77 5096 377 5157 rexerint,
434 5087 680 5146 omnino
724 5081 1157 5154 exstinguenda;
1216 5081 1409 5143 bonos,
1463 5079 1624 5135 etiam
1675 5079 1720 5134 si

73 5187 490 5247 excesserint,
551 5180 898 5250 corrigendo.
942 5177 1056 5232 Non
1101 5174 1270 5228 simus
1317 5176 1456 5229 sicut
1503 5174 1722 5244 quidam

75 5281 364 5339 carnales
397 5281 704 5337 homines,
747 5289 840 5343 qui
879 5272 1077 5327 nullam
1104 5273 1156 5328 in
1189 5286 1247 5326 se
1273 5276 1606 5340 cognoscunt
1632 5282 1722 5326 re-

63 5375 429 5437 bellionem,
488 5369 606 5424 sed
629 5381 844 5423 omnem
872 5375 1076 5419 motum
1103 5372 1408 5432 surgentem
1429 5361 1719 5434 recipiunt,

63 5477 126 5524 et
151 5466 304 5523 nulli
355 5460 682 5519 tentalioni
712 5459 1002 5515 obsistunt.
1037 5455 1266 5512 Oremus
1294 5455 1477 5520 etiam,
1503 5462 1558 5508 et
1593 5466 1722 5507 con-

63 5570 156 5616 tra
190 5570 430 5631 pravos
479 5559 680 5607 motus
730 5559 946 5606 nostros
1001 5547 1258 5601 auxilium
1305 5545 1535 5615 desuper
1575 5557 1720 5613 quae-

63 5670 301 5721 ramus,
344 5651 630 5708 dicentes
667 5661 788 5701 cum
823 5643 1106 5699 Psalmista
1137 5659 1151 5695 :
1184 5640 1423 5705 Domine,
1447 5657 1539 5694 ure
1573 5654 1720 5694 renes

59 5757 300 5806 nostros
338 5751 398 5799 et
431 5753 542 5796 cor
580 5749 815 5792 nostrum
857 5734 1030 5808 (Psal.
1062 5733 1223 5804 xxv);
1259 5732 1506 5787 videlicet
1546 5747 1614 5788 ne
1643 5731 1717 5786 illi

61 5841 226 5896 male
288 5833 712 5895 delectentur,
742 5830 828 5882 vel
869 5825 1000 5881 illud
1030 5823 1166 5880 male
1197 5822 1414 5896 cogitet,
1447 5823 1567 5894 igne
1593 5838 1718 5879 san-
1749 5901 1753 5906 η

861 358 1167 416 ΗΟΜΙΙᾸΕ
1207 358 1276 416 ΙΝ
1315 360 1534 418 EPIST.
1561 361 1651 423 ET
1685 362 1727 418 E

1830 361 1938 418 NG.
1979 359 2281 421 DOMINlC.
2317 391 2391 407 -
2421 363 2605 423 PARS
2640 365 2707 425 ll.

3267 368 3417 438 2680

1756 479 1902 542 Acti
1939 477 2176 549 Spiritus
2231 494 2492 550 expurga.
2541 480 2772 539 Carnem
2821 500 3037 558 quoque
3079 488 3308 560 jejuuiis
3352 504 3413 558 es

1833 569 2171 626 orationibus
2203 578 2367 641 atque
2409 571 2684 628 laboribus
2716 590 3073 648 maceremus,
3105 592 3158 636 et
3195 584 3414 655 spiritui

1833 674 1952 714 eam
1985 661 2192 716 servire
2215 676 2512 731 cogamus;
2539 663 2666 734 quia
2692 664 2916 723 duorum
2947 673 3246 738 rebellium,
3277 691 3411 746 quo-

1834 765 1954 805 rum
1973 759 2176 821 quanto
2190 752 2328 808 alter
2342 753 2588 820 debilior,
2607 763 2754 810 tanto
2772 757 2907 812 alter
2928 759 3116 818 fortior
3133 773 3236 820 est.
3258 766 3410 824 Unde

1829 843 2164 914 Apostolus,
2215 844 2462 914 Quando,
2508 847 2702 919 inquit,
2747 849 3006 920 inﬁrmor,
3052 865 3175 911 tunc
3222 857 3414 928 fortior

1826 952 1949 1015 sum
1972 945 2021 992 et
2047 947 2229 1008 potens
2260 936 2347 1010 (II
2373 939 2497 995 Cor.
2523 941 2656 1011 xn);
2693 942 2955 999 subaudis
2983 950 3278 1005 secundum
3301 953 3411 1023 spi-

1832 1029 2017 1085 ritum.
2052 1030 2253 1097 Quinto
2281 1070 2296 1098 ,
2343 1030 2388 1086 si
2411 1040 2472 1086 ut
2512 1033 2590 1086 ait
2617 1033 2926 1103 Apostolus,
2955 1052 3060 1091 non
3093 1039 3318 1096 facimus
3346 1059 3412 1098 ea

1833 1135 1955 1190 qua:
2003 1121 2274 1190 volumus,
2321 1121 2408 1177 vel
2435 1122 2483 1178 si
2513 1122 2741 1180 facimus
2781 1141 2844 1182 ea
2875 1141 2996 1197 qua:
3026 1145 3133 1184 non
3164 1131 3411 1191 volumus

1849 1210 2029 1283 (Rom.
2053 1215 2175 1286 vn),
2225 1216 2496 1286 quomodo
2531 1217 2598 1270 ad
2629 1218 2908 1288 praemium
2947 1220 3030 1276 vel
3074 1222 3139 1276 ad
3190 1237 3407 1292 ptenam

1833 1312 1964 1358 sunt
1992 1306 2148 1361 nobis
2177 1306 2513 1378 imputanda.
2539 1309 2667 1365 Duas
2698 1309 3023 1376 voluntates,
3055 1310 3253 1368 fratres
3281 1315 3407 1381 mei,

1832 1395 2118 1452 contrariae
2166 1408 2291 1456 sunt
2345 1401 2401 1456 in
2452 1400 2673 1458 homine
2709 1420 2724 1457 :
2758 1417 2867 1458 una
2917 1403 3180 1470 rationis;
3243 1407 3411 1462 altera

1830 1488 2223 1557 scnsualitatis,
2270 1492 2384 1550 sive
2426 1496 2628 1552 carnis.
2661 1495 2768 1552 Sed
2792 1499 3085 1553 secundum
3117 1498 3263 1554 illatn
3291 1516 3411 1570 qum

1831 1592 2054 1652 superat
2077 1583 2321 1641 nolentes
2339 1585 2666 1655 iudicamus.
2689 1588 2813 1644 Vult
2835 1590 2978 1645 enim
2997 1591 3219 1661 quilibet
3239 1593 3412 1648 malus

1831 1674 2050 1739 salvari,
2075 1674 2355 1732 voluntate
2383 1679 2632 1745 rationis,
2661 1680 2756 1735 sed
2781 1681 3055 1738 voluntate
3089 1684 3272 1739 carnis
3307 1685 3412 1740 hoc

1823 1778 1939 1818 non
1959 1763 2094 1830 vult,
2113 1764 2239 1819 dum
2265 1780 2364 1836 per
2390 1781 2507 1822 eam
2531 1769 2796 1826 voluntati
2813 1775 3085 1829 contraria
3109 1773 3412 1842 facit.Quia

1755 1847 1802 1907 B
1830 1869 1958 1924 ergo
1974 1854 2224 1911 voluntas
2245 1857 2496 1912 carnisin
2515 1873 2580 1914 eo
2600 1869 2820 1928 superat
2842 1862 3170 1920 voluntatem
3194 1867 3408 1934 mentis,

1829 1947 2002 2017 magis
2033 1947 2225 2004 nolens
2244 1963 2410 2020 quam
2429 1948 2619 2006 volens
2640 1951 2860 2016 salvari,
2887 1953 3044 2008 debet
3063 1956 3318 2024 iudicari.
3335 1957 3414 2010 Si-

1829 2039 2033 2094 militer
2051 2039 2246 2110 aliquis
2260 2039 2435 2095 bonus
2460 2041 2570 2096 vult
2591 2041 2874 2098 voluntate
2891 2045 3074 2099 carnis
3089 2059 3413 2116 cognoscere

1829 2131 2055 2186 alterius
2092 2147 2336 2198 uxorem,
2376 2132 2470 2188 sed
2510 2134 2812 2188 secundum
2835 2134 3164 2191 voluntatem
3195 2139 3414 2208 spiritus
3455 2139 3464 2150 ‘

1828 2223 1932 2279 hoc
1961 2224 2169 2291 nolens,
2217 2225 2552 2281 voluntatem
2604 2227 2786 2282 carnis
2825 2226 3093 2292 refrenat;
3124 2230 3210 2284 hic
3243 2231 3413 2301 magis

1830 2317 2016 2372 nolens
2068 2313 2254 2388 quam
2285 2317 2473 2374 volens
2525 2333 2862 2390 cognoscere
2920 2319 3201 2374 mulierem
3253 2321 3416 2378 debet

1829 2409 1958 2464 dici.
1988 2408 2218 2480 Propter
2252 2409 2393 2464 hanc
2421 2410 2690 2480 duplicem
2725 2411 3060 2466 voluntatem
3091 2411 3228 2466 dicit
3259 2411 3412 2468 Salo-

1830 2514 1980 2564 mon,
2018 2496 2138 2552 Vult
2165 2508 2212 2552 et
2244 2517 2346 2555 non
2369 2500 2476 2555 vult
2504 2501 2651 2571 piger
2674 2500 2861 2572 (Prov.
2889 2501 3034 2572 xm).
3063 2499 3255 2556 Omnia
3282 2518 3410 2574 ergo

1829 2608 1948 2664 quae
1969 2592 2218 2660 facimus,
2235 2592 2433 2649 fratres
2450 2595 2577 2659 mei,
2606 2595 2904 2650 secundum
2928 2594 3260 2649 voluntatem
3286 2611 3408 2666 qua

1829 2698 2083 2758 superat,
2119 2705 2224 2744 non
2261 2691 2558 2746 secundum
2604 2705 2723 2745 eam
2768 2705 2890 2760 quae
2935 2698 3223 2760 superatur
3255 2689 3414 2746 nobis

1828 2782 2031 2837 debent
2071 2783 2346 2854 imputari.
2398 2783 2712 2854 Propterea,
2763 2781 2983 2846 fratres,
3015 2783 3196 2838 carnis
3224 2783 3414 2839 volun-

1829 2883 1996 2931 tatem
2045 2875 2096 2929 in
2148 2881 2306 2931 nouis
2357 2875 2714 2940 refrenemus,
2755 2884 2808 2929 et
2836 2876 3030 2930 bonam
3061 2875 3286 2944 spiritus
3317 2891 3410 2930 vo-

1828 2966 2098 3024 luntatem
2129 2968 2183 3024 in
2217 2969 2371 3024 nobis
2413 2969 2722 3024 nutriamus
2769 2968 2922 3035 Quod
2952 2969 3018 3031 si,
3053 2968 3252 3037 inquit,
3303 2953 3417 3037 κρῖ-ὲ

1828 3058 1936 3110 ritu
1971 3058 2248 3123 ducimini,
2290 3075 2393 3113 non
2443 3059 2566 3112 estis
2607 3059 2701 3111 sub
2750 3057 2879 3128 lege.
2909 3056 3167 3112 Cat-nales
3207 3065 3262 3112 et
3289 3073 3414 3127 pec-

1828 3157 2039 3204 catores
2075 3151 2174 3205 sub
2221 3150 2337 3221 lege
2385 3159 2714 3213 arctantur;
2767 3147 3080 3219 spirituales
3134 3164 3266 3204 vero
3309 3149 3413 3204 viri

1752 3209 1795 3267 δ
1830 3241 1948 3312 lege
2001 3258 2108 3298 non
2170 3242 2434 3313 indigent,
2485 3258 2610 3298 cum
2648 3242 2868 3312 propria
2897 3241 3105 3294 ratione
3133 3250 3410 3310 regantur.

1835 3335 1990 3391 Unde
2011 3335 2346 3407 Apostolus:
2377 3332 2508 3398 Lex,
2549 3334 2745 3402 inquit,
2776 3342 2978 3386 nonest
3018 3333 3191 3402 posita
3217 3332 3404 3402 justis,

1827 3430 1917 3483 sed
1940 3429 2149 3499 injustis
2177 3439 2226 3482 et
2249 3428 2606 3498 peccatoribus
2633 3427 2718 3498 (11
2750 3425 2886 3480 Tim.
2913 3426 2974 3496 ι).

1899 3521 2163 3590 Sequitur
2198 3535 2325 3590 pars
2359 3519 2550 3584 tertia,
2591 3519 2642 3574 in
2671 3535 2776 3587 qua
2812 3517 3104 3588 Apostolus
3131 3526 3415 3572 enumerat

1829 3611 2102 3669 desideria
2137 3611 2318 3666 carnis
2354 3610 2539 3666 dicens
2567 3627 2580 3662 :
2609 3608 2894 3678 Manifesta
2927 3619 3100 3663 autem
3127 3618 3250 3664 sunt
3278 3609 3415 3662 desi-

1828 3704 1975 3757 deria
2013 3702 2213 3766 carnis,
2251 3716 2368 3772 qua:
2411 3708 2531 3754 sunt
2562 3699 2865 3769 fornicatio,
2909 3700 3268 3765 immunditia,
3314 3700 3416 3761 iot-

1827 3795 2104 3867 pudicitia,
2147 3793 2388 3857 luxuria,
2439 3791 2704 3846 idolorum
2746 3791 2988 3856 servitus,
3039 3801 3146 3846 etc.
3203 3790 3414 3846 Dicitur

1829 3893 2012 3940 autem
2064 3883 2358 3938 fornicatio
2409 3883 2587 3937 omnis
2615 3881 2802 3936 "coitus
2844 3889 3044 3950 praeter
3084 3882 3409 3953 legitimum.

1832 3975 2180 4032 lmmunditia
2218 3989 2348 4029 vero
2393 3983 2476 4029 est
2506 3973 2686 4028 omnis
2712 3973 2887 4028 coitus
2911 3982 3098 4028 contra
3134 3983 3410 4032 naturam.

1827 4069 2169 4139 lmpudicitia
2219 4077 2303 4124 est
2356 4068 2532 4124 omnis
2574 4057 2907 4138 impudentia
2955 4083 3074 4138 quas
3122 4068 3184 4123 ﬁt
3216 4067 3302 4123 vel
3356 4069 3412 4123 in

1831 4161 2036 4225 verbis,
2069 4160 2154 4214 vel
2185 4160 2240 4214 in
2287 4160 2547 4226 motibus,
2596 4158 2680 4213 vel
2725 4158 2779 4213 in
2825 4158 3066 4230 gestibus
3114 4158 3410 4215 dissolutis.

1827 4252 2066 4307 Luxuria
2111 4260 2195 4307 est
2235 4252 2411 4306 omnis
2455 4251 2611 4305 luxus
2643 4251 2727 4306 vel
2753 4250 2998 4307 ciborum
3043 4250 3127 4306 vel
3156 4251 3410 4318 vestium,

1827 4344 1915 4399 vel
1959 4343 2330 4415 quarumlibet
2364 4341 2820 4414 superﬂuitatum.
2857 4341 3124 4397 ldolorum
3158 4340 3408 4407 servitus,
3477 4417 3482 4422 ι

1829 4439 2026 4509 duplex
2071 4445 2190 4494 est:
2224 4438 2378 4493 Alter
2407 4451 2597 4492 eorum
2645 4436 2738 4504 qui
2786 4434 2986 4491 cultum
3025 4434 3137 4488 Deo
3167 4433 3408 4488 debitum

1748 4554 1803 4616 ι)
1829 4531 2092 4588 exhibent
2119 4539 2416 4594 creaturae;
2445 4527 2582 4582 alter
2605 4540 2794 4581 eorum
2823 4525 2916 4594 qui
2937 4533 3243 4580 creaturam
3273 4537 3409 4592 prae-

1829 4633 2035 4697 ponunt
2072 4623 2336 4690 Creatori,
2372 4631 2432 4676 ut
2459 4635 2676 4686 avarus,
2719 4619 2812 4688 qui
2839 4617 3102 4687 praeponit
3124 4631 3406 4673 nummum

1827 4718 1962 4782 Deo,
2017 4725 2073 4771 et
2122 4715 2437 4771 luxuriosus
2487 4710 2856 4776 meretricem,
2911 4717 2966 4764 et
3010 4708 3228 4779 gulosus
3279 4723 3410 4764 ven-

1829 4819 1987 4865 trem.
2028 4807 2306 4865 Veneficia
2347 4815 2475 4864 sunt
2514 4819 2636 4876 quae
2676 4818 2773 4874 per
2797 4816 3028 4868 venena,
3061 4801 3144 4856 vel
3170 4801 3409 4869 magicas

1827 4911 1974 4958 artes
1997 4909 2345 4957 exercentur.
2375 4897 2678 4954 Inimicitiae
2700 4903 2847 4960 sunt,
2875 4893 3090 4965 quando
3121 4907 3227 4948 non
3254 4892 3406 4960 vitia,

1826 4992 1920 5048 sed
1965 4991 2067 5062 ipsi
2110 4989 2354 5046 homines
2389 4988 2514 5044 odio
2559 4987 2848 5042 habentur.
2877 4983 3262 5040 Contentiones
3282 4990 3410 5038 sunt

1826 5099 2018 5156 pugna
2061 5082 2351 5136 verborum
2400 5077 2563 5134 factae
2609 5077 2676 5132 de
2722 5090 2783 5130 re
2831 5073 3007 5128 inutili
3051 5071 3135 5128 vel
3182 5073 3250 5128 de
3287 5071 3408 5127 utili

1827 5176 2110 5232 inutiliter.
2139 5171 2543 5228 IEmulatioues
2574 5178 2700 5226 sunt
2739 5167 3004 5223 malorum
3045 5165 3100 5220 in
3137 5164 3409 5238 prosperi-

1825 5277 1936 5323 tate
1963 5282 2081 5322 sua.
2132 5265 2176 5319 A
2209 5248 2424 5335 quibus
2466 5277 2568 5319 nos
2610 5260 2932 5316 dehortatur
2978 5257 3147 5313 David
3177 5257 3404 5312 dicens:

1826 5357 1954 5415 Noli
2003 5356 2242 5412 ammlari
2280 5357 2333 5410 in
2370 5352 2780 5424 malignantibus
2827 5367 2990 5422 neque
3028 5350 3279 5405 “laveris
3318 5346 3434 5428 fac"

1823 5452 2013 5506 cientes
2035 5449 2400 5519 iniquitatem;
2443 5447 2692 5518 quoniam
2721 5455 2974 5517 tanquam
3004 5444 3183 5514 fenum
3212 5441 3406 5496 veloci-

1822 5554 1901 5601 ter
1951 5552 2182 5597 arescent
2229 5540 2400 5612 (Psal.
2456 5539 2668 5611 xxxvi),
2717 5547 2822 5594 etc.
2863 5539 2960 5594 Irae
2991 5545 3119 5595 sunt
3165 5549 3406 5592 commo-

1825 5637 2000 5693 tiones
2048 5635 2248 5691 mentis
2289 5642 2478 5689 contra
2512 5631 2811 5697 hominem,
2845 5646 2951 5686 non
2980 5637 3166 5686 contra
3188 5628 3402 5694 vitium,
3434 5699 3438 5706 α

1823 5733 1908 5786 vel
1936 5741 2126 5788 contra
2154 5731 2347 5785 vitium
2371 5727 2749 5783 immoderate.
2780 5727 2931 5780 Rixze
2953 5733 3078 5780 sunt
3101 5725 3322 5780 alterna:
3348 5731 3411 5798 et,

1820 5821 2226 5880 contumeliosa:
2272 5818 2634 5876 lacerationes
2661 5817 2728 5872 ad
2758 5816 2975 5887 modum
3012 5807 3226 5898 canum,
3257 5812 3412 5892 ltili?
