3896 6320
494 377 636 436 2051

1510 353 1852 417 ADDENDA.
1883 382 1951 394 --
1987 349 2334 408 RADULPHI
2356 340 2698 403 ARDENTIS

3537 356 3634 417 1C5!

499 502 556 553 οι
597 506 630 548 ι
666 489 836 560 ringo,
871 484 1058 554 ringis,
1112 478 1241 535 rixae
1290 474 1648 532 denominata:
1683 479 1828 528 sunt.
1862 470 2080 525 Dissen-
2108 472 2154 531 Α
2186 484 2241 522 se
2293 464 2777 527 niortilicavcrunt,
2831 470 2885 518 et
2913 462 3025 517 Deo
3074 461 3269 517 vivunt.
3299 464 3527 537 Propterea
3551 478 3634 535 vilia

501 585 685 643 siones
720 588 846 636 sunt
893 574 1107 647 quando
1156 569 1319 639 aliqui
1363 584 1391 622 a
1433 568 1683 629 veritate,
1735 563 1817 620 vel
1864 564 1931 617 ab
1982 579 2080 617 usu

505 675 779 735 communi
803 670 1155 744 pertinaciter
1177 666 1523 721 dissentiunt.
1539 661 1713 717 Secta:
1728 657 2085 731 suntqnandu

506 769 672 839 aliqui
702 767 965 821 unitatem
1008 761 1153 825 fidei,
1195 757 1277 813 vel
1324 754 1629 818 charitatis,
1668 752 1749 809 vel
1783 750 2086 807 communi-

507 861 638 917 tatis
674 854 945 915 scindunt.
978 852 1199 909 invidiae
1243 856 1367 903 sunt
1402 847 1619 918 quando
1652 845 1814 916 aliqui
1840 844 1906 899 de
1930 842 2087 899 bonis

507 951 735 1009 aliorum
781 960 1033 1012 uruntur,
1068 942 1133 998 de
1164 956 1267 1012 qua
1307 946 1462 1011 poeta
1506 938 1634 993 dicit
1660 952 1675 991 :
1701 936 1907 992 Justius
1951 934 2091 990 iuvi-

507 1042 594 1100 dia
623 1042 758 1099 nihil
783 1049 885 1106 est,
913 1053 1031 1109 quae
1060 1035 1307 1107 protinus
1330 1034 1506 1105 ipsum
1540 1041 1813 1087 auctorem
1842 1030 2086 1098 damnat,

508 1134 896 1202 excruciatque
936 1143 1112 1185 suum.
1161 1124 1460 1182 Homicidia
1506 1125 1757 1180 dicuntur
1784 1122 2087 1197 pluraliter,

508 1226 765 1298 quoniam
814 1238 909 1277 sex
951 1228 1077 1275 sunt
1107 1219 1313 1295 species
1360 1217 1801 1275 homicidiorum.
1846 1215 2090 1271 Ebrieta-

510 1330 588 1374 tcs
636 1325 760 1374 sunt
803 1314 1119 1387 frequentes
1152 1322 1207 1368 et
1239 1313 1605 1369 immoderata:
1636 1312 1964 1387 potationes.
1994 1309 2091 1366 Coc

509 1412 862 1468 niessationes
899 1420 1024 1465 sunt
1075 1407 1388 1478 frequentes
1446 1407 1923 1477 immoderateque
1956 1420 2092 1477 epu-

509 1504 759 1559 lationes.
797 1502 863 1556 Et
892 1503 973 1555 his
1001 1500 1232 1569 'similia,
1261 1501 1454 1569 inquit,
1486 1498 1744 1556 subaudis
1778 1498 1931 1564 vitia,
1967 1513 2091 1569 qua

509 1595 739 1666 praedico
772 1594 938 1656 vobis,
968 1593 1106 1646 sicut
1126 1591 1369 1661 pra'dixi,
1415 1599 1474 1644 ut
1516 1590 1725 1645 scilicet
1757 1590 1992 1644 caveatis
2023 1587 2091 1643 ab

510 1686 595 1743 bis
638 1686 761 1742 dum
810 1684 1021 1741 habetis
1061 1694 1274 1753 tempus
1305 1682 1636 1759 puniti-utin:
1667 1691 1721 1736 et
1749 1679 2089 1737 emendatio-

512 1779 614 1835 nis.
667 1778 800 1833 Nam
852 1780 966 1835 bcec
991 1788 1043 1835 et
1070 1778 1265 1834 similia
1296 1774 1425 1828 vitia
1464 1774 1598 1829 adeo
1654 1782 1775 1827 sunt
1809 1772 2089 1836 damnosa,

509 1871 756 1942 quoniam
785 1872 874 1941 qui
904 1872 1033 1924 talia
1068 1876 1273 1940 agunt;
1326 1865 1580 1920 subaudis
1620 1863 1849 1919 finalitcr
1876 1878 2091 1933 regnum

510 1960 608 2017 Dei
633 1979 737 2017 non
759 1971 1164 2033 consequentur,
1193 1960 1244 2014 id
1269 1967 1371 2024 est,
1405 1955 1805 2012 damnabuntur
1829 1972 1846 2023 ;
1888 1955 2091 2009 nullum

512 2065 595 2110 est
643 2057 787 2110 enim
837 2056 1095 2110 medium.
1144 2052 1475 2122 Propterea,
1530 2048 1727 2103 fratres
1771 2047 1899 2113 mei,
1945 2046 2090 2101 omni

512 2147 872 2203 sollicitudine
915 2145 982 2201 ab
1028 2145 1332 2216 hujusmodi
1382 2151 1591 2199 cavete.
1657 2140 1760 2196 Sed
1802 2140 1919 2195 etsi
1955 2136 2093 2195 forte

513 2238 806 2307 aliquando
853 2237 979 2292 talia
1019 2236 1245 2303 fecistis,
1296 2236 1420 2291 dum
1471 2234 1617 2301 licet,
1653 2229 2093 2303 pmnitentiaila-

510 2330 711 2405 crymis
738 2345 833 2387 vos
862 2328 1078 2384 abluere
1103 2336 1453 2383 mementote.

581 2420 837 2491 Sequitur
866 2436 989 2490 pars
1018 2430 1227 2490 quarta,
1260 2419 1313 2473 in
1342 2434 1443 2489 qua
1477 2423 1760 2473 enumerat
1797 2411 2093 2485 Apostolus

510 2512 778 2566 desideria
814 2512 1039 2582 spiritus
1074 2512 1282 2575 dicens;
1321 2507 1548 2563 Fructus
1581 2519 1751 2563 autem
1779 2506 1908 2560 lucis
1947 2513 2090 2571 sunt,

512 2603 766 2666 claritas.
789 2604 1062 2674 gaudium,
1088 2619 1212 2673 pax,
1258 2600 1534 2672 patientia,
1568 2599 1961 2671 longanimitas,
2006 2597 2095 2649 bo-

514 2697 671 2760 nitas,
690 2694 841 2766 ﬁdes,
868 2695 1234 2759 mansuetudo,
1275 2694 1549 2757 modestia,
1575 2689 1911 2755 continentia,
1937 2688 2096 2742 casti-

512 2796 614 2842 tas.
648 2786 756 2842 Sed
779 2803 947 2858 quare
968 2785 1254 2857 Apostolus
1284 2782 1507 2855 loquens
1534 2785 1598 2837 de
1623 2782 1766 2836 vitiis
1800 2781 1895 2848 ait,
1936 2793 2093 2849 opera

512 2882 709 2944 carnis,
739 2880 962 2951 loquens
999 2896 1128 2935 vero
1157 2881 1221 2934 de
1262 2879 1551 2934 virtutibus
1579 2878 1673 2941 ait.
1707 2881 1908 2947 [ructus
1932 2872 2095 2927 lucis.’

512 2972 777 3040 Quoniam
802 2974 927 3028 vitia
955 2983 1214 3044 tauquam
1244 2988 1407 3043 opera
1444 2972 1646 3027 caduca
1684 2969 1792 3024 cito
1817 2968 2017 3024 cadunt
2041 2973 2096 3021 et

514 3072 819 3129 transerunt,
847 3065 1073 3119 virtutes
1112 3081 1241 3120 vero
1288 3073 1545 3135 tanquam
1583 3061 1789 3117 fructus
1839 3058 2095 3130 multipli-

513 3164 727 3219 cantur,
767 3163 823 3209 et
864 3166 1098 3211 mentem
1154 3157 1477 3218 illuminant.
1508 3164 1561 3210 et
1595 3155 1660 3209 ad
1720 3154 1894 3209 lucem
1934 3163 2093 3207 :eter-

512 3263 639 3303 nam
674 3250 913 3304 trahunt.
939 3249 1275 3305 Charitatem
1302 3258 1502 3317 autem,
1539 3248 1592 3303 id
1636 3256 1719 3303 est
1746 3246 2096 3301 dilectionem

514 3338 608 3394 Dei
640 3347 694 3395 et
721 3342 973 3411 proximi,
1006 3342 1125 3396 ideo
1156 3342 1366 3398 caeteris
1389 3341 1673 3412 praeponit,
1699 3339 1951 3412 quoniam
1977 3338 2095 3406 ipsa

513 3441 595 3486 est
618 3432 737 3488 fons
754 3445 809 3488 et
830 3436 981 3506 origo
1003 3436 1245 3490 omnium
1272 3436 1551 3489 virtutum.
1579 3433 1690 3487 liae
1712 3436 1855 3487 enim
1882 3432 2093 3496 habita,

514 3528 710 3577 cratera
744 3523 1029 3589 habentur,
1053 3533 1108 3578 et
1136 3525 1226 3593 qui
1264 3524 1406 3578 hanc
1449 3540 1553 3577 non
1586 3525 1773 3588 habet,
1807 3520 1980 3576 factus
2014 3529 2097 3577 est

514 3613 755 3668 omnium
783 3630 923 3669 reus.
948 3614 1215 3671 Gaudium
1245 3630 1348 3669 non
1368 3614 1643 3678 smculare,
1674 3615 1826 3685 cujus
1854 3622 2097 3668 extrema

516 3704 692 3761 luctus
717 3715 946 3781 occupat
976 3724 990 3773 ;
1015 3708 1107 3762 sed
1145 3707 1446 3779 spiritualo,
1486 3707 1630 3777 quod
1661 3712 1743 3761 sst
1773 3707 1826 3761 in
1854 3721 1968 3776 spe,
2013 3704 2100 3760 vel

516 3797 568 3851 in
611 3813 667 3853 re
694 3799 993 3869 spiritualis
1022 3807 1078 3853 et
1099 3798 1288 3853 aeterni
1314 3798 1462 3854 boni.
1486 3797 1597 3853 Pax
1625 3815 1729 3854 non
1759 3797 1869 3865 illa,
1896 3799 1958 3852 de
1989 3812 2099 3868 qua

514 3889 796 3959 Dominus,
822 3890 945 3946 Non
970 3892 1106 3957 veni,
1139 3891 1334 3962 inquit,
1364 3908 1542 3961 pacem
1570 3891 1771 3945 mittere
1798 3895 1850 3944 in
1876 3897 2100 3960 terram,

515 3978 604 4034 sed
655 3980 891 4052 gladium
927 3980 1145 4052 (Matth.
1176 3983 1273 4052 x):
1314 3981 1407 4037 sed
1445 3981 1590 4037 illam
1619 3997 1724 4053 qua
1781 3980 2103 4053 paciﬁcator

515 4072 677 4127 homo
724 4073 853 4138 Deo,
932 4073 1034 4129 sibi
1098 4082 1154 4130 et
1204 4074 1470 4147 proximo.
1533 4073 1797 4129 Patientia
1850 4088 1968 4145 qua:
2016 4081 2103 4129 est

494 4165 896 4236 "aquanimitas
917 4165 1143 4220 adversa
1176 4166 1495 4220 sustinendi.
1529 4163 1956 4238 Longanimitas,
1982 4178 2104 4233 qua

515 4267 601 4313 est
624 4258 820 4321 virtus,
872 4272 969 4328 per
997 4274 1161 4330 quam
1191 4257 1308 4313 sine
1332 4256 1647 4331 fatigatione
1671 4257 1880 4330 longius
1906 4258 2102 4311 adver-

515 4366 574 4406 sa
604 4351 947 4412 sustinemus.
977 4359 1030 4407 et
1062 4353 1283 4423 puemia
1312 4367 1613 4422 speramus.
1660 4349 1840 4417 Fides,
1872 4364 1993 4419 qua:
2018 4357 2103 4405 est

517 4440 798 4511 perceptio
869 4438 1242 4505 invisibilium,
1307 4441 1375 4496 ad
1424 4441 1656 4496 salutem
1712 4438 2101 4511 pertinentium

522 4547 646 4586 eum
679 4533 1013 4590 assensione.
1049 4534 1287 4599 Bonitas,
1309 4551 1429 4607 qua:
1455 4543 1539 4590 est
1561 4534 1732 4588 virtus
1764 4549 1979 4589 omnem
2009 4533 2102 4589 de-

520 4630 722 4679 testans
745 4624 1026 4681 malitiam.
1051 4624 1384 4699 Benignitas,
1411 4642 1532 4698 quae
1566 4624 1833 4681 estvirtus
1853 4636 2103 4695 prompta

518 4727 573 4773 et
597 4721 841 4789 exposita
873 4720 940 4775 ad
971 4715 1443 4774 benefacienduin.
1473 4714 1850 4782 Mansuetudo,
1876 4730 1996 4787 quae
2020 4722 2104 4772 est

518 4810 694 4867 virtus
723 4811 928 4867 faciens
958 4824 1056 4867 nos
1081 4807 1389 4865 tractabiles
1416 4816 1470 4863 et
1501 4806 1731 4862 humiles
1750 4808 1815 4863 ad
1846 4807 2103 4862 obedien-

441 4948 445 4953 .
520 4906 666 4962 dum.
708 4908 1137 4977 Modestia,qua:
1180 4910 1265 4958 est
1309 4903 1482 4957 virtus
1527 4901 1808 4958 refrenans
1860 4904 1914 4958 iu
1945 4902 2103 4959 nobis

521 5012 716 5067 pravos
770 5010 972 5071 motus,
999 4998 1055 5053 et
1106 5010 1322 5053 omnem
1375 4994 1867 5069 intemperantiam.
1917 4995 2103 5051 Conti-

518 5092 720 5160 nentia,
748 5107 869 5169 quae
895 5099 979 5149 est
997 5088 1171 5145 virtus
1194 5088 1359 5142 etiam
1388 5103 1419 5143 a
1464 5089 1738 5144 concessis
1790 5089 2098 5145 continens.

517 5183 771 5251 Castitas,
806 5199 925 5254 quin
953 5194 1036 5245 est
1064 5179 1236 5237 virtus
1250 5192 1495 5238 castrans
1524 5182 1578 5237 in
1604 5182 1760 5238 nobis
1780 5197 2001 5238 omnem
2036 5181 2101 5239 li-

516 5272 777 5331 bidinem.
802 5272 869 5329 Et
891 5287 1051 5349 quam
1066 5271 1354 5330 utilitatem
1382 5273 1669 5329 conferant
1697 5271 1825 5329 ista?
1845 5270 2098 5329 Liberta—

519 5373 628 5419 tem
660 5379 689 5417 a
716 5363 849 5434 jugo
872 5362 1006 5439 legis
1036 5374 1091 5420 et
1131 5364 1407 5423 vitiorum.
1454 5362 1608 5422 Unde
1643 5375 1698 5421 et
1747 5365 1960 5433 subdit;
1990 5364 2102 5420 Ad-

517 5471 692 5511 uersus
726 5455 1030 5528 hujnsmodi
1060 5476 1165 5514 non
1191 5469 1265 5514 est
1294 5459 1398 5525 lex,
1431 5458 1485 5513 id
1530 5470 1614 5515 est
1646 5458 1779 5515 tales
1803 5474 1908 5515 non
1943 5461 2098 5514 dam-

517 5555 633 5612 nat,
684 5563 857 5618 neque
891 5554 1087 5623 premit
1119 5552 1225 5620 lex,
1283 5553 1424 5608 sicut
1472 5549 1704 5608 Indicos.
1742 5551 1846 5623 Qui
1904 5564 2096 5619 autem,

519 5638 713 5709 inquit,
752 5651 869 5695 sunt
895 5641 1114 5710 Christi,
1148 5660 1361 5698 carnem
1384 5660 1535 5697 suam
1564 5644 1937 5715 crueiﬁxerunt
1981 5662 2100 5701 cum

518 5733 654 5786 vitiis
667 5736 1182 5803 etconcupisccntiis,
1206 5736 1260 5790 id
1283 5745 1366 5792 est
1394 5737 1843 5809 quisupradictas
1873 5739 2102 5796 virtutes

521 5819 723 5881 Christi
753 5825 976 5897 habent,
1007 5826 1137 5881 vitia
1185 5837 1240 5882 et
1270 5828 1518 5895 carnales
1547 5829 2015 5897 concupiscentia
2043 5829 2097 5886 in

2123 3199 2169 3257 C

2183 566 2238 613 et
2272 558 2453 613 carnis
2488 555 2838 625 petulantiam
2871 568 2966 625 per
2988 553 3210 624 jejunis,
3253 557 3450 627 vigilias,
3494 563 3637 626 labores

2183 658 2237 705 et
2266 648 2539 705 orationes
2573 648 2623 702 in
2658 648 2811 702 nobis
2854 646 3258 704 mortifieemus.
3292 652 3525 723 Charitati,
3546 667 3639 731 paci.

2185 740 2481 815 patientia,
2518 739 2794 806 castitati,
2847 739 3169 811 caeterisque
3217 738 3468 801 virtutibus
3500 751 3645 809 insista-

2186 852 2326 900 mus,
2369 841 2430 891 ut
2476 834 2673 887 mortui
2707 834 2906 887 mundo
2953 833 3199 890 vivamus
3229 833 3365 903 Deo;
3398 850 3442 894 et
3472 842 3537 896 hic
3575 850 3645 909 riu

2187 926 2544 1000 spirituali,et
2571 926 2623 981 in
2654 924 2835 980 futuro
2857 924 2964 981 vita
2991 926 3222 994 cmlesti,
3247 944 3333 999 per
3346 929 3566 991 Dominum
3584 955 3648 993 no.

2188 1029 2360 1077 atrum
2394 1016 2579 1075 Jesum
2607 1018 2902 1081 Christum,
2941 1020 3034 1089 qui
3084 1034 3206 1076 cum
3248 1021 3391 1080 Patre
3432 1036 3475 1079 et
3510 1027 3647 1097 Spiritu

2187 1120 2373 1169 sancto
2412 1109 2545 1165 vivit
2566 1119 2620 1166 et
2653 1118 2845 1180 regnat
2881 1109 3048 1181 Deus,
3091 1125 3190 1189 per
3217 1111 3385 1167 omnia
3405 1118 3556 1173 secula
3585 1135 3651 1176 se.

2190 1202 2459 1259 culorum.
2481 1201 2676 1256 Amen.

2737 1289 3011 1347 HOMILIA
3053 1288 3244 1348 XXII.

2334 1401 2587 1443 DOIINICA
2630 1399 2824 1442 DICIIA
2862 1402 3081 1452 QUARTA
3112 1402 3241 1442 P051
3276 1403 3565 1447 TIINI‘IATII.

2263 1478 2397 1535 Cum
2418 1484 2513 1535 iret
2535 1480 2692 1536 Jesus
2732 1481 2786 1535 in
2811 1479 3134 1545 Jerusalem,
3163 1483 3403 1535 transibat
3422 1487 3660 1553 perndie.

2192 1570 2492 1628 Samariam
2508 1583 2556 1624 et
2571 1568 2873 1626 Calila‘am.
2899 1569 2964 1626 Et
2989 1589 3115 1626 cum
3140 1572 3468 1643 ingrederetur
3483 1581 3662 1645 quotidi.

2192 1664 2486 1732 castellum,
2506 1677 2839 1718 occurrerunt
2861 1666 2908 1719 ei
2927 1666 3108 1719 decem
3130 1667 3226 1719 viri
3251 1665 3551 1737 leprosilLuc.
3565 1677 3666 1745 mi).

2193 1757 2251 1812 in
2266 1758 2366 1814 hac
2379 1761 2552 1816 sancti
2569 1760 2838 1831 Evangelii
2855 1760 3111 1823 lectione,
3130 1758 3322 1814 fratres
3334 1761 3592 1825 charissimi,
3604 1767 3670 1837 pri-

2122 1839 2167 1899 Β
2199 1866 2285 1903 ιηο
2295 1850 2446 1920 juxta
2467 1853 2699 1909 litteram
2716 1868 2806 1907 sex
2821 1863 2944 1909 sunt
2958 1853 3351 1909 consideranda
3369 1872 3381 1907 :
3398 1854 3567 1909 Domini
3578 1858 3669 1915 circa

2196 1943 2423 1998 salutem
2442 1946 2717 2000 hominum
2741 1944 3071 2009 sollicitudo,
3100 1945 3334 2013 ejusdem
3362 1961 3503 2012 prona
3521 1946 3668 2002 misera-

2194 2036 2443 2106 tin,legis
2464 2036 2790 2104 observatio,
2820 2037 3165 2107 leprosorum
3198 2037 3327 2089 fides
3362 2046 3411 2090 et
3432 2016 3671 2107 obedientia,

2196 2131 2376 2185 divina
2396 2131 2445 2186 in
2466 2131 2957 2202 Christopotentia,
2974 2140 3242 2202 quantum
3263 2131 3677 2200 sitbonurngratitu-

2196 2222 2338 2277 diuis
2355 2232 2408 2277 et
2431 2233 2693 2294 quantum
2717 2223 2917 2279 malum
2944 2224 3098 2295 ingra
3111 2222 3375 2279 titudiuis.
3391 2222 3679 2280 Porrosollitlh

2198 2315 2331 2368 tudo
2353 2314 2561 2369 Domini
2596 2316 2742 2371 circa
2766 2315 2996 2371 salutem
3023 2316 3306 2371 hominum
3331 2317 3381 2370 in
3407 2317 3491 2371 hoc
3512 2328 3679 2385 apparet,

2197 2407 2452 2476 quoniam
2478 2423 2599 2461 eum
2624 2423 2720 2480 pro
2743 2407 2913 2463 salute
2946 2408 3236 2463 hominum
3274 2408 3337 2463 de
3364 2407 3495 2462 caelis
3523 2409 3682 2464 descen-

2196 2498 2365 2553 disset
2386 2499 2453 2554 ad
2488 2509 2678 2567 terras,
2726 2499 2852 2554 dum
2901 2499 3006 2555 fuit
3063 2501 3120 2555 in
3158 2510 3327 2566 terra,
3380 2516 3555 2570 semper
3591 2505 3685 2557 circa

2196 2591 2443 2649 eamdem
2480 2606 2593 2643 rem
2626 2590 2728 2646 fuit
2757 2590 3022 2646 sollicitus
3046 2594 3235 2647 eundo
3286 2592 3337 2646 in
3385 2591 3539 2647 labore
3562 2593 3687 2659 etsiti,

2196 2694 2253 2739 et
2279 2699 2376 2755 per
2397 2684 2620 2739 insidias
2647 2687 2712 2739 de
2750 2683 2872 2740 loco
2903 2686 2970 2740 ad
2995 2685 3178 2740 locum
3213 2686 3559 2740 circumeundo
3582 2686 3690 2741 urbes

2196 2783 2253 2829 et
2298 2775 2518 2830 castella
2543 2817 2556 2840 ,
2585 2784 2640 2829 et
2665 2775 2802 2841 loca,
2838 2774 2892 2830 in
2946 2777 3151 2849 quibus
3202 2775 3500 2848 prmsciebat
3534 2776 3692 2846 aliquem

2199 2869 2267 2929 ad
2302 2868 2463 2922 vitam
2491 2867 2937 2939 prmdestinatum
2968 2883 3025 2924 se
3057 2869 3442 2933 inventurum;
3465 2877 3515 2920 ut
3534 2868 3588 2920 ita
3606 2866 3694 2927 lilio.

2198 2939 2322 3026 ι’)εἰ,
2357 2960 2498 3015 sicut
2538 2959 2652 3030 ipse
2674 2961 2770 3027 ait,
2806 2958 2899 3031 qui
2938 2968 3100 3014 erant
3146 2960 3397 3030 dispersi,
3438 2967 3695 3033 congregaret

2198 3054 2255 3127 in
2285 3068 2448 3106 unum
2480 3049 2665 3124 (Joan.
2688 3052 2787 3122 χι).
2824 3051 3004 3122 lnquo
3029 3054 3351 3123 pastoribus
3379 3063 3551 3106 sanctae
3574 3051 3698 3105 Eccle-

2200 3146 2294 3201 sia:
2324 3145 2630 3214 exemplum
2679 3145 2846 3210 dedit,
2877 3146 3020 3199 idem
3063 3146 3327 3200 faciendi.
3359 3144 3461 3199 Hoc
3495 3152 3701 3212 sequentes

2202 3237 2443 3293 fecerunt
2478 3239 2730 3309 apostoli,
2764 3239 2863 3293 hoc
2887 3249 2943 3294 et
2976 3239 3179 3309 reliqui
3203 3239 3394 3293 Patres
3422 3247 3704 3309 praeponentes

2202 3331 2439 3403 quietem
2469 3344 2624 3383 suam
2646 3345 2742 3400 per
2777 3328 2991 3384 labores
3048 3330 3332 3400 penurias,
3354 3339 3408 3383 et
3430 3328 3612 3383 insidias
3628 3340 3705 3397 per-

2205 3423 2402 3494 gebant
2434 3424 2543 3478 Deo
2584 3422 2789 3476 lucrum
2823 3422 3004 3479 facere
3030 3422 3371 3479 animarum.
3401 3424 3520 3478 Heu!
3548 3422 3641 3493 quid
3655 3421 3708 3474 div

2204 3533 2322 3572 eam
2355 3532 2517 3588 super
2552 3517 2822 3589 pigritiam
2872 3520 3269 3575 modernorum
3318 3529 3584 3590 pastorum,
3604 3531 3708 3587 spri-

2204 3618 2397 3664 nentes
2438 3608 2665 3665 Salutem
2695 3611 3020 3679 animarum,
3052 3612 3118 3665 de
3163 3614 3358 3684 quiete
3400 3628 3488 3668 sua
3513 3623 3709 3679 nunquam

2205 3711 2433 3767 exeunt,
2485 3700 2589 3755 nisi
2625 3701 2764 3757 forte
2803 3704 2986 3758 trahat
3035 3719 3130 3759 eos
3178 3705 3392 3760 lucrum
3424 3697 3710 3774 pecuniarum!

2206 3792 2351 3863 Quos
2386 3794 2428 3848 si
2458 3792 2597 3848 forte
2639 3809 2848 3868 pauper
2885 3796 3163 3852 decubans
3199 3798 3256 3852 in
3291 3799 3506 3873 grabato
3529 3797 3715 3850 adsero

2204 3884 2433 3954 caverit,
2467 3901 2630 3956 super
2659 3885 2837 3941 anima
2874 3902 2971 3943 sua
3003 3887 3073 3943 ab
3095 3889 3181 3944 eis
3213 3890 3490 3945 consilium
3532 3886 3716 3957 quesita-

2202 3997 2318 4048 rus,
2349 3981 2703 4052 indignantur
2743 3994 2799 4038 et
2838 3994 3204 4040 contemnunt
3237 3986 3349 4051 ire,
3402 3984 3488 4040 ubi
3510 3982 3702 4039 sciuutla

2206 4091 2359 4131 erum
2392 4077 2745 4149 pecuniarum
2774 4077 2991 4146 deesse;
3022 4078 3109 4134 vel
3131 4080 3184 4134 si
3212 4080 3362 4135 forte
3405 4079 3620 4149 timentes
3658 4089 3719 4125 an-

2206 4167 2510 4222 ctoritatern
2537 4167 2799 4238 majorum
2837 4170 2994 4223 inviti
3025 4181 3177 4237 eant,
3225 4180 3517 4227 eausantur
3547 4177 3721 4236 tempora

2203 4270 2258 4316 et
2281 4261 2415 4328 vias,
2441 4270 2495 4316 et
2522 4263 2846 4318 maledicunt
2873 4263 3122 4327 inﬁrmis,
3157 4278 3262 4334 pro
3307 4263 3497 4332 quibus
3518 4273 3645 4313 orare
3661 4256 3721 4313 dc-

2205 4352 2462 4409 buerant.
2493 4354 2600 4411 Sed
2633 4356 2720 4409 isti
2763 4356 2815 4410 in
2848 4370 3075 4409 numero
3101 4366 3390 4427 pastorum
3426 4352 3628 4410 habendi
3654 4365 3723 4411 Ml

2208 4455 2360 4512 sunt,
2402 4445 2497 4503 sed
2528 4447 3013 4502 mercenariorum.
3044 4446 3333 4503 Miseratio
3378 4457 3543 4500 autem
3581 4437 3721 4497 Christi

2129 4538 2263 4611 βίη
2292 4539 2393 4595 hoc
2435 4538 2706 4611 apparuit,
2755 4538 3009 4607 quoniam
3052 4547 3108 4593 ut
3140 4538 3283 4593 vidit
3325 4538 3508 4592 decem
3550 4535 3725 4606 leprosos

2207 4644 2397 4685 eorum
2429 4631 2685 4685 misertus
2709 4638 2816 4694 est,
2843 4618 2981 4685 dans
3026 4630 3184 4685 nobis
3216 4630 3542 4699 exemplum,
3566 4632 3723 4678 utrem-

2208 4738 2305 4793 per
2332 4737 2460 4795 erga
2497 4722 2821 4777 miscrorum
2869 4721 3217 4778 aﬂlictionem
3255 4722 3465 4776 viscera
3491 4718 3728 4775 miscricor-

2210 4814 2311 4869 diae
2340 4814 2393 4869 in
2425 4813 2580 4868 nobis
2600 4812 2917 4868 habeamus.
2954 4813 3103 4869 Unde
3135 4815 3251 4883 ipse
3281 4813 3413 4868 alibi
3448 4810 3594 4867 dicit:
3617 4807 3724 4859 Este-

2208 4919 2258 4961 te
2278 4906 2663 4972 misericordes,
2697 4906 2832 4963 sicut
2857 4917 2904 4962 et
2934 4904 3094 4963 Pater
3127 4917 3302 4961 vester
3328 4905 3542 4961 celestis
3581 4897 3725 4956 miseri.

2210 5013 2325 5051 cors
2355 5005 2431 5052 est
2455 4994 2609 5068 (Luc.
2635 4999 2739 5071 vi).
2770 4998 2922 5063 Quod
2959 5007 3145 5071 aperte
3187 5006 3383 5051 contra
3428 4996 3539 5050 illos
3578 4986 3722 5055 estqui

2202 5078 2274 5143 Iac
2299 5090 2345 5145 si
2378 5086 2539 5143 ferrei
2571 5100 2773 5154 essent,
2801 5088 3033 5145 aliorum
3063 5088 3307 5144 miseriei
3332 5086 3475 5142 nulla
3507 5089 3725 5139 moventur

2208 5182 2604 5252 eompassione.
2657 5180 2763 5236 Sed
2812 5192 2871 5236 ut
2918 5182 2995 5237 ait
3042 5180 3283 5237 Iacobus
3317 5199 3332 5233 :
3366 5180 3615 5235 Iudicium
3651 5174 3721 5225 ritu

2206 5276 2572 5329 misericordia
2587 5273 2675 5346 ﬁet
2698 5274 2746 5328 ri
2768 5274 2858 5347 qui
2882 5292 2984 5328 non
3006 5272 3184 5345 fecerit
3207 5271 3610 5328 misericordiam
3628 5260 3725 5337 (lat.

2205 5368 2293 5439 ιι).
2316 5366 2515 5437 Legem
2539 5366 2703 5421 etiam
2735 5382 2794 5421 se
2825 5366 3118 5423 observare
3158 5364 3415 5421 Christus
3440 5362 3724 5417 demonstrat.

2207 5460 2424 5530 quando
2460 5457 2613 5529 juxta
2655 5460 2797 5529 quod
2829 5458 2884 5514 in
2913 5458 3030 5529 lege
3078 5457 3348 5529 scriptum
3396 5466 3510 5512 erat
3548 5453 3728 5523 leprosos

2206 5550 2373 5604 mittit
2403 5550 2470 5603 ad
2490 5552 2819 5606 sacerdotes.
2850 5548 3040 5617 Porro,
3078 5548 3301 5614 fratres,
3326 5549 3377 5605 si
3419 5546 3655 5602 subtiliter
3674 5541 3727 5590 in-

2207 5642 2524 5712 spiciamus,
2559 5642 2755 5712 triplici
2782 5644 2847 5698 de
2885 5656 3052 5698 causa
3100 5641 3245 5697 misit
3300 5640 3557 5696 Dominus
3596 5632 3727 5702 lepro-

2210 5748 2300 5790 sos
2330 5734 2397 5789 ad
2428 5737 2759 5790 sacerdotes.
2791 5733 2970 5788 Prima
3002 5744 3105 5800 est,
3138 5743 3196 5788 ut
3223 5733 3285 5786 in
3327 5734 3434 5786 hoc
3462 5745 3517 5784 se
3554 5740 3641 5779 non
3664 5719 3728 5774 do-

2207 5837 2421 5884 struere
2442 5828 2638 5900 legem,
2654 5828 2747 5883 sed
2759 5827 3053 5899 adimplere
3076 5829 3495 5883 demonstraret.
3515 5813 3727 5878 Secundi.
