3896 6320
136 358 264 418 9083

816 344 1123 402 ιιοωιυε
1150 345 1216 402 in
1259 347 1476 406 EPIST.
1519 349 1610 408 E'I'
1647 328 1902 408 EYANG.
1942 350 2244 408 DOMINIC.
2281 377 2353 398 ..-
2391 351 2570 408 ΡΑΒὸ
2599 354 2662 409 u.

3233 360 3372 422 2051.

137 483 189 530 ιιι
221 464 506 525 sacerdotes
530 461 848 527 honoraret,
880 471 934 518 et
964 476 1057 516 eos
1095 461 1436 518 honorandos
1463 477 1605 528 csse,
1632 473 1686 522 et
1712 468 1761 527 Α
1792 465 2158 534 gratitndinis,
2204 467 2508 522 ostenditur
2560 485 2680 524 cum
2734 472 2993 536 Dominus
3037 477 3148 534 ait:
3181 478 3371 540 Nonne

131 559 408 622 oderendas
435 556 509 610 eis
529 553 820 610 faciendas
847 557 1260 613 demonstraret.
1292 557 1446 614 Unde
1493 557 1681 612 contu.

132 665 298 712 tantur
317 649 389 704 illi
411 647 498 717 qui
532 643 1084 702 sacerdotes-Domini
1113 648 1184 706 ob
1222 647 1463 704 viliorem
1493 663 1683 706 eorum

129 745 276 804 vitam
309 742 576 797 honorare
602 748 657 793 et
685 738 767 794 eis
790 737 1003 796 deferre
1044 740 1370 807 detrectant,
1403 757 1507 796 non
1545 757 1680 798 con-

127 839 408 898 siderantes
429 833 577 905 quod
607 849 711 890 non
740 834 1048 890 ministrum
1078 833 1132 890 in
1173 849 1262 898 se,
1292 837 1389 892 sed
1429 837 1595 891 Deum
1625 836 1680 892 in

123 931 355 988 ministro
374 928 726 988 honoramus,
753 936 808 982 et
830 926 972 996 quod
997 926 1286 1001 sacerdoti,
1315 943 1422 982 non
1459 937 1682 998 propter

121 1037 192 1082 se.
223 1017 311 1075 sed
341 1017 447 1072 Deo
476 1017 535 1072 in
566 1031 654 1082 eo,
682 1016 1048 1088 supplicamus
1076 1024 1147 1080 et
1167 1015 1462 1072 otl‘erimus.
1493 1015 1677 1074 Tertia

126 1129 275 1170 causa
301 1120 402 1176 est,
429 1118 488 1164 ut
514 1109 851 1178 spiritualem
882 1110 1108 1178 lepram,
1143 1109 1194 1164 id
1223 1121 1306 1165 est
1336 1110 1549 1180 culpam
1573 1109 1679 1162 cri-

123 1206 379 1273 minalem,
432 1206 702 1263 sacerdoti
747 1220 844 1275 per
895 1206 1288 1266 confessionem
1347 1206 1679 1276 signiﬁcaret

120 1316 230 1356 esse
257 1298 739 1356 demonstrandam.
775 1297 963 1356 Fidem
996 1315 1209 1368 quoque
1239 1308 1293 1351 et
1315 1313 1462 1368 spem
1490 1312 1548 1351 se
1581 1298 1680 1349 lia-

122 1401 245 1458 here
289 1395 480 1466 leprosi
525 1394 706 1448 testati
764 1402 929 1458 sunt,
993 1392 1210 1461 quando
1253 1389 1381 1444 Jesu
1433 1389 1678 1443 miserere

121 1493 294 1555 nostri,
360 1491 746 1546 clamaverunt.
813 1485 926 1540 Nisi
991 1484 1134 1539 enim
1193 1497 1314 1538 eum
1374 1480 1685 1536 misericor-

118 1587 252 1640 diam
283 1583 437 1638 talem
462 1581 561 1636 sibi
584 1593 744 1650 pqsse
777 1577 1026 1632 conferre
1057 1575 1360 1640 crederent,
1391 1589 1512 1628 eum
1546 1589 1681 1628 nun-

118 1693 268 1748 quam
296 1690 452 1744 super
492 1674 594 1729 hoc
626 1681 918 1742 rogarent;
952 1679 1007 1726 et
1038 1669 1139 1722 nisi
1186 1677 1493 1736 sperarent,
1535 1667 1682 1722 sani-

117 1781 268 1826 tatem
291 1769 358 1822 ab
380 1782 445 1821 eo
468 1782 574 1821 non
603 1764 963 1836 postularent.
988 1760 1361 1817 Obedientiam
1385 1761 1546 1815 etiam
1575 1761 1678 1814 Do-

1785 561 1959 618 dccem
1987 563 2228 617 mandati
2255 573 2398 630 sunt,
2419 574 2466 619 et
2497 581 2674 619 navem
2702 567 2789 620 ubi
2811 572 2976 627 sunt?
3011 573 3088 628 Ac
3113 575 3159 629 si
3183 584 3369 645 aperte

1795 653 1979 710 dicat:
2018 655 2155 723 Quia
2193 656 2260 710 ad
2299 657 2534 726 agendas
2579 659 2782 729 gratias
2826 678 2932 718 non
2977 667 3180 724 reversi
3223 678 3370 738 siml,

1787 754 1848 800 ut
1875 745 2198 812 debuerunt,
2234 747 2456 813 idcirco,
2489 764 2585 819 per
2614 750 2813 808 malum
2856 754 3254 824 ingratitudiuis
3280 759 3373 814 de-

1784 841 1952 900 voluti
1984 852 2110 899 sunt
2134 843 2202 898 ad
2230 843 2513 912 pristinam
2543 844 2777 914 lepram,
2811 847 2919 902 imo
2942 847 3177 917 peiorem
3207 867 3369 922 quam

1787 935 2138 992 anteriorem.
2171 932 2296 990 Non
2327 945 2422 1000 est,
2466 935 2656 1006 inquit,
2687 939 2926 998 inventus
2959 941 3048 1009 qui
3093 943 3284 1000 rediret
3323 951 3374 999 et

1784 1025 1936 1082 daret
1965 1027 2188 1097 gloriam
2222 1027 2354 1096 Deo,
2389 1029 2489 1086 nisi
2516 1029 2602 1087 hic
2645 1029 2958 1100 alienigena.
2997 1031 3074 1088 Ac
3113 1033 3158 1086 si
3205 1033 3369 1100 dicat,

1785 1123 1899 1176 noti
1942 1134 2000 1178 et
2038 1125 2252 1195 cognati
2299 1127 2424 1194 mei,
2476 1143 2628 1183 more
2653 1143 2752 1184 suo
2776 1143 2990 1200 semper
3015 1130 3147 1185 milii
3176 1131 3374 1201 ingrati

1788 1215 2052 1272 existunt.
2093 1217 2336 1287 Cumque
2364 1220 2515 1275 multi
2558 1220 2736 1276 divina
2769 1222 2878 1276 sint
2921 1224 3127 1293 experti
3170 1225 3373 1280 beneﬁ-

1787 1305 1892 1368 cia,
1922 1322 2024 1361 non
2056 1309 2331 1364 invenitur
2367 1313 2458 1381 qui
2492 1313 2599 1368 Deo
2628 1323 2813 1383 gratus
2836 1314 3055 1381 existat,
3081 1315 3182 1370 nisi
3212 1331 3367 1379 unus,

1786 1404 2000 1450 amator
2025 1398 2303 1454 charitatis
2326 1411 2377 1455 et
2408 1404 2644 1458 unitatis.
2687 1403 2819 1458 Nam
2858 1404 3022 1460 etiam
3069 1406 3170 1474 ipsi
3199 1405 3370 1464 Judai

1785 1485 2002 1556 indigne
2049 1490 2180 1543 mihi
2225 1492 2289 1546 de
2334 1493 2546 1548 collatis
2571 1495 2672 1550 sibi
2710 1495 2988 1552 beneﬁciis
3031 1497 3226 1565 ingrati
3259 1499 3374 1557 exi-

1787 1585 1959 1644 stunt,
2017 1581 2110 1634 sed
2152 1583 2366 1650 gentilis
2410 1585 2729 1656 alienigena,
2787 1589 2878 1656 qui
2935 1603 3033 1659 per
3082 1590 3254 1657 legem
3304 1589 3376 1644 ad

1785 1671 2023 1752 agendas
2051 1673 2254 1738 gratias
2285 1675 2581 1732 instructus
2615 1695 2720 1734 non
2758 1689 2860 1745 est.
2910 1682 3040 1738 mihi
3070 1680 3216 1736 solus
3247 1696 3372 1753 gra-

1788 1769 1872 1819 tus
1893 1771 1993 1814 est.
2039 1760 2222 1831 Fides,
2250 1764 2448 1833 inquit,
2478 1778 2568 1820 tua
2593 1780 2639 1822 te
2656 1772 2856 1828 salvum
2884 1773 3022 1840 fecit.

113 1864 249 1918 mino
276 1859 658 1923 exhibuerunt,
687 1873 809 1943 cum
838 1856 904 1912 ad
931 1855 1048 1923 ejus
1090 1863 1416 1923 praeceptum
1451 1870 1575 1910 mox
1607 1853 1674 1908 ad
1705 1830 1755 1894 Β
1854 1853 2032 1920 Quare
2051 1830 3376 1926 ΒοιιιὶηιιείηΙιιιῙυειηοόίαἱρετέεοιῑιυεοιιειεμε.

109 1955 404 2012 sacerdotes
432 1957 814 2008 cucurrerunt.
860 1949 964 2004 Sed
1003 1947 1432 2009 consideremus,
1478 1943 1680 2000 fratres

108 2047 224 2111 mei,
281 2045 366 2099 hic
411 2053 615 2114 quanta
657 2043 728 2096 sit
753 2041 922 2094 virtus
955 2038 1274 2093 obedientiai
1325 2036 1517 2092 ﬁdelis.
1563 2035 1680 2090 Non

104 2138 237 2193 enim
265 2136 459 2206 legitur
481 2135 573 2189 hic
595 2133 738 2203 quod
777 2145 946 2200 usque
975 2129 1040 2182 ad
1076 2128 1388 2184 sacerdotes
1417 2141 1682 2197 pervene-

105 2229 222 2292 rint,
269 2228 360 2282 sed
404 2227 460 2280 in
511 2235 697 2296 empto
767 2234 821 2278 et
872 2221 1149 2291 proposito
1213 2219 1371 2274 eundi
1435 2217 1681 2272 mandati

101 2333 239 2386 sunt,
264 2329 318 2376 et
347 2319 602 2373 voluntas
647 2333 746 2387 pro
771 2316 913 2372 facto
961 2319 1208 2381 reputata
1257 2320 1358 2368 est.
1395 2311 1512 2376 llic,
1565 2310 1681 2368 ira-

102 2425 229 2479 tres,
278 2413 677 2468 contendamus
727 2409 928 2464 habere
976 2407 1230 2459 virtutem
1284 2404 1406 2458 ﬁdei
1456 2413 1510 2456 ct
1555 2404 1686 2458 ube-

96 2507 320 2562 dieutias.
383 2503 440 2560 Si
496 2505 645 2560 enim
705 2502 872 2556 habes
939 2499 1096 2554 ﬁdem
1161 2505 1214 2550 et
1280 2495 1681 2561 obedientiam,

96 2599 187 2652 etsi
233 2613 337 2650 non
385 2603 547 2666 potes
603 2595 746 2663 quod
785 2591 1013 2663 juberis,
1074 2588 1161 2644 fac
1217 2589 1359 2656 quod
1409 2598 1584 2657 potes,
1629 2593 1687 2642 et

91 2707 183 2764 pro
210 2691 352 2745 facto
383 2688 748 2759 reputabitur.
807 2687 872 2741 Ut
905 2685 1047 2739 enim
1086 2681 1160 2734 ait
1196 2679 1414 2738 Samuel
1447 2701 1459 2736 :
1495 2681 1688 2737 Melior

92 2799 160 2843 sst
183 2785 478 2842 obedientia
502 2799 662 2853 quam
693 2780 910 2834 uictima:
947 2777 997 2846 (Ι
1034 2776 1155 2846 Reg.
1191 2779 1301 2845 xv).
1344 2775 1598 2844 Legimus
1630 2772 1682 2825 in

91 2883 221 2940 Vitis
255 2881 502 2942 Patrum,
554 2873 694 2944 quod
742 2888 864 2927 cum
893 2870 1110 2940 quidam
1164 2869 1330 2923 abbas
1365 2869 1526 2924 vellet
1555 2867 1683 2919 obe-

89 2974 338 3030 dientiam
387 2969 674 3038 cujusdam
719 2966 904 3020 novitii
959 2974 1187 3027 tentare,
1232 2963 1487 3032 praecepit
1534 2960 1582 3013 ei
1626 2965 1684 3013 ut

86 3070 135 3123 in
166 3068 440 3124 clibanum
490 3063 773 3117 ardentem
807 3057 1098 3127 prosiliret.
1163 3056 1218 3109 ln
1252 3069 1409 3123 quem
1441 3068 1561 3108 cum
1593 3049 1683 3102 ille

85 3162 224 3215 dicto
266 3159 434 3214 citius
464 3153 812 3226 prosiliisset,
852 3150 1220 3206 iacombustus
1244 3146 1425 3200 exivit.
1463 3145 1680 3198 Maurus
1706 3187 1749 3244 C

80 3266 291 3323 quoque
331 3250 400 3304 ad
425 3246 646 3316 jussum
692 3242 866 3298 sancti
898 3240 1195 3302 Benedicti,
1238 3236 1513 3291 Placidum
1545 3250 1675 3305 pue-

82 3361 194 3399 rum
223 3345 288 3397 de
319 3342 484 3412 aquis
511 3338 804 3395 extrahens
830 3351 978 3390 more
1005 3333 1148 3387 Petri
1175 3347 1335 3400 super
1362 3345 1529 3399 aquas
1559 3345 1676 3384 am-

75 3437 297 3493 bulavit.
344 3435 493 3504 Quid
525 3433 720 3502 plura?
761 3429 898 3497 Quid
937 3428 1064 3482 boni
1112 3427 1414 3482 obedientia
1455 3425 1672 3490 habeat,

75 3529 272 3584 malum
314 3525 706 3582 inobedientiae
755 3520 1072 3592 protoplasti
1121 3521 1475 3574 demonstrat.
1526 3516 1675 3570 Divi-

73 3641 195 3680 nam
231 3638 364 3677 vero
395 3636 457 3676 se
486 3618 690 3674 habere
716 3615 1008 3684 potentiam
1052 3613 1311 3667 Dominus
1347 3611 1679 3666 demonstra-

73 3717 166 3780 vit,
197 3715 426 3786 quando
480 3712 728 3779 leprosos
753 3708 1005 3760 absentes
1044 3705 1158 3758 sine
1189 3703 1415 3772 alicujus
1446 3702 1569 3758 facti
1599 3701 1678 3756 vel

70 3809 198 3864 dicti
234 3803 606 3866 adminiculo,
642 3800 754 3855 sola
790 3799 1066 3852 voluntate
1102 3799 1330 3852 sanavit.
1385 3797 1453 3852 Ut
1490 3805 1678 3864 aperte

68 3902 490 3955 demonstraret
520 3909 580 3948 se
609 3892 757 3947 illum
787 3905 926 3954 esse,
959 3890 1026 3944 de
1061 3905 1166 3958 quo
1194 3887 1459 3957 Propheta
1485 3889 1634 3946 canit
1659 3904 1673 3940 :

65 3994 333 4046 Dominus
367 3996 556 4044 autem
583 3987 638 4041 in
661 3983 805 4048 calo,
837 3985 1012 4037 omnia
1035 3997 1354 4052 qumunqne
1381 3980 1536 4038 voluit
1558 3981 1678 4048 fecit

65 4085 242 4150 (Psal.
272 4085 461 4152 κςιιι).
489 4082 764 4148 Quantum
785 4091 962 4133 autem
987 4079 1057 4132 sit
1084 4077 1281 4130 bonum
1308 4073 1674 4144 gratitudinis,

65 4189 118 4234 et
178 4187 467 4249 quantum
521 4175 592 4229 sit
635 4173 834 4228 malum
884 4169 1300 4240 ingratitudinis.
1354 4167 1674 4229 ostenditur,

60 4287 184 4324 cum
213 4271 491 4328 subditur
521 4284 537 4320 :
565 4263 716 4320 Unus
755 4274 949 4329 autem,
981 4269 1036 4316 ut
1071 4259 1196 4314 vidit
1231 4258 1354 4328 quia
1395 4258 1677 4311 mundatus

59 4369 156 4423 est,
194 4373 453 4411 reversus
487 4365 562 4408 est
593 4370 712 4406 cum
741 4367 933 4421 magna
968 4363 1085 4404 vocs
1113 4347 1458 4417 magniﬁcans
1488 4345 1673 4399 llemn.

55 4449 125 4504 Et
157 4451 362 4505 recidit
413 4447 478 4501 in
523 4445 715 4514 [aciem
749 4459 899 4498 suam
931 4450 1050 4495 ante
1097 4441 1249 4508 pedes
1286 4439 1432 4505 Jesu,
1481 4439 1676 4512 gratias

1784 1950 1874 2002 des
1896 1959 1988 2002 tua
2019 1959 2066 2002 te
2091 1949 2292 2004 salvum
2317 1951 2438 2018 fecit
2467 1951 2710 2026 [potius],
2733 1968 2895 2023 quam
2924 1972 3070 2024 spes,
3093 1959 3175 2010 vel
3199 1958 3377 2016 chari-

1789 2054 1870 2100 tas
1903 2045 2036 2100 tua!
2072 2045 2223 2099 Sicut
2245 2046 2389 2100 enim
2426 2047 2531 2108 illa,
2566 2049 2638 2102 ita
2666 2057 2720 2104 et
2751 2049 2865 2102 haec
2899 2049 2965 2102 ad
2993 2050 3220 2106 salutem
3252 2059 3378 2105 sunt

1786 2137 2116 2195 necessaria.
2142 2137 2248 2192 Sed
2281 2147 2430 2202 tunc,
2465 2153 2585 2194 cum
2617 2150 2797 2198 essent
2824 2139 2936 2198 fere
2966 2156 3154 2196 omnes
3188 2140 3377 2196 inﬁde-

1787 2228 1889 2294 les,
1921 2230 2093 2298 primo
2118 2230 2251 2284 ﬁdes
2273 2231 2637 2298 quaerebatur,
2691 2246 2810 2301 qua:
2852 2241 2935 2286 est
2965 2231 3379 2288 iutitlamentnm

1788 2322 2033 2376 omnium
2064 2321 2344 2377 virtutum.
2398 2323 2507 2380 Nec
2538 2332 2714 2382 tamen
2761 2325 3106 2396 intelligenda
3155 2333 3238 2383 est
3288 2325 3378 2380 hic

1792 2415 1924 2468 ﬁdes
1965 2412 2100 2476 sola,
2132 2413 2225 2466 sed
2277 2412 2408 2468 ﬁdes
2453 2429 2573 2470 cum
2617 2430 2709 2483 spe
2745 2424 2800 2470 et
2840 2415 3144 2474 dilectione.
3208 2414 3373 2480 Vade,

1793 2507 1990 2574 inquit,
2047 2507 2100 2560 in
2145 2521 2290 2574 pace,
2341 2506 2393 2560 id
2449 2516 2534 2562 est
2577 2509 2628 2560 in
2666 2522 2852 2576 pacem
2904 2507 3100 2562 mentis
3149 2507 3372 2576 proﬁce,

1793 2614 1964 2666 usque
1993 2599 2044 2652 in
2085 2613 2272 2667 pacem
2315 2601 2654 2658 arteruitatis.
2701 2600 2858 2656 Juxta
2911 2601 3201 2672 mysticum
3247 2615 3374 2654 vero

1792 2705 2032 2755 sensum,
2079 2701 2310 2761 quatuor
2356 2693 2511 2748 nobis
2561 2693 2949 2747 consideranda
2997 2705 3142 2746 sunt.
3190 2691 3375 2747 Primo

1773 2791 1897 2850 'qno
1921 2793 1976 2838 et
1998 2799 2094 2852 per
2115 2801 2275 2853 quam
2315 2787 2452 2838 viam
2499 2785 2790 2840 debeamus
2822 2787 2918 2840 ire.
2952 2786 3109 2851 Quo?
3139 2787 3186 2838 in
3213 2784 3373 2839 Jeru-

1791 2870 1982 2924 salem.
2016 2870 2110 2924 Pet
2147 2886 2306 2940 quam
2337 2873 2476 2930 viam
2505 2871 2528 2926 ἲ
2568 2873 2670 2928 Per
2707 2873 2936 2926 mediam
2987 2873 3288 2927 Samariam
3320 2881 3375 2928 et

1790 2959 2085 3026 Galilaeam,
2115 2962 2166 3015 id
2194 2972 2277 3017 est
2302 2979 2397 3033 per
2428 2965 2730 3018 custodiam
2774 2964 3146 3021 mandatorum
3180 2964 3270 3022 Dei
3301 2965 3375 3020 ill

1789 3069 2013 3124 pergere
2038 3055 2314 3118 debemus,
2338 3065 2395 3108 nt
2424 3071 2523 3110 nec
2558 3057 2624 3110 ad
2657 3059 2833 3110 minus
2866 3071 2964 3110 nec
2996 3057 3063 3110 ad
3093 3056 3251 3109 nimis
3281 3057 3376 3110 do-

1788 3148 2070 3202 clinemus.
2102 3146 2179 3200 Ita
2228 3148 2652 3202 mediocritatem
2698 3148 2956 3202 virtutum
2990 3158 3290 3213 teneamus,
3317 3153 3376 3202 ut

1783 3255 1886 3294 nec
1907 3241 1972 3293 ad
2003 3239 2285 3303 ulteriora,
2317 3255 2416 3294 nec
2441 3240 2507 3296 ad
2532 3239 2784 3297 citeriora
2813 3240 2940 3294 vitia
2968 3240 3370 3309 appropimuus.
3423 3221 3427 3225 1

1782 3333 1858 3386 lta
1895 3342 2173 3388 teneamus
2213 3333 2538 3402 largitatem,
2593 3332 2736 3400 quod
2778 3347 2879 3386 nec
2917 3333 2982 3385 ad
3024 3332 3375 3401 prodigalita-

1785 3433 1917 3486 tem,
1968 3433 2067 3480 n‘ec
2122 3425 2189 3479 ad
2237 3425 2518 3478 avaritiam
2565 3423 2928 3489 declinemus;
2989 3425 3059 3479 ita
3104 3423 3373 3492 justitiam

1782 3518 1925 3584 quod
1959 3502 2058 3571 nec
2084 3518 2151 3572 ad
2182 3516 2577 3580 crudelitatem,
2609 3531 2708 3573 nec
2751 3517 2816 3572 ad
2862 3516 3142 3573 laxitatem
3175 3532 3372 3586 appro-

1783 3608 2015 3676 piemus,
2051 3615 2101 3662 et
2139 3607 2386 3660 similiter
2418 3607 2469 3660 in
2507 3607 2735 3663 caeteris.
2793 3608 3057 3664 Debemus
3083 3608 3246 3662 etiam
3279 3609 3373 3664 de-

1782 3699 1980 3755 siderio
2008 3699 2391 3768 transmigrare
2414 3699 2483 3754 ad
2499 3698 2764 3761 cmlestia,
2794 3708 2847 3752 et
2874 3712 3090 3752 sursum
3120 3699 3370 3753 habitare

1783 3801 1982 3856 mente,
2015 3799 2075 3846 ut
2103 3791 2348 3845 dicamus
2376 3805 2497 3844 cum
2526 3788 2796 3861 Propheta
2829 3807 2843 3844 :
2887 3789 3069 3844 Portio
3103 3807 3218 3844 mea
3255 3790 3368 3846 hac

1782 3885 1838 3940 in
1864 3895 2003 3938 terra
2033 3884 2312 3940 viventium
2349 3881 2524 3953 (Psal.
2550 3884 2727 3951 cur);
2770 3892 2824 3938 et
2851 3882 2983 3943 illud
3016 3898 3029 3945 :
3062 3883 3203 3949 Quid
3225 3873 3370 3938 enim

1782 3978 1909 4039 mihi
1932 3987 2004 4032 est
2025 3979 2076 4030 in
2099 3976 2242 4041 calo,
2270 3986 2320 4032 et
2341 3993 2370 4030 α
2395 3988 2442 4032 te
2459 3978 2581 4047 quid
2606 3976 2742 4032 solui
2766 3977 3169 4044 supertsrraml
3193 3976 3369 4047 (Psai.

1780 4074 1972 4139 um.)
2021 4070 2121 4137 Qui
2163 4071 2304 4124 enim
2337 4071 2422 4125 hic
2451 4080 2632 4126 mente
2664 4071 2932 4134 habitant,
2983 4071 3050 4126 ad
3095 4069 3370 4126 cmlestem

1780 4163 2078 4222 Jerusalem
2113 4180 2221 4218 non
2253 4173 2502 4234 pergunt.
2551 4163 2802 4220 Secundo
2853 4165 3159 4226 insinuatur
3205 4163 3364 4222 nobis

1781 4255 1851 4310 ab
1887 4255 2003 4309 istis
2045 4255 2231 4309 decem
2279 4254 2506 4324 leprosis
2535 4258 2806 4325 quomodo
2846 4257 3139 4311 debeamus
3182 4264 3371 4324 postu-

1781 4349 1895 4404 lare
1938 4365 1968 4406 a
2019 4349 2247 4404 Domino
2293 4349 2440 4408 intus
2487 4349 2757 4406 muaderi.
2811 4349 2890 4405 illi
2947 4350 3090 4406 enim
3141 4349 3370 4412 Domino

1781 4449 2158 4504 occurrerunt,
2190 4456 2219 4494 a
2255 4440 2414 4510 longe
2439 4448 2728 4507 steterunt,
2757 4455 2939 4496 vocem
2966 4455 3117 4496 suam
3149 4440 3370 4494 levave-

56 4558 242 4609 agens.
281 4539 726 4597 Considercmus
751 4543 952 4599 autem.
978 4531 1175 4588 fratres
1206 4533 1334 4597 mei.
1367 4532 1510 4599 quod
1545 4530 1677 4584 dici-
1705 4531 1755 4590 ι)
1782 4543 1928 4601 runt,
1973 4543 2028 4590 et
2073 4534 2357 4592 dixerunt:
2383 4532 2511 4592 Iesu
2549 4542 2854 4602 prmeeptor,
2884 4533 3129 4588 miserere
3180 4532 3363 4590 nostri.

52 4642 144 4689 tur
178 4649 194 4690 :
233 4633 312 4692 Ut
341 4632 492 4690 vidit
514 4632 638 4702 quia
659 4629 942 4683 mundatus
961 4634 1055 4689 est,
1083 4634 1136 4681 et
1165 4625 1308 4695 quod
1335 4639 1457 4680 cum
1487 4641 1679 4693 magna

51 4743 177 4782 nec
231 4724 613 4796 magniﬁcans
656 4721 844 4785 Deum,
891 4728 945 4774 et
984 4720 1110 4789 quia
1145 4718 1330 4774 cecidit
1382 4719 1440 4770 in
1491 4715 1680 4784 facient

46 4837 207 4873 suam
229 4828 370 4876 ante
389 4817 556 4886 pedes
572 4813 722 4878 Jesu,
740 4814 937 4882 gratias
960 4828 1136 4882 agens.
1155 4809 1429 4878 Viditquia
1452 4809 1678 4864 munda-

49 4925 162 4978 tus,
197 4914 258 4969 id
285 4921 385 4968 est
424 4910 623 4964 videns
646 4907 711 4963 de
733 4922 810 4971 se,
839 4907 927 4960 tali
959 4907 1109 4975 prius
1136 4921 1231 4976 per
1256 4903 1489 4974 culpam,
1514 4902 1678 4958 talem

40 5009 264 5061 factum
295 5018 438 5061 esse
483 5017 580 5070 per
616 5000 867 5070 gratiam,
919 5012 1168 5053 reversus
1213 5005 1298 5052 cst
1349 5012 1452 5050 non
1503 4993 1680 5054 solum

39 5098 244 5162 corde,
290 5095 401 5152 sed
438 5092 610 5146 etiam
636 5104 820 5161 opere,
850 5088 916 5142 ad
943 5104 1097 5144 suum
1131 5090 1528 5150 mandatorem,
1566 5101 1682 5140 ma—

32 5190 327 5261 gniﬁcans
383 5185 636 5240 divinam
682 5183 1002 5252 potentiam,
1046 5197 1237 5248 magna
1267 5196 1404 5243 race,
1437 5195 1542 5232 non
1574 5189 1681 5232 tam

34 5283 304 5336 clamosa
339 5290 526 5347 quam
549 5279 760 5338 devota,
789 5273 973 5327 cecidit
997 5273 1052 5328 in
1070 5272 1259 5342 faciem
1281 5287 1451 5332 suam.
1483 5271 1544 5328 de
1572 5286 1682 5324 mo-

32 5373 167 5428 ritis
194 5370 332 5429 suis
379 5381 453 5422 se
515 5365 708 5422 cadere
752 5378 1100 5433 cognoscens.
1147 5375 1199 5417 et
1251 5360 1681 5418 emendationem

33 5479 205 5520 suam
253 5461 372 5524 soli
410 5458 639 5518 auctori
667 5458 968 5520 ascribens,
991 5465 1045 5515 et
1073 5456 1139 5512 de
1169 5455 1404 5526 gratuito
1435 5455 1578 5509 bona
1608 5453 1680 5510 illi

25 5557 264 5625 gratias
297 5564 522 5622 agens.
571 5551 720 5610 Bene
749 5559 930 5606 autem
969 5548 1058 5602 hic
1095 5547 1486 5611 Samaritanus,
1521 5548 1572 5603 id
1599 5554 1683 5602 est

28 5656 256 5709 custos,
293 5653 466 5704 erat,
522 5641 650 5710 quia
691 5641 946 5696 collatum
992 5637 1098 5692 sibi
1139 5636 1460 5694 beneﬁcium
1491 5639 1543 5692 io
1571 5654 1681 5694 me-

26 5743 225 5799 moria
255 5736 659 5796 custodiebat.
700 5739 766 5793 Et
801 5739 903 5792 hoc
932 5744 1119 5790 contra
1166 5736 1283 5790 illos
1314 5735 1404 5805 qui
1435 5734 1681 5791 beneﬁcii

23 5836 442 5889 immemores
480 5826 724 5886 inerunt.
764 5829 1034 5898 Quantum
1074 5842 1202 5884 vero
1252 5827 1322 5882 sit
1365 5823 1563 5884 malum
1602 5826 1683 5882 in-

1576 5999 1600 6053 l

1786 4626 1886 4682 Per
1925 4627 2109 4684 decem
2139 4626 2380 4698 leprosos
2417 4625 2793 4704 signiﬁcantur
2838 4624 2913 4679 illi
2940 4626 3058 4694 qui,
3119 4625 3368 4694 quamvis

1783 4719 2092 4789 decalogum
2116 4719 2249 4786 legis
2274 4718 2526 4787 professi,
2551 4733 2650 4787 per
2676 4729 2862 4789 aperta
2894 4718 3120 4772 crimina
3153 4717 3371 4774 notabi-

1782 4810 1864 4871 les
1891 4817 2034 4874 sunt.
2082 4810 2278 4877 Quales
2309 4809 2471 4878 (quod
2500 4810 2619 4866 sine
2665 4810 2866 4879 gemitu
2898 4809 3079 4864 dicere
3105 4822 3211 4864 non
3238 4825 3363 4878 pos-

1783 4900 1926 4972 sum)
1959 4901 2198 4971 plerique
2229 4909 2472 4954 nostrum
2501 4908 2646 4956 sunt.
2703 4899 2759 4953 Si
2794 4914 2944 4969 ergo,
2975 4897 3194 4963 fratres,
3241 4914 3367 4968 pec-

1784 4997 1920 5054 catis
1965 4993 2159 5062 leprosi
2207 5007 2412 5055 sumus,
2450 4993 2699 5062 exemplo
2747 4992 2938 5046 horum
2991 4993 3218 5046 Domino
3270 5006 3365 5061 per

1782 5086 2010 5156 gratiam
2039 5084 2271 5140 venienti
2299 5099 2586 5140 occurrere
2607 5086 2867 5140 debemus
2891 5099 2988 5154 per
3011 5085 3362 5140 desiderium.

1783 5179 1893 5239 Nec
1921 5194 2040 5234 esse
2061 5192 2254 5247 graves
2277 5186 2490 5246 oportet
2509 5179 2574 5236 ad
2605 5178 2953 5248 surgendum,
2982 5179 3120 5232 sicut
3145 5178 3364 5247 quidam

1783 5285 1933 5336 sunt,
1977 5271 2069 5340 qui
2104 5271 2188 5326 vix
2221 5269 2450 5346 ﬂagellis
2503 5279 2559 5326 et
2607 5270 3041 5326 tribulationibus
3086 5271 3361 5325 emendari

1786 5367 1991 5420 volunt.
2044 5362 2264 5418 Stemus
2303 5363 2464 5417 etiam
2510 5379 2540 5422 a
2580 5363 2758 5433 longe,
2791 5372 2852 5420 ut
2895 5364 3102 5419 scilicet
3132 5363 3364 5432 propria

1783 5458 1947 5527 lepra:
1976 5457 2179 5512 conscii
2221 5472 2319 5512 nos
2355 5455 2718 5522 humiliemus,
2756 5455 3062 5526 iudicantes
3093 5469 3194 5509 nos
3223 5454 3363 5509 indi-

1783 5567 1943 5622 gnos...
1983 5549 2076 5620 qui
2112 5549 2199 5606 vel
2249 5549 2570 5605 accedamus
2615 5550 2890 5605 consortio
2925 5548 3233 5610 hominum,
3276 5545 3362 5600 vel

1781 5644 2092 5699 sanctuario
2119 5641 2235 5706 Dei,
2265 5641 2404 5696 sicut
2429 5641 2754 5698 Publicanus
2781 5641 2977 5698 fecisse
3006 5641 3219 5710 legitur.
3250 5639 3360 5694 Le-

1785 5751 1970 5791 vemus
1998 5735 2158 5790 etiam
2195 5748 2380 5788 vocem
2411 5743 2649 5790 nostram
2677 5736 2851 5806 magis
2886 5735 3169 5789 devotione
3195 5747 3363 5801 quam

1783 5830 2039 5895 clamore,
2068 5843 2176 5883 non
2219 5827 2450 5886 alienam
2477 5844 2687 5896 vocem,
2727 5830 2822 5885 sed
2856 5828 2922 5882 de
2947 5827 3228 5882 aﬂectioue
3277 5828 3360 5880 in-
