3896 6320
509 357 651 417 2055

1526 341 1873 401 ADDENDA.
1913 368 1985 386 --
2019 340 2370 401 RADULPHI
2405 336 2750 399 ARDENTIS

3649 324 3750 385 ἢθδὸ

460 494 461 499 ‘
511 475 631 533 titni
674 472 854 529 cordis
883 470 1284 544 procedentem.
1337 466 1404 523 Et
1434 465 1678 521 dicamus
1715 464 1818 519 fide
1848 472 1902 519 et
1929 464 2089 543 deyoo
2115 476 2166 535 Α
2194 464 2316 536 (Job
2345 464 2404 535 ι).
2444 463 2619 533 Agere
2642 460 2786 515 enim
2814 458 2866 511 in
2891 451 3187 528 prosperis
3212 446 3457 544 gratias,
3482 443 3631 544 etiarn
3653 460 3751 544 quo.

514 569 706 624 tione:
740 566 867 621 Jesu
906 571 1209 632 pra’ceptor,
1242 559 1394 629 cujus
1441 557 1647 613 scilicet
1691 556 1981 625 praecipere
2008 564 2092 611 est

515 666 715 730 facere,
744 662 987 716 miserere
1010 661 1191 721 nostri,
1220 670 1319 711 nos
1349 670 1380 709 a
1424 654 1571 723 lepra
1607 660 1951 723 peccatorum
1996 652 2092 707 ab-

517 757 735 812 luendo.
784 753 967 809 Tertio
1023 752 1261 806 insinuat
1303 747 1457 802 nobis
1494 746 1771 810 Dominus,
1823 743 2091 815 quomodo

516 847 631 917 ipse
662 846 984 901 criminosos
1029 859 1059 897 a
1098 838 1334 912 peccatis
1366 837 1643 902 emundet,
1688 852 1811 893 cum
1842 835 1955 891 ait:
1992 834 2089 901 lte,

517 940 770 994 ostendite
800 955 884 993 vos
925 934 1300 993 sacerdotibus.
1349 933 1481 987 Cum
1514 932 1659 986 enim
1697 929 2010 1001 quotidiana
2037 935 2093 983 et

518 1033 656 1087 levia
688 1040 929 1101 peccata,
959 1026 1197 1099 qualibet
1223 1026 1325 1081 levi
1357 1025 1745 1084 satisfactione.
1779 1024 1940 1079 etiam
1976 1022 2094 1077 sine

515 1141 771 1196 expressa
815 1122 1155 1178 confessione
1181 1118 1335 1173 nobis
1364 1118 1724 1182 dimittantur,
1765 1118 1989 1186 lepram,
2042 1116 2094 1170 id

516 1228 601 1273 est
631 1218 835 1287 majora
877 1214 1107 1270 crimina
1150 1211 1394 1281 praecipit
1438 1210 1595 1264 nobis
1623 1208 1883 1263 Dominus
1912 1221 2097 1263 sacer-

518 1310 731 1366 dotibus
774 1307 1079 1373 ostendere,
1112 1305 1337 1375 etjnxta
1369 1320 1553 1359 eorum
1595 1303 1907 1358 mandatum
1938 1301 2098 1356 satis-

518 1403 716 1458 facere.
768 1401 874 1458 Sed
900 1416 1069 1472 quare
1099 1414 1221 1453 cum
1251 1414 1348 1468 per
1376 1414 1435 1453 se
1462 1397 1715 1451 Dominus
1745 1412 1805 1450 ea
1838 1394 2098 1449 mundare

516 1508 721 1567 posset,
753 1492 1126 1550 sacerdotibus
1158 1490 1404 1545 conﬁteri
1446 1488 1743 1560 praecepit?
1792 1488 1870 1541 Ex
1900 1484 2098 1555 triplici

518 1591 726 1645 ratione
756 1607 769 1644 :
806 1589 877 1646 Ut
923 1587 1127 1643 scilicet
1157 1598 1316 1641 nemo
1342 1593 1561 1656 propter
1592 1593 1813 1653 peccata
1842 1585 2097 1652 despera-

516 1691 621 1747 ret,
663 1683 791 1737 dum
842 1681 1112 1736 medicum
1155 1687 1501 1749 peccatorum
1547 1676 1699 1745 juxta
1745 1691 1804 1731 se
1855 1676 2100 1731 invenire

516 1783 725 1844 posset;
778 1781 835 1827 ut
880 1772 1044 1827 etiam
1090 1770 1144 1825 in
1189 1772 1289 1825 hoc
1340 1770 1567 1839 quisque
1616 1776 1915 1823 mereretur
1952 1768 2097 1837 quod

2195 556 2444 611 rumdam
2477 554 2741 608 malorum
2772 560 2875 605 est.
2908 548 3071 604 Unde
3105 542 3326 599 David:
3351 536 3755 605 Conﬁtebitur,in-

2192 649 2326 719 quit,
2362 647 2457 700 tibi
2508 663 2626 700 cum
2675 645 2993 714 benefeceris
3018 641 3073 697 ei
3119 635 3313 709 (Psal.
3370 638 3585 696 xum).
3627 631 3754 697 Agere

2195 740 2359 795 etiam
2389 739 2441 792 in
2476 737 2719 793 adversis
2741 736 2969 807 gratias,
3002 740 3230 788 tantum
3274 728 3559 782 bonorum
3579 730 3670 786 est,
3698 724 3762 790 qui

2196 832 2311 904 ipsa
2340 832 2568 886 adversa
2621 846 2814 903 magna
2866 833 3012 885 dona
3043 840 3174 882 esse
3209 820 3561 888 intelligunt,
3583 832 3664 885 per
3680 832 3767 885 qua

2196 926 2317 997 pius
2370 936 2525 995 pater
2554 926 2693 981 ﬁlios
2718 940 2855 995 quos
2913 922 3092 992 magis
3143 917 3340 987 diligit
3388 912 3629 980 corripit.
3655 909 3767 963 Inter

2196 1034 2356 1088 quos,
2400 1018 2619 1084 fratres,
2647 1019 2738 1073 hic
2781 1017 2986 1086 corripi
3030 1032 3063 1069 a
3099 1014 3223 1068 Deo
3248 1009 3575 1078 diligamus,
3602 1013 3653 1057 ut
3674 1018 3764 1057 cum

2197 1113 2277 1167 eis
2300 1113 2570 1169 consolari
2601 1128 2927 1167 mereamur.
2962 1111 3171 1163 Amen.

2723 1203 3001 1259 HOMILIA
3048 1199 3289 1255 XXXII.

2341 1313 2595 1356 DOIIMCA
2644 1314 2837 1355 DECIIA
2878 1314 3082 1363 QUIN‘I’A
3125 1310 3272 1349 POS‘I'
3312 1304 3664 1347 τιιικιτιτει.

2272 1389 2334 1446 Si
2362 1393 2549 1461 spiritu
2580 1392 2819 1456 vivimus,
2870 1390 3064 1458 spiritu
3114 1394 3170 1440 et
3197 1384 3547 1439 ambulemus
3588 1379 3709 1451 (Gal.
3730 1395 3767 1445 τ,

2198 1482 2297 1552 vr),
2318 1492 2424 1537 etc.
2444 1482 2738 1552 Tripertita
2770 1491 2854 1537 est
2878 1481 2993 1535 haec
3019 1478 3218 1541 lectio,
3245 1476 3464 1529 fratres
3496 1472 3769 1529 cbarissimi.

2198 1571 2382 1627 Primo
2411 1576 2555 1627 enim
2586 1590 2685 1628 nos
2721 1575 2975 1629 hortatur
3002 1570 3319 1643 Apostolus
3378 1566 3451 1621 ad
3484 1564 3767 1635 spiritualem

2199 1668 2389 1721 vitam.
2432 1668 2684 1727 Secundo
2724 1672 2963 1725 ostendit
3011 1686 3141 1739 qua:
3189 1669 3309 1723 vita
3381 1668 3458 1721 sit
3500 1661 3767 1733 spiritualis.

2203 1759 2388 1815 Tertio
2421 1760 2685 1831 praecipit,
2716 1771 2773 1816 ut
2798 1763 3003 1817 subditi
3034 1762 3335 1832 magistris
3364 1758 3487 1814 suis
3521 1756 3769 1826 spirituali.

517 1865 743 1933 homini,
778 1864 965 1935 aequali
997 1862 1204 1919 scilicet
1232 1878 1351 1928 suo,
1393 1877 1451 1917 se
1474 1861 1811 1926 humiliaret;
1844 1868 1902 1914 ut
1930 1860 2095 1915 etiam
2128 1854 2173 1913 Β
2202 1852 2302 1907 bus
2332 1854 2514 1907 omnia
2567 1853 2707 1910 bona
2740 1871 2836 1910 sua
2884 1856 3332 1929 communicent.
3399 1850 3633 1905 Hortans
3672 1864 3767 1917 ergo

518 1958 658 2013 alter
688 1950 921 2011 alterius
939 1971 1104 2011 onera
1130 1963 1387 2023 portaret.
1433 1954 1538 2009 Sed
1565 1953 1692 2023 quid
1723 1961 1806 2007 est
1838 1952 1981 2022 quod
2023 1951 2101 2007 le-

516 2050 688 2121 prosi,
713 2058 1002 2117 antequam
1030 2048 1350 2118 perveniant
1383 2047 1449 2099 ad
1476 2045 1809 2112 sacerdotes,
1836 2044 2100 2099 mundan-

517 2150 608 2197 tur
657 2143 712 2196 in
739 2143 847 2207 via,
886 2141 988 2194 nisi
1032 2140 1174 2209 quod
1222 2146 1556 2209 peccatores,
1617 2138 1742 2191 dum
1792 2138 2100 2207 pasnitendo

515 2241 665 2298 eunt,
707 2230 790 2285 vel
839 2230 919 2286 ire
969 2231 1157 2285 volunt
1199 2230 1446 2285 conﬁteri
1489 2229 1885 2295 sacerdotibus,
1917 2231 1970 2284 in
1997 2230 2100 2284 hoc

514 2325 789 2395 proposito
816 2339 847 2379 a
872 2325 1112 2394 peccatis
1132 2324 1499 2379 inundantur?
1531 2322 1669 2379 Hinc
1699 2324 1864 2378 David
1896 2341 1907 2376 :
1941 2323 2062 2377 Dixi
2080 2323 2101 2377 ἔ

515 2414 814 2485 Conﬁtebor
851 2419 1127 2481 adversum
1169 2434 1250 2471 me
1280 2416 1601 2487 injustitiam
1646 2432 1816 2469 meam
1853 2414 2098 2480 Domino,

513 2515 563 2561 et
597 2514 655 2560 tu
689 2507 933 2562 remisisti
973 2508 1286 2577 impietatem
1332 2509 1529 2576 peccati
1565 2509 1665 2560 mei
1702 2504 1873 2576 (Psal.
1923 2507 2098 2575 xxxt).

517 2597 680 2665 Quasi
708 2598 946 2653 diceret:
987 2597 1289 2652 Deliberavi
1319 2598 1458 2666 apud
1486 2613 1571 2651 me
1600 2612 1879 2666 peccatum
1913 2612 2097 2651 meum

515 2688 797 2755 conﬁteri,
852 2696 908 2742 et
967 2686 1327 2751 tu,Domine,
1386 2688 1659 2741 remisisti.
1730 2686 1932 2742 Tamen
1991 2702 2103 2742 non

516 2780 721 2836 idcirco
768 2786 1028 2850 spernant
1076 2790 1387 2849 peccatores
1430 2790 1651 2850 peccata
1704 2796 1800 2834 sua
1855 2781 2102 2835 sacerdo-

520 2870 665 2925 tibus
719 2870 999 2937 conﬁteri,
1058 2870 1312 2939 quoniam
1365 2886 1434 2926 ex
1483 2881 1793 2942 contemptu
1854 2881 2103 2926 teneren-

517 2966 609 3018 tur
639 2962 737 3018 rei.
777 2963 888 3019 Etsi
922 2960 1065 3018 enim
1096 2960 1150 3013 in
1176 2963 1354 3016 cordis
1388 2964 1712 3017 contritione
1758 2972 1979 3033 peccata
2020 2962 2101 3016 di-

521 3053 833 3118 mittantur,
862 3071 968 3107 non
1001 3069 1179 3109 tamen
1219 3052 1476 3107 Ecclesiae
1509 3068 1627 3108 esse
1658 3053 1883 3107 dimissa
1914 3062 2098 3107 osten-

522 3143 746 3199 duntur.
786 3146 927 3199 Deus
957 3147 1153 3216 quippe
1183 3155 1242 3200 ut
1297 3155 1485 3201 auctor
1512 3142 1672 3200 solvit
1698 3146 1783 3199 vel
1819 3145 1979 3216 ligat,
2014 3160 2100 3199 sa-

520 3239 713 3294 cerdos
748 3253 875 3294 vero
900 3248 957 3293 ut
981 3240 1227 3295 minister
1250 3240 1474 3311 ligatum
1515 3241 1601 3295 vel
1632 3240 1937 3295 absolutum
1980 3257 2101 3299 esse
2131 3205 2180 3270 α

521 3332 873 3389 demonstrat.
913 3331 1051 3387 Hinc
1081 3342 1165 3387 est
1210 3335 1353 3404 quod
1385 3333 1685 3399 Lazarum,
1725 3349 1887 3402 quem
1920 3349 2019 3403 per
2044 3352 2134 3392 se.

522 3426 581 3480 in
603 3424 808 3478 tumulo
845 3426 1227 3491 suscitaverat,
1258 3426 1539 3496 discipulis
1575 3425 1837 3481 Dominus
1863 3425 2017 3494 jubet
2043 3436 2106 3484 ut

525 3514 811 3572 absolvant
837 3524 892 3571 et
924 3517 1077 3572 abire
1113 3518 1313 3571 sinant.
1344 3516 1549 3583 Quarto
1577 3519 1981 3572 demonstratur
2010 3533 2109 3573 ne-

523 3609 608 3664 bis
635 3609 907 3679 quomodo
936 3609 1385 3679 ingratitudinem
1416 3609 1709 3680 fugientes.
1752 3610 1819 3665 de
1845 3610 2106 3665 emunda-

522 3702 671 3759 tione
723 3710 813 3755 aut
864 3702 1162 3771 gratiarum
1199 3701 1488 3757 collatione
1530 3702 1736 3771 gratias
1770 3703 1879 3758 Deo
1938 3718 2099 3774 agere

524 3795 835 3852 debeamus.
869 3794 966 3849 Est
1016 3804 1193 3850 autem
1248 3794 1443 3863 triplex
1484 3795 1818 3864 ingratitudo
1854 3795 2101 3860 :Pritna,

524 3887 739 3944 illorum
766 3887 861 3957 qui
891 3886 958 3941 de
978 3886 1176 3941 collato
1202 3886 1468 3941 beneﬁcio
1493 3887 1698 3956 gratias
1731 3887 1839 3941 Deo
1870 3902 1979 3941 non
2006 3901 2098 3941 re-

523 3978 1019 4046 ferunt;secunda,
1050 3979 1263 4033 illorum
1299 3978 1394 4047 qui
1435 3978 1501 4033 ad
1542 3978 1802 4033 vomitum
1833 3981 2096 4047 redeunt;

526 4072 686 4126 tertia
725 4086 913 4126 eorum
945 4073 1035 4143 qui
1071 4072 1331 4127 talentum
1362 4073 1801 4127 commendatum
1837 4074 2107 4129 inutiliter

527 4164 881 4220 abscondunt.
911 4165 1118 4232 Quibus
1138 4165 1391 4220 omnibus
1418 4180 1523 4219 non
1553 4165 1724 4219 soluat
1752 4181 1849 4236 per
1882 4167 2109 4239 ingrati-

528 4259 769 4313 tudinem
801 4258 990 4329 gratiae
1014 4259 1433 4324 subtrahuntur,
1477 4268 1532 4312 et
1561 4259 1691 4313 vitia
1722 4260 1972 4328 redeunt,
2010 4262 2107 4316 sed

526 4352 693 4406 etiam
722 4350 936 4422 pejores
963 4350 1293 4417 efﬁciuntur,
1328 4346 1577 4406 Domino
1601 4350 1731 4406 alibi
1769 4335 2063 4407 attestante
2090 4371 2103 4409 :

527 4440 597 4495 Et
645 4441 802 4511 ﬁunt,
856 4442 1071 4512 inquit,
1124 4444 1410 4498 novissimis
1458 4443 1685 4495 hominis
1737 4442 1878 4496 illius
1927 4444 2111 4513 pejora

2206 1958 2305 1997 nos
2327 1944 2616 2013 Apostolus
2645 1947 2822 2015 primo
2856 1947 2923 2000 ad
2974 1945 3327 2016 spiritualem
3381 1943 3579 2005 vitam,
3600 1941 3693 1993 ait:
3718 1939 3767 1994 Si

2202 2034 2393 2102 spiritu
2423 2036 2659 2101 vivimus,
2702 2037 2893 2106 spiritu
2942 2044 2994 2090 et
3020 2036 3387 2089 ambulemus.
3424 2034 3765 2099 Quatuortnoo

2203 2129 2307 2193 dis,
2343 2127 2540 2183 fratres
2588 2129 2717 2194 mei,
2760 2130 3031 2198 accipitur
3068 2131 3173 2184 hoc
3230 2142 3443 2182 nomen
3500 2126 3700 2195 Spiritus
3728 2124 3770 2178 in

2204 2240 2359 2279 sacra
2393 2225 2697 2294 Scriptura.
2728 2223 3066 2295 Quandoque
3096 2225 3245 2279 enim
3280 2223 3516 2293 ponitur
3558 2219 3621 2274 ad
3641 2221 3775 2287 signi-

2204 2316 2473 2370 ﬁcandum
2529 2316 2783 2386 spiritum
2836 2317 3165 2386 humanum,
3199 2329 3263 2372 ut
3332 2316 3564 2386 quando
3610 2314 3775 2369 dicitur

2205 2408 2348 2477 quod
2380 2408 2541 2464 homo
2584 2417 2802 2464 constat
2835 2424 2901 2464 ex
2956 2425 3185 2479 corpore
3214 2418 3272 2464 et
3296 2409 3523 2479 spiritu.
3558 2407 3778 2475 Quando-

2204 2515 2309 2569 que
2340 2515 2472 2555 vero
2521 2502 2744 2570 ponitur
2788 2500 2856 2555 ad
2908 2500 3332 2571 signiﬁcandum
3384 2509 3597 2569 partem
3637 2500 3780 2569 ipsis!

2216 2592 2467 2659 spiritus,
2500 2592 2839 2662 superiorem
2897 2594 3105 2647 scilicet
3168 2592 3482 2656 rationem,
3533 2600 3591 2643 ut
3649 2590 3778 2645 sibi:

2206 2682 2436 2753 Spiritus
2478 2687 2688 2755 quidem
2731 2696 3001 2756 promptus
3040 2694 3141 2752 est,
3185 2702 3314 2739 caro
3368 2696 3550 2737 autem
3600 2684 3780 2749 inﬁma

2207 2776 2423 2847 (Matth.
2462 2794 2625 2843 xxvt;
2654 2777 2783 2831 Luc.
2819 2778 2991 2847 xxiv).
3044 2778 3389 2847 Quandoque
3418 2792 3552 2831 vero
3588 2778 3776 2845 ponitur

2207 2870 2275 2923 ad
2306 2869 2719 2939 significandum
2752 2869 3065 2923 interiorem
3098 2868 3294 2922 littera:
3344 2868 3700 2929 intellectura,
3727 2876 3774 2919 ut

2207 2964 2279 3019 ibi
2312 2982 2325 3017 :
2361 2963 2559 3017 Littera
2590 2956 2800 3030 occidit,
2833 2962 3051 3029 spiritus
3091 2972 3270 3015 autem
3295 2962 3537 3029 viviﬁcat
3575 2959 3657 3022 (Η
3680 2958 3778 3013 Cor.

2205 3060 2283 3128 v).
2314 3056 2651 3127 Quandoque
2678 3058 2844 3110 etiam
2880 3056 3102 3124 ponitur
3132 3056 3201 3108 ad
3231 3054 3661 3124 signiﬁcandum
3681 3052 3780 3121 Spi-

2207 3153 2370 3205 ritum
2404 3158 2678 3205 sanctum.
2726 3149 2963 3219 Spiritus
3012 3164 3162 3220 ergo,
3205 3148 3519 3202 secundum
3571 3147 3775 3216 prima:

2210 3245 2604 3315 acceptionem,
2642 3244 2857 3298 confert
2884 3244 3041 3298 nobis
3085 3252 3146 3298 ut
3170 3242 3342 3297 etiam
3394 3242 3655 3295 vivamus
3682 3257 3782 3295 coro

2207 3338 2488 3409 poraliter.
2526 3337 2836 3391 Secundum
2866 3352 2995 3392 vero
3030 3336 3331 3392 secundam
3366 3342 3422 3389 et
3474 3334 3686 3388 tertiam
3736 3342 3782 3385 et

2208 3442 2458 3502 quartam
2492 3433 2883 3501 accoptionem,
2913 3432 3130 3487 confert
3153 3431 3314 3485 nobis
3337 3440 3395 3483 ut
3420 3429 3673 3483 vivamus
3693 3428 3783 3497 spi-

2209 3524 2509 3579 ritualiter.
2552 3524 2643 3577 Ait
2670 3539 2799 3594 ergo
2846 3523 3142 3592 Apostolus
3176 3539 3192 3575 :
3230 3521 3289 3575 Si
3332 3521 3528 3589 spiritu
3560 3520 3785 3582 risimus,

2209 3615 2401 3683 spiritu
2436 3614 2791 3668 ambulemus.
2818 3614 2897 3667 Ac
2921 3614 2965 3667 si
2994 3622 3182 3683 aperte
3211 3612 3381 3674 dicat,
3417 3612 3477 3666 Si
3514 3626 3611 3665 nec
3639 3611 3786 3680 spiri-

2209 3707 2429 3762 tualiter
2481 3722 2581 3761 nec
2635 3707 2800 3761 etiam
2847 3707 3211 3776 corporaliter
3250 3720 3545 3775 possumus
3591 3705 3786 3767 virere,

2209 3798 2314 3852 nisi
2340 3813 2405 3852 ex
2457 3798 2671 3867 spiritu,
2703 3797 3021 3865 secundum,
3054 3796 3305 3866 spiritus,
3346 3812 3459 3849 non
3502 3780 3789 3848 secundum

2210 3890 2394 3945 carnis
2423 3889 2758 3945 voluntatem
2793 3904 3107 3959 operemur.
3134 3888 3253 3943 Non
3288 3888 3465 3943 simus
3512 3903 3664 3956 ergo,
3697 3886 3791 3939 fra-

2212 3994 2325 4039 tres
2342 3984 2471 4047 mei,
2487 3982 2691 4038 similes
2709 3984 2857 4047 Adae,
2877 3984 2969 4053 qui
2997 3983 3131 4037 abiit
3150 3983 3205 4036 in
3230 3982 3464 4036 consilio
3494 3981 3789 4050 impiorum,

2211 4074 2652 4145 suggestionibus
2699 4074 2907 4129 scilicet
2954 4074 3142 4128 uxoris
3165 4083 3221 4128 et
3271 4074 3544 4142 serpentis
3574 4086 3791 4126 consen-

2212 4167 2541 4234 tiendo,sed
2592 4168 2775 4236 potius
2828 4167 3156 4222 tentationes
3214 4166 3414 4220 diaboli
3452 4166 3787 4235 repellentes,

2212 4276 2432 4315 carnem
2461 4272 2701 4316 nostram
2720 4260 2945 4329 jejuniis
2968 4270 3023 4315 et
3052 4261 3524 4315 macerationibus
3544 4276 3788 4330 cogamus

2211 4353 2441 4408 consilio
2473 4352 2697 4421 spiritus
2731 4351 2969 4406 obedire.

2288 4444 2547 4515 Sequitur
2576 4460 2703 4515 pars
2733 4445 2991 4512 secunda,
3026 4445 3077 4499 in
3104 4461 3214 4515 qua
3237 4445 3786 4515 ostenditApostoluS.

528 4534 791 4603 prioribus
814 4533 1030 4605 (Matth.
1078 4550 1185 4601 xit;
1236 4534 1362 4588 Luc.
1406 4533 1506 4598 ιι).
1555 4533 1663 4590 Nos
1693 4550 1843 4604 ergo,
1890 4535 2105 4606 fratres,
2138 4571 2190 4632 υ
2216 4553 2335 4607 qua:
2363 4538 2475 4592 vita
2526 4538 2597 4593 sit
2629 4538 2951 4608 spiritualis,
2982 4553 3046 4593 ea
3077 4539 3290 4595 scilicet
3319 4555 3442 4610 qua:
3472 4541 3611 4593 vitia
3654 4540 3786 4607 fugit,

526 4625 776 4696 exemplo
794 4625 992 4681 decimi
1009 4626 1205 4697 leprosi
1230 4625 1636 4680 consideremus
1647 4626 1834 4693 quales
1846 4626 2110 4682 fuerimus

526 4732 596 4772 ex
620 4716 775 4787 culpa
798 4726 1015 4785 nostra;
1056 4727 1111 4773 et
1137 4718 1328 4788 quales
1356 4733 1544 4772 sumus
1563 4733 1631 4772 ex
1670 4721 1867 4789 gratia.
1899 4721 2109 4778 Rever-

529 4818 710 4865 tamur
729 4810 894 4866 corde
918 4810 988 4864 ad
1019 4812 1188 4865 Deum
1223 4810 1639 4865 emundatorem
1681 4822 1956 4881 nostrum;
1990 4816 2107 4884 ejus

528 4902 963 4960 misericordiam
997 4917 1195 4971 magna
1230 4902 1415 4958 cordis
1465 4903 1748 4960 devotione
1806 4906 2107 4973 laudemus,

524 5001 581 5049 et
610 4994 868 5049 cadamus
912 5001 1037 5047 ante
1085 4993 1251 5062 pedes
1276 4993 1443 5063 'ejus,
1474 5010 1581 5050 non
1610 5006 1759 5052 retro
1788 5007 1847 5050 ut
1882 4998 2001 5052 Heli
2050 5000 2105 5055 in

527 5094 777 5151 mortem,
810 5085 903 5141 sed
939 5086 992 5139 in
1022 5083 1236 5152 faciem,
1260 5086 1311 5141 id
1342 5085 1496 5142 estin
1522 5090 1757 5159 praprize
1786 5089 2102 5159 fragilitatis

529 5176 919 5248 cognitionem,
954 5174 1111 5229 nobis
1168 5186 1387 5247 peccata
1445 5187 1498 5233 et
1554 5180 1661 5233 Deo
1709 5180 1910 5236 bonum
1964 5186 2110 5253 quod

528 5270 791 5322 habemus
822 5265 1201 5332 attribuentes,
1230 5278 1283 5324 et
1314 5270 1440 5327 inde
1467 5272 1515 5328 ei
1552 5273 1753 5344 gratias
1783 5289 1998 5346 semper
2026 5290 2112 5331 re-

531 5360 791 5415 ferentes.
821 5360 934 5416 Nec
963 5361 1158 5431 solum,
1190 5363 1411 5431 fratres,
1434 5367 1503 5422 de
1528 5369 1685 5423 bonis
1712 5369 1867 5423 nobis
1900 5371 2112 5427 collatis

532 5452 579 5507 ei
612 5450 817 5523 gratias
846 5452 1175 5527 referamus,
1202 5462 1297 5516 sed
1321 5461 1485 5516 etiam
1506 5460 1573 5517 de
1602 5461 1813 5515 damnis
1838 5473 1892 5516 et
1923 5462 2108 5535 ﬂagel-

532 5544 599 5599 lis
627 5544 869 5603 dicentes
890 5548 1014 5605 cum
1041 5552 1202 5609 beato
1227 5553 1329 5609 Job
1357 5567 1373 5606 :
1405 5550 1468 5607 Si
1500 5552 1635 5605 bona
1663 5544 1985 5623 suscepimus
2046 5557 2110 5611 de

533 5655 693 5693 manu
728 5636 961 5709 Domini,
995 5645 1135 5696 mala
1161 5646 1321 5698 etiam
1366 5661 1531 5715 quare
1579 5661 1683 5699 non
1712 5650 2058 5717 suscipiamus
2087 5649 2112 5702 .’

536 5731 793 5786 Dominus
820 5734 981 5798 dedit,
1012 5732 1273 5790 Dominus
1304 5738 1541 5803 abstulit,
1570 5740 1703 5792 sicut
1738 5739 1965 5794 Domino
1996 5741 2112 5811 pla-

534 5826 640 5892 cuit
668 5826 747 5879 ito
785 5825 989 5895 factum
1029 5839 1126 5895 est,
1176 5829 1244 5883 sit
1295 5845 1481 5886 nomen
1518 5830 1756 5900 Domini~
1784 5832 2121 5916 benedictum.

1298 6052 1323 6075 ,9

2216 4643 2271 4687 et
2300 4633 2530 4687 virtutes
2558 4633 2824 4703 sequitur.
2854 4631 3010 4686 Unde
3038 4644 3092 4687 et
3114 4633 3333 4688 subdit:
3366 4632 3493 4687 Non
3523 4636 3785 4703 (ﬁtith

2215 4724 2393 4778 inanis
2425 4724 2609 4794 gloria:
2655 4724 2858 4792 cupidi,
2904 4724 3169 4778 subaudis
3213 4739 3313 4778 nec
3364 4734 3699 4779 ceterorum
3728 4723 3785 4773 vi-

2219 4816 2442 4868 tiorum.
2475 4814 2580 4867 Sed
2629 4812 2748 4867 ideo
2791 4812 2881 4867 hic
2920 4813 3101 4881 potius
3131 4815 3283 4883 ponit
3326 4830 3527 4867 vanam
3551 4815 3783 4885 gloriam.

2214 4906 2473 4975 quoniam
2508 4918 2567 4958 ea
2600 4904 2869 4973 prrecipue
2900 4920 3046 4959 viros
3087 4906 3403 4975 spirituales
3439 4907 3580 4961 solet
3633 4908 3779 4963 inluu-

2216 5014 2410 5069 gnare,
2440 4998 2533 5067 qui
2568 4997 2769 5051 habent
2794 4996 2959 5051 multa
3002 4998 3142 5051 bona
3181 5001 3327 5054 unde
3351 5000 3684 5070 glorientur.
3714 4998 3781 5050 Est

2213 5091 2360 5144 enim
2391 5106 2528 5144 vana
2554 5088 2747 5158 gloria,
2784 5090 2997 5157 quando
3025 5091 3233 5161 aliquid
3259 5093 3327 5146 de
3352 5093 3497 5145 bono
3523 5093 3677 5161 quod
3709 5092 3779 5143 ba—

2214 5182 2305 5236 bet
2327 5182 2411 5237 vel
2443 5182 2648 5237 habere
2695 5184 2931 5245 videtur,
2972 5198 3080 5237 non
3132 5182 3277 5247 Deo,
3302 5183 3393 5237 sed
3427 5184 3653 5237 sibimet
3695 5182 3778 5249 glo-

2215 5276 2352 5330 riam
2371 5275 2585 5341 tribuit,
2611 5276 2694 5330 vel
2720 5278 2937 5346 quzerit,
2962 5277 3045 5332 vel
3075 5278 3289 5346 recipit.
3323 5275 3450 5330 Ideo
3477 5286 3665 5330 autem
3692 5272 3773 5326 diu

2215 5366 2281 5421 de
2308 5367 2449 5423 bono
2482 5369 2627 5437 quod
2657 5367 2856 5423 habere
2910 5368 3149 5435 videtur,
3200 5369 3459 5438 quoniam
3516 5369 3769 5438 hypocrita

2214 5459 2377 5513 etiam
2436 5461 2503 5515 de
2554 5463 2717 5526 bono,
2775 5460 2918 5531 quod
2967 5462 3192 5516 simulat
3236 5463 3533 5516 humanam
3579 5462 3766 5530 glorias:

2213 5560 2417 5621 captat.
2446 5552 2663 5622 Cretet‘i,
2691 5556 2736 5611 si
2786 5557 3090 5627 gloriantur
3121 5556 3187 5609 de
3234 5557 3377 5610 bono
3414 5555 3566 5624 quod
3607 5553 3764 5608 babes:

2217 5644 2304 5715 (de
2337 5646 2482 5702 bono
2512 5647 2632 5702 dico
2655 5648 2917 5716 spirituali
2936 5649 3018 5703 vel
3049 5646 3369 5719 corporali),
3391 5648 3486 5701 sed
3508 5648 3580 5699 de
3611 5658 3758 5712 carpe

2215 5740 2316 5793 rali
2350 5741 2494 5796 bono
2521 5744 2822 5813 gloriantur
2843 5752 2897 5797 et
2927 5744 3248 5813 superbiunt
3282 5750 3492 5796 tantum
3511 5739 3754 5794 saecularcs

2176 5918 2183 5921 Μ
2215 5843 2269 5889 et
2299 5835 2462 5917 bruti
2495 5837 2760 5893 homines.
2792 5836 2870 5893 De
2898 5836 3169 5908 spirituali
3196 5852 3327 5893 vero
3349 5837 3530 5920 bono,
3562 5835 3752 5907 pleri?
