3896 6320
133 397 252 455 2057

130 527 220 583 que
253 507 372 580 ipsis
392 506 596 577 magnis
621 513 680 561 et
707 506 1086 576 spiritualibus
1107 509 1241 565 viris
1265 511 1525 566 accressit
1546 511 1669 582 glo-
1690 519 1745 578 Α

127 606 195 660 ria
215 609 263 656 et
287 598 451 654 elatio.
478 597 588 651 Sed
615 598 842 653 istorum
870 600 1132 664 omnium,
1153 602 1242 656 alii
1265 604 1332 658 de
1357 603 1500 659 bono
1517 605 1662 674 quod

123 697 318 758 habent,
340 692 552 746 sibimet
580 691 882 747 attribuunt
906 693 1155 762 gloriam,
1186 711 1216 750 a
1241 712 1321 762 se,
1345 697 1430 751 vel
1455 711 1524 751 ex
1551 711 1664 751 me-

120 788 223 844 ritis
245 785 346 840 suis
375 783 508 838 illud
532 798 590 838 se
625 784 823 839 habere
846 793 1114 856 putantes.
1142 787 1249 843 Alii
1269 805 1398 844 vero
1421 789 1662 845 exterius

118 881 373 934 humanam
401 883 630 944 captant
673 875 924 946 gloriam,
954 885 1007 932 et
1043 878 1086 932 si
1149 895 1254 936 non
1311 881 1382 934 sit
1424 881 1516 950 qui
1568 894 1663 936 eos

115 970 292 1033 laudet,
319 969 411 1040 ipsi
442 969 662 1037 seipsos
688 969 905 1024 laudare
932 985 1035 1025 non
1065 973 1408 1028 erubescunt.
1433 972 1536 1027 Alii
1569 988 1663 1027 au-

115 1075 208 1119 tem
241 1071 356 1117 sunt
383 1062 504 1131 qui,
559 1061 660 1115 etsi
692 1063 757 1116 de
802 1062 943 1117 bono
981 1077 1078 1117 suo
1107 1063 1318 1119 laudem
1365 1066 1660 1120 humanam

112 1175 204 1213 non
228 1167 475 1226 quierunt,
526 1163 704 1208 tamen
746 1156 812 1210 ab
833 1156 955 1210 aliis
979 1157 1215 1213 oblatam
1244 1157 1534 1230 recipiunt.
1555 1159 1661 1228 Qui

118 1247 336 1317 quamvis
363 1246 426 1300 ad
467 1247 688 1300 laudem
717 1246 820 1301 sibi
867 1247 1103 1303 oblatam
1133 1250 1487 1315 erubescant,
1519 1259 1572 1306 et
1601 1267 1663 1306 se

117 1341 366 1394 fateantur
395 1337 656 1407 indignos,
680 1347 860 1392 tamen
903 1339 1050 1396 intus
1083 1341 1150 1396 ad
1177 1343 1413 1397 auditam
1441 1343 1660 1399 laudem

117 1431 308 1484 animus
333 1429 522 1499 gaudet
575 1439 628 1482 et
662 1426 943 1499 gloriatur.
977 1430 1102 1488 Haec
1129 1443 1308 1488 autem
1336 1434 1506 1503 gloria
1537 1435 1662 1490 ina-

113 1522 188 1576 nis
215 1520 321 1574 sive
353 1533 479 1573 rana
510 1519 728 1588 dicitur,
753 1522 876 1592 quia
909 1538 938 1576 a
961 1523 1129 1592 gloria
1162 1540 1290 1580 vera
1329 1533 1549 1580 aeternae
1572 1540 1662 1581 re-

115 1610 397 1666 tributionis
441 1619 705 1666 cassatur.
764 1612 914 1668 Unde
959 1615 1224 1670 Dominus
1253 1617 1318 1672 de
1348 1615 1662 1684 huiusmodi

110 1705 179 1758 ait
209 1721 223 1757 :
249 1712 534 1772 receperunt
560 1704 848 1758 mercedem
890 1722 1039 1760 suam
1085 1705 1306 1776 (Matth.
1332 1707 1410 1779 ν),
1435 1708 1662 1780 gloriam

108 1797 295 1852 scilicet
322 1797 666 1866 temponaletu
690 1813 854 1867 quam
880 1800 1352 1868 qttmsierunt,non
1375 1811 1660 1858 teternam.

107 1887 340 1955 Invicem,
401 1887 607 1958 inquit,
659 1901 1029 1959 provocantes,
1080 1893 1301 1947 invicem
1346 1894 1657 1950 invidentes.
1694 1878 1741 1938 Β

105 1982 371 2052 Proprium
398 1989 480 2037 est
500 1982 859 2053 gloriosorum
891 1985 1193 2050 hominum,
1222 1996 1281 2041 ut
1301 1987 1438 2044 alios
1464 2005 1663 2060 provo-

104 2081 215 2126 cent
239 2071 302 2126 ad
319 2073 720 2129 contentionem
745 2084 802 2130 et
822 2085 1122 2145 certamen,
1147 2087 1206 2132 ut
1252 2079 1305 2133 in
1337 2079 1452 2150 ipso
1478 2090 1660 2137 certa-

101 2165 232 2220 mine
279 2175 577 2234 appareant
606 2168 936 2238 superiores.
971 2170 1123 2237 Quod
1152 2171 1197 2225 si
1249 2186 1344 2228 eos
1399 2188 1663 2244 superare

98 2270 193 2310 non
217 2254 410 2322 valent,
440 2256 708 2323 invident,
739 2269 794 2315 et
842 2261 909 2316 de
935 2261 1077 2316 bono
1098 2277 1285 2318 eorum
1320 2265 1655 2321 cruciantur.

95 2349 193 2403 Nos
214 2361 356 2419 ergo,
387 2348 590 2406 fratres
637 2352 970 2419 charissimi,
997 2355 1062 2407 de
1085 2354 1226 2409 bono
1271 2355 1317 2410 si
1357 2357 1500 2426 quod
1528 2357 1662 2412 faci-

95 2457 222 2507 mus,
266 2457 364 2497 nec
410 2443 559 2499 intus
605 2445 658 2498 in
709 2448 866 2502 nobis
905 2447 1219 2518 gloriemur,
1269 2465 1371 2505 nec
1419 2453 1661 2509 exterius

88 2533 354 2587 ventulum
398 2533 655 2590 humana:
681 2536 920 2608 gloriolae
949 2550 1231 2609 captemus
1249 2583 1263 2606 ,
1289 2558 1388 2597 nec
1415 2541 1660 2598 oblatum

92 2623 430 2694 recipiamus,
462 2627 558 2682 sed
591 2626 862 2685 laudantis
889 2633 1051 2687 verba
1086 2633 1548 2704 interrumpatnus
1575 2635 1660 2690 di-

83 2725 295 2771 centes:
330 2714 453 2772 Non
485 2718 797 2776 laudaveris
820 2723 1090 2780 hominem
1114 2726 1165 2780 in
1198 2726 1303 2781 vita
1333 2727 1656 2782 sua.Lauda

79 2818 194 2876 post
242 2816 474 2865 mortem
528 2811 722 2882 (Eccli.
756 2814 856 2886 XI).
887 2815 1040 2873 Tunc
1090 2819 1235 2874 enim
1280 2835 1381 2874 nec
1427 2819 1659 2878 laudans

81 2901 347 2966 adulatur,
404 2917 516 2958 nec
551 2902 802 2962 laudatus
829 2917 1084 2964 tentatur.
1117 2909 1223 2966 Sed
1254 2911 1507 2981 quoniam
1549 2926 1660 2966 non

77 2991 266 3046 suﬂicit
285 2992 420 3046 vitia
446 3009 670 3060 cavere,
697 2997 798 3050 nisi
825 2999 987 3052 etiam
1024 2999 1165 3055 bona
1189 2998 1474 3066 faciamus,
1507 3000 1658 3056 addit

67 3082 350 3153 Apostolus
378 3101 394 3138 :
427 3083 680 3152 Fratres,
711 3089 756 3141 si
785 3102 1181 3161 prwoccupatus
1221 3093 1381 3162 fuerit
1417 3095 1571 3149 homo
1605 3095 1661 3149 in

68 3173 240 3243 aliquo
263 3174 482 3241 delicto,
505 3192 598 3230 vos
618 3177 708 3247 qui
729 3179 1032 3247 spirituales
1050 3184 1193 3247 estis,
1211 3183 1451 3237 instruite
1473 3185 1661 3254 hujus-

65 3240 202 3320 modi
227 3267 284 3322 in
331 3269 535 3338 spiritu
591 3240 822 3325 lenitatis
853 3270 998 3344 (Gal.
1045 3275 1142 3347 νι).
1179 3240 1441 3332 hortatur
1477 3240 1660 3335 anilem
1690 3240 1754 3349 c_

66 3358 148 3412 hic
194 3375 296 3416 nos
319 3361 391 3415 ad
436 3362 880 3430 compassionem
913 3374 967 3419 et
1016 3366 1081 3419 ad
1118 3367 1536 3424 instructionem
1567 3373 1661 3426 de-

59 3447 444 3519 linquentium.
475 3450 638 3518 Quod
687 3453 906 3507 maximi
932 3455 1108 3509 meriti
1151 3471 1273 3512 esse
1301 3465 1529 3514 testatur
1569 3459 1663 3515 Ja-

60 3541 245 3607 cobus,
271 3542 504 3597 dicens:
545 3540 610 3595 Si
637 3542 754 3611 quis
786 3546 1011 3598 converti
1046 3544 1220 3616 fecerit
1247 3559 1568 3618 peccatorem
1593 3553 1662 3616 uti

54 3649 228 3687 errore
254 3636 355 3689 via:
384 3653 532 3702 suce,
586 3637 809 3693 salvabit
861 3638 1093 3691 animam
1130 3639 1246 3709 ejus
1299 3658 1330 3695 a
1373 3655 1539 3698 morte
1563 3684 1578 3710 ,
1610 3653 1660 3699 et

53 3726 243 3792 aperiet
285 3727 700 3784 multitudinem
728 3741 1058 3800 peccatorum
1091 3730 1231 3803 (Jac.
1265 3731 1341 3804 ν).
1365 3733 1534 3791 Porro
1558 3736 1660 3792 ali-

52 3822 133 3869 ter
154 3818 506 3888 corripiendi
536 3829 665 3876 sunt
686 3821 942 3877 fortiores
963 3832 1020 3876 et
1038 3823 1416 3894 sapientiores,
1441 3830 1657 3897 quando

47 3919 296 3978 peccant,
327 3911 500 3967 aliter
529 3912 836 3984 fragiliores
863 3925 918 3970 et
947 3916 1392 3982 rudiores,aliter
1417 3921 1508 3988 qui
1532 3936 1659 3990 pec-

45 4013 168 4056 cant
191 4019 261 4059 ex
292 4007 892 4074 prmcousideratione,
926 4009 1082 4063 aliter
1102 4011 1193 4078 qui
1221 4025 1288 4064 ex
1310 4026 1658 4083 praeoccupa-

43 4101 212 4166 tione,
237 4103 411 4158 aliter
440 4103 544 4173 qui
578 4104 630 4157 in
665 4104 927 4175 pluribus,
957 4106 1116 4161 aliter
1141 4107 1231 4176 qui
1258 4108 1310 4162 in
1342 4124 1466 4173 uno,
1498 4108 1657 4164 aliter

37 4197 128 4264 qui
162 4196 384 4251 faciunt
416 4196 576 4266 quod
640 4214 746 4253 non
779 4199 1061 4265 deberent,
1108 4201 1266 4256 aliter
1295 4203 1385 4271 qui
1431 4219 1536 4258 non
1574 4205 1660 4257 fa-

35 4288 186 4340 ciunt
211 4289 371 4358 quod
402 4289 704 4353 deberent,
737 4289 878 4358 quod
916 4301 999 4346 est
1047 4292 1323 4348 delictum.
1358 4294 1460 4362 Qui
1505 4295 1654 4350 enim

34 4376 236 4432 fortior
264 4387 323 4433 et
350 4379 674 4449 sapientior
698 4389 802 4446 est,
827 4381 908 4435 vel
936 4383 1024 4451 qui
1049 4393 1238 4454 peccat
1263 4400 1329 4440 ex
1359 4387 1654 4455 praeconsi-

33 4471 352 4538 deratione,
389 4473 484 4526 vel
509 4473 607 4541 qui
647 4482 838 4542 peccat
883 4474 934 4528 in
977 4475 1244 4545 pluribus,
1289 4479 1370 4532 vel
1403 4481 1493 4548 qui
1524 4479 1656 4535 facit

28 4571 223 4618 contra
252 4572 622 4635 praeceptum
647 4563 956 4632 manifeste,
972 4567 1193 4637 gravius
1220 4573 1525 4640 arguendus
1547 4581 1652 4627 est.
1683 4591 1736 4653 Β

24 4657 90 4709 At
118 4659 168 4711 si
188 4657 466 4722 Itomo,id
497 4665 590 4712 est
609 4656 835 4730 fragilis,
861 4659 1020 4730 fuerit
1035 4676 1429 4735 praeoccupatus
1453 4667 1653 4735 subito,

21 4765 132 4803 non
167 4750 224 4805 in
249 4750 558 4821 pluribus,
590 4753 686 4806 sed
715 4752 766 4805 in
792 4752 973 4824 aliquo
999 4756 1196 4812 delicto
1217 4801 1232 4825 ,
1261 4776 1348 4813 vos
1380 4762 1470 4830 qui
1498 4763 1655 4832 spiri-

19 4843 196 4897 tuales
223 4845 387 4909 estis,
426 4843 506 4898 ad
535 4857 674 4912 quos
708 4844 916 4900 scilicet
953 4851 1189 4919 pertinet
1219 4862 1508 4921 peccantes
1535 4870 1655 4910 cor-

16 4933 228 5002 rigere,
245 4934 532 4987 instruite
556 4933 883 5004 hujusmodi,
902 4945 956 4992 et
983 4939 1085 4995 hoc
1101 4942 1155 4994 in
1175 4927 1366 5011 spiritu
1398 4943 1652 5013 lenitatis,

11 5037 121 5075 non
152 5039 258 5078 eos
290 5023 536 5078 scilicet
571 5023 864 5083 deridendo
885 5027 968 5082 vel
990 5035 1348 5099 exsecrando,
1376 5035 1456 5089 vel
1477 5037 1544 5090 ad
1567 5038 1656 5093 de-

13 5116 414 5177 sperationem
453 5119 817 5186 provocando
847 5119 929 5191 (ut
958 5121 1175 5191 quidam
1202 5127 1418 5196 solent),
1437 5129 1530 5184 sed
1559 5147 1655 5200 po-

7 5207 113 5260 tius
143 5208 218 5261 ad
253 5207 679 5277 paenitentiam
707 5213 955 5282 exemplo
979 5226 1328 5285 peccatorum
1352 5235 1650 5281 converso—

5 5310 122 5348 rnm
156 5298 489 5360 trahendo,
527 5309 594 5353 et
623 5303 834 5356 veniam
856 5305 1240 5374 promittendo.
1272 5309 1650 5382 Considerans,

9 5390 200 5458 nqttit,
241 5390 533 5458 teipsum,
583 5407 645 5445 ne
695 5403 742 5447 et
773 5405 829 5448 tu
857 5399 1096 5451 tenteris.
1126 5399 1204 5454 Ac
1230 5401 1273 5455 si
1307 5402 1450 5458 dicat
1477 5424 1489 5458 :
1515 5406 1650 5463 Cum

3 5483 338 5537 :onsideras
381 5481 694 5551 homines,
719 5491 1003 5546 considera
1032 5509 1247 5565 quoque
1272 5487 1525 5568 teipsum,
1556 5504 1648 5572 qui

3 5588 153 5628 tomo
207 5582 274 5628 et
312 5570 580 5642 fragilis
609 5590 686 5640 es,
723 5587 780 5633 et
826 5581 1078 5638 similiter
1115 5593 1269 5655 potes
1319 5591 1532 5652 tentari,
1563 5570 1651 5647 vel

3 5678 84 5716 tm
117 5670 402 5718 tentatus
429 5675 523 5716 es.
585 5663 650 5718 Et
673 5667 724 5720 in
754 5677 808 5724 te
829 5673 1068 5736 addisce,
1105 5677 1281 5746 qualis
1310 5678 1455 5734 inter
1492 5691 1651 5737 caete-

3 5773 61 5813 as
98 5771 240 5813 esse
282 5755 511 5812 debes.
540 5754 707 5814 ZNihil
743 5763 912 5829 enim,
938 5762 1136 5821 fratres
1166 5768 1490 5835 charissimi,
1527 5774 1647 5843 plus

3 5859 180 5915 nove:
245 5849 589 5907 hominem
642 5852 712 5907 ad
765 5855 1018 5923 pietatem
1082 5867 1137 5914 et
1193 5865 1643 5942 compassionem,

353 5975 673 6066 PATBOL.
703 5965 902 6048 CLV.‘

693 391 996 449 HOMILL‘E
1028 393 1096 448 IN
1134 395 1351 452 EPIST.
1393 395 1483 450 ET
1524 394 1788 452 EVANG.
1831 397 2131 454 DOMINIC.
2173 430 2221 438 —
2282 399 2462 454 PARS
2504 402 2563 456 ll.

3215 417 3357 476 2058

1773 527 1940 581 qutun
1968 515 2170 583 proprii
2227 516 2451 582 periculi
2505 521 2889 581 consideratio.
2923 527 3062 586 Hinc
3085 540 3170 587 est
3204 539 3354 606 quod

1770 603 2037 659 Dominus
2071 605 2312 669 Petrum,
2363 609 2660 679 principem
2691 618 3077 690 apostolorum,
3115 603 3356 695 primum

1773 695 2023 763 permisit
2052 697 2274 762 cadere,
2297 705 2359 752 ut
2381 699 2636 757 videlicet
2668 704 2720 758 in
2748 707 2928 776 seipso
2957 711 3190 771 disceret
3215 732 3353 788 quo.

1772 789 1934 841 modo
1956 787 2168 842 caeteris
2199 789 2449 845 misereri
2476 793 2715 850 deberet.
2738 796 2906 864 Alter,
2923 800 3355 872 inquit,alterius

1774 891 1936 939 onera
1981 887 2208 947 portate,
2252 889 2302 933 et
2344 882 2420 935 sic
2443 883 2796 954 adimplebitis
2820 888 2984 959 legem
3009 892 3220 952 Christi.
3257 899 3358 956 Est

1773 980 1912 1022 onus
1935 979 2304 1038 peccatorum,
2332 980 2387 1026 Εῐ
2433 981 2520 1028 ρει
2555 989 2694 1042 οηιιε
2745 980 3158 1049 necessitatum,
3182 997 3266 1043 est
3295 999 3353 1046 et

1771 1071 1911 1112 onus
1925 1058 2310 1116 molestiarum.
2326 1062 2476 1119 Onus
2487 1080 2636 1137 ergo,
2651 1067 2852 1127 fratres
2864 1074 2990 1143 mei,
3004 1089 3354 1146 peccatorum

1774 1149 2016 1217 proximi
2062 1160 2360 1220 portemus,
2394 1169 2492 1223 pro
2521 1158 2600 1213 eis
2625 1163 2854 1228 orando,
2889 1179 2983 1220 eos
3009 1169 3356 1238 corripiendo

1773 1246 1830 1293 et
1860 1240 1928 1294 ad
1948 1243 2386 1302 emendationem
2417 1252 2686 1308 vocando.
2723 1253 2815 1309 Sic
2862 1258 3006 1313 enim
3035 1259 3165 1317 fecit
3193 1263 3354 1320 Citri-

1772 1338 1913 1397 stus,
1954 1334 2046 1402 qui
2074 1350 2182 1391 non
2213 1337 2385 1394 solum
2436 1352 2660 1411 peccata
2711 1356 2896 1404 nostra
2928 1350 3068 1416 tulit,
3118 1358 3348 1424 orando,

1773 1426 2134 1496 corripiendo,
2147 1441 2204 1487 et
2229 1434 2295 1488 ad
2311 1439 2746 1496 emendationem
2774 1446 3039 1512 vocando,
3058 1448 3152 1502 sed
3180 1448 3348 1504 etiam

1771 1529 1992 1586 pinnam
2041 1534 2142 1588 pro
2182 1522 2262 1577 eis
2293 1523 2349 1579 in
2380 1542 2478 1582 suo
2521 1544 2752 1601 corpore
2807 1535 3094 1602 portando.
3119 1536 3239 1606 Ipse
3265 1548 3352 1595 est

1769 1609 1958 1680 Agnus
1977 1612 2069 1680 qui
2101 1613 2464 1685 tulitpeccata
2512 1623 2699 1677 mundi
2729 1623 2908 1695 (Joan.
2943 1625 3008 1699 ι).
3041 1627 3190 1685 Onus
3213 1647 3353 1702 quo-

1772 1717 1881 1772 que
1908 1704 2297 1762 necessitatum
2343 1712 2575 1780 proximi
2602 1724 2904 1785 portemus,
2954 1721 3072 1791 ejus
3103 1722 3351 1794 indigen-

1775 1800 1866 1856 tiis
1920 1811 1977 1857 et
2023 1802 2413 1862 amictionibus
2469 1814 2875 1882 compatiendo,
2909 1819 3242 1878 consulendo
3295 1833 3353 1880 et

1768 1893 2158 1953 subveniendo.
2194 1897 2286 1952 Sic
2315 1899 2460 1954 enint
2489 1900 2622 1958 fecit
2653 1912 2708 1958 et
2737 1906 2919 1962 docuit
2948 1909 3227 1979 Christus,
3258 1917 3353 1986 qui

1771 1984 2086 2056 indigentiis
2107 1995 2165 2041 et
2187 1987 2572 2047 aﬂlictionibus
2611 1992 2864 2051 humanis
2892 2011 3212 2069 compassus
3238 1984 3350 2068 est,

1771 2077 2045 2133 consuluit
2093 2087 2146 2134 et
2204 2079 2477 2136 subvenit.
2539 2081 2688 2140 Onus
2749 2087 2913 2143 etiam
2976 2089 3350 2150 molestiarum

1768 2169 2001 2240 proximi
2049 2171 2221 2226 nostri
2253 2181 2564 2241 portemus,
2619 2177 3044 2249 indignationes,
3078 2194 3355 2242 contume-

1768 2260 1872 2318 lias
1898 2270 1953 2317 et
1983 2261 2214 2332 injurias
2235 2264 2303 2318 ab
2330 2263 2435 2320 illis
2465 2267 2620 2322 nobis
2638 2266 2830 2325 illatas
2848 2273 3230 2342 aequanimiter
3250 2293 3352 2346 pa-

1769 2353 1972 2418 tiendo,
2001 2362 2055 2409 et
2077 2369 2174 2423 pro
2195 2355 2275 2410 eis
2303 2355 2598 2415 affectuose
2644 2361 2870 2418 orando.
2916 2364 3008 2421 Sic
3039 2369 3181 2422 enim
3219 2369 3353 2426 fecit

1769 2464 1824 2511 et
1848 2454 2034 2510 docuit
2062 2455 2343 2524 Christus,
2376 2459 2467 2527 qui
2522 2472 2929 2531 persecutorum
2980 2469 3124 2533 odia,
3154 2482 3349 2528 contu-

1767 2544 1958 2600 nelias
1977 2553 2030 2600 et
2057 2545 2284 2616 injurias
2311 2563 2502 2618 passus
2527 2561 2580 2607 et
2611 2569 2928 2625 compassus
2959 2570 3064 2625 est,
3114 2562 3349 2621 reddens

1768 2650 1868 2706 pro
1896 2636 2023 2692 odio
2054 2637 2428 2707 dilectionem,
2475 2657 2576 2712 pro
2625 2649 2973 2704 contumeliis
3021 2655 3345 2718 orationem,

1766 2740 1869 2797 pro
1921 2726 2600 2795 injuriisbeneficentiam.
2633 2734 2696 2792 Si
2725 2740 2842 2808 quis
2896 2751 3107 2810 autent,
3152 2745 3349 2814 inquit,

1768 2821 2034 2875 existimat
2056 2838 2110 2877 se
2125 2822 2327 2894 aliquid
2355 2842 2465 2880 esse
2482 2827 2620 2896 (cum
2647 2830 2776 2883 nihil
2796 2832 2888 2902 sit)
2914 2834 3023 2903 ipse
3049 2853 3103 2890 se
3124 2839 3347 2894 seducit.

1767 2910 2134 2979 Generaliter,
2186 2915 2383 2973 fratres
2434 2920 2561 2984 mei,
2602 2920 2707 2976 hoc
2753 2938 2940 2979 verum
2989 2937 3092 2992 est,
3134 2931 3261 2999 quia
3303 2933 3351 2986 si

1767 3005 1890 3074 quis
1914 3020 1973 3060 se
1999 3008 2274 3062 existimat
2301 3008 2504 3079 aliquid
2529 3027 2682 3078 esse,
2707 3015 2762 3067 in
2793 3031 2901 3085 quo
2930 3018 3062 3074 nihil
3095 3029 3198 3086 est,
3228 3023 3341 3090 ipse

1766 3097 1964 3166 utique.
2001 3113 2060 3152 se
2115 3100 2341 3154 seducit.
2377 3100 2436 3155 Si
2487 3105 2610 3174 quis
2662 3106 2980 3164 mstitttatse
3032 3125 3136 3165 non
3188 3129 3351 3182 egere

1768 3188 1999 3243 aliorum
2028 3190 2251 3257 auxilio,
2287 3193 2400 3262 ipse
2429 3208 2488 3248 se
2514 3195 2744 3251 seducit.
2773 3197 2829 3253 Si
2871 3201 2994 3269 quis
3022 3206 3260 3260 mstimat
3290 3223 3349 3262 se

1767 3297 1836 3338 ex
1872 3282 2082 3338 meritis
2130 3284 2246 3339 suis
2275 3285 2478 3355 aliquid
2525 3303 2648 3343 esse
2691 3290 2777 3344 vel
2813 3305 3064 3362 respectu
3094 3295 3350 3362 aliorum,

1765 3373 1883 3444 ipse
1930 3386 1990 3427 se
2028 3374 2235 3429 seducit
2269 3391 2282 3428 :
2321 3375 2387 3430 Et
2439 3377 2766 3446 huiusmodi.
2806 3381 2950 3451 Opus
2981 3402 3133 3439 suum
3168 3389 3351 3458 probet

1766 3463 2139 3534 unusquisque,
2166 3471 2217 3517 et
2243 3464 2320 3518 sic
2349 3465 2572 3535 gloriam
2608 3469 2664 3523 in
2682 3470 2848 3540 seipso
2877 3483 3081 3528 tantum
3113 3477 3347 3545 habebit,

1765 3563 1940 3609 etnon
1975 3556 2033 3609 in
2080 3555 2266 3612 altero.
2314 3558 2484 3615 Porro
2517 3575 2653 3629 opus
2692 3563 2920 3633 probum
2949 3575 3005 3621 et
3061 3569 3369 3638 probatum

1763 3647 2101 3717 est,quando
2123 3658 2179 3704 et
2209 3649 2261 3704 in
2284 3665 2482 3721 genere
2497 3662 2582 3707 est
2602 3654 2824 3721 bonum,
2849 3667 2904 3712 et
2933 3659 2988 3714 in
3017 3661 3346 3730 intentione,

1764 3747 1819 3794 et
1841 3753 1870 3792 a
1903 3754 2038 3793 vana
2065 3739 2234 3810 gloria
2261 3739 2345 3796 νει
2376 3744 2632 3812 superbia
2658 3757 2742 3802 est
2776 3749 3345 3822 incorruptutn.Multi

1763 3831 1961 3901 quippe
1989 3831 2193 3887 faciunt
2220 3849 2357 3904 opus
2373 3834 2572 3890 bonum
2599 3837 2652 3890 in
2685 3854 2902 3908 genere,
2927 3843 3022 3897 sed
3049 3845 3344 3903 distortum

1763 3922 2097 3989 intentione;
2127 3934 2186 3978 ut
2235 3926 2324 3982 ille
2373 3927 2466 3997 qui
2509 3929 2644 3985 facit
2673 3931 3072 4007 eleemosynam
3119 3952 3343 4011 propter

1761 4030 1957 4070 vanam
1985 4016 2360 4074 intentionem.
2394 4019 2546 4077 Multi
2577 4039 2793 4095 quoque
2837 4027 3042 4084 faciunt
3070 4046 3206 4101 opus
3234 4035 3337 4091 bo-

1761 4123 1891 4162 num
1921 4108 1975 4163 in
2007 4125 2223 4180 genere,
2242 4119 2298 4165 et
2322 4121 2531 4168 rectum
2562 4114 2880 4184 intentione,
2899 4122 2991 4176 sed
3019 4133 3334 4196 corruptum

1761 4213 1793 4252 a
1818 4214 1959 4254 vana
1989 4202 2160 4270 gloria
2212 4203 2296 4258 vel
2328 4206 2606 4274 superbia,
2651 4220 2710 4264 ut
2763 4215 2978 4280 quando
3007 4217 3218 4272 scilicet
3247 4234 3338 4274 ‘ex

1759 4291 1932 4348 latere
1963 4307 2021 4347 se
2046 4294 2289 4367 adjungit
2323 4314 2460 4352 vana
2489 4300 2656 4370 gloria
2683 4302 2735 4356 in
2765 4302 3035 4371 faciendo,
3072 4311 3154 4363 vel
3209 4321 3336 4379 post

1760 4382 1985 4438 factum.
2017 4383 2246 4452 Quando
2279 4397 2457 4441 autem
2508 4390 2560 4443 in
2595 4390 2709 4461 ipsa
2765 4393 3064 4450 intentione
3092 4408 3175 4452 cst
3204 4414 3342 4456 vana

1761 4473 1954 4545 gloria,
1983 4473 2113 4529 facti
2144 4485 2272 4530 sunt
2298 4478 2482 4532 hostes
2530 4480 2584 4534 in
2612 4482 2788 4550 capite
2815 4499 2830 4548 ;
2861 4486 3076 4552 quando
3115 4503 3246 4544 vero
3276 4505 3338 4546 se

1761 4567 2002 4639 adjungit
2044 4577 2205 4625 recta:
2240 4571 2525 4627 intentioni
2553 4583 2788 4641 nostrae,
2839 4576 2993 4645 juxta
3029 4579 3134 4633 iter
3169 4597 3333 4638 scan-

1761 4657 1940 4713 dalum
1972 4670 2269 4729 posuerunt
2295 4661 2452 4716 nobis
2471 4659 2643 4722 (Psat.
2675 4666 2930 4734 cxxxts);
2960 4670 3176 4738 quando
3203 4686 3334 4728 vero
3361 4695 3364 4698 ’

1762 4753 2010 4823 sequitur
2037 4763 2160 4825 post
2188 4753 2408 4817 factum,
2427 4755 2681 4812 calcaneo
2697 4765 2886 4813 nostro
2915 4760 3150 4817 insidiati
3179 4776 3327 4823 sunt.

1759 4843 1860 4913 Qui
1911 4861 2040 4917 ergo
2087 4862 2222 4917 opus
2249 4862 2402 4901 suum
2436 4849 2629 4917 probat
2661 4851 2711 4904 in
2737 4865 2955 4921 genere,
2981 4863 3036 4908 et
3061 4855 3113 4909 in
3141 4858 3332 4914 inten-

1760 4937 1928 5003 tione,
1961 4946 2015 4992 et
2067 4937 2122 4991 in
2176 4939 2605 5004 conservatione,
2661 4939 2772 5005 ille,
2798 4942 2992 5011 inquit,
3016 4945 3241 5014 gloriam
3273 4952 3329 5004 in

1757 5027 1936 5098 s‘eipso
1961 5036 2165 5082 tantum
2195 5029 2414 5083 habebit
2441 5046 2455 5082 :
2490 5027 2607 5084 Non
2636 5031 2711 5084 ait
2734 5049 2761 5084 a
2791 5033 2988 5103 seipso,
3019 5038 3143 5106 quia
3167 5055 3196 5092 a
3221 5040 3334 5098 Deo

1761 5124 1963 5171 tantum
2007 5117 2175 5186 gloria
2200 5132 2328 5172 vera
2355 5126 2470 5184 est;
2498 5119 2593 5174 sed
2639 5119 2692 5174 in
2723 5121 2860 5191 ipso,
2895 5124 2947 5179 id
2977 5135 3079 5190 est,
3111 5129 3163 5183 in
3196 5145 3329 5187 con-

1759 5213 1985 5268 scientia
2015 5229 2136 5280 sua,
2185 5230 2292 5271 non
2324 5224 2499 5270 extra.
2533 5215 2685 5283 Quod
2714 5233 2990 5287 exponens
3039 5224 3245 5291 subdit,
3283 5236 3333 5282 et

1757 5320 1860 5361 non
1885 5308 1941 5361 in
1970 5308 2161 5375 altera,
2191 5311 2242 5365 id
2274 5319 2360 5365 est
2388 5327 2494 5366 non
2527 5325 2590 5366 ex
2619 5310 2885 5366 malorum
2914 5314 3000 5370 vel
3034 5317 3214 5374 minus
3235 5320 3336 5376 bo-

1756 5415 1949 5454 norttm
1982 5403 2404 5473 comparatione,
2427 5402 2516 5456 vel
2537 5418 2604 5458 ex
2637 5404 2973 5460 adulatorum
3001 5407 3334 5478 laudatione,

1754 5499 1814 5544 ut
1857 5491 2103 5562 plerique
2147 5493 2373 5558 faciunt,
2400 5493 2504 5548 sibi
2534 5493 2757 5564 gloriam
2789 5497 3149 5554 attribuentes
3178 5514 3194 5553 :
3229 5503 3335 5569 Qui

1754 5583 1900 5637 enim
1930 5584 2000 5637 ita
2027 5583 2309 5653 gloriatur,
2340 5584 2627 5655 decipitur.
2676 5586 2857 5657 Atqui
2884 5587 2949 5642 de
2975 5587 3118 5643 bono
3149 5589 3254 5645 sibi
3292 5608 3324 5648 a

1755 5675 1866 5729 Deo
1894 5674 2040 5738 dato,
2066 5673 2324 5745 gloriatur
2349 5674 2404 5729 in
2432 5676 2563 5740 Deo,
2586 5678 2728 5747 apud
2763 5678 3002 5748 seipsum
3031 5680 3169 5735 bene
3193 5682 3328 5752 agit.

1759 5767 1908 5822 Unde
1942 5765 2230 5837 Apostolus
2259 5783 2276 5822 :
2305 5767 2510 5834 Gloria,
2540 5770 2736 5838 inquit,
2764 5785 2942 5824 nostra
2971 5774 3327 5830 testimonium

1752 5869 1828 5915 est
1875 5862 2200 5921 conscientia
2248 5872 2442 5919 nostra:
2461 5861 2548 5935 (11
2605 5863 2817 5937 Cant).
2870 5863 3121 5934 Nunquid
3146 5866 3327 5939 majus

2922 5973 3002 6046 65
