3896 6320
595 400 738 455 9059

1631 391 1973 446 annexus.
2016 416 2087 430 -
2128 365 2486 441 nA'iiULpt‘u
2523 345 2871 438 laesuris
3598 403 3682 465 mw

600 519 800 571 malum
832 487 916 570 vel
952 517 1131 568 minus
1165 515 1366 568 bonum
1416 514 1643 566 aliorum
1693 519 1776 564 est
1807 509 1922 561 laus
1955 507 2182 560 nostra?
2211 516 2260 572 Α
2290 499 2430 556 libus
2481 509 2807 554 sustentant.
2872 498 2978 552 Sed
3033 500 3152 569 quia
3195 501 3380 570 quidam
3419 508 3566 592 subditi
3596 525 3682 579 imi

572 595 855 663 'tn‘inime:
893 605 1256 676 Unusquisque
1282 607 1419 660 enim
1453 620 1582 656 onus
1611 619 1760 653 suum
1788 601 2037 670 portabit.
2070 599 2183 653 Non

597 711 678 755 est
705 708 908 760 autem,
948 699 1163 761 fratres,
1191 699 1292 752 hoc
1322 695 1655 750 contrarium
1686 696 1733 746 ei
1767 693 1910 762 quod
1936 693 2188 761 superius

599 793 803 844 dictum
857 799 964 854 est,
1001 790 1134 842 alter
1176 789 1392 842 alterius
1448 803 1608 839 oncra
1639 784 2004 855 portatealloc
2037 785 2184 854 enim

596 884 802 936 dictum
824 895 905 936 est
931 893 1118 937 contra
1146 882 1265 934 illos
1286 879 1400 950 qui,
1423 895 1486 932 es
1519 878 1702 932 alieno
1746 886 1988 945 peccato,
2022 891 2080 929 se
2103 877 2186 930 vel

595 972 804 1028 laudari
854 974 938 1026 vel
1005 971 1262 1025 maculari
1325 979 1537 1040 putant.
1599 967 1982 1038 Unusquisque
2033 969 2181 1022 enim

594 1081 756 1130 onus,
791 1065 843 1120 id
865 1076 949 1120 est
974 1079 1186 1133 pmnam
1213 1063 1499 1118 sustinebit
1528 1079 1626 1132 pro
1657 1073 1881 1130 peccato
1913 1079 2030 1123 suo,
2072 1076 2183 1116 non

594 1158 795 1224 alieno,
825 1157 928 1212 nisi
979 1155 1118 1212 forte
1143 1156 1374 1209 alicmnn
1407 1166 1690 1223 peccatum
1724 1169 1819 1223 per
1849 1170 2178 1209 consensum

594 1250 680 1306 vel
711 1264 807 1320 per
831 1248 1096 1302 incuriam
1125 1246 1285 1302 faciat
1333 1262 1514 1302 suum.
1547 1247 1676 1300 Illud
1708 1262 1836 1302 vero
1865 1247 2068 1300 dictum
2096 1256 2182 1302 est

592 1348 783 1396 contra
832 1339 952 1395 illos
995 1340 1087 1408 qui
1150 1339 1286 1394 adeo
1343 1339 1461 1392 dnt'i
1515 1348 1662 1403 sunt,
1722 1339 1869 1408 quod
1934 1339 2188 1393 nesciunt

597 1432 836 1503 compati
907 1432 1284 1500 proximorum
1353 1431 1664 1501 indigentia:
1745 1433 1826 1486 vel
1881 1431 2183 1503 fragilitati.

592 1523 704 1581 Nos
759 1539 998 1595 quoque,
1058 1522 1278 1590 fratres,
1322 1524 1392 1577 ita
1436 1524 1833 1594 compatiuntur
1875 1525 2182 1593 peccatori-

591 1617 714 1682 bus,
750 1617 894 1686 quod
933 1632 1122 1674 eorum
1165 1618 1407 1687 peccatis
1447 1632 1543 1686 per
1583 1632 1906 1670 consensum
1952 1634 2058 1672 non
2104 1620 2186 1672 itt-

591 1709 900 1777 volvamur,
949 1719 1004 1764 et
1044 1709 1116 1774 ita
1147 1708 1494 1780 refugiamus
1535 1710 1910 1780 proximorum
1945 1713 2184 1780 peccatis

594 1802 836 1869 involvi,
903 1803 1048 1874 quod
1114 1786 1194 1858 eis
1259 1817 1358 1874 per
1418 1803 1853 1873 compassionem
1925 1803 2182 1873 approxi-

593 1881 828 1951 menius.

643 1973 927 2058 Sequitur
951 2003 1079 2058 pars
1111 1988 1369 2054 tertia.,in
1393 2003 1499 2060 qua
1525 1987 1772 2057 praecipit
1810 1987 2101 2056 Apostolus
2128 1998 2188 2046 ut

591 2079 794 2135 subditi
825 2079 1006 2134 omnia
1054 2078 1195 2134 bona
1247 2094 1344 2133 sua
1376 2081 1784 2134 communicent
1809 2080 2186 2148 spiritualibus

593 2170 869 2242 magistris
928 2171 1062 2235 suis,
1117 2172 1350 2227 dicens:
1402 2169 1761 2224 Communicet
1796 2184 1970 2226 autem
2001 2174 2047 2225 is
2090 2174 2185 2244 qui

595 2265 976 2330 catecltisatur,
1031 2264 1085 2320 id
1115 2275 1220 2335 est
1267 2265 1571 2330 instruitur,
1601 2266 1771 2329 verba,
1802 2267 1849 2320 ei
1878 2269 1965 2334 qui
2010 2284 2063 2340 se
2093 2286 2185 2321 ca-

589 2358 815 2428 tecltisat
864 2359 919 2414 in
967 2358 1230 2423 omnibus,
1265 2361 1406 2429 quod
1434 2359 1599 2413 etiam
1631 2359 1891 2414 Dominus
1930 2362 1981 2414 in
2007 2361 2188 2428 Evan-

591 2446 733 2520 gelio
763 2450 1026 2520 pmcipil.
1061 2449 1281 2517 Quare?
1339 2445 1534 2521 triplici
1572 2451 1802 2505 ratione.
1838 2453 2018 2507 Priuto
2048 2454 2179 2522 quia

591 2539 831 2595 debitum
858 2527 961 2600 est.
997 2541 1150 2598 Unde
1179 2542 1481 2598 Dominus:
1525 2542 1772 2609 fidentes,
1806 2544 2001 2613 inquit,
2033 2557 2077 2597 et
2109 2546 2189 2597 bi-

589 2630 766 2688 bentes
795 2650 914 2704 qua
941 2635 1084 2705 apud
1112 2634 1231 2691 illo:
1265 2647 1408 2691 sunt.
1445 2637 1650 2706 Dignus
1683 2649 1755 2690 est
1810 2639 1948 2691 enim
1999 2654 2188 2707 opera-

591 2713 701 2779 rius
725 2726 840 2780 cibo
885 2743 982 2781 suo
1026 2726 1178 2798 (Luc.
1208 2729 1285 2795 ι).
1322 2728 1385 2781 lit
1428 2727 1720 2796 Apostolus
1755 2746 1768 2781 :
1801 2730 1861 2781 Si
1893 2731 2058 2790 vobis,
2096 2731 2183 2782 in-

589 2818 727 2888 quit,
757 2819 1058 2890 spiritualia
1093 2822 1472 2876 seminavimus
1500 2835 1519 2874 .'
1553 2839 1799 2892 magnum
1829 2833 1904 2876 est
1939 2825 1983 2877 si
2016 2834 2186 2880 vestra

591 2894 836 2967 carnalia
903 2916 1202 2970 metamus?
1235 2913 1286 2986 (I
1347 2913 1470 2971 Cor.
1524 2917 1628 2986 ix.)
1690 2916 1779 2983 Et}
1815 2917 2074 2972 Douinus
2129 2919 2185 2973 in

590 3004 743 3080 lege):
781 3005 904 3060 Non
934 3007 1199 3077 alligabis,
1234 3009 1432 3078 inquit,
1467 3026 1522 3062 os
1550 3011 1661 3062 bovi
1696 3010 1967 3064 trituranti
2000 3011 2182 3080 (Deut.

596 3097 747 3166 xxv).
791 3097 1044 3154 Secundo
1103 3099 1232 3168 quia
1281 3099 1574 3170 expediens
1619 3109 1720 3154 est.
1774 3102 1832 3155 Si
1890 3103 2036 3155 enim
2092 3117 2185 3157 ne-

593 3199 748 3241 cesse
781 3195 928 3242 esset
967 3188 1306 3258 spiritualem
1349 3191 1664 3256 magistrum
1710 3206 1830 3245 esse
1887 3193 2182 3247 sollicitum

594 3266 692 3348 pro
731 3281 1063 3336 necessariis
1104 3282 1383 3351 corporis,
1435 3283 1793 3351 impediretur
1832 3299 1863 3337 a
1906 3284 2181 3351 lectione,

589 3379 649 3450 et
691 3372 944 3428 Oratione
1009 3381 1065 3428 et
1113 3375 1534 3443 praedicatione,
1604 3385 1663 3431 et
1721 3391 1750 3429 a
1793 3377 2005 3431 caeteris
2073 3379 2185 3446 spi-

598 3465 886 3532 ritualibus
947 3467 1178 3534 studiis,
1255 3469 1310 3522 in
1384 3469 1582 3538 quibus
1643 3480 1870 3540 propter
1935 3471 2186 3528 subditos

589 3559 752 3634 debet
796 3558 1039 3629 vigilare.
1090 3559 1379 3631 Propterea
1411 3570 1468 3614 ut
1495 3569 1638 3616 esset
1667 3564 1949 3630 expeditus
1976 3564 2041 3616 ad
2070 3563 2184 3634 spi-

591 3632 835 3716 ritualia,
866 3652 1124 3722 praecepit
1161 3653 1418 3706 Dominus
1464 3663 1520 3706 ut
1570 3670 1597 3707 a
1637 3656 1866 3709 subditis
1915 3632 2187 3724 acciperet

593 3744 924 3799 necessaria.
967 3743 1118 3800 Unde
1148 3754 1204 3798 et
1234 3744 1284 3798 in
1315 3760 1378 3798 co
1407 3747 1755 3813 superﬂuitas
1784 3747 2098 3816 capillorum
2127 3758 2184 3802 et

590 3838 776 3894 barba:
805 3847 1100 3899 resecatur,
1154 3852 1222 3890 ne
1269 3837 1439 3891 \‘isutn
1481 3839 1562 3892 vel
1599 3839 1868 3902 auditum,
1907 3841 1987 3893 vel
2020 3849 2183 3895 crete-

592 3944 684 3984 ros
712 3928 830 3998 ejus
854 3944 1047 3983 sensus
1079 3929 1392 3996 impediant,
1421 3940 1477 3982 ut
1509 3947 1605 4000 per
1636 3933 1735 3985 hoc
1769 3932 2027 4000 intelligat
2065 3949 2094 3986 a
2125 3947 2184 3987 se

590 4019 790 4074 debere
859 4019 1091 4074 resecari
1142 4020 1469 4075 exteriorum
1527 4021 1776 4076 curarum
1841 4023 2182 4091 supezﬂuita-

595 4120 725 4165 tein.
766 4111 973 4170 Tertio.
1019 4113 1142 4181 quia
1175 4113 1304 4168 utile
1355 4125 1456 4168 est.
1503 4114 1642 4170 Utile
1671 4124 1752 4170 est
1782 4117 1924 4169 enim
1958 4117 2183 4171 semila-

591 4203 744 4258 ribus
783 4205 1046 4274 personis,
1082 4217 1158 4271 ut,
1195 4222 1287 4272 per
1313 4208 1868 4263 subministrationem
1913 4219 2183 4277 tempora-

591 4296 748 4365 lium,
788 4312 845 4352 se
879 4299 1167 4369 participes
1214 4299 1414 4354 faciant
1466 4302 1779 4354 meritorum
1824 4302 2182 4370 spiritualium

591 4391 859 4448 virorum.
895 4389 1044 4447 Unde
1075 4393 1223 4446 DOllll
1269 4409 1372 4447 us:
1420 4395 1522 4460 Qui
1575 4395 1779 4461 recipit,
1825 4395 2018 4464 inquit,
2064 4413 2184 4463 pro-

591 4483 796 4554 phetam
827 4485 884 4540 in
926 4485 1134 4540 nomine
1164 4486 1448 4555 [:t'Op/tcltt’,
1491 4489 1774 4540 nierccdcm
1806 4489 2066 4556 prop/ieta'
2087 4505 2181 4542 ac-

2293 597 2463 646 sulenl
2495 608 2552 660 se
2579 607 2842 644 excusare
2868 608 2962 660 per
3000 593 3240 661 inopiam,
3283 599 3431 654 subdit
3457 619 3468 655 :
3497 593 3615 663 Nolite
3644 635 3685 667 ετ.

2295 703 2436 754 rare,
2489 685 2625 738 Deus
2675 703 2776 737 non
2818 687 3086 743 irridetur.
3128 692 3264 756 quasi
3305 692 3421 746 dicat
3463 705 3687 764 exinanito;

2293 780 2401 833 Vos
2434 779 2704 832 hominem
2740 771 2926 832 fallere
2964 781 3200 847 potestis,
3229 799 3319 836 non
3367 787 3512 842 Deum.
3547 779 3590 846 £1
3620 815 3692 865 pro.

2294 881 2476 942 pterea
2529 873 2667 924 bona
2715 887 2834 938 quae
2884 873 3123 941 potestis,
3172 875 3328 928 faccre.
3350 878 3525 943 debetis,
3544 888 3694 959 quiaqui

2294 964 2348 1017 in
2379 963 2477 1016 hac
2515 964 2620 1016 vita
2653 981 2755 1016 non
2785 967 3020 1017 seminat
3053 968 3203 1028 bona,
3238 969 3284 1020 iit
3321 969 3405 1022 alia
3446 975 3524 1026 vita
3559 995 3696 1049 ιιοιιρο.

2296 1067 2399 1110 test
2432 1066 2634 1109 metere
2667 1059 2823 1109 bona.
2875 1057 3023 1112 Unde
3048 1068 3102 1112 et
3137 1062 3336 1115 subdit:
3365 1061 3469 1128 Qua
3487 1071 3584 1123 enim
3608 1081 3697 1128 umi-

2295 1150 2488 1204 nacerit
2508 1153 2682 1213 homo,
2703 1152 2812 1203 lucc
2838 1164 2882 1204 et
2910 1160 3078 1205 metet.
3115 1151 3239 1206 Nam
3257 1157 3335 1224 qui
3355 1161 3696 1234 seminatiumm,

2298 1241 2346 1291 id
2375 1253 2452 1293 est
2482 1241 2572 1310 qui
2602 1242 2840 1294 carnalia
2871 1250 2926 1295 et
2955 1244 3089 1295 tnala
3113 1260 3266 1311 opera
3302 1245 3424 1311 facit,
3449 1251 3498 1302 de
3517 1270 3699 1313 utnume-

2295 1340 2366 1384 tet
2392 1335 2801 1403 corruptionem,
2839 1336 2887 1386 id
2938 1344 3022 1388 est
3055 1352 3275 1404 pinnam.
3313 1336 3372 1391 Et
3400 1345 3471 1410 qui
3502 1350 3650 1402 seminat
3671 1357 3703 1408 is

2293 1428 2500 1496 spiritu,
2555 1413 2605 1482 id
2661 1440 2743 1483 est
2795 1429 2884 1498 qui
2931 1433 3223 1483 secundum
3269 1433 3537 1491 voluntatem
3576 1443 3704 1510 Spiritus

2293 1533 2568 1589 operatur,
2602 1524 2664 1573 de
2702 1523 2891 1590 spiritu
2943 1533 3097 1576 metet
3153 1526 3300 1578 vitam
3343 1537 3557 1584 aternam.
3589 1534 3704 1591 Βσιιιι

2292 1630 2414 1683 ergo
2442 1615 2687 1682 facientes
2714 1633 2815 1669 non
2839 1617 3168 1685 deﬁciamus.
3213 1617 3432 1686 Tempore
3455 1624 3630 1678 animm
3648 1646 3707 1682 ute-

2294 1716 2482 1768 temus,
2516 1725 2616 1760 non
2651 1710 2966 1778 deﬁcientes.
3011 1711 3176 1776 Quasi
3208 1713 3372 1766 dicat:
3399 1715 3480 1781 Qui
3515 1723 3710 1777 ιιθιιιῑιρῐιςὶι

2296 1797 2346 1849 in
2383 1800 2614 1860 satione,
2645 1815 2748 1853 non
2777 1801 2988 1854 deficiet
3017 1802 3067 1854 in
3097 1804 3365 1868 messiune.
3400 1805 3708 1880 Faciammrga,

2218 1885 2263 1942 Β
2293 1893 2490 1960 inquit,
2524 1892 2713 1945 bonum
2754 1894 2822 1946 ad
2868 1911 3072 1958 omnes,
3104 1896 3286 1965 supple
3309 1899 3433 1967 quod
3457 1914 3709 1967 possuntus,et

2295 1984 2447 2054 Cttjtts
2496 2000 2933 2055 unutnquetnmie
2969 2003 3133 2058 egere
3178 1990 3417 2058 videmus.
3469 1992 3575 2059 Quod
3603 2006 3711 2051 autem

2292 2076 2528 2144 legitur:
2567 2076 2790 2144 Beuefac
2820 2077 2993 2152 justo,
3039 2088 3090 2132 et
3135 2098 3233 2135 non
3262 2082 3444 2136 dederis
3464 2085 3576 2152 impio
3593 2086 3715 2154 (little.

2293 2170 2428 2236 xu);
2491 2171 2595 2221 non
2641 2178 2865 2246 natura,
2921 2169 3019 2224 sed
3062 2157 3314 2241 impietati
3355 2175 3559 2236 auxilium
3580 2176 3725 2246 denegat

2295 2259 2619 2312 faciendum.
2655 2243 2759 2315 Sed
2789 2277 2910 2314 cum
2933 2263 3193 2318 omnibus
3221 2252 3502 2321 benefacere
3518 2265 3722 2333 delicatius,

2292 2352 2522 2405 maxime
2547 2361 2718 2406 tanien
2755 2355 2823 2406 ad
2851 2355 3167 2410 domesticos
3187 2357 3334 2426 ﬁdei.
3358 2358 3469 2412 Cum
3490 2360 3595 2412 enim
3619 2372 3657 2413 et
3674 2359 3725 2414 lu-

2296 2445 2427 2498 dzeis
2476 2454 2529 2499 ct
2578 2447 2800 2516 paganis
2843 2446 3045 2501 bonum
3108 2435 3282 2503 facere
3333 2451 3586 2515 debeamus,
3623 2463 3725 2506 tanta

2295 2539 2564 2608 praecipue
2594 2540 2940 2606 Christianis,
2969 2552 3027 2596 et
3057 2543 3197 2597 inter
3234 2545 3367 2614 ipsos
3392 2546 3664 2613 Christianos,
3683 2552 3723 2602 eis

2291 2630 2382 2698 qui
2413 2629 2582 2698 magis
2614 2627 2972 2695 fraternitate,
3009 2634 3296 2703 sanguine,
3331 2633 3625 2692 familiaritate
3645 2623 3734 2692 noiis'

2292 2723 2562 2798 conjuncti
2615 2732 2769 2787 sunt;
2824 2725 3138 2779 ordinatam
3187 2729 3326 2781 enim
3368 2728 3577 2782 debemus
3614 2730 3728 2783 habere
3800 2719 3801 2764 Ῑ

2291 2814 2635 2869 charitatem.
2696 2815 2915 2885 Itaque,
2973 2819 3223 2884 fratres,
3275 2820 3457 2874 viscera
3509 2823 3732 2888 benignitatis
3800 2877 3801 2888 ξ

2289 2917 2344 2962 et
2390 2905 2608 2978 pietatis
2633 2923 2760 2975 erga
2791 2924 2981 2964 omnes
3011 2910 3328 2977 habeamus,
3351 2913 3560 2980 juvantes
3581 2913 3734 2975 hiulca.

2291 3001 2434 3056 hunc
2480 3003 2847 3078 verbonhunc
2877 3004 3245 3078 protectione,
3286 3005 3420 3058 hunc
3446 3005 3623 3067 consilio,
3646 3005 3736 3058 hunc

2289 3103 2650 3155 correctione,
2684 3095 2827 3150 hunc
2854 3097 3253 3163 admonitione,
3300 3111 3475 3152 omnes
3515 3093 3737 3148 vetatoluu-

2293 3193 2399 3239 tate
2423 3183 2477 3238 et
2503 3185 2769 3247 oratione.
2810 3197 3082 3256 quatenus
3118 3189 3208 3243 hic
3250 3187 3392 3258 large
3431 3190 3683 3247 seminaries,
3709 3187 3743 3238 in

2289 3287 2489 3332 azterna
2525 3278 2725 3348 largius
2751 3291 2954 3333 metere
2989 3296 3322 3345 mereamur,
3355 3296 3440 3352 per
3467 3281 3669 3334 Donatium
3686 3291 3742 3330 no-

2290 3381 2460 3425 strum
2509 3371 2691 3427 Jesutu
2739 3373 3041 3438 Christum,
3094 3377 3192 3445 qui
3239 3391 3360 3431 cum
3405 3375 3542 3430 Patre
3564 3373 3746 3441 etSpititt

2291 3468 2483 3513 sancto
2511 3461 2641 3513 vivit
2671 3471 2726 3514 ct
2754 3471 2944 3532 regnat
2971 3463 3122 3517 Deus
3160 3477 3261 3533 per
3285 3465 3455 3519 omnia
3477 3463 3626 3518 secula
3645 3474 3745 3514 sese

2290 3551 2489 3607 lorum.
2528 3555 2724 3609 Amen.
3331 3623 3334 3628 _

2785 3640 3073 3704 HOMILIA
3129 3649 3367 3704 XXXIII.

2375 3801 2378 3804 .
2429 3751 2679 3793 DOIIINICA
2716 3754 2913 3794 DECIIA
2953 3757 3164 3805 ρυιΝτΑ
3204 3757 3336 3797 P08?
3382 3755 3673 3797 τιιιειιτιτιι.

2362 3826 2531 3883 Nemo
2569 3841 2732 3899 pateat
2783 3833 2985 3886 duobus
3033 3835 3272 3888 dominis
3303 3835 3481 3888 servire
3514 3832 3750 3903 (Mantua)

2289 3921 2440 3976 Sicut
2471 3940 2535 3978 ex
2567 3926 2665 3978 hac
2707 3928 2878 3980 sancti
2915 3928 3200 3998 Evangelii
3247 3929 3483 3994 lectione,
3510 3928 3663 3981 fratres
3687 3927 3755 3979 cin-

2288 4013 2509 4079 rissimi,
2549 4015 2703 4070 nobis
2737 4019 2996 4084 iunuitur,
3045 4030 3162 4074 tres
3194 4032 3320 4074 sunt
3351 4022 3592 4074 hominum
3613 4021 3752 4086 spolies.

2285 4105 2387 4158 Alii
2443 4108 2588 4160 enim
2638 4114 2879 4162 serviunt
2922 4110 3055 4175 Deo,
3115 4113 3212 4166 alii
3272 4115 3479 4175 mundo,
3513 4112 3588 4165 alii
3631 4122 3756 4175 iurique

2287 4201 2492 4253 servire
2518 4201 2722 4266 volunt,
2747 4206 2839 4258 sed
2868 4220 2972 4258 non
2997 4215 3252 4273 possunt.
3294 4206 3450 4262 Porro
3471 4195 3569 4258 Deo
3588 4212 3755 4262 serviunt,

2287 4295 2375 4362 qui
2416 4294 2463 4347 ci
2509 4304 2619 4349 toto
2651 4300 2810 4351 corde
2855 4308 2907 4352 ct
2951 4301 3334 4369 principaliter
3382 4300 3640 4361 adiuuent,
3683 4291 3756 4348 (τιὸ

2285 4386 2678 4455 obsequuntur.
2732 4392 2860 4456 Qua:
2902 4392 3145 4446 servitus
3192 4393 3349 4448 beata
3397 4403 3444 4446 et
3488 4377 3755 4444 desiderabas

2285 4489 2367 4533 est
2393 4491 2440 4531 et
2475 4481 2785 4549 benedicta;
2823 4499 2944 4536 nam
2973 4486 3249 4555 scriptum
3296 4496 3373 4540 est
3404 4502 3420 4541 :
3457 4503 3474 4537 ι
3503 4485 3601 4539 Dco
3623 4493 3758 4536 sensit.

592 4576 746 4646 cipiet
785 4575 1003 4640 (Matth.
1043 4579 1120 4648 ι).
1165 4579 1280 4632 Νοιι
1314 4579 1390 4632 ait
1424 4580 1726 4633 mercedem
1779 4594 1876 4646 pro
1923 4582 2182 4650 propheta

2290 4588 2514 4643 regnare
2543 4584 2644 4628 est.
2675 4594 2693 4624 ι
2738 4575 2934 4630 Mundo
2963 4592 3093 4632 vero
3119 4582 3386 4641 serviunt,
3410 4579 3493 4648 qui
3520 4578 3561 4630 ei
3591 4578 3757 4644 princpi-

595 4681 840 4740 receplo,
885 4672 982 4727 sed
1027 4674 1332 4726 mercedem
1382 4673 1679 4739 prophetae.
1721 4670 1820 4737 Qui
1873 4676 2016 4726 cnim
2061 4691 2183 4744 pro-

591 4763 814 4832 phetam
860 4761 946 4816 vel
997 4762 1403 4832 prmdicalorem
1436 4767 1727 4821 sustentat,
1761 4775 1828 4814 nc
1857 4779 1884 4815 a
1917 4764 2181 4830 SpirLtuali

591 4869 758 4924 opere
810 4853 1060 4916 deficiat,
1112 4851 1509 4920 quodammodo
1558 4852 2182 4923 mcrcedcmpropbetae

594 4944 724 5005 facit
746 4960 921 5000 suam.
972 4942 1110 4996 llinc
1151 4941 1410 4996 Dominus
1437 4955 1533 5009 per
1559 4943 2006 5011 significationem
2041 4947 2181 4999 inter

592 5039 754 5093 utiles
801 5038 886 5090 vel
932 5035 1241 5088 fructiferas
1280 5034 1522 5098 arbores,
1576 5037 1737 5090 etiam
1781 5037 1982 5091 ulmum
2031 5040 2180 5107 ponit

594 5132 778 5184 diciens
818 5143 913 5196 per
943 5127 1136 5180 lsaiam
1172 5144 1182 5176 :
1220 5125 1362 5177 Dabo
1404 5127 1456 5178 in
1487 5126 1823 5182 solitudinem
1869 5130 2104 5193 cedrum,
2127 5138 2180 5184 et

596 5223 822 5290 spinam,
857 5226 909 5273 et
953 5228 1199 5288 myrtum,
1233 5229 1280 5271 ct
1313 5219 1509 5287 lignum
1547 5220 1696 5274 oliva:
1728 5236 1746 5272 .'
1779 5239 1968 5286 ponam
2010 5224 2062 5275 in
2091 5224 2181 5278 de-

594 5320 733 5385 serto
782 5310 1021 5373 abietem,
1070 5310 1265 5364 ulmum
1314 5319 1365 5364 et
1415 5311 1605 5363 buxum
1647 5311 1805 5364 simul
1850 5311 1986 5381 (Isa.
2041 5315 2176 5385 xu).

597 5383 854 5473 Quamvis
884 5405 1028 5459 enim
1069 5405 1244 5460 ulmus
1277 5407 1347 5459 sit
1381 5405 1599 5472 sterilis,
1643 5413 1821 5459 tamen
1861 5407 2022 5460 vitem
2051 5423 2177 5463 cum

598 5497 862 5553 fructibus
887 5499 1024 5554 solet
1049 5501 1338 5554 sustinere.
1364 5497 1467 5550 Per
1491 5498 1632 5567 quod
1671 5497 2007 5563 signiﬁcatur
2033 5499 2177 5569 quod

597 5593 738 5656 inter
767 5591 1075 5661 siirituales
1106 5592 1247 5646 viros
1296 5593 1346 5643 iu
1388 5589 1684 5644 Ecclesiam
1729 5590 1964 5660 gentium
1996 5592 2180 5646 Domi-

596 5701 697 5740 nus
752 5686 1039 5740 saeculares
1086 5699 1344 5754 persmas
1402 5684 1572 5751 ponit,
1622 5684 1734 5751 qui,
1783 5685 2028 5753 quamvis
2070 5700 2177 5740 non

597 5777 836 5833 habeant
860 5777 1090 5831 fructum
1122 5775 1482 5844 Spit-intuitum
1514 5775 1775 5839 virorum,
1804 5786 1982 5830 tamen
2017 5776 2178 5842 spiri-

598 5869 774 5927 tuales
810 5869 960 5926 viros
980 5883 1102 5924 cum
1127 5866 1388 5923 fructibus
1419 5865 1552 5932 suis,
1597 5865 1877 5924 beneﬁciis
1908 5877 2178 5937 tempora~

2291 4663 2412 4720 liter
2471 4669 2766 4730 adha‘rent,
2815 4679 2870 4723 et
2898 4672 3300 4739 cupiditatibus
3333 4665 3761 4740 obseqtuttitttr.l):2

2287 4759 2521 4812 servitus
2565 4760 2749 4813 inii-lix
2784 4772 2862 4814 est
2907 4771 2962 4814 et
3001 4758 3238 4818 tniScra.
3282 4764 3412 4817 Νίκη
3458 4765 3676 4830 scriptum
3697 4769 3757 4807 ei:

2288 4850 2389 4914 Qui
2415 4851 2539 4918 facit
2564 4859 2853 4920 peccatum,
2891 4869 3072 4909 servus
3099 4867 3178 4909 est
3207 4856 3406 4925 peccati
3431 4854 3596 4926 (Joan.
3621 4867 3704 4912 vim
3735 4847 3763 4896 Β

2285 4955 2415 5010 quot
2447 4945 2588 4998 vitiis
2611 4953 2864 5014 piecator
2890 4946 3213 5014 famulatur,
3237 4957 3316 5004 tot
3345 4948 3582 5004 dotuiuiis
3603 4940 3762 4998 tissimi!

2283 5035 2621 5108 subiugatur.
2677 5038 2788 5094 Deo
2837 5047 3015 5094 autem
3067 5052 3123 5095 et
3178 5043 3383 5096 mundo
3438 5040 3622 5096 servire
3661 5035 3764 5087 vel-iri

2282 5127 2466 5191 simul,
2499 5131 2589 5199 qui
2640 5131 2827 5186 volunt
2872 5131 3025 5200 se.,ui
3073 5134 3277 5203 partim
3315 5136 3464 5200 iussa
3512 5132 3613 5195 Dei,
3654 5130 3761 5196 partu

2283 5221 2609 5290 cupiditates
2660 5223 2867 5278 smeuh.
2927 5226 2999 5278 De
3046 5225 3309 5294 qualibus
3356 5225 3637 5281 Salomon:
3677 5217 3763 5268 «\1

2283 5305 2476 5380 inquit,
2511 5315 2716 5370 homini
2747 5317 3068 5388 ingredienti
3097 5317 3314 5374 duabus
3338 5320 3459 5372 viis.
3485 5337 3504 5369 ι
3533 5316 3703 5370 Duabus
3718 5311 3762 5358 rid

2282 5405 2530 5474 graditur
2560 5407 2650 5478 qui
2685 5409 2794 5462 vult
2835 5414 3072 5479 gaudere
3103 5426 3235 5466 cunt
3281 5413 3481 5467 seculo
3506 5419 3676 5466 etcum
3701 5405 3762 5457 DA.

2279 5497 2371 5566 qui
2410 5497 2523 5551 vult
2562 5498 2744 5554 facere
2789 5517 2908 5569 quae
2955 5512 3081 5556 sunt
3129 5504 3323 5557 mundi
3353 5515 3410 5559 et
3436 5519 3548 5572 qua
3573 5509 3675 5558 sunt
3709 5493 3761 5549 De

2281 5591 2415 5645 Cum
2457 5592 2580 5647 dico
2627 5595 2910 5659 mundum,
2955 5595 3135 5650 mtmdi
3187 5595 3662 5668 concupiscentiam
3685 5587 3762 5643 iiitt’r

2281 5680 2403 5751 ligo.
2442 5681 2642 5738 Contra
2693 5699 2828 5752 quos
2881 5685 3056 5754 ptimo
3083 5685 3175 5740 hic
3215 5690 3462 5742 ostendit
3493 5689 3760 5742 Domum?

2283 5777 2481 5827 minem
2547 5790 2706 5846 posse
2774 5778 2983 5832 duobus
3046 5782 3286 5834 dominis
3339 5781 3563 5834 servire.
3613 5771 3759 5830 Setini

2282 5865 2704 5926 sollicitudinem
2761 5871 3091 5930 mundanam
3139 5875 3430 5944 prohibet.
3504 5870 3662 5930 Tertia
3702 5858 3763 5931 ςεέ
