3896 6320
477 446 624 508 2063

993 560 1272 618 ιιοΜιιιΑ
1311 559 1549 616 XXXIV.

636 670 888 712 DOIINICA
929 671 1126 710 DECIIIA
1165 670 1339 710 SEXTA
1379 669 1508 708 POST
1549 667 1903 707 TBINI‘I’ATEI.

487 733 491 740 ’
549 748 777 804 Obsecro
807 765 894 802 vos
919 765 980 801 ne
1001 748 1258 817 deﬁciatis
1280 748 1333 800 in
1365 745 1788 799 tribulationibus
1816 745 1944 798 meis
1966 760 2060 812 pro

473 842 636 909 vobis,
668 858 785 912 qua:
811 850 885 895 est
912 840 1083 910 gloria
1120 850 1288 894 vestra
1330 837 1552 909 (Ephes.
1584 839 1689 906 tu),
1735 845 1839 891 etc.
1871 837 1926 890 lu
1960 837 2061 891 hac

473 929 726 995 lectione,
745 931 942 985 fratres
957 929 1280 992 charissimi,
1308 929 1556 983 hortatur
1575 927 1866 996 Apostolus
1887 927 2062 996 Ephec

474 1023 608 1089 sios,
639 1032 694 1079 et
734 1038 833 1093 per
857 1037 951 1078 eos
977 1021 1248 1090 quoslibet
1301 1029 1569 1083 nostrum,
1603 1021 1669 1072 ad
1699 1020 2060 1074 constantiam

414 1181 418 1184 ,
473 1125 528 1171 et
556 1114 925 1169 fortitudinem
955 1112 1100 1179 ﬁdei,
1126 1113 1236 1182 spei
1266 1121 1321 1166 et
1350 1111 1649 1170 charitatis.
1679 1119 1733 1165 et
1755 1111 1856 1164 hoc
1880 1109 2059 1164 modo.

475 1204 659 1261 Primo
693 1207 944 1260 obsecrat
971 1219 1066 1259 eos
1112 1220 1180 1259 ne
1213 1203 1470 1258 deﬁciant
1507 1204 1559 1258 in
1595 1202 2057 1258 tribulationibus.

473 1301 727 1356 Secundo
775 1298 1013 1354 051endit
1043 1312 1101 1352 se
1136 1312 1296 1352 orare
1330 1312 1428 1366 pro
1459 1295 1778 1352 fortitudine
1801 1305 1856 1351 et
1887 1294 2065 1366 perfe-

474 1391 655 1445 ctione
703 1403 913 1444 eorum.
971 1388 1156 1443 Tertio
1204 1389 1407 1457 gratias
1445 1388 1560 1458 agit
1587 1388 1720 1452 Deo,
1750 1388 1838 1457 qui
1873 1395 2064 1456 potens

475 1493 558 1538 est
615 1482 745 1537 dare
790 1483 904 1537 suis
954 1481 1150 1536 melius
1185 1497 1348 1551 quam
1409 1481 1509 1550 ipsi
1548 1483 1726 1537 sciunt
1765 1480 2060 1550 postulare.

473 1575 763 1644 Apostolus
788 1574 968 1643 igitur,
1000 1582 1222 1643 propter
1249 1573 1595 1643 Evangelium
1626 1572 1831 1642 positus
1858 1572 1910 1626 in
1943 1572 2064 1626 vin-

479 1666 640 1732 culis,
671 1667 870 1721 timeus
890 1679 956 1719 ne
980 1664 1357 1719 tribulationes
1378 1665 1540 1718 illatze
1567 1664 1849 1733 magistro,
1874 1663 2064 1717 ﬁerent

475 1758 643 1812 timor
692 1767 747 1812 et
802 1757 1056 1812 debilitas
1102 1757 1509 1825 discipulorum,
1547 1771 1683 1825 quos
1711 1770 1816 1810 non
1849 1764 2064 1826 poterat

477 1847 955 1912 verbo,coufortat
983 1845 1208 1915 scripto.
1229 1846 1282 1899 lu
1314 1861 1422 1914 quo
1451 1855 1618 1909 certe,
1642 1844 1857 1910 fratres,
1881 1855 2065 1899 osten-

1503 440 1846 499 ADDENDA.
1884 469 1956 484 -—
1983 436 2335 497 BADULPHI
2372 433 2716 490 ABDENTIS

2089 561 2139 620 Α
2167 565 2291 610 sunt
2327 553 2486 616 Deus,
2516 565 2616 606 nec
2651 550 2840 615 Pater,
2867 546 2976 600 nisi
3022 559 3096 598 ex
3156 541 3351 595 Patre.
3390 537 3446 591 In
3495 546 3623 592 terra
3643 555 3733 601 rem

3631 422 3729 480 εοδι

2163 647 2419 700 dicuntur
2446 644 2690 697 homines
2725 650 2918 711 patres
2953 637 3209 690 ﬁliorum
3244 645 3477 685 suorum
3516 647 3602 698 per
3622 649 3736 702 εωε.

2163 738 2448 800 rationem,
2477 747 2531 790 et
2559 736 2829 789 minorum
2873 746 2976 801 per
3009 727 3301 782 doctrinae
3345 733 3404 778 et
3446 726 3649 794 exempli
3672 743 3739 783 an.

2161 829 2489 892 ctoritatem,
2540 835 2596 880 et
2650 826 2813 880 etiam
2872 822 3196 877 alienorum
3262 816 3506 870 ﬁliorum
3561 833 3638 887 per
3675 822 3740 876 ad.

2162 922 2459 993 optionem.
2487 919 2594 974 Sed
2621 918 2735 974 sive
2762 919 2888 980 hoc,
2921 917 3044 972 sive
3070 913 3240 975 illud,
3273 912 3398 965 sive
3435 911 3648 974 tertium,
3666 929 3739 969 non

2163 1027 2229 1068 ex
2255 1027 2334 1075 se,
2365 1010 2459 1066 sed
2490 1025 2558 1065 ex
2601 1024 2816 1064 sommo
2861 1008 3029 1062 Patre
3073 1005 3320 1061 habent.
3357 1003 3544 1070 Itaque
3584 1019 3634 1057 ex
3662 1005 3740 1060 Deo

2163 1102 2324 1156 Patre
2351 1101 2526 1155 omnis
2552 1101 2872 1171 paternitas,
2901 1101 2953 1153 id
2985 1108 3072 1152 est
3102 1095 3304 1152 omnis
3361 1095 3556 1148 modus
3582 1095 3740 1152 dicendi

2164 1203 2402 1263 patrem,
2431 1203 2486 1247 et
2517 1202 2600 1247 est
2647 1202 2703 1246 et
2741 1192 3078 1247 nominatur.
3127 1189 3259 1256 Qua
3307 1189 3380 1241 de
3430 1203 3588 1241 causa
3618 1186 3742 1244 ﬂectis

2166 1304 2340 1359 genua
2373 1298 2462 1342 tua
2493 1288 2560 1341 ad
2593 1287 2838 1358 patrem?
2869 1283 2938 1339 Ut
2965 1287 3051 1338 det
3080 1283 3262 1344 vobis,
3290 1281 3497 1350 inquit,
3521 1282 3742 1335 secundum

2166 1381 2379 1435 divitias
2411 1381 2594 1450 gloria:
2633 1397 2765 1434 sum.
2797 1379 2930 1434 Cum
2975 1379 3126 1432 Deus
3178 1375 3401 1430 habeat
3445 1389 3621 1427 outnes
3641 1374 3740 1428 divi-

2169 1475 2270 1528 tias
2312 1489 2432 1542 quae
2462 1481 2589 1526 sunt
2624 1473 2677 1527 in
2719 1472 2859 1527 ctelo
2890 1481 2946 1526 et
2977 1486 3103 1540 qua:
3134 1478 3278 1523 sunt
3321 1468 3380 1522 in
3416 1478 3576 1531 terra,
3610 1477 3739 1523 tamen

2166 1565 2368 1620 divitiic
2395 1564 2580 1636 glorise
2607 1565 2864 1621 dicuntur
2891 1565 2981 1618 hic
3010 1566 3264 1619 virtutes
3298 1574 3360 1616 et
3392 1577 3576 1616 earum
3602 1576 3737 1632 opera,

2167 1658 2288 1713 ideo
2331 1657 2456 1727 quia
2501 1658 2772 1713 hominem
2828 1658 3041 1713 faciunt
3093 1673 3231 1713 vere
3281 1655 3740 1728 gloriosum,etad

2165 1761 2425 1804 teteruam
2458 1749 2683 1820 gloriam
2723 1750 3048 1818 perducunt.
3087 1751 3160 1804 Et
3189 1750 3330 1818 quid
3365 1749 3505 1803 det?
3545 1747 3739 1802 Virtutem

2167 1843 2495 1896 corroborari
2536 1843 2587 1896 in
2632 1843 2790 1907 vobis,
2822 1843 2874 1896 id
2920 1852 3005 1897 est
3056 1858 3160 1898 vos
3210 1840 3575 1898 corroborari
3599 1840 3642 1894 in
3664 1843 3738 1894 vir-

477 1940 623 1997 ditur
654 1911 790 1994 mira
818 1939 1056 1993 Charitas
1075 1911 1348 2008 Apostoli,
1359 1939 1449 2006 qui
1473 1939 1540 1993 de
1566 1938 1871 1992 constantia
1901 1938 2065 1992 disci-
2093 1911 2140 1971 Β
2172 1943 2304 2000 tute,
2355 1944 2409 1989 et
2454 1936 2661 1991 scilicet
2710 1936 2956 1991 habeatis
3014 1936 3286 1990 virtutem
3343 1933 3660 1990 fortitudinis
3693 1945 3730 1988 et

473 2031 724 2103 polorum
753 2031 922 2100 magis
949 2044 1111 2099 quam
1136 2029 1202 2082 de
1230 2029 1458 2084 vinculis
1486 2031 1600 2084 suis
1624 2030 1893 2084 sollicitus
1922 2038 2061 2084 erat.

472 2123 564 2177 Ait
589 2137 717 2192 ergo
741 2139 754 2174 :
787 2119 1014 2175 Obsecro
1040 2136 1126 2174 vos
1147 2128 1200 2173 et
1225 2120 1290 2174 de
1321 2121 1492 2184 vobis,
1525 2137 1587 2174 ne
1611 2121 1818 2175 scilicet
1845 2121 2067 2188 deﬁcia-

474 2216 542 2268 tis
573 2216 629 2267 in
661 2213 1089 2267 tribulationibus
1118 2212 1266 2275 meis,
1300 2211 1352 2266 id
1383 2221 1467 2267 est
1498 2222 1718 2282 propter
1759 2213 2068 2268 tribulatio-
2106 2203 2116 2213 ’

475 2323 574 2362 nes
621 2322 792 2369 meas,
843 2320 963 2373 qua:
1002 2305 1189 2373 utique
1221 2315 1348 2360 sunt
1387 2321 1484 2376 pro
1511 2307 1686 2373 vobis,
1730 2305 1782 2360 id
1822 2316 1906 2362 est
1934 2322 2063 2377 pro-

473 2407 595 2469 pter
646 2398 804 2452 ﬁdem
851 2397 1008 2452 vobis
1061 2397 1428 2467 praedicatam,
1478 2399 1608 2452 mihi
1637 2399 1814 2463 illatze,
1843 2417 1962 2470 qua:
1987 2409 2066 2454 est

471 2491 642 2560 gloria
675 2500 868 2554 vestra,
922 2488 974 2542 id
1016 2499 1230 2544 estnon
1259 2490 1490 2545 deiicere
1534 2491 1589 2544 in
1616 2491 2066 2548 tribulationibus

473 2582 556 2636 vel
589 2583 723 2636 meis
746 2580 827 2634 vel
856 2579 1077 2646 vestris,
1107 2589 1190 2634 est
1240 2581 1408 2651 gloria
1461 2591 1662 2636 vestra.
1702 2581 1892 2638 Fortes
1921 2585 2064 2639 enim

477 2672 532 2726 in
560 2672 856 2727 certamine
911 2671 1110 2724 milites
1165 2680 1295 2725 sunt
1336 2672 1476 2741 apud
1518 2674 1686 2727 Deum
1720 2673 1965 2742 gloriosi.
2002 2676 2069 2729 Et

473 2760 784 2816 ccontrario
832 2759 1165 2815 formidolosi
1206 2771 1262 2814 et
1291 2759 1606 2816 delicientes
1633 2771 1794 2815 erunt
1825 2763 2063 2834 inglorii.

475 2853 632 2909 Sicut
668 2853 812 2909 enim
845 2853 1036 2908 foruax
1067 2867 1284 2917 aurum,
1333 2853 1406 2908 ita
1448 2854 1729 2910 tribulatio
1768 2856 2067 2927 probatju-

472 2955 641 3000 stum.
707 2941 861 2997 Unde
916 2958 1023 2997 non
1074 2944 1286 2998 debetis
1333 2945 1544 3010 mirari,
1604 2944 1804 3001 fratres
1850 2947 1978 3011 mei,
2019 2947 2064 3000 si

478 3037 744 3091 Dominus
781 3035 910 3089 sinit
953 3035 1199 3090 tribulari
1231 3046 1284 3090 et
1314 3034 1571 3105 ﬂagellari
1604 3053 1735 3102 suos
1759 3040 1811 3092 in
1843 3041 2062 3094 mundo.

475 3129 683 3184 Aurum
708 3127 852 3182 enim
881 3144 1074 3199 purum
1112 3142 1233 3184 esse
1259 3132 1468 3199 nequit,
1504 3133 1646 3200 quod
1669 3133 1915 3188 caminus
1952 3149 2062 3189 non

2168 2029 2486 2083 constantia:
2512 2029 2566 2083 in
2599 2029 2913 2085 interiorem
2939 2030 3250 2085 hominem.
3278 2029 3488 2100 Magna
3515 2029 3632 2082 eni
3653 2029 3726 2083 lor-

2171 2121 2343 2174 titudo
2368 2121 2610 2190 corporis
2653 2136 2759 2176 non
2801 2130 2886 2175 est
2915 2121 3232 2175 necessaria
3274 2120 3734 2189 Cliristianis,qnia

2170 2226 2364 2280 magna
2397 2211 2657 2266 fortitudo
2688 2221 2743 2266 et
2768 2211 3040 2282 pinguedo
3083 2211 3338 2279 corporis
3386 2211 3631 2280 opprimit
3657 2212 3743 2263 sni-

2171 2319 2334 2358 mam.
2361 2303 2493 2357 Cum
2523 2285 2665 2358 enim
2693 2319 2825 2357 caro
2858 2313 2910 2358 et
2934 2305 3166 2374 spiritus
3211 2305 3319 2358 sibi
3350 2303 3644 2358 adiuvicem
3666 2303 3742 2357 ad-

2169 2407 2480 2462 versentur,
2516 2406 2719 2467 quanto
2770 2396 2999 2451 alterum
3056 2408 3142 2453 est
3190 2397 3420 2463 fortius,
3473 2406 3614 2449 tanto
3648 2396 3744 2450 reli-

2169 2506 2335 2559 quum
2365 2499 2447 2544 est
2476 2491 2726 2544 dehilius.
2760 2490 2911 2546 Unde
2938 2490 3234 2560 Apostolus
3266 2506 3282 2543 :
3319 2489 3554 2555 Quando
3579 2506 3661 2558 ego
3683 2491 3746 2540 in-

2169 2583 2375 2650 ]irutor,
2399 2593 2523 2636 tunc
2551 2583 2738 2652 fortior
2762 2599 2878 2636 sum
2919 2594 2966 2636 et
3011 2592 3198 2651 potens
3241 2581 3334 2652 (Il
3363 2583 3490 2636 Cor.
3530 2586 3642 2647 xu).
3665 2581 3742 2633 Ex.

2171 2674 2321 2743 ponit
2345 2674 2485 2742 quod
2511 2674 2742 2737 dixerat,
2771 2676 2876 2741 det,
2902 2674 3148 2744 inquam,
3179 2677 3453 2728 virtutem.
3485 2674 3550 2728 Et
3575 2676 3742 2738 quam?

2170 2768 2458 2832 Christum,
2509 2769 2599 2836 qui
2645 2768 2853 2823 scilicet
2895 2779 2978 2823 est
3027 2769 3121 2823 Dei
3168 2770 3348 2822 virtus
3397 2778 3454 2822 et
3497 2767 3744 2836 sapientia,

2169 2859 2409 2912 habitare
2462 2875 2553 2928 per
2589 2859 2747 2928 ﬁdem
2807 2860 2864 2912 in
2915 2861 3163 2914 cordibus
3210 2859 3425 2921 vestris,
3473 2873 3628 2927 quem
3676 2858 3744 2926 qui

2175 2953 2359 3016 habet,
2391 2967 2606 3007 omnem
2632 2953 2887 3006 virtutem
2915 2962 2970 3007 et
3004 2953 3236 3022 gratiam
3269 2953 3462 3008 habet.
3491 2953 3590 3006 Det
3614 2951 3742 3003 etiam

2173 3052 2234 3097 ut
2273 3044 2394 3098 sitis
2423 3044 2478 3096 in
2509 3045 2764 3098 charitale
2813 3045 3038 3098 radicati
3081 3054 3132 3098 et
3181 3045 3422 3114 fundati,
3472 3053 3535 3096 ut
3575 3043 3741 3096 scilicet

2171 3150 2273 3190 nec
2308 3134 2462 3190 evelli
2505 3151 2605 3191 nec
2645 3136 2848 3190 moveri
2876 3154 2906 3190 a
2938 3137 3206 3193 charitate
3242 3139 3493 3208 possitis.
3525 3135 3672 3190 Eleeti
3698 3143 3750 3188 et

478 3220 756 3288 excoquit.
783 3217 1021 3274 Obsecro
1039 3235 1170 3290 ergo
1187 3230 1242 3274 et
1262 3235 1362 3291 ego
1386 3236 1481 3275 vos
1501 3238 1622 3276 cum
1648 3224 1922 3293 Apostolo,
1955 3225 2064 3278 fra-
2091 3262 2134 3320 ϐ
2169 3228 2213 3282 si
2247 3228 2572 3298 quandoque
2615 3228 3011 3298 aliquantulum
3062 3240 3414 3294 moveantur,
3447 3245 3557 3283 non
3601 3239 3756 3280 tamen

476 3324 590 3368 tres
643 3313 767 3377 mei,
821 3328 888 3366 ne
941 3313 1206 3367 deﬁciatis
1256 3314 1308 3368 in
1370 3315 1828 3381 tribulatiouiluts,
1863 3318 2065 3386 siqua:

473 3405 632 3468 mihi,
660 3405 744 3460 vel
779 3405 950 3468 vobis,
978 3405 1061 3459 vel
1093 3406 1257 3459 etiam
1292 3407 1661 3462 sanctioribus
1692 3408 1822 3462 viris
1849 3411 2067 3464 contin-

473 3506 622 3570 gant,
657 3499 915 3569 quoniam
973 3498 1212 3553 caelestis
1270 3497 1420 3553 faber
1462 3515 1590 3555 vasa
1620 3499 1902 3556 electionis
1942 3517 2069 3556 cum

472 3593 641 3648 multa
676 3591 1027 3646 tribulatione
1049 3593 1334 3646 consuevit
1367 3593 1611 3647 elimare.

545 3685 807 3755 Sequitur
853 3700 983 3755 pars
1031 3685 1292 3748 secunda,
1346 3685 1398 3739 in
1429 3701 1535 3755 qua
1567 3686 1803 3741 ostendit
1830 3689 2061 3760 Aposto-

473 3780 561 3836 lus
597 3795 656 3835 se
697 3794 858 3834 orare
899 3793 998 3849 pro
1033 3779 1338 3832 constantia
1377 3779 1788 3848 discipulorum,
1827 3783 2065 3837 dicens:

474 3870 656 3942 Hujus
698 3871 773 3923 rei
813 3869 1006 3940 gratia,
1044 3868 1250 3922 scilicet
1294 3883 1363 3923 ne
1415 3868 1701 3935 deﬁciatis,
1751 3872 1903 3939 [lecto
1961 3887 2066 3927 non

475 3978 618 4036 genu
665 3977 879 4026 unum,
931 3961 1072 4016 sicut
1117 3959 1389 4016 faciebant
1448 3959 1614 4016 Iudici
1671 3971 1796 4015 ante
1844 3960 2066 4028 Jesum,

477 4055 565 4112 vel
609 4055 751 4110 sicut
800 4055 1114 4126 hypocritai,
1166 4053 1260 4124 qui
1308 4068 1568 4122 corpore,
1599 4069 1706 4109 non
1758 4065 1938 4111 mente
1964 4057 2068 4111 hu-

477 4147 777 4212 niiliantur,
819 4147 912 4201 sed
953 4161 1122 4216 genua
1177 4161 1315 4211 mea,
1356 4145 1408 4201 id
1455 4154 1539 4200 est
1587 4146 1829 4217 supplico
1885 4159 2070 4204 mente

475 4249 531 4295 et
577 4254 826 4310 corpore,
857 4241 926 4292 ad
969 4237 1184 4293 Patrem
1231 4239 1328 4294 Dei
1377 4249 1425 4293 et
1475 4239 1685 4293 Domini
1735 4244 1897 4295 nostri
1941 4241 2071 4295 Jesu

477 4333 698 4398 Christi,
730 4349 792 4386 ex
819 4348 924 4402 quo
955 4333 1123 4385 omnis
1157 4334 1446 4402 paternitas
1479 4333 1533 4386 in
1563 4332 1688 4386 catlo
1735 4343 1781 4386 et
1828 4336 1881 4387 in
1929 4343 2069 4387 terra

477 4427 802 4480 nominatur.
851 4422 1005 4478 Sicut
1049 4439 1172 4478 cum
1222 4425 1365 4480 Deus
1396 4425 1466 4478 sit
1507 4425 1654 4478 solus
1691 4424 1886 4489 bonus,
1923 4425 2071 4480 solus

475 4519 548 4575 sit
579 4519 848 4585 dominus,
878 4517 1024 4573 solus
1066 4518 1139 4572 sit
1185 4534 1301 4585 rex,
1335 4525 1516 4571 tamen
1563 4517 1733 4571 voluit
1773 4518 2068 4588 participa-

2171 3318 2496 3374 evelluntur.
2529 3317 2698 3372 David
2728 3319 2821 3389 qui
2851 3321 3117 3390 peccavit,
3165 3331 3346 3376 motus
3394 3319 3516 3382 fuit,
3543 3320 3638 3372 sed
3667 3333 3757 3371 non

2171 3409 2412 3474 evulsus,
2439 3419 2495 3464 et
2523 3410 2644 3464 ideo
2687 3425 2793 3486 non
2841 3411 3003 3464 aruit.
3040 3409 3109 3464 Ut
3133 3412 3376 3476 possitis,
3412 3412 3608 3481 inquit,
3637 3429 3761 3465 cos-

2171 3500 2487 3569 prehendere
2532 3518 2650 3556 cum
2700 3502 2939 3555 omnibus
2984 3502 3201 3555 sanctis.
3264 3502 3407 3568 Quia
3454 3504 3557 3558 soli
3604 3505 3760 3558 sancti

2171 3592 2628 3662 comprehendere
2659 3601 2908 3660 possunt,
2943 3608 3174 3661 quorum
3205 3603 3292 3648 est
3334 3609 3504 3649 nosse
3533 3596 3761 3650 ministe-

2173 3684 2312 3737 rium
2348 3685 2494 3754 regni
2539 3683 2677 3739 Dei?
2707 3686 2772 3740 Et
2799 3685 2964 3753 quid?
3003 3683 3137 3752 Qua:
3182 3687 3252 3740 sit
3300 3687 3604 3757 longitudo,
3653 3691 3764 3740 lati—

2173 3778 2323 3841 tudo,
2348 3777 2648 3834 sublimitas
2675 3791 2722 3834 et
2751 3780 3099 3849 profundum.
3129 3779 3266 3846 Quia
3308 3781 3549 3834 charitas
3576 3783 3762 3850 patiens

2171 3877 2245 3921 est
2277 3877 2324 3921 et
2355 3868 2597 3939 benigna,
2627 3871 2752 3940 quia
2785 3873 2964 3926 omnia
2994 3871 3181 3934 credit,
3215 3871 3393 3924 omnia
3436 3882 3638 3940 speret,
3667 3888 3763 3923 osu-

2173 3961 2263 4012 nia
2293 3962 2510 4015 sustinet
2543 3961 2592 4032 (l
2619 3959 2746 4016 Cor.
2781 3972 2923 4030 sui).
2964 3962 3084 4032 Ipsa
3136 3963 3384 4018 charitas
3415 3973 3504 4017 est
3531 3961 3761 4030 longasi-

2173 4051 2278 4105 mis
2319 4053 2373 4106 in
2419 4054 2700 4122 patientia,
2734 4055 2849 4124 ipsa
2887 4065 2971 4110 est
3013 4055 3119 4110 lata
3168 4056 3223 4110 in
3266 4055 3585 4116 dilectione,
3615 4053 3764 4106 amici

2173 4145 2380 4200 scilicet
2415 4154 2470 4200 et
2499 4147 2722 4210 inimici,
2752 4147 2864 4216 ipsa
2902 4156 2986 4200 est
3021 4147 3126 4201 lata
3171 4147 3224 4201 in
3271 4163 3393 4216 spe,
3439 4155 3764 4200 zeternoruin

2172 4239 2382 4292 scilicet
2413 4241 2785 4309 prmmiorum,
2816 4239 2930 4310 ipsa
2959 4251 3042 4294 est
3064 4239 3333 4310 profunda
3367 4240 3420 4292 in
3449 4238 3557 4291 ﬁde
3579 4247 3641 4291 et
3667 4237 3769 4290 evi-

2174 4328 2376 4382 tatione
2398 4339 2724 4384 aeternorum
2761 4333 3170 4403 suppliciorum.
3220 4329 3323 4397 Qui
3353 4329 3504 4384 enim
3535 4328 3770 4383 charita-

2176 4429 2279 4473 tem
2309 4436 2413 4475 non
2446 4421 2608 4476 habet
2641 4425 2960 4492 radicatam,
2986 4426 3039 4480 iu
3070 4424 3337 4495 patientia
3367 4424 3616 4488 lacessit,
3642 4432 3702 4476 et
3723 4423 3771 4474 in

2175 4514 2464 4569 dilectione
2493 4516 2696 4582 deﬁcit,
2722 4519 2854 4572 etin
2879 4534 2974 4588 spe
2998 4519 3186 4572 aeterni
3213 4518 3424 4587 pmmii
3450 4516 3768 4586 languescit.

481 4612 628 4666 tione
673 4610 932 4666 bonitatis
961 4626 1073 4666 sua:
1105 4611 1352 4664 homines
1384 4609 1486 4664 dici
1515 4618 1569 4664 et
1590 4609 1759 4662 bonos
1804 4617 1859 4662 et
1900 4609 2072 4663 domi-
2105 4619 2149 4672 1)
2177 4605 2229 4660 in
2264 4606 2366 4660 ﬁde
2393 4608 2580 4660 aeterni
2619 4609 2866 4678 supplicii
2901 4610 3145 4680 ambigit.
3178 4609 3247 4662 Et
3278 4609 3405 4677 quia
3441 4624 3551 4662 non
3578 4623 3769 4679 possa-

477 4720 576 4760 nos
596 4713 757 4774 atque
784 4718 956 4775 reges.
990 4703 1082 4758 Sic
1114 4719 1237 4757 cum
1269 4703 1383 4772 ipse
1409 4702 1560 4756 solus
1595 4701 1664 4755 sit
1691 4700 1870 4766 Pater,
1901 4703 2070 4756 voluit

477 4806 658 4851 tamen
687 4797 935 4851 homines
963 4810 1028 4849 ex
1063 4809 1123 4849 se
1149 4793 1332 4849 vocari
1367 4803 1566 4862 patres.
1599 4791 1766 4846 Porro
1798 4793 1940 4848 Deus
1969 4792 2070 4846 Pa-

477 4898 559 4941 ter
598 4887 796 4940 dicitur
833 4895 1067 4956 quatuor
1110 4885 1178 4940 de
1235 4885 1457 4939 causis:
1491 4883 1651 4939 Pater
1697 4887 2069 4954 generatione,

475 4979 775 5044 creatione,
802 4977 1049 5031 doctrina
1079 4976 1163 5030 vel
1208 4976 1478 5046 exemplo,
1520 4978 1824 5047 adoptione.
1857 4979 1922 5032 Et
1951 4980 2070 5048 qui-

476 5072 601 5124 dem
644 5069 996 5140 generatione
1045 5077 1130 5123 est
1170 5067 1335 5124 Pater
1384 5070 1550 5125 solius
1589 5071 1730 5126 Filii.
1781 5072 2068 5127 Creatione

477 5176 605 5214 vero
635 5171 719 5213 est
767 5159 932 5213 Pater
977 5161 1219 5214 omnium
1267 5144 1676 5230 creaturarum;
1709 5165 1954 5219 doctrina
1981 5167 2067 5220 vel

475 5248 744 5317 exemplo,
801 5257 1008 5302 tantum
1064 5250 1438 5319 rationalium;
1493 5255 1803 5323 adoptione,
1857 5263 2064 5308 tantum

474 5341 762 5394 bonarum.
800 5339 1117 5414 Quicunque
1163 5354 1341 5400 autem
1391 5345 1589 5399 dicitur
1638 5345 1799 5400 Pater
1836 5346 1890 5399 iu
1925 5347 2065 5402 cado

477 5434 560 5487 vel
608 5433 664 5488 in
707 5442 876 5502 terra,
917 5437 1029 5491 sive
1073 5439 1197 5505 hoc,
1243 5439 1354 5494 sive
1407 5439 1516 5502 illo,
1563 5438 1678 5493 sive
1720 5440 1896 5504 tertio,
1950 5441 2066 5494 sive

475 5536 672 5596 quarto
703 5529 885 5594 modo,
909 5543 938 5582 a
969 5529 1078 5586 Deo
1101 5531 1258 5587 Patre
1286 5532 1450 5586 habet
1487 5533 1605 5586 hoc.
1637 5531 1694 5585 In
1727 5531 1864 5586 ccelo
1893 5532 2062 5599 enim,

477 5630 531 5673 et
561 5619 734 5674 Filius
767 5630 822 5674 et
867 5619 1102 5690 Spiritus
1150 5633 1370 5678 sanctus
1420 5621 1617 5676 dicitur
1653 5623 1834 5686 Pater,
1863 5632 1918 5676 et
1947 5638 2065 5678 om-

477 5711 624 5764 nium
674 5724 855 5765 rerum
906 5713 1182 5768 creatione
1224 5722 1281 5767 et
1325 5713 1668 5768 rationalium
1716 5711 1962 5767 doctrina
2009 5721 2063 5767 et

478 5803 747 5871 exemplo,
777 5815 831 5858 et
878 5804 1139 5858 bonarum
1191 5805 1498 5874 adoptione,
1540 5806 1634 5860 sed
1678 5822 1707 5859 a
1755 5805 1913 5859 Patre
1959 5808 2062 5862 hoc

481 5895 702 5956 habent.
735 5894 888 5949 Sicut
930 5897 1074 5950 enim
1096 5911 1200 5951 non
1234 5912 1300 5952 ex
1328 5912 1405 5966 se,
1438 5898 1530 5953 sed
1553 5912 1620 5952 ex
1648 5895 1834 5962 Patre,
1860 5896 1930 5951 ita
1959 5912 2057 5958 nec

2175 4713 2295 4752 mus
2325 4713 2445 4752 esse
2477 4699 2615 4753 ﬁrmi
2640 4701 2692 4753 in
2717 4701 2820 4754 ﬁde
2845 4710 2900 4756 ct
2931 4702 3197 4756 charitate
3219 4700 3449 4765 Christi,
3481 4716 3590 4754 non
3617 4699 3770 4754 novi-

2174 4806 2295 4845 mus
2325 4803 2581 4860 quantam
2608 4793 2930 4848 charitatem
2973 4794 3086 4864 ipse
3114 4809 3244 4863 erga
3277 4809 3378 4849 nos
3406 4794 3626 4856 habuit,
3648 4848 3652 4849 ,
3677 4791 3766 4843 ad-

2173 4881 2287 4934 dit:
2323 4881 2417 4936 Det
2462 4885 2618 4936 etiam
2663 4885 2805 4937 vobis
2858 4885 2994 4938 scire
3040 4885 3509 4953 supereminentem

2172 4975 2483 5028 charitatem
2533 4975 2747 5029 Christi.
2798 4975 3046 5030 Christus
3090 4977 3292 5046 quippe
3340 4976 3530 5028 habuit
3572 4987 3764 5041 snper-

2171 5069 2500 5123 eminentem
2552 5069 2896 5134 charitatem,
2939 5069 3062 5137 quia
3111 5070 3291 5138 posuit
3341 5069 3580 5120 animam
3615 5078 3764 5118 suam

2169 5175 2270 5229 pro
2295 5162 2469 5216 servis
2497 5173 2554 5216 et
2576 5163 2829 5227 inimicis,
2857 5172 2913 5218 ut
2934 5177 3028 5216 eos
3054 5161 3259 5216 faceret
3286 5162 3426 5214 ﬁlios
3458 5169 3511 5213 et
3531 5158 3760 5213 amicos.

2173 5250 2368 5304 Habuit
2397 5253 2561 5306 etiam
2603 5254 2920 5307 charitatem
2953 5253 3193 5307 scientia:
3218 5261 3272 5306 et
3311 5252 3602 5305 scientiam
3638 5246 3764 5301 cha-

2170 5345 2367 5419 ritatis,
2402 5347 2456 5400 id
2502 5356 2587 5402 est
2630 5345 2818 5400 habuit
2858 5347 3149 5416 sapientem
3192 5346 3562 5405 dilectionem,
3593 5350 3652 5395 et
3681 5353 3762 5392 sa-

2167 5438 2428 5507 pientiam
2456 5438 2787 5508 diligentem.
2841 5439 3066 5504 Quidam
3107 5441 3251 5494 enim
3293 5440 3496 5494 habent
3520 5435 3762 5492 charita-

2171 5543 2302 5599 tem,
2326 5533 2419 5586 sed
2451 5547 2556 5587 non
2582 5533 2873 5588 secundum
2901 5534 3207 5588 scientiam.
3238 5531 3312 5585 De
3337 5530 3583 5602 qualibus
3610 5529 3758 5594 Ap-

2167 5625 2374 5680 stolus:
2407 5624 2591 5679 Zelum
2635 5625 2734 5680 Dei
2756 5627 2962 5692 habent,
3005 5627 3096 5682 sed
3146 5644 3250 5681 non
3284 5625 3565 5680 secundum
3590 5621 3757 5674 scia-

2166 5719 2292 5771 tiam
2328 5718 2503 5788 (Rom.
2537 5721 2615 5790 Χ).
2662 5718 2768 5773 Alii
2801 5721 3000 5775 habent
3049 5721 3354 5785 scientiam,
3395 5718 3486 5772 sed
3526 5729 3646 5768 non
3678 5723 3754 5762 se-

2164 5808 2400 5862 cundum
2430 5811 2770 5866 charitatem.
2795 5809 2871 5864 De
2892 5811 3140 5880 qualibus
3166 5809 3452 5881 Apostolus
3475 5827 3488 5860 :
3510 5800 3749 5861 Scienti!

2173 5903 2350 5972 inﬂat,
2383 5905 2615 5958 charitas
2643 5921 2761 5964 vero
2800 5905 3025 5983 mdiﬁcat
3052 5904 3102 5978 (1
3136 5902 3256 5961 Cor.
3295 5903 3429 5978 vui).
3455 5899 3558 5956 Nos
3595 5906 3746 5966 6130s
