3896 6320
149 387 290 444 2065

853 383 1164 445 1101111..Ιῶ
1198 382 1270 444 IN
1303 383 1522 444 EPIST.
1558 383 1648 442 ΕΤ
1676 383 1932 469 EVANG.
1963 382 2268 441 DOMINIC.
2307 410 2378 423 --
2399 379 2584 439 PARS
2633 380 2699 438 ll.

3273 376 3416 437 2060

149 501 373 569 fratres,
399 500 710 558 s'tudeamus
736 501 879 559 scire
919 502 1249 560 eminentem
1282 503 1523 559 scientia:
1548 502 1732 558 chari-
1760 511 1812 569 Α
1841 499 2163 567 sollicitudo,
2194 496 2588 564 misericordia,
2619 493 2896 550 humilitas
2922 502 2980 550 et
3006 491 3418 564 omnipotentis.

153 606 321 653 tatem
350 597 574 664 Christi,
610 606 672 653 ut
710 597 1164 669 quemadmodum
1197 598 1311 668 ipse
1338 598 1611 670 sapienler
1638 612 1737 653 nos

153 689 365 758 dilexit,
393 692 468 747 ita
495 701 551 746 et
584 706 682 748 nos
718 681 1148 749 eum'discanius
1171 682 1395 765 diligere
1418 692 1734 761 'sapientcr.

156 780 226 837 Ut
262 782 602 855 impleamini,
630 783 824 856 inquit,
854 785 910 840 in
950 801 1152 841 omnem
1181 785 1554 857 plenitudinem
1589 784 1741 838 Chri-

152 876 240 930 sti.
270 875 342 933 Ut
370 876 624 933 videlicet
649 886 705 932 et
733 875 823 932 hic
852 877 1171 944 habeamus,
1199 876 1494 932 secundum
1522 875 1737 930 modum

151 967 273 1036 vim,
305 968 699 1041 plenitudinem
726 969 1003 1040 sapientiae
1027 977 1083 1025 et
1117 970 1355 1037 virtutis,
1393 979 1444 1026 et
1477 968 1530 1024 in
1559 969 1742 1025 futuro

151 1060 542 1133 plenitudinem
581 1071 797 1118 a-ternae
828 1062 1218 1130 retributionis,
1252 1065 1340 1120 ubi
1373 1080 1479 1119 non
1507 1064 1620 1132 jam
1647 1076 1750 1132 per

151 1154 431 1226 speculum
464 1164 521 1211 et
554 1156 608 1211 in
643 1155 953 1228 aenigmate,
988 1156 1084 1212 sed
1129 1155 1369 1227 plenarie
1415 1165 1470 1213 et
1508 1154 1747 1211 sciemus

155 1260 218 1304 et
249 1248 567 1320 diligemus.‘

150 1368 155 1377 ‘
226 1357 484 1430 Sequitur
503 1375 630 1430 pars
654 1360 835 1429 tertia,
866 1361 921 1417 in
951 1376 1056 1432 qua
1080 1359 1369 1432 Apostolus
1399 1360 1511 1432 agit
1537 1360 1744 1432 gratias

146 1450 287 1521 Deo,
333 1455 626 1511 ostendens
672 1455 845 1527 ipsum
888 1471 1008 1513 esse
1042 1465 1321 1527 potentem
1358 1456 1531 1525 facere
1569 1457 1746 1511 omnia

147 1546 642 1616 superabundanter
655 1565 811 1619 quam
827 1550 1051 1615 petimus
1074 1560 1164 1604 aut
1184 1549 1548 1620 intelligimus;
1564 1564 1749 1620 super-

147 1640 354 1696 eminet
380 1641 524 1695 enim
548 1641 792 1711 potentia
846 1641 941 1697 Dei
991 1650 1046 1697 et
1091 1641 1410 1712 petitionem
1436 1649 1491 1696 et
1536 1640 1747 1697 intelle-

148 1743 302 1790 ctum
338 1744 606 1790 nostrum.
638 1734 803 1802 Ecce,
844 1735 1065 1797 fratres.
1100 1722 1389 1805 Apostolus
1437 1734 1746 1807 supplicans

147 1837 209 1884 et
239 1844 432 1899 rogans
460 1828 669 1895 Deum,
708 1828 884 1907 primo
922 1828 1135 1883 vocavit
1180 1843 1304 1883 eum
1350 1828 1583 1895 Patrem,
1628 1828 1750 1884 ideo

147 1919 282 1989 quia
308 1920 476 1989 patris
497 1929 582 1975 est
609 1919 747 1976 velle
774 1919 976 1975 bonum
1000 1918 1231 1975 filiorum
1260 1936 1275 1986 ;
1304 1920 1541 1976 secundo
1567 1929 1748 1975 osten-

146 2011 234 2065 dit
256 2026 379 2067 eum
410 2028 531 2069 esse
557 2000 777 2069 divitem
824 2014 880 2068 in
927 2012 1101 2079 donis,
1134 2028 1255 2068 cum
1299 2014 1413 2067 ait:
1442 2012 1747 2068 Secundum

145 2104 366 2160 divitias
393 2106 577 2176 gloriae
605 2124 737 2161 suae.
768 2105 924 2161 Modo
972 2106 1133 2161 tertio
1177 2105 1415 2162 ostendit
1457 2121 1579 2161 eum
1628 2120 1750 2161 esse

145 2208 428 2267 potentem
461 2200 517 2255 in
540 2200 814 2266 omnibus,
861 2199 914 2253 in
945 2199 1144 2269 quibus
1172 2199 1502 2269 perpetratio
1530 2199 1750 2270 petitio-

148 2291 245 2347 nis
269 2292 536 2348 cousistit.
568 2291 671 2360 Qui
710 2293 856 2347 enim
886 2291 1002 2346 vult
1037 2292 1170 2347 dare
1217 2300 1273 2346 et
1317 2292 1558 2347 abundat
1595 2291 1751 2346 donis

147 2393 209 2440 et
237 2392 413 2456 potest
443 2384 595 2453 dare,
629 2384 819 2454 procul
861 2383 1025 2440 dubio
1070 2383 1241 2440 dabit.
1272 2383 1497 2455 itaque,
1532 2383 1750 2450 fratres,

148 2476 330 2533 Deum
358 2476 447 2548 pie
470 2489 526 2532 et
553 2486 870 2533 constanter
900 2491 1184 2549 rogemus;
1232 2477 1321 2546 qui
1356 2491 1481 2532 cum
1517 2476 1664 2540 velit,
1699 2483 1756 2531 et

147 2567 407 2629 abundet
430 2576 485 2623 et
519 2568 712 2639 possit,
747 2565 991 2637 profecto
1014 2567 1157 2636 justa
1186 2567 1350 2637 petita
1380 2575 1565 2622 nostra
1597 2563 1755 2621 nobis

148 2670 247 2716 est
286 2661 531 2717 daturus.
563 2659 891 2727 Secundum,
923 2659 1121 2730 inquit,
1147 2660 1391 2715 virtutem
1419 2674 1538 2731 qua:
1572 2675 1757 2730 opera-

147 2765 246 2809 tur
268 2753 323 2809 in
352 2753 523 2817 nobis,
549 2762 731 2822 potens
759 2762 832 2808 est
864 2751 1041 2807 omnia
1067 2751 1266 2822 facere,
1294 2752 1346 2808 id
1382 2759 1490 2817 est,
1522 2750 1609 2805 illa
1640 2749 1757 2805 vir-

150 2857 275 2903 tute
301 2862 409 2919 qua
438 2845 573 2903 facit
604 2862 704 2904 nos
732 2847 800 2903 de
832 2846 1048 2916 iniustis
1087 2845 1292 2915 justas,
1336 2843 1404 2900 de
1453 2839 1758 2914 insipienti-

149 2939 261 2996 bus
284 2939 578 3011 sapientes,
602 2940 669 2995 de
696 2937 1084 3009 impotentibus
1113 2945 1381 3007 potentes.
1427 2933 1543 3005 Ipsi
1569 2933 1624 2987 in
1650 2931 1759 2986 Ec-

150 3032 317 3088 clesia
342 3042 392 3089 et
429 3036 484 3089 in
528 3032 736 3089 Christo
770 3032 923 3101 Iesu,
957 3032 1009 3087 id
1057 3040 1145 3088 est
1196 3031 1253 3087 in
1309 3029 1443 3101 ipsis
1495 3035 1759 3099 appareat

147 3126 423 3199 gloriosus
446 3126 498 3182 in
536 3143 727 3183 omnes
756 3126 1154 3197 generationes,
1183 3124 1238 3179 id
1258 3132 1347 3179 est
1384 3122 1438 3177 in
1466 3130 1758 3177 mternum.

149 3216 364 3288 Itaque,
394 3216 610 3283 fratres,
641 3218 781 3274 sicut
808 3216 1096 3288 Apostolus
1121 3204 1384 3287 quosdam
1413 3210 1756 3278 Corinthios,
1785 3245 1833 3309 ο

147 3311 240 3367 ita
270 3325 411 3366 nunc
436 3317 492 3365 et
517 3326 615 3367 vos
641 3311 994 3366 obsecramus
1041 3324 1112 3364 ne
1149 3306 1417 3364 deﬁciatis
1445 3305 1499 3361 in
1532 3302 1758 3359 tribula-

148 3403 419 3472 tionibus,
450 3403 534 3459 vel
568 3403 791 3469 nostris,
821 3402 908 3458 vel
936 3402 1153 3457 vestris.
1191 3399 1418 3470 Oportet
1444 3399 1589 3453 enim
1620 3395 1757 3468 lapi-

149 3493 259 3551 des
286 3494 377 3565 qui
405 3493 705 3550 collocandi
735 3502 862 3548 sunt
902 3493 955 3547 in
1005 3489 1212 3547 ctelesti
1239 3488 1490 3553 aedilicio,
1514 3488 1604 3543 hic
1630 3499 1761 3557 qua-

150 3588 310 3645 drari
330 3597 397 3659 pel
424 3588 604 3659 poliri.
635 3584 739 3654 Qui
771 3586 917 3642 enim
946 3584 1036 3640 hic
1081 3598 1189 3639 non
1219 3582 1517 3653 quadratur
1547 3579 1633 3635 vel
1662 3593 1760 3651 po—

148 3680 292 3738 litur
337 3679 764 3737 correctionibus
819 3686 876 3733 et
938 3675 1273 3747 disciplinis,
1330 3674 1474 3728 inter
1549 3671 1759 3743 lapides

148 3770 362 3828 summi
395 3769 609 3827 aedilicii
641 3784 748 3826 non
788 3778 876 3824 est
917 3765 1273 3823 ordinandus.
1303 3763 1459 3832 Quod
1503 3764 1644 3819 bene
1688 3764 1763 3819 si—
1842 3782 1845 3787 ·

149 3861 452 3936 gnificatur
476 3877 575 3934 per
604 3862 709 3917 hoc
736 3860 879 3932 quod
905 3859 1050 3932 ligna
1079 3868 1134 3913 et
1163 3856 1369 3928 lapides
1400 3856 1585 3926 templi
1617 3864 1764 3911 exte-

151 3957 281 4013 rius
328 3955 668 4027 poliebantur
710 3963 941 4019 tantum,
995 3966 1102 4007 non
1154 3949 1405 4006 interius.
1450 3947 1568 4005 Non
1616 3949 1762 4005 enim

130 4048 383 4109 auditus
406 4048 509 4105 fuit
535 4050 588 4104 in
618 4047 818 4119 templo
850 4061 1018 4103 sonus
1054 4044 1236 4102 mallei
1266 4043 1349 4100 vel
1378 4043 1587 4099 dolabri
1639 4041 1763 4115 (III

151 4144 295 4217 Reg.
328 4145 426 4217 v1).
464 4144 600 4213 Quia
638 4142 891 4199 videlicet
927 4141 981 4196 in
1023 4140 1226 4195 mundo
1264 4138 1590 4210 vapulantur
1635 4150 1764 4192 san-

150 4239 265 4307 cti,
299 4252 408 4294 non
454 4237 510 4293 in
534 4236 696 4302 ctelo,
726 4233 994 4290 ﬂectimus
1022 4248 1172 4305 ergo,
1197 4232 1416 4299 fratres,
1447 4231 1589 4286 sicut
1626 4229 1767 4300 Apo—

128 4324 339 4389 stolus
376 4329 629 4397 faciebat,
657 4342 831 4398 genua
870 4332 1057 4383 nostra
1098 4333 1225 4381 ante
1272 4324 1443 4380 Deum
1492 4338 1593 4393 pro
1634 4337 1765 4377 con-

136 4423 371 4505 stantia
419 4421 542 4480 lldei
585 4430 805 4478 nostra}.
855 4418 1010 4487 Quod
1057 4433 1156 4474 vos
1198 4433 1414 4489 quoque
1452 4430 1551 4487 pro
1586 4423 1765 4470 vestra

126 4508 600 4587 .salute'debetis
643 4516 840 4579 facere,
876 4522 936 4568 ut
978 4524 1033 4568 et
1082 4528 1182 4568 nos
1227 4520 1283 4567 et
1315 4526 1410 4566 vos
1453 4509 1660 4580 pariter
1698 4506 1765 4562 ad

154 4619 427 4667 sternam
466 4607 878 4664 beatitudinem
940 4604 1229 4677 pervenire
1285 4617 1616 4667 mereamur,
1669 4614 1769 4671 per
1798 4604 1845 4660 D

155 4702 459 4760 Dominum
494 4708 736 4756 nostrum
788 4697 973 4764 Jesum
1004 4697 1282 4754 Christum
1314 4693 1408 4767 qui
1437 4709 1560 4750 cum
1606 4692 1768 4749 Patre

157 4808 224 4856 et
260 4797 465 4868 Spiritu
498 4804 688 4852 sancto
720 4792 859 4848 vivit
905 4802 963 4848 et
1010 4799 1203 4864 regnat
1242 4790 1410 4856 Deus,
1451 4802 1551 4859 per
1583 4786 1766 4843 omnia

158 4888 368 4948 saecula
398 4886 741 4945 saeculorum.
780 4884 976 4941 Amen.

580 5037 585 5045 ’
687 5042 968 5101 HOMILIA
1006 5041 1229 5099 XXXV.

336 5201 599 5265 homines
626 5166 828 5239 nscius
864 5197 1036 5237 ssx'rs
1075 5195 1209 5236 rosr
1248 5192 1607 5236 TBINITA'I'EI.

245 5323 371 5379 Ibat
416 5323 570 5378 Iesus
613 5320 670 5373 in
717 5317 982 5373 civitatem
1029 5329 1147 5385 qut:
1194 5321 1411 5369 uocatur
1458 5311 1644 5367 Naim.
1696 5306 1771 5361 Et

128 5417 328 5473 'ibaut
356 5433 475 5471 cum
518 5431 579 5468 eo
603 5410 853 5483 discipuli
892 5408 1028 5480 ejus,
1073 5416 1124 5463 et
1161 5407 1315 5461 turba
1361 5406 1594 5476 copiosa.
1634 5402 1768 5459 Cum

164 5506 827 5579 autem'appropinquaret
853 5512 1018 5576 porta:
1046 5500 1297 5566 ciuitatis,
1333 5515 1448 5555 ecce
1485 5497 1790 5567 defunctus

153 5599 493 5685 ~eﬁ'erebatur
532 5598 679 5668 ﬁlius
729 5597 917 5651 unicus
971 5593 1157 5648 matris
1203 5608 1315 5648 sua:
1362 5591 1515 5663 (Luc.
1546 5589 1668 5656 vn).
1708 5586 1768 5641 In

132 5679 503 5749 'vhac‘sancti
556 5688 835 5760 Evangelii
880 5688 1150 5753 lectione,
1199 5686 1392 5740 fratres
1436 5679 1765 5743 charissimi,
1840 5732 1847 5735 .

130 5814 149 5819 η
168 5787 482 5841 ostenditur
516 5785 714 5854 primo,
736 5784 888 5853 juxta
917 5781 1180 5845 litteram,
1208 5776 1418 5835 Domini
1448 5785 1505 5831 et
1534 5774 1769 5830 Redem-

166 5876 356 5952 ptoris
395 5877 567 5934 nostri
610 5876 735 5933 Jcsu
783 5875 982 5933 Christi
1024 5874 1168 5930 circa
1209 5870 1439 5928 salutem
1484 5866 1766 5924 hominum

1836 592 1902 648 Et
1940 592 2244 650 sollicitudo
2282 590 2498 661 quidem
2522 586 2844 653 ostenditur,
2871 601 2993 643 cum
3029 584 3266 640 dicitur:
3294 582 3419 638 Ibat

1837 687 1991 741 Jesus
2020 687 2076 741 in
2111 686 2392 748 civitatem,
2416 692 2523 738 etc.
2566 679 2841 736 Sollicitus
2884 679 3083 749 quippe
3113 686 3234 732 erat
3273 676 3424 731 circa

1837 776 2065 833 salutem
2122 776 2421 842 hominum,
2466 777 2562 844 qui
2595 773 2702 826 huc
2743 779 2799 825 et
2848 769 2975 823 illuc
3010 767 3290 839 pergebat,
3331 764 3424 820 ubi

1839 870 2178 927 occasionem
2221 869 2358 925 bene
2405 864 2598 938 agendi
2645 860 2956 919 hominibus
2985 875 3044 915 se
3080 860 3425 915 inventurum

1838 962 2191 1034 prtevidebat.
2246 959 2514 1029 Pergebat
2575 955 2840 1028 siquidem
2897 951 2989 1008 ubi
3047 952 3255 1007 sciebat
3305 963 3428 1007 esse

1842 1065 2138 1113 conventus
2171 1054 2473 1118 hominum,
2504 1059 2567 1106 ut
2594 1051 2692 1106 ‘eis
2724 1048 2950 1103 verbum
2979 1044 3105 1102 vita:
3141 1043 3430 1109 annuntia-

1846 1157 1946 1204 ret.
1969 1147 2237 1219 Pergebat
2265 1144 2355 1200 ubi
2384 1142 2592 1200 sciebat
2620 1140 2886 1205 inﬁrmos,
2915 1147 2975 1193 ut
2998 1151 3095 1193 eos
3121 1135 3431 1190 misericor-

1845 1242 1986 1298 diter
2012 1250 2247 1297 curaret.
2276 1239 2540 1311 Pergebat
2576 1236 2666 1291 ubi
2699 1235 2905 1291 sciebat
2931 1247 3053 1289 esse
3083 1243 3347 1301 pauperes
3374 1235 3432 1282 et

1830 1339 2109 1403 miseros,
2159 1346 2220 1390 ut
2264 1335 2343 1390 eis
2395 1330 2819 1389 consolationem
2862 1327 3168 1384 exhiberet.
3221 1322 3276 1376 lu
3325 1333 3434 1391 quo

1845 1426 2152 1498 exemplum
2184 1427 2369 1481 itidem
2401 1422 2663 1496 operandi
2712 1421 2824 1477 suis
2865 1417 3164 1491 proposuit,
3205 1411 3433 1470 confun-

1848 1520 1982 1577 dens
2008 1519 2265 1576 duritiam
2307 1533 2493 1574 eorum
2531 1517 2623 1588 qui
2650 1514 2928 1571 declinant
2969 1513 3087 1568 loca
3132 1507 3222 1564 ubi
3255 1506 3435 1562 sciunt

1849 1627 1971 1668 esse
2017 1623 2286 1682 pauperes
2339 1619 2394 1665 et
2443 1609 2700 1670 miseros,
2750 1621 2819 1662 ne
2866 1605 3004 1660 forte
3056 1616 3245 1659 eorum
3293 1611 3436 1669 prte-

1851 1703 2027 1760 sentia
2081 1710 2139 1756 et
2194 1701 2604 1771 importunitate
2642 1700 2724 1754 eis
2759 1697 2994 1767 compati
3038 1704 3101 1771 et
3151 1691 3439 1748 subvenire

1853 1802 2137 1867 cogantur.
2162 1769 2331 1846 Nemo
2356 1798 2534 1844 autem
2561 1795 2713 1859 putet
2742 1787 2886 1857 quod
2916 1769 3137 1841 fortuitu
3184 1777 3441 1836 acciderit

1781 1877 1826 1934 Β
1852 1886 2020 1956 quod,
2051 1884 2279 1940 Domino
2316 1881 2784 1952 appropinquante
2811 1878 2878 1932 ad
2905 1888 3136 1946 portam,
3161 1874 3443 1929 defunctus

1854 1976 2159 2034 eﬂ‘erretur.
2185 1974 2302 2030 Non
2332 1973 2476 2029 enim
2517 1971 2619 2026 hoc
2643 1967 2954 2031 casualiter,
2977 1967 3072 2022 sed
3094 1964 3274 2020 divina
3300 1958 3444 2016 ordi-

1854 2069 2075 2124 natione
2105 2074 2452 2136 procuratum
2483 2073 2586 2118 est.
2616 2057 2986 2116 Misericordia
3014 2052 3228 2111 Domini
3262 2062 3445 2108 osten-
3538 2104 3547 2115 ,

1852 2161 2019 2225 ditur,
2052 2174 2174 2215 cum
2217 2156 2542 2227 compatitur
2576 2151 2775 2213 viduae.
2821 2165 2941 2221 qua:
2982 2147 3179 2220 triplici
3215 2142 3445 2202 infortu-

1852 2253 1946 2308 nio
1970 2251 2169 2306 misera
2192 2257 2247 2305 et
2278 2245 2608 2304 miserabilis
2635 2251 2778 2308 erat,
2806 2242 2934 2313 quia
2957 2247 3078 2297 erat
3104 2239 3286 2302 vidua,
3316 2234 3447 2307 quia

1856 2345 2026 2399 tilium
2053 2342 2368 2399 defunctum
2397 2338 2681 2407 offerebat,
2712 2338 2839 2408 quia
2864 2336 3030 2390 alium
3053 2346 3161 2389 non
3192 2329 3447 2387 habebat.

1855 2438 1925 2494 Et
1967 2435 2094 2506 quia
2141 2444 2250 2490 tam
2288 2429 2616 2514 miserabilis
2664 2439 2804 2495 erat,
2853 2425 3011 2482 turba
3051 2420 3287 2478 civitatis
3329 2417 3451 2488 ejus

1856 2532 2145 2595 miserans,
2182 2543 2303 2585 eam
2347 2525 2727 2589 comitabatur,
2771 2520 3149 2578 consolabatur
3190 2524 3246 2572 et
3287 2513 3452 2569 funus

1859 2620 2110 2679 curabat.
2146 2619 2203 2674 ln
2234 2633 2345 2689 quo
2371 2617 2649 2673 discamus
2674 2622 2730 2670 et
2757 2630 2878 2679 nos,
2911 2612 3107 2666 fratres
3147 2608 3278 2673 mei,
3309 2616 3449 2659 mm-

1838 2722 2047 2769 -rentes
2076 2709 2328 2767 comitari
2359 2719 2415 2764 et
2443 2705 2738 2772 consolari,
2764 2714 2822 2760 et
2863 2701 3053 2758 funera
3076 2713 3291 2764 curare,
3318 2710 3455 2767 quo-

1860 2806 2007 2861 niam
2032 2818 2169 2875 opus
2197 2801 2518 2858 humilitatis
2545 2808 2601 2856 et
2628 2796 3013 2854 misericordiae
3049 2804 3152 2861 est,
3177 2788 3456 2850 consolari

1836 2905 2090 2953 'mtestos
2117 2905 2173 2951 et
2201 2893 2432 2965 sepelire
2454 2902 2718 2948 mortuos.
2751 2889 2951 2945 Tobias
2989 2889 3156 2954 enim,
3198 2886 3326 2958 quia
3365 2897 3456 2940 se-

1838 2986 2098 3057 peliebat
2124 2994 2391 3051 mortuos,
2440 2981 2640 3037 meruit
2680 2994 2711 3033 a
2756 2978 2986 3035 Domino
3022 2974 3457 3031 misericordiam

1862 3076 2413 3133 etilluminatiouem.
2451 3072 2715 3128 Dominus
2759 3069 2946 3133 etiam,
2999 3077 3062 3122 ut
3106 3066 3261 3121 daret
3302 3061 3462 3120 nobis

1868 3167 2180 3238 exemplum
2213 3165 2509 3221 miserandi
2545 3172 2602 3218 et
2634 3159 2949 3219 consolandi
2974 3157 3224 3223 aﬂlietos,
3251 3154 3463 3213 iniseri-

1865 3257 2052 3315 cordia
2096 3264 2297 3321 motus,
2346 3255 2564 3310 viduam
2614 3252 2930 3309 consolatur
2974 3249 3140 3305 verbo
3195 3258 3252 3302 et
3294 3245 3461 3302 facto.

1838 3351 2069 3414 Nerbo,
2095 3365 2219 3405 cum
2248 3349 2298 3403 ei
2323 3348 2475 3413 dicit,
2503 3347 2611 3400 noli
2641 3348 2767 3416 ﬂere
2783 3361 2803 3410 ;
2833 3343 3002 3405 facto.
3034 3357 3157 3397 cum
3179 3339 3389 3410 ,reddit
3410 3338 3464 3393 ei

1840 3446 2038 3502 ifilium
2067 3445 2392 3501 redivivum.
2418 3439 2708 3496 llumilitas
2734 3452 2864 3494 vero
2894 3436 3108 3492 Domini
3130 3433 3462 3500 ostenditur,

1867 3556 1990 3598 cum
2029 3539 2265 3596 loculum
2296 3536 2523 3602 mortui,
2544 3549 2706 3605 quem
2733 3531 2906 3590 solum
2938 3539 3071 3587 nutu
3100 3528 3465 3587 ressuscitare

1836 3643 2113 3708 poterat,
2167 3642 2390 3703 tangere
2447 3645 2556 3685 non
2608 3635 2850 3684 veretur.
2900 3624 3072 3681 Porro
3110 3623 3156 3678 si
3208 3620 3463 3678 subtilius

1867 3727 2249 3798 inspiciamus,
2268 3725 2417 3779 illum
2447 3723 2624 3793 tetigit
2649 3723 2720 3778 ob
2747 3729 2858 3776 tres
2887 3733 3080 3774 causas
3104 3734 3119 3771 :
3142 3714 3213 3771 ob
3246 3712 3465 3770 humili-

1869 3818 1996 3874 tatis
2035 3817 2361 3888 exemplum,
2386 3816 2456 3871 ob
2502 3815 2637 3884 legis
2685 3811 3130 3883 intelligentiam,
3161 3809 3232 3864 oh
3277 3806 3467 3878 figura)

1840 3910 2210 3983 .mysterium.
2240 3907 2322 3965 Ob
2349 3906 2677 3963 humilitatis
2720 3903 3045 3981 exemplum’
3075 3901 3255 3973 tetigit
3284 3898 3468 3957 Domi-

1836 4020 1973 4061 -nus
1998 4004 2255 4072 loculum,
2282 4011 2359 4067 ut,
2402 4001 2447 4056 si
2498 4001 2614 4068 ipse
2655 3999 2751 4070 qui
2790 3998 2901 4053 vita
2942 4005 3146 4052 aeterna
3192 4001 3297 4057 est,
3322 4005 3468 4048 mor-

1840 4130 1845 4137 -
1873 4109 2023 4153 tuum
2054 4107 2278 4167 tangere
2302 4093 2491 4159 voluit,
2520 4107 2620 4148 nos
2643 4092 2735 4162 qui
2772 4104 2960 4173 sumus
2987 4087 3253 4144 cadavera
3292 4093 3348 4140 et
3374 4099 3465 4141 sa-

1872 4191 2015 4257 nies,
2050 4198 2294 4261 tangere,
2342 4187 2527 4242 lavare
2572 4193 2629 4241 et
2671 4184 2903 4256 sepelire
2931 4197 3040 4239 non
3086 4177 3468 4237 reformidare-

1870 4298 2014 4339 mus.
2038 4282 2096 4337 lu
2119 4298 2227 4353 quo
2250 4280 2532 4338 confundit
2557 4281 2822 4352 quosdam
2845 4277 3171 4331 inhumanos
3190 4280 3247 4327 et
3274 4272 3465 4334 duros,

1842 4378 1985 4448 ‘qui,
2010 4375 2166 4447 quasi
2192 4391 2303 4432 non
2330 4383 2517 4432 essent
2549 4372 2823 4441 morituri,
2847 4378 3093 4426 mortuos
3113 4364 3470 4422 reformidant

1872 4478 1931 4525 et
1960 4469 2277 4525 abhorrent.
2303 4467 2385 4525 Ob
2410 4467 2548 4541 legis
2571 4465 2979 4534 intelligentiam
3001 4459 3180 4530 tetigit
3208 4455 3467 4521 loculum,

1874 4570 1940 4616 ut
1961 4562 2365 4618 demonstraret
2406 4559 2608 4616 mortui
2654 4563 2964 4614 contactum
2994 4552 3049 4608 in
3083 4551 3201 4621 lege
3227 4545 3469 4620 prohibi-

1877 4661 2017 4718 tum,
2045 4668 2153 4710 non
2199 4653 2519 4718 carnaliter,
2558 4651 2654 4708 sed
2696 4645 3055 4720 spiritualiter
3099 4656 3222 4698 esse
3268 4638 3468 4696 intelli-

1844 4796 1849 4801 .
1877 4750 2138 4822 gendum,
2161 4749 2463 4821 prteserlim
2487 4762 2610 4803 cum
2637 4746 2773 4816 ipse.
2805 4743 2899 4814 qui
2945 4742 3061 4811 ipsa
3090 4736 3354 4793 munditia
3383 4740 3469 4790 est
3520 4754 3529 4764 ο

1875 4849 1934 4899 et
1979 4842 2072 4914 qui
2122 4838 2396 4911 inquinari
2444 4853 2552 4894 non
2601 4845 2801 4907 potest,
2849 4843 3121 4889 mortuum
3161 4827 3359 4897 tetigit.
3401 4823 3462 4879 lu

1877 4943 2130 4992 contactu
2178 4932 2324 4988 enim
2377 4928 2618 4995 mortui,
2669 4924 3027 4999 spiritualiter
3071 4917 3468 4992 prohibebatur

1877 5040 2182 5086 consensus
2211 5023 2442 5094 peccati.
2471 5019 2553 5077 Ob
2576 5020 2890 5092 mysterium
2912 5016 3076 5072 etiam
3105 5011 3285 5083 tetigit
3309 5009 3459 5065 locu-

1797 5118 1803 5124 ’
1842 5158 1849 5167 ς
1878 5124 2012 5184 tum,
2043 5127 2104 5173 ut
2131 5118 2455 5187 designaret,
2481 5114 2535 5170 in
2560 5110 2957 5169 resurrectione
2978 5124 3008 5163 a
3032 5117 3255 5179 peccato
3279 5101 3463 5175 Operis

1844 5210 2200 5275 .critninalis,
2228 5206 2597 5263 necessariam
2633 5218 2755 5260 esse
2798 5200 3222 5259 satisfactionem
3260 5194 3464 5267 operis,

1876 5314 1937 5359 ut
1984 5314 2107 5373 post
2143 5303 2371 5359 dicetur.
2410 5297 2815 5368 Omnipotentia
2865 5292 3075 5351 Domini
3121 5293 3465 5347 demonstra-

1877 5409 1983 5463 tur,
2020 5412 2144 5451 cum
2191 5395 2260 5450 ad
2306 5394 2479 5450 solum
2519 5392 2637 5463 ejus
2670 5389 2956 5460 imperium
3004 5392 3248 5440 mortuus
3287 5380 3469 5437 susci-

1877 5498 2044 5544 tatur.
2069 5487 2127 5543 ln
2152 5502 2260 5558 quo
2288 5484 2529 5542 ostendit
2570 5497 2629 5539 se
2670 5480 2820 5537 illum
2849 5477 3097 5534 eumdem
3138 5487 3258 5529 esse
3285 5471 3377 5541 qui
3411 5469 3469 5524 in

1876 5581 2146 5652 principio
2172 5590 2379 5635 tantum
2403 5577 2565 5643 dixit,
2594 5583 2648 5631 et
2679 5574 2859 5631 omnia
2897 5558 3038 5624 facta
3066 5576 3195 5623 sunt
3218 5558 3371 5635 (Gen.
3402 5562 3465 5629 ι).

1878 5673 2015 5730 Mira
2050 5674 2243 5738 virtus,
2273 5670 2490 5735 fratres,
2533 5670 2587 5724 in
2632 5668 2799 5723 verbo
2840 5660 3076 5727 Domini,
3104 5659 3173 5713 ad
3202 5658 3357 5725 cujus
3381 5670 3448 5711 vo

1880 5787 2000 5827 cem
2030 5783 2157 5824 mox
2187 5767 2429 5837 aperitur
2473 5762 2738 5827 infernus,
2761 5769 2816 5814 et
2840 5755 3043 5821 anima,
3068 5766 3233 5823 quam
3259 5749 3468 5804 detine-

1879 5866 1996 5933 bat,
2045 5835 2348 5935 egreditur;
2398 5850 2689 5913 recalescit
2737 5843 3075 5923 frigiduS,{et
3118 5840 3330 5900 recedit
3375 5835 3467 5908 qui
