3896 6320
511 387 516 393 ·
532 363 665 422 2071

1582 329 2049 413 ΑυυΕΝυΑ.’-ι’
2084 347 2440 411 BADULPHI
2477 347 2829 409 ARDENTIS

3687 307 3787 396 ω

533 481 734 537 fratres
755 473 1058 532 charissimi
1078 517 1094 542 ,
1131 475 1392 532 Dominus
1431 483 1488 532 et
1521 473 1853 544 Redemptor
1877 479 2068 528 noster
2097 491 2112 528 :
2143 477 2196 536 Α
2221 471 2348 527 dum
2373 471 2528 526 malis
2557 486 2744 526 eorum
2767 460 3224 544 cogitationibus
3247 455 3561 529 respondet,
3585 466 3633 512 et
3655 471 3726 510 eos
3749 461 3784 514 in

531 571 716 625 Primo
744 570 884 639 apud
920 570 1265 626 insidiatores
1297 583 1425 625 suos
1455 568 1880 623 manducatttrus
1926 567 2116 620 intrat.

533 664 786 718 Secundo
826 679 921 718 eos
965 663 1253 718 confutans
1297 662 1651 734 hydropicum
1698 671 1873 717 curat.
1905 660 2113 725 Tertio,

533 757 624 810 ubi
672 755 934 812 invitatus
985 757 1302 813 recumbere
1350 753 1572 818 debeat,
1635 755 1999 816 demonstrat,
2060 755 2114 808 in

531 844 785 899 omnibus
826 861 1020 918 magna
1059 846 1217 901 nobis
1257 846 1479 900 tradens
1519 845 1860 900 documenta.
1913 843 1970 898 ln
2008 845 2115 900 hoc

529 935 672 990 enim
701 938 845 1006 quod
871 938 1009 1006 apud
1035 939 1307 1007 principes
1334 945 1390 991 et
1423 951 1552 992 suos
1577 937 1928 991 insidiatores
1946 977 1962 1001 ,
2005 953 2114 992 non

527 1029 702 1082 solum
756 1029 1030 1084 declinare
1077 1038 1132 1084 et
1178 1029 1506 1084 manducare
1553 1044 1659 1083 non
1721 1029 1952 1098 refugit,
2004 1029 2116 1084 imo

528 1120 694 1172 etiam
737 1135 830 1174 eos
867 1119 1094 1190 corrigit
1133 1129 1187 1174 et
1228 1120 1481 1186 instruit,
1526 1119 1952 1191 magnitudinem
2005 1136 2116 1176 sua

527 1209 877 1280 benignitatis
898 1221 954 1265 et
981 1211 1368 1267 misericordia
1393 1213 1649 1278 ostendit,
1679 1221 1734 1267 et
1755 1213 1911 1268 nobis
1931 1228 2115 1268 exem-

525 1301 617 1369 plo
649 1302 732 1354 sui
764 1302 893 1370 quid
929 1301 1110 1358 facere
1150 1304 1442 1360 debeamus
1477 1304 1792 1366 innotescit,
1833 1315 1892 1360 ut
1925 1305 2116 1360 videli-

529 1402 617 1446 cet
656 1393 890 1448 inimicis
922 1396 1122 1451 nostris
1154 1413 1258 1451 non
1289 1398 1470 1452 odium
1501 1413 1598 1467 pro
1633 1398 1776 1461 odio,
1819 1399 1911 1453 sed
1937 1398 2114 1467 potius

526 1500 626 1554 pro
660 1486 786 1539 odio
825 1487 1173 1543 dilectionem
1212 1489 1600 1553 exbibeamus,
1634 1499 1690 1545 et
1727 1491 1810 1544 eis
1854 1490 2116 1560 prodesse

527 1578 880 1643 studeamus;
935 1590 990 1634 ct
1015 1581 1084 1634 ob
1110 1583 1212 1635 hoc
1242 1583 1382 1652 apud
1410 1583 1681 1652 principes
1707 1593 1760 1636 et
1791 1598 1989 1652 pravos
2020 1584 2116 1637 ho-

534 1669 709 1722 mines
739 1671 1149 1738 manducemus,
1175 1682 1236 1727 ut
1273 1674 1403 1742 ipsis
1444 1674 1780 1744 spiritualem
1817 1676 2116 1729 correctio-

532 1760 619 1812 nis
659 1773 714 1815 et
761 1765 1022 1818 doctrina:
1067 1781 1257 1834 panem
1299 1765 1606 1821 offeramus.
1647 1767 1907 1837 Proponit
1951 1769 2114 1822 etiam

2223 564 2479 620 cordibus
2500 565 2613 620 suis
2651 572 2848 633 urget,
2881 571 2940 617 et
2979 555 3284 616 concludit
3321 573 3335 608 :
3369 553 3446 606 ita
3477 560 3534 606 ut
3571 567 3669 620 pra:
3693 568 3782 607 oon-

2223 655 2438 710 fusione
2467 663 2702 710 taceant.
2729 651 3010 708 Videbant
3039 650 3286 720 quippe,
3315 644 3446 714 quia
3472 646 3515 697 si
3538 643 3791 700 utrumlibet

2223 745 2495 809 dicerent,
2533 745 2806 800 rhetorica
2850 741 3255 812 complexione
3299 735 3666 804 capiebantur.
3696 733 3793 788 Nam

2223 840 2269 896 si
2297 841 2544 896 dicerent
2586 841 2728 909 quod
2775 839 2971 894 liceret
3008 834 3272 891 Sabbato
3318 846 3541 894 curare,
3577 829 3796 885 diceretur

2222 933 2354 988 eisa
2383 934 2628 988 Domino.
2667 932 2810 1001 Ergo
2852 947 2963 986 non
3013 928 3246 984 debetis
3291 941 3386 980 me
3428 923 3798 993 reprehendere,

2224 1028 2347 1084 siin
2379 1029 2618 1083 Sabbato
2643 1044 2796 1083 curo.
2839 1027 2898 1082 Si
2933 1041 3072 1081 vero
3107 1023 3371 1078 dicerent
3400 1018 3546 1090 quod
3585 1034 3678 1072 non
3700 1019 3797 1073 lice-

2226 1130 2341 1187 rct,
2372 1122 2584 1176 diceret
2617 1121 2698 1176 eis
2729 1137 2744 1174 :
2780 1121 2968 1187 Quare
3011 1134 3152 1189 ergo
3199 1131 3306 1170 vos
3351 1113 3566 1169 curatis
3593 1112 3798 1167 animalia

2190 1231 2192 1234 ν
2223 1224 2405 1268 vestra
2437 1215 2488 1267 in
2517 1213 2778 1269 Sabbato.
2819 1214 3034 1269 'l‘aCent
3073 1227 3212 1282 ergo
3261 1224 3428 1264 more
3456 1207 3797 1270 conviciorum,

2226 1307 2317 1376 qui
2346 1307 2712 1362 conscientias
2753 1323 2879 1362 suas
2921 1307 3115 1362 vident
3159 1302 3573 1372 deprehensas.
3611 1299 3701 1353 Sed
3725 1298 3802 1352 Do-

2226 1400 2405 1453 minus
2440 1399 2796 1470 bydropicum
2825 1408 3007 1464 curat,
3054 1413 3166 1452 non
3208 1395 3337 1450 solo
3371 1393 3551 1447 verbo
3582 1406 3690 1446 Ctltl
3726 1391 3803 1446 hoc

2224 1499 2440 1558 posset,
2477 1491 2572 1543 sed
2617 1489 2782 1543 etiam
2823 1489 3124 1560 tangendo,
3159 1496 3222 1542 ut
3255 1482 3588 1540 ostenderet
3631 1481 3676 1534 in
3700 1482 3804 1536 Sab-

2223 1580 2352 1635 bato
2380 1597 2483 1635 non
2511 1582 2579 1634 ab
2605 1581 2752 1635 omni
2784 1596 2951 1650 opere
2976 1580 3294 1635 feriandum
3328 1576 3507 1648 (male
3535 1575 3671 1628 enim
3695 1574 3804 1627 Sab-

2225 1671 2410 1726 batum
2459 1672 2703 1727 celebrat
2749 1674 2839 1742 qni
2885 1689 2916 1726 a
2961 1673 3108 1727 bono
3153 1686 3331 1743 opere
3373 1669 3599 1737 vacat),
3645 1669 3721 1721 sed
3754 1669 3803 1722 ab

2231 1777 2399 1832 Opere
2447 1764 2662 1832 servili,
2693 1766 2838 1834 quod
2882 1766 3121 1820 maxime
3159 1775 3470 1836 peccatum
3518 1760 3801 1830 intelligitur.

522 1853 790 1910 Dominus
831 1859 918 1912 hic
949 1859 1001 1912 in
1034 1861 1429 1914 comessatione
1456 1877 1574 1926 sua,
1609 1863 1914 1931 exemplum
1943 1862 2124 1933 fruga-
2153 1829 2200 1888 Β
2231 1855 2400 1926 Cujus
2421 1871 2664 1920 vestrum,
2687 1859 2880 1928 inquit,
2900 1861 2993 1914 bas
3017 1870 3107 1913 aut
3131 1861 3324 1914 asinus
3348 1858 3414 1911 in
3435 1866 3646 1926 puteum
3664 1855 3801 1918 cadet,

537 1945 706 2001 litatis
740 1957 794 2001 et
830 1950 1192 2013 abstinentiae,
1231 1968 1352 2004 cum
1384 1953 1436 2006 in
1478 1956 1638 2007 domo
1663 1955 1942 2026 principis,
1976 1965 2031 2009 et
2068 1957 2122 2010 in

501 2059 504 2062 ’
532 2038 771 2094 Sabbato
792 2056 982 2110 panem
1014 2045 1319 2096 manducat.
1347 2045 1471 2098 Tria
1497 2047 1694 2115 quippe
1719 2049 1870 2115 ponit
1891 2064 2122 2119 evange-

528 2128 656 2193 ista,
702 2130 1032 2186 manducare
1075 2148 1267 2202 panem
1295 2173 1310 2196 ,
1350 2143 1404 2187 et
1435 2134 1487 2187 in
1530 2134 1804 2200 Sabbato,
1835 2147 1888 2191 et
1924 2139 1974 2192 in
2019 2139 2117 2193 do-

517 2236 666 2275 mum
713 2223 1005 2292 principis.
1052 2223 1165 2278 Non
1214 2235 1394 2279 autem
1441 2227 1517 2279 ait
1562 2229 1890 2284 manducare
1923 2247 2120 2285 carnes

523 2313 608 2365 vel
648 2313 858 2382 pisces,
914 2314 998 2369 vel
1047 2315 1301 2380 delicias,
1353 2317 1447 2370 sed
1493 2316 1665 2370 solum
1715 2333 1932 2387 panem.
1983 2320 2117 2374 Cum

487 2423 490 2426 ’
519 2408 701 2460 omnia
735 2409 848 2462 haec
874 2405 928 2462 et
960 2406 1166 2476 majora
1198 2420 1455 2477 tanquam
1489 2411 1752 2473 Dominm
1776 2414 2039 2483 omnium,
2070 2414 2114 2472 s-i

521 2498 703 2561 vellet,
732 2499 798 2551 ad
839 2515 1057 2560 manum
1091 2502 1334 2561 haberet.
1373 2510 1479 2562 Sed
1511 2511 1613 2564 hoc
1646 2511 1697 2563 in
1737 2526 1794 2564 se
1823 2511 2116 2565 ostendere

517 2591 687 2648 voluit-
729 2600 873 2667 t1ttod
902 2599 1028 2652 alibi
1073 2601 1358 2669 praecepit,
1388 2601 1575 2655 dicens
1601 2618 1616 2655 :
1654 2599 1736 2655 Ne
1765 2602 1993 2671 feceritis
2025 2619 2116 2656 cu~

515 2705 632 2740 ram
676 2690 732 2742 in
782 2691 1063 2744 desideriis
1108 2694 1283 2745 carnis
1333 2692 1515 2759 (liam.
1580 2693 1725 2759 xm).
1779 2693 2117 2748 Erubescant

515 2799 644 2853 ergo
673 2784 880 2854 gnlosi,
920 2786 1011 2855 qui
1047 2787 1294 2840 nesciunt
1334 2788 1660 2839 manducare
1731 2787 1834 2839 nisi
1891 2786 2115 2842 delicias

495 2884 569 2929 ‘et
610 2875 871 2930 lenocinia
918 2877 1168 2931 habeant.
1225 2876 1335 2931 lloc
1369 2879 1514 2932 enim
1548 2878 1890 2941 desiderant,
1935 2889 1991 2932 et
2044 2880 2112 2933 ob

517 2971 622 3022 hoc
660 2967 938 3034 laborant,
989 2983 1148 3033 aera,
1189 2968 1353 3023 silvas
1401 2979 1455 3023 et
1498 2984 1668 3038 aquas
1707 2969 1954 3024 venando
1986 2969 2112 3023 fati-

519 3068 730 3128 gantcs.

2231 1958 2278 2001 et
2312 1965 2416 2002 non
2441 1950 2692 2003 continuo
2724 1951 2963 2003 extrahet
2999 1967 3120 2003 eum
3165 1950 3258 2003 die
3297 1947 3582 2002 Sabbati.’
3607 1944 3798 2000 Ostendit

2233 2051 2411 2094 autem
2448 2041 2704 2096 Dominus
2743 2057 2836 2096 eos
2871 2041 3114 2113 graviori
3156 2040 3464 2112 bydropisi
3506 2039 3710 2092 avaritiae
3733 2036 3792 2090 la-

2229 2133 2448 2198 borare,
2483 2135 2610 2188 dum
2642 2135 2884 2190 cnrando
2929 2135 3188 2189 animalia
3237 2150 3343 2189 sua
3381 2131 3694 2201 (secundum
3713 2130 3798 2196 opi-

2230 2227 2447 2281 nionem
2486 2231 2664 2298 suam)
2703 2229 3006 2284 Sahbatnm
3050 2245 3157 2284 non
3199 2228 3472 2293 violant,
3509 2236 3562 2281 et
3595 2241 3682 2294 per
3708 2241 3800 2277 ava-

2229 2316 2412 2371 ritiam
2441 2333 2617 2382 suam,
2647 2335 2832 2373 curam
2871 2319 3196 2373 animalium
3244 2316 3535 2373 curationi
3572 2315 3796 2370 hominu-

2225 2421 2572 2482 prmponunt,
2609 2420 2664 2466 et
2694 2412 2745 2464 in
2780 2422 3015 2482 utroque
3048 2411 3222 2482 legem
3266 2408 3738 2477 transgrediuntur
3766 2416 3799 2460 et

2230 2506 2396 2560 Deum
2421 2505 2718 2561 offendunt.
2747 2503 2919 2559 Porro
2948 2504 3181 2575 mystice
3222 2503 3334 2573 ipsi
3371 2510 3540 2557 erant
3564 2510 3618 2555 et
3643 2501 3794 2571 hydro-

2227 2599 2381 2666 picus
2408 2597 2564 2666 aquis
2606 2595 2876 2659 tumidus,
2917 2606 2976 2651 et
3015 2595 3116 2651 bus
3151 2582 3319 2664 aquis
3365 2595 3700 2648 submersus.
3726 2589 3796 2643 Pet

2225 2689 2430 2743 fluxum
2472 2688 2670 2758 quippe
2708 2702 2977 2756 aquarum
3004 2727 3021 2751 ,
3058 2686 3239 2741 ﬂuxus
3281 2685 3610 2739 divitiarum
3640 2681 3797 2752 signib-

2225 2794 2401 2840 catur.
2445 2784 2599 2839 Sicut
2639 2793 2819 2838 autem
2862 2782 3197 2854 hydropicus
3237 2780 3371 2851 plus
3412 2780 3588 2842 bibit',
3626 2789 3675 2832 et
3713 2779 3795 2847 plus

2224 2877 2376 2942 sitit,
2405 2878 2478 2931 ita
2509 2876 2610 2946 ipsi
2639 2892 2763 2930 cum
2807 2875 2931 2945 plus
2958 2875 3268 2938 habebant,
3303 2873 3437 2945 plus
3471 2871 3727 2926 sitiebant.
3750 2870 3795 2924 Et

2225 2970 2366 3024 sicut
2404 2970 2504 3024 bos
2548 2969 2603 3024 in
2657 2966 3153 3038 superabundantia
3199 2981 3489 3036 aquarum
3532 2965 3798 3018 submersus

2220 3063 2398 3134 perit,
2443 3063 2517 3117 ita
2565 3062 2667 3132 ipsi
2709 3061 2764 3116 in
2806 3060 3140 3117 abundantia
3185 3059 3528 3114 divitiarum
3569 3056 3792 3111 submersi

527 3175 529 3178 ⁴
597 3148 856 3216 Adjnnxit
903 3152 1069 3206 etiam
1122 3152 1179 3206 in
1237 3151 1471 3208 Sabbato
1496 3195 1510 3219 ,
1563 3156 1705 3208 testo
1760 3154 1965 3209 scilicet
2017 3153 2113 3210 Ju-
2141 3186 2189 3249 Ο
2223 3154 2494 3224 peribant.
2519 3152 2820 3223 Fugiamus
2849 3167 3005 3221 ergo,
3041 3152 3267 3214 fratres,
3297 3149 3510 3204 vitium
3541 3147 3798 3202 Pharisae-

522 3241 763 3295 tlmorum
791 3241 900 3306 die,
931 3246 996 3297 ad
1029 3243 1418 3298 eonfutandum
1447 3259 1561 3310 eos,
1593 3247 1706 3315 qui,
1735 3256 1789 3299 et
1815 3247 1859 3300 si
1893 3245 1947 3300 in
1977 3261 2109 3317 pro-

518 3329 678 3387 feSIis
707 3334 895 3387 diebus
920 3349 1082 3404 parce
1111 3336 1325 3401 vivant,
1362 3337 1416 3389 in
1445 3335 1601 3391 festis
1637 3346 1820 3391 tamen
1849 3338 2110 3395 deliciose

522 3435 850 3493 procurant,
882 3442 988 3480 non
1034 3437 1348 3495 reputantes
1394 3428 1595 3484 festum
1634 3431 1738 3485 nisi
1771 3432 2031 3486 carnibus
2055 3441 2112 3487 et

518 3515 805 3573 lenociniis
834 3519 1168 3589 repleantur.
1207 3523 1314 3576 Sed
1357 3523 1582 3577 stultutn
1616 3534 1698 3578 est
1738 3524 2110 3581 solemnitates

521 3610 616 3665 Dei
646 3612 732 3666 vel
763 3623 1077 3668 sanctorum
1108 3615 1376 3669 conviviis
1409 3616 1700 3682 honorare,
1737 3632 1872 3686 quos
1903 3619 2110 3674 scimus

519 3700 630 3756 Deo
680 3701 897 3772 jejuniis
943 3704 1234 3773 placuisse.
1288 3705 1512 3760 Addidit
1563 3706 1728 3760 etiam
1781 3707 1840 3761 in
1891 3707 2110 3762 domum

517 3796 790 3866 principis,
823 3797 890 3851 ad
922 3798 1427 3867 reprehendendum
1470 3813 1566 3854 eos
1605 3801 1733 3870 qui,
1771 3811 1827 3856 et
1869 3801 1915 3856 si
1962 3801 2109 3856 domi

518 3903 686 3958 parce
727 3890 942 3957 vivunt,
986 3892 1270 3948 venientes
1319 3892 1458 3961 apud
1506 3892 1784 3964 principes
1833 3894 2110 3951 deliciosis

520 3984 828 4054 principum
865 3985 1092 4041 cibariis
1123 3987 1412 4056 capiuntur
1437 3995 1494 4040 et
1535 3987 1867 4043 inescantur.
1900 3988 2108 4059 Itaque,

520 4072 744 4142 fratres,
779 4075 1042 4132 Dominus
1087 4093 1227 4148 pane
1267 4087 1629 4144 sustentatur,
1668 4088 1724 4133 et
1761 4079 1816 4132 in
1843 4065 2108 4146 Sabbato,

518 4174 572 4219 et
599 4168 740 4236 apud
765 4169 1090 4239 principem,
1119 4179 1179 4222 ut
1210 4185 1308 4224 nos
1350 4170 1562 4225 modico
1593 4179 1880 4226 contentos
1909 4172 2110 4228 debere

515 4269 638 4311 esse
677 4265 733 4312 et
776 4258 831 4311 in
880 4259 1035 4313 festis
1080 4267 1135 4312 et
1180 4261 1321 4329 apud
1365 4259 1642 4330 principes
1683 4261 2106 4317 demonstraret.

497 4347 776 4403 Attamen
806 4349 932 4418 quia
973 4348 1176 4404 invidia
1207 4350 1384 4405 nescit
1415 4351 1485 4405 ob
1523 4350 1784 4404 beneficia
1829 4350 2109 4422 mitigari,

517 4442 767 4510 quamvis
808 4441 1068 4498 Dominus
1107 4440 1400 4498 Pharisaeis
1430 4456 1672 4497 amorem
1708 4451 1766 4496 et
1803 4441 2109 4500 doctrinam

2224 3263 2370 3313 rum,
2391 3262 2469 3320 ne
2496 3246 2705 3302 scilicet
2744 3262 2774 3299 ιι
2806 3245 2964 3301 bonis
2994 3245 3252 3316 operibus
3278 3245 3334 3298 in
3365 3243 3532 3298 festis
3559 3255 3797 3306 vacemus,

2225 3357 2303 3396 ne
2341 3356 2530 3396 curam
2573 3339 2942 3408 iumentorum
2979 3348 3293 3394 nostrorum
3341 3352 3498 3391 cura:
3534 3335 3800 3396 hominum,

2227 3434 2370 3504 quod
2392 3433 2546 3488 multi
2565 3434 2728 3498 (unde
2749 3431 3036 3489 dolendum
3051 3431 3156 3501 est)
3172 3429 3410 3492 faciunt,
3431 3443 3800 3500 praponamss,

2220 3541 2294 3582 ne
2325 3525 2597 3596 hypocrisi
2637 3525 2878 3579 avaritia:
2905 3531 3215 3578 tumeamus
3247 3521 3337 3577 vel
3378 3521 3797 3588 submergamur.

2294 3616 2555 3686 Sequitur
2581 3632 2705 3688 pars
2730 3617 2912 3682 tertia,
2946 3615 3128 3686 inqua
3153 3614 3429 3670 Dominus
3452 3614 3506 3667 in
3535 3611 3801 3679 reprehen-

2221 3708 2375 3764 sione
2404 3707 2830 3771 Pharisaaorum,
2858 3707 2950 3777 qui
2985 3706 3193 3777 primos
3233 3705 3523 3759 recubitus
3558 3704 3616 3756 in
3659 3701 3802 3756 emis

2223 3797 2538 3869 diligebant,
2584 3799 2673 3853 ubi
2707 3798 2969 3852 invitatus
3001 3797 3321 3852 recumbere
3363 3795 3565 3850 debeat
3591 3835 3607 3856 ,
3651 3803 3802 3848 osten-

2222 3891 2304 3946 dit
2331 3907 2454 3946 cum
2483 3891 2615 3945 dicit
2642 3905 2657 3943 :
2682 3888 2814 3944 Cum
2853 3891 3109 3944 invitatus
3143 3889 3314 3957 fueris
3339 3888 3411 3941 ad
3458 3887 3697 3956 nuptias,
3720 3883 3801 3937 κδ

2220 3984 2520 4038 recumbere
2539 3983 2593 4038 in
2623 3986 2794 4054 primo
2820 3983 2956 4050 loco,
2987 3992 3096 4038 etc.
3125 3981 3258 4052 Quae
3287 3981 3580 4052 parabola,
3613 3995 3727 4034 cum
3745 3977 3800 4029 sit

2222 4075 2292 4130 ad
2329 4075 2568 4130 litteram
2607 4076 2978 4140 observanda,
3025 4073 3384 4145 spiritualiter
3424 4074 3608 4141 magis
3641 4071 3804 4126 obser-

2219 4165 2395 4220 vanda
2429 4175 2532 4220 est.
2561 4163 2761 4221 Omnes
2797 4167 2942 4222 enim
2969 4173 3237 4236 quotquot
3271 4165 3583 4220 Christiani
3621 4177 3799 4223 sumus,

2223 4257 2290 4312 ad
2327 4259 2543 4328 nuptias
2573 4257 2818 4314 caelestis
2849 4258 3086 4313 convivii
3130 4258 3344 4312 invitati
3385 4273 3610 4312 sumus.
3640 4256 3802 4310 Nulla

2224 4358 2406 4404 autem
2440 4350 2492 4404 in
2516 4349 2758 4405 Ecclesia
2790 4365 2850 4405 se
2883 4350 3046 4405 debet
3076 4349 3161 4404 vel
3185 4350 3542 4421 cogitatione,
3578 4349 3660 4404 vel
3689 4362 3800 4418 pra-

2223 4440 2428 4498 latione
2474 4443 2566 4499 alii
2611 4444 2894 4514 praeferre,
2935 4459 3004 4499 ne
3040 4441 3184 4499 forte
3224 4443 3315 4497 ille
3353 4443 3497 4498 alius
3543 4443 3719 4510 major
3747 4443 3802 4495 sit

513 4533 757 4601 oderret,
785 4535 885 4606 ipsi
909 4545 1092 4591 tamen
1121 4535 1171 4590 ei
1208 4534 1625 4591 insidiabantur.
1656 4534 1810 4592 Unde
1837 4546 1894 4591 et
1915 4538 2106 4593 subdi-
2135 4549 2191 4608 υ
2221 4539 2362 4610 apud
2384 4539 2637 4605 Deum,et
2661 4541 2709 4596 ei
2735 4549 3082 4611 praeponatur
3102 4539 3187 4595 vel
3207 4540 3522 4603 sanctitate,
3550 4538 3636 4593 vel
3655 4537 3801 4607 digni-

517 4635 605 4680 tur
637 4644 651 4680 :
692 4626 761 4680 Et
791 4627 894 4695 ipsi
919 4627 1259 4682 observabant
1288 4643 1430 4692 eum,
1465 4627 1655 4692 idest,
1687 4636 1877 4682 contra
1910 4643 2104 4684 serva-

513 4719 669 4786 bant,
706 4720 759 4775 id
785 4729 870 4775 est
902 4720 1136 4791 maligne
1162 4719 1475 4784 servabant,
1505 4727 1565 4772 ut
1591 4719 1636 4774 si
1663 4732 1882 4775 curaret
1907 4737 2104 4793 aegros,

513 4811 598 4866 vel
626 4811 826 4880 aliquid
849 4808 994 4866 aliud
1015 4810 1223 4866 faceret
1247 4811 1300 4864 in
1326 4809 1586 4876 Sabbato,
1609 4827 1732 4866 eum
1756 4825 2100 4871 accusarent.

515 4900 668 4968 Quod
711 4902 1044 4972 evangelista
1095 4903 1330 4957 innitens
1370 4903 1591 4959 subdit:
1630 4903 1700 4959 Et
1736 4923 1852 4960 ecce
1887 4908 2104 4978 quidam

513 4994 667 5048 homo
696 4994 1015 5064 hydropicus
1044 5003 1157 5048 erat
1187 5006 1310 5049 ante
1335 5013 1474 5053 eum.
1503 4997 1615 5064 Sic,
1638 4998 1840 5054 fratres
1864 5001 1991 5068 mei,
2021 5003 2103 5056 sic

513 5101 728 5156 semper
756 5088 1052 5140 observant
1089 5087 1234 5158 impii
1266 5090 1407 5159 pios,
1443 5090 1627 5159 injusti
1656 5091 1862 5160 justos,
1891 5103 1948 5148 ut
1977 5109 2102 5165 pos-

510 5178 622 5232 sint
659 5177 908 5232 invenire
952 5179 1298 5235 occasionem
1339 5199 1432 5238 eos
1475 5186 1790 5252 accusandi,
1828 5195 1883 5242 et
1910 5201 2102 5244 eorum

454 5287 462 5291 ·
509 5285 676 5340 opera
719 5271 1072 5340 depravandi.
1118 5273 1274 5330 Unde
1319 5278 1578 5346 scriptum
1620 5285 1704 5332 est
1744 5297 1759 5332 :
1795 5279 2105 5337 Obseruabit

508 5371 751 5430 peccator
766 5361 993 5431 justum,
1035 5375 1082 5419 et
1109 5366 1348 5421 stridebit
1383 5385 1540 5436 super
1564 5385 1684 5422 eum
1709 5370 1952 5426 dentibus
1986 5374 2102 5428 suis

510 5452 683 5524 (Psal.
707 5463 918 5529 xxxvr).

481 5551 488 5554 ’
579 5546 838 5617 Sequitur
885 5565 1012 5619 pars
1051 5553 1328 5615 secunda,
1367 5552 1418 5604 in
1467 5567 1570 5621 qua
1623 5554 1881 5610 Dominus
1910 5572 2101 5614 eorum

508 5641 777 5696 malitiam
808 5643 1088 5710 confutat,
1121 5654 1176 5698 et
1217 5643 1574 5714 bydropicum
1612 5658 1766 5702 curat
1787 5688 1802 5709 ,
1825 5664 1948 5703 cum
1975 5651 2102 5705 sub-

507 5734 652 5788 ditur
683 5753 696 5788 :
735 5732 796 5789 Si
846 5734 964 5788 licet
1014 5734 1242 5789 Sabbato
1286 5739 1518 5790 curare?
1556 5738 1622 5790 At
1674 5739 1753 5792 illi
1803 5751 2098 5795 tacuerunt.
2165 5735 2175 5812 ξ
2221 5742 2315 5811 qui
2349 5757 2541 5797 omnes
2562 5741 2748 5798 fideles
2777 5742 2842 5796 ad
2869 5742 3086 5812 nuptias
3113 5759 3243 5798 suas
3269 5755 3498 5799 aiternas
3530 5737 3775 5796 ἰιπίιιτὶι.

2137 5846 2166 5928 ί
2223 5831 2374 5888 dicat
2405 5851 2418 5886 :
2452 5833 2658 5899 Amice,
2695 5833 2914 5890 ascende
2947 5834 3226 5904 superius,
3266 5835 3393 5905 quia
3423 5839 3610 5902 quanto
3639 5826 3781 5882 [nisi

509 5824 758 5883 Ostendit
783 5838 962 5882 autem
1005 5828 1094 5883 hic
1132 5827 1386 5884 Dominus
1421 5846 1482 5885 se
1520 5845 1711 5886 verum
1748 5832 1915 5888 Deum
1952 5849 2096 5902 esse,

2223 4627 2572 4698 tate.'Ecce,
2614 4632 2812 4686 fratres
2853 4630 2994 4698 mei,
3033 4645 3196 4700 quam
3234 4630 3391 4685 multi
3434 4646 3618 4699 reges,
3663 4626 3798 4682 multi

2217 4723 2526 4793 principes,
2562 4722 2717 4778 multi
2753 4722 3026 4794 episcopi,
3064 4731 3120 4777 et
3163 4721 3351 4776 multae
3378 4723 3524 4792 apud
3559 4718 3795 4775 sarcula:

2219 4814 2342 4868 alta:
2369 4830 2614 4885 persona:
2643 4831 2700 4870 se
2730 4830 2875 4869 nunc
2903 4814 3200 4884 praeferunt
3225 4815 3352 4869 aliis
3381 4814 3664 4885 dignitate,
3696 4813 3796 4880 opi-

2218 4906 2383 4961 nione
2420 4917 2476 4961 et
2508 4915 2798 4977 potestate.
2840 4906 2948 4963 Sed
2983 4918 3134 4963 certe
3166 4923 3294 4963 cum
3333 4909 3550 4963 venerit
3583 4907 3666 4976 qui
3698 4920 3797 4958 me

2216 4999 2324 5052 rita
2354 4999 2684 5070 singulorum
2721 5001 2868 5055 solus
2892 5001 3442 5070 discernit,praaferet
3477 5002 3553 5054 eis
3577 5000 3795 5067 aliquam

2218 5087 2465 5151 viduam,
2508 5089 2742 5158 aliquem
2776 5105 3094 5160 pauperem,
3127 5091 3368 5160 aliquam
3401 5091 3457 5144 in
3487 5092 3584 5145 hoc
3608 5089 3796 5142 saeuis
3888 5087 3889 5112 1

2216 5181 2384 5236 vilem
2413 5196 2722 5250 personam.
2766 5181 2836 5237 Et
2874 5193 3001 5238 tunc
3040 5199 3146 5238 non
3184 5184 3306 5239 sine
3326 5184 3558 5253 quodam
3589 5182 3791 5240 rubore.

2221 5275 2482 5344 incipient
2518 5275 2876 5330 novissimum
2912 5275 3090 5352 locum
3136 5285 3353 5342 tenere,
3379 5277 3654 5346 pOstpositi
3700 5276 3790 5336 eis,

2219 5367 2418 5436 quibus
2450 5367 2502 5420 in
2533 5367 2637 5421 hoc
2663 5368 2861 5422 szeculo
2888 5368 3167 5438 praepositi
3193 5369 3437 5424 fuerunt.
3472 5369 3666 5439 Itaque,
3697 5369 3790 5420 fra-
3886 5381 3887 5398 ι

2222 5470 2356 5524 tres,
2383 5461 2756 5532 unusquisque
2785 5461 2837 5515 in
2870 5460 3112 5516 Ecclesia
3139 5478 3199 5520 se
3222 5463 3389 5518 vilem
3416 5470 3636 5533 reputet,
3672 5477 3786 5514 csa-

2221 5553 2327 5608 ctis
2356 5566 2416 5608 se
2443 5553 2722 5608 humiliter
2754 5563 2984 5623 reputet,
3022 5554 3238 5610 cunctis
3272 5570 3333 5609 se
3372 5555 3636 5609 humiliter
3663 5567 3784 5621 pr:-

2218 5656 2421 5715 ponat,
2466 5645 2582 5702 sola
2622 5646 2926 5701 humilitate
2956 5647 3288 5715 contendat,
3329 5657 3407 5715 ut,
3446 5663 3557 5702 cum
3585 5647 3782 5697 reneri:

3881 5455 3888 5794 Ι

3880 6013 3886 6282 l
