3896 6320
497 275 642 332 2073

1529 285 1872 342 ADDENDA.
1914 316 1985 329 —
2023 285 2372 376 “ADULPIII
2413 289 2760 372 ARDENTIS

3646 283 3754 344 £076

489 410 569 453 est
606 398 658 450 in
699 397 801 452 nde
831 395 956 452 Jcsu
988 397 1208 453 Christi.
1249 396 1408 454 Fides
1443 400 1586 454 enim
1625 413 1707 456 est
1735 406 1906 472 prima
1943 420 2066 473 gra-
2098 421 2146 478 Α
2175 407 2344 459 serias
2387 407 2542 475 hujus
2577 407 2798 472 saacoli,
2842 409 2911 462 ab
2944 407 3073 477 ejus
3104 405 3343 481 visione
3383 402 3755 474 (ﬁdentium

489 492 558 544 tia
584 500 638 543 et
664 489 1072 544 [uelamentum
1103 494 1341 546 otnnimn
1367 495 1679 560 gratiarum.
1718 495 1915 550 Deinde
1945 513 2070 566 gra-

489 587 615 638 tiam
642 600 921 654 exponens
953 585 1131 640 subst
1165 604 1177 640 :
1211 587 1350 652 Quia
1377 590 1429 640 in
1463 589 1722 648 omnibus,
1762 591 1962 658 inquit,
1988 592 2070 644 di—

485 681 610 732 vites
635 679 764 747 furti
785 679 928 742 estis,
973 681 1024 734 in
1065 681 1316 734 omnibus
1345 681 1554 735 scilicet
1589 683 1780 751 gratiis
1809 686 1874 736 ad
1907 685 2067 737 vitam

484 784 744 830 a'ternam
777 776 1189 843 promerendam
1219 777 1541 830 necessariis
1569 767 1741 845 εἰιυςιδ
1767 777 1857 847 qui
1888 779 2068 842 habet,

484 879 642 921 vezas
681 867 899 922 divitias
941 867 1138 930 habet,
1184 877 1238 923 et
1280 883 1406 923 vere
1451 870 1602 924 dives
1646 880 1748 924 est.
1798 871 1904 925 llas
1941 887 2071 940 ergo

485 959 722 1020 divitias.
760 959 978 1022 fratres,
1020 961 1322 1015 desiderate
1354 971 1405 1014 et
1452 963 1698 1030 quterite,
1745 979 1864 1030 qua:
1895 964 2071 1017 homi-

487 1067 610 1106 nem
654 1055 720 1106 ad
758 1070 939 1108 veram
969 1055 1173 1108 ducunt
1215 1055 1611 1116 sullirientiam.
1653 1068 1705 1110 et
1733 1073 1946 1126 semper
1979 1059 2074 1110 ha-

494 1146 684 1200 bentes
714 1130 1061 1203 comitantur.
1094 1149 1442 1219 Teniporales
1473 1166 1600 1204 vero
1633 1151 1849 1204 divitias
1878 1152 1922 1204 si
1969 1168 2070 1204 non

489 1240 722 1304 habetis,
769 1243 1128 1318 contemnite;
1181 1243 1225 1295 si
1272 1257 1401 1297 vero
1442 1243 1714 1305 habeatis,
1749 1245 2075 1313 pauperibus

485 1344 722 1399 et'ogate.
771 1333 878 1388 llus
919 1336 1065 1410 enim
1110 1337 1328 1390 divitias
1368 1337 1627 1391 Dominus
1677 1337 1728 1391 in
1782 1337 2074 1404 Evangelio

484 1422 704 1479 fall..ees
735 1427 1002 1494 appellat,
1036 1429 1161 1496 quia
1201 1429 1473 1506 hominem
1506 1430 1799 1498 decipiunt,
1827 1446 1945 1484 cum
1977 1413 2076 1484 nec

485 1515 697 1571 felicem
747 1535 844 1574 nec
894 1513 1248 1575 suﬂicientem
1304 1521 1534 1584 faciant,
1587 1533 1642 1576 et
1685 1540 1806 1576 cum
1858 1524 2076 1577 homine

488 1624 712 1665 manere
750 1627 852 1667 ιιοιι
881 1625 1128 1683 possunt,
1152 1615 1215 1667 de
1243 1617 1439 1684 quibus
1471 1615 1635 1670 David
1673 1635 1684 1669 :
1717 1616 2072 1681 Dormierunt,

485 1699 696 1770 inquit,
739 1721 982 1758 somnum
1032 1723 1219 1768 suum,
1275 1716 1321 1760 et
1371 1708 1503 1759 nihil
1550 1709 1855 1760 invenerunt
1900 1724 2076 1762 omnes

2173 499 2297 551 illud
2355 498 2505 551 Pauli
2550 517 2563 552 :
2608 499 2798 568 Cupio
2831 500 3057 555 dissolvi
3123 509 3177 554 et
3243 515 3364 576 esse
3419 514 3538 550 cum
3592 496 3754 554 Christe

2173 589 2433 658 (Phitim).
2469 593 2532 661 l).
2582 592 2690 648 Nos
2731 609 2881 661 ergo,
2933 593 3167 657 fratres,
3202 581 3308 646 nos
3356 589 3494 645 tales
3533 607 3759 661 prepare-

2173 698 2311 744 ntus,
2356 684 2552 750 quibus
2597 685 2667 738 sit
2714 685 2801 739 hic
2837 686 3079 740 mundus
3110 685 3405 742 exsilium.
3450 693 3505 736 et
3548 685 3793 756 revehat,

2171 775 2373 830 Christi
2395 778 2788 832 desiderabilis.
2825 778 3039 833 Dicitur
3062 789 3262 832 autem
3296 777 3569 830 adventus
3594 777 3761 831 Christi
3787 765 3790 768 ’

2175 871 2454 928 revelatio,
2499 870 2692 938 triplici
2721 873 2787 923 de
2819 886 3010 935 causa,
3056 871 3178 926 sive
3224 870 3358 937 quia
3411 875 3640 936 seipsum
3675 886 3766 921 ma-

2176 959 2454 1014 nil'estabit
2504 961 2555 1013 iu
2611 966 2881 1030 potentia,
2939 964 3034 1033 qui
3086 963 3272 1032 primo
3331 963 3485 1014 venit
3534 963 3764 1023 occultus,

2170 1051 2322 1119 juxta
2373 1052 2497 1105 illud
2547 1071 2558 1105 :
2606 1053 2753 1106 Sicut
2795 1055 2980 1124 fulgur
3022 1055 3130 1108 exit
3178 1055 3248 1106 ab
3291 1053 3500 1105 oriente
3549 1060 3597 1103 et
3646 1067 3766 1118 paret

2177 1162 2340 1214 usque
2369 1149 2422 1199 in
2452 1149 2791 1214 occidentem,
2833 1151 2907 1204 sic
2947 1153 3050 1203 erit
3082 1161 3131 1202 et
3164 1151 3433 1202 adcentus
3463 1144 3591 1199 Filii
3623 1151 3771 1201 homi-

2179 1240 2258 1289 nis
2284 1236 2496 1305 (Matth.
2530 1241 2699 1306 xxiv).
2733 1242 2861 1296 Sive
2893 1245 3022 1310 quia
3057 1242 3280 1310 occulta
3309 1241 3564 1294 cor-dium
3597 1243 3775 1294 revela-

2177 1329 2448 1396 blt,jusla
2477 1331 2602 1384 illttd
2632 1347 2647 1383 :
2681 1329 2857 1386 Nolite
2886 1308 3142 1403 judicare
3181 1308 3311 1387 mite
3351 1342 3561 1398 tempus
3597 1337 3778 1401 quoad-

2179 1438 2341 1490 usque
2381 1422 2550 1475 veniat
2609 1423 2898 1485 Dominus,
2948 1427 3040 1495 qui
3085 1437 3134 1479 et
3181 1425 3442 1478 reuelabit
3493 1424 3776 1478 abscondita

2181 1517 2537 1578 tenebrarum,
2575 1524 2624 1568 et
2653 1519 3015 1585 manifestubit
3057 1518 3289 1572 consilia
3314 1518 3566 1569 cordium
3593 1515 3640 1585 (l
3671 1515 3776 1573 Car.

2182 1608 2276 1673 tv).
2316 1607 2439 1660 Sive
2483 1608 2607 1676 quia
2649 1617 2774 1678 tunc
2814 1609 3150 1676 revelabitur
3200 1611 3293 1678 qni
3346 1617 3483 1662 sunt
3513 1611 3698 1673 electi,
3734 1620 3779 1665 et

2181 1698 2272 1766 qui
2307 1699 2553 1766 reprobi,
2585 1697 2740 1766 juxta
2779 1698 2908 1751 illud
2946 1717 2958 1752 :
3002 1698 3226 1763 Filioli,
3269 1699 3522 1752 nondum
3560 1709 3776 1766 apponit

477 1795 581 1864 piri
623 1796 929 1850 divitiarum
974 1797 1028 1850 in
1079 1800 1323 1851 manibus
1365 1800 1474 1853 suis
1511 1799 1682 1869 (Psal.
1729 1807 1976 1867 Lxxvttt).
2012 1799 2073 1854 Ει

2180 1792 2304 1862 quid
2344 1783 2571 1856 erimus,
2601 1781 2696 1845 sed
2728 1810 2845 1846 cum
2886 1787 3166 1861 apparuif,
3213 1805 3346 1847 tunc
3374 1792 3586 1846 similes
3620 1793 3662 1845 ei
3691 1796 3780 1844 eri-

484 1886 609 1941 alibi
637 1906 648 1940 :
673 1887 738 1963 Et
764 1890 1051 1959 relinquent
1075 1891 1262 1945 alienis
1282 1893 1491 1946 diuitias
1514 1910 1640 1964 suus
1662 1891 1831 1954 (Psal.
1860 1895 2069 1964 XLVIII).

483 1975 621 2034 llinc
648 1989 730 2035 est
756 1983 896 2051 quod
926 1983 1091 2037 David
1115 2001 1236 2038 cmn
1267 1984 1650 2056 temporalibus
1674 1986 1879 2039 divitiis
1906 1988 2074 2041 abun-

485 2070 673 2137 daret,
706 2073 834 2143 quia
881 2075 1189 2143 spirituales
1219 2077 1437 2130 divitias
1476 2093 1578 2132 non
1625 2079 1696 2131 ita
1732 2079 2073 2134 abundanter

483 2159 748 2240 habebat,
792 2175 850 2220 ut
889 2167 1080 2240 vellet,
1127 2183 1187 2222 se
1216 2184 1506 2241 pauperem
1541 2178 1697 2225 vocat
1729 2181 1782 2226 et
1818 2187 2071 2242 egenum,

395 2303 398 2307 .
483 2255 672 2309 dicens
699 2269 714 2308 :
749 2257 861 2326 Ego
887 2275 1076 2327 egenus
1107 2271 1152 2313 et
1175 2277 1375 2332 pauper
1395 2278 1532 2327 sum,
1561 2261 1716 2324 Deus,
1745 2263 1936 2330 adiuro
1969 2282 2068 2323 me.

483 2342 655 2414 (Psal.
695 2349 832 2415 ut.)
863 2348 1074 2419 Itaque,
1105 2348 1318 2416 fratres,
1349 2351 1393 2407 si
1429 2367 1556 2406 vere
1582 2353 1776 2407 divites
1803 2370 1922 2410 esse
1955 2356 2072 2406 vul-

483 2437 576 2505 tis,
613 2438 733 2495 illas
783 2439 1095 2511 spiritu'ales
1140 2455 1195 2522 et
1236 2454 1470 2500 :eternas
1508 2447 1728 2501 divitias
1769 2458 1969 2512 amate,
2003 2448 2070 2502 ad

485 2533 605 2586 illas
635 2543 745 2587 toto
776 2537 1047 2610 desiderio
1080 2535 1355 2594 festinate.
1389 2538 1445 2594 Si
1479 2553 1608 2594 vero
1637 2541 1963 2610 temporales
1990 2541 2072 2594 di-

484 2623 629 2676 vitia:
653 2623 902 2689 afﬂuant,
932 2626 1099 2682 nolite
1147 2644 1243 2704 cor
1272 2644 1579 2699 apponere,
1613 2632 1705 2685 sed
1745 2631 2071 2700 pauperibus

484 2726 722 2786 erogate.
757 2716 812 2771 In
859 2720 1056 2788 quibus
1096 2736 1224 2777 vero
1257 2717 1453 2779 divites
1491 2724 1632 2787 sint,
1680 2721 1919 2777 ostendit
1945 2741 2068 2778 cum

484 2807 634 2871 dicit,
664 2811 718 2862 in
745 2813 888 2865 omni
918 2814 1088 2879 rerbo,
1121 2815 1326 2890 scilicet
1351 2817 1753 2886 praulicationis
1785 2815 1993 2872 Veteris
2017 2827 2072 2873 et

483 2898 616 2955 Novi
658 2902 1028 2969 Testamenti,
1071 2917 1120 2960 et
1170 2907 1223 2961 in
1261 2910 1401 2962 omni
1437 2910 1651 2963 scientia
1701 2909 1910 2977 divina,
1961 2921 2068 2980 tam

481 2995 788 3051 divinarum
835 3015 1013 3070 rerum
1062 3016 1222 3068 quam
1275 3002 1632 3057 humanarum
1664 3021 1677 3060 :
1713 3003 1841 3070 Quae
1886 3006 2072 3076 utique

483 3091 527 3143 si
569 3106 688 3144 cmn
728 3094 991 3149 charitate
1031 3096 1313 3166 habeatur,
1355 3097 1524 3151 virtus
1551 3108 1665 3160 est.
1708 3099 1845 3152 sicut
1884 3096 2067 3152 Testa-

484 3191 708 3232 mentum
739 3181 936 3235 Christi
959 3185 1326 3252 conﬁrmatum
1360 3197 1435 3241 est
1467 3190 1520 3240 in
1557 3189 1715 3242 vobis.
1747 3187 2066 3244 Testamen-

484 3280 596 3324 tum
628 3286 783 3329 vocat
821 3275 1179 3346 Scripturam,
1215 3280 1338 3348 quia
1370 3290 1452 3335 est
1479 3282 1629 3335 testis
1657 3291 1875 3336 aeterna:
1898 3283 2071 3337 luere-

483 3365 686 3420 ditatis.
733 3367 1080 3439 Evangeliutu
1139 3386 1270 3442 ergo
1325 3381 1409 3427 est
1469 3371 1912 3438 Testamentum,
1963 3390 2072 3444 quo

481 3453 730 3512 Christus
777 3461 1043 3529 moriens,
1090 3471 1347 3518 :eternam
1403 3465 1810 3530 hmreditatem,
1858 3467 1902 3522 si
1944 3482 2069 3521 eum

483 3546 852 3620 dilexerinms,
883 3554 1036 3608 nobis
1069 3565 1296 3612 testatus
1321 3569 1426 3611 est.
1454 3556 1861 3614 Testamentum
1890 3571 2071 3616 autem

484 3641 587 3698 hoc
629 3658 747 3716 erat
789 3647 1174 3703 conﬁrmatum
1225 3652 1274 3705 in
1317 3653 1644 3720 Corinthiis,
1689 3657 1816 3724 quia
1861 3655 1958 3725 ipsi
2016 3656 2070 3726 in

484 3735 586 3789 hoc
640 3746 967 3810 testamento
1000 3756 1096 3810 per
1143 3742 1324 3808 tidem,
1363 3761 1512 3815 spent
1548 3755 1602 3800 et
1646 3747 1967 3802 charitatem
2000 3748 2070 3802 ita

484 3823 788 3885 confirmati
820 3843 1006 3916 erant,
1040 3843 1097 3889 ut
1128 3850 1303 3906 neque
1335 3854 1503 3904 mors,
1538 3856 1712 3910 neque
1737 3843 1867 3902 vita.
1899 3857 2073 3912 neque

484 3922 692 3990 gladius
734 3934 915 3998 posset
940 3915 1035 3981 eos
1075 3943 1330 4008 separare
1357 3931 1422 3983 ab
1459 3947 1644 3986 amore
1672 3933 1871 3988 Christi
1908 3943 2074 3987 testa-

485 4007 618 4072 toris
665 4020 813 4072 etab
844 4007 1028 4100 amore
1061 4011 1412 4106 audeamus.
1441 4023 1507 4079 Ut
1535 4026 1688 4093 nihil,
1714 4027 1906 4096 inquit,
1937 4027 2072 4106 desit

485 4113 626 4166 vobis
667 4115 720 4168 in
756 4113 864 4168 ulla
895 4099 1370 4196 gratiafzsulmudi
1414 4138 1533 4192 quae
1566 4123 1873 4178 necessaria
1904 4121 1975 4177 sit
2015 4099 2070 4176 in

485 4205 591 4258 via.
621 4203 775 4260 Unde
804 4219 944 4277 patet
974 4211 1115 4280 quod
1142 4211 1359 4280 quidam
1389 4213 1792 4270 Corinthiorum
1818 4214 1929 4284 jam
1956 4230 2071 4283 per-

485 4295 611 4351 fecti
644 4309 801 4366 erant
832 4302 990 4356 modo
1032 4305 1150 4357 viae.
1194 4305 1572 4369 Excutiatnus,
1609 4306 1827 4368 lratres,
1873 4306 2072 4376 imper-

487 4389 772 4447 l'ectionetn
813 4404 866 4447 et
914 4402 1155 4466 teporem
1199 4409 1466 4463 nostrum,
1498 4399 1740 4467 quotidie
1792 4415 1914 4453 cum
1953 4415 2072 4453 sus-

2095 3142 2146 3212 Ω

2176 1903 2292 1940 mus
2333 1885 2384 1955 (Ι
2419 1885 2582 1940 Joan.
2617 1887 2720 1952 ιιι).
2760 1885 2896 1952 Quia
2931 1901 3062 1940 vero
3100 1889 3166 1940 de
3215 1897 3413 1940 nostra
3455 1887 3652 1939 virtute
3685 1903 3773 1942 non

2177 1979 2448 2048 possimus
2477 1994 2668 2034 secure
2704 1988 3027 2047 exspectare
3057 1980 3363 2032 adventum
3398 1976 3633 2042 Chrisd.
3656 1981 3766 2033 sub-

2171 2070 2350 2140 iungit
2381 2086 2398 2124 :
2425 2070 2527 2136 Qui
2558 2081 2604 2125 et
2644 2071 2972 2127 conﬁrmabit
3001 2088 3090 2124 vos
3132 2087 3301 2140 usque
3350 2073 3409 2123 in
3454 2069 3647 2139 ﬁnem,
3679 2073 3772 2126 sine

2175 2165 2428 2229 crimine,
2483 2179 2586 2218 non
2631 2164 2708 2217 ait
2749 2165 2868 2219 sine
2911 2174 3158 2234 peccato.
3203 2162 3346 2218 Sine
3387 2162 3546 2216 enim
3582 2173 3781 2231 peccato

2175 2255 2367 2307 saltem
2396 2255 2626 2320 veniali,
2650 2255 2704 2308 in
2733 2257 2834 2309 hoc
2868 2255 3070 2309 mundo
3100 2256 3287 2308 vivere
3335 2271 3450 2307 nou
3488 2269 3777 2323 possumus.

2177 2345 2332 2402 Unde
2369 2346 2608 2402 Joannes
2639 2365 2652 2400 :
2684 2345 2742 2402 Si
2768 2348 3082 2412 dixerimus,
3122 2347 3332 2416 inquit,
3367 2348 3502 2415 quia
3532 2357 3779 2414 peccatu

2177 2459 2279 2496 non
2314 2443 2564 2496 habemus
2601 2454 2621 2494 :
2653 2444 2996 2511 nosmetipsos
3043 2442 3374 2502 seducimus,
3410 2451 3463 2492 et
3505 2441 3698 2494 veritas
3739 2443 3778 2493 is

2177 2535 2325 2588 nobis
2367 2551 2470 2588 non
2509 2544 2584 2588 est
2626 2535 2675 2605 (Ι
2731 2533 2896 2588 Joau.
2935 2534 2996 2604 ι).
3048 2534 3157 2588 Sed
3210 2534 3317 2587 ista
3362 2533 3645 2594 venialia,
3681 2549 3776 2603 qu:

2175 2628 2414 2696 quotidie
2447 2627 2580 2682 ﬁunt
2603 2669 2617 2690 ,
2647 2635 2705 2680 ιιι
2733 2628 2782 2680 in
2810 2643 2949 2681 vano
2984 2627 3176 2690 verbo,
3203 2626 3256 2679 in
3289 2627 3435 2692 risu,
3468 2627 3523 2679 in
3549 2627 3775 2680 tarditate

2176 2720 2334 2776 condi
2370 2721 2436 2776 ad
2471 2721 2789 2786 Ecclesium,
2823 2721 2903 2775 vel
2933 2722 3097 2775 dandi
3133 2720 3585 2790 eleemosynam,
3622 2720 3770 2772 acoli-

2179 2815 2356 2870 diauis
2391 2815 2855 2869 satisfactionibus
2896 2797 3172 2878 delentur,
3223 2823 3280 2866 ut
3332 2812 3386 2865 in
3439 2813 3773 2865 contunsioas

2175 2913 2439 2986 pectoris,
2470 2912 2522 2964 itt
2554 2911 2928 2986 eleetnosyna,
2957 2911 3009 2964 in
3043 2911 3324 2984 oratione,
3371 2918 3432 2960 et
3467 2906 3769 2975 hujusniodl.

2176 2999 2284 3060 Sed
2336 3008 2409 3059 ait
2451 3005 2564 3059 sine
2608 2998 2854 3068 crimine,
2903 3005 2953 3057 id
2995 3013 3081 3057 cst
3122 3003 3174 3056 in
3223 3002 3517 3057 critninali
3557 3014 3761 3072 peccato,

2175 3088 2358 3169 qualia
2394 3107 2616 3176 peccata
2647 3106 2901 3168 separant
2933 3097 3212 3152 hominem
3238 3111 3267 3148 a
3302 3095 3448 3150 Deo.
3487 3095 3550 3148 Et
3571 3099 3633 3146 ita
3654 3110 3768 3147 cou-

2179 3183 2377 3244 lirmati
2403 3208 2435 3264 a_
2465 3191 2594 3253 Deo,
2623 3191 2824 3245 erimus
2848 3179 3024 3264 securi
3051 3190 3102 3242 in
3133 3189 3221 3243 die
3241 3187 3475 3257 judicii.
3504 3187 3602 3253 Qui
3631 3203 3775 3238 voca.

2179 3291 2265 3336 tur
2295 3282 2432 3346 dies,
2469 3282 2552 3356 vel
2597 3299 2626 3335 ει
2660 3283 2929 3336 charitate
2972 3297 3168 3350 magna
3207 3290 3261 3360 et
3312 3281 3618 3345 continua,
3654 3281 3774 3331 vela

2177 3380 2509 3434 revelatione
2557 3379 2742 3450 gloria:
2781 3378 3017 3458 Christi,
3062 3366 3146 3431 vel
3197 3394 3226 3432 a
3281 3379 3643 3433 revelatione
3681 3395 3778 3431 cor-

2178 3472 2346 3538 ditnn,
2402 3463 2478 3526 αι’
2503 3471 2898 3542 glerilieatione
2939 3471 3236 3540 justorttm.
3269 3469 3377 3536 Qui
3434 3481 3623 3525 tamen
3660 3471 3783 3532 dies,

2177 3581 2299 3620 cmn
2349 3565 2420 3619 sit
2454 3547 2572 3628 dies
2603 3552 2826 3629 electis,
2863 3555 2958 3656 qui
3014 3550 3505 3630 illuminabuntur,
3551 3566 3660 3618 erit
3697 3581 3785 3617 nox

2177 3659 2457 3732 reprobis,
2503 3660 2592 3729 qui
2645 3661 2695 3712 in
2741 3659 2980 3736 tenebris
3029 3657 3255 3738 a-ternis
3309 3657 3695 3736 recludentur,
3742 3671 3788 3712 ut

2178 3753 2290 3806 sint
2325 3735 2443 3806 sine
2485 3737 2617 3828 vero
2656 3754 2788 3832 sole,
2819 3739 2937 3808 sine
2968 3737 3153 3832 calore
3189 3735 3340 3817 boni,
3385 3753 3513 3807 sine
3543 3765 3786 3823 opportu-

2178 3845 2352 3924 nitate
2383 3823 2793 3924 bene'a‘igenili,
2833 3823 2988 3913 juxta
3013 3823 3160 3924 ‘illu‘d
3199 3864 3212 3898 :
3255 3841 3416 3924 Venit
3461 3862 3572 3918 nox
3611 3847 3666 3899 in
3700 3863 3786 3914 qu

2180 3953 2328 4015 nemo
2360 3949 2527 4015 potest
2555 3939 2762 4015 aperui-1'
2789 3925 2971 4006 (Joau.
3003 3937 3102 4007 ιλ).
3203 3952 3313 4006 qua
3345 3948 3513 3992 nocte
3545 3955 3651 3993 nos
3678 3955 3786 3992 con-

2179 4039 2359 4100 servet
2406 4009 2750 4100 omnipotcns
2797 4030 3086 4094 Dominus,
3141 4011 3193 4083 et
3247 4031 3344 4084 det
3401 4031 3568 4084 nobis
3628 4012 3788 4084 videre

2179 4099 2439 4198 tete-rnatu
2472 4136 2524 4176 et
2554 4105 2770 4198 beatam
2792 4138 2950 4196 suam
2979 4119 3316 4204 claritatem,
3351 4137 3457 4198 per
3485 4123 3678 4176 omnia
3708 4136 3789 4192 $.23-

2180 4205 2300 4290 c’ula
2332 4213 2674 4269 smculorum.
2703 4216 2896 4290 Atnen.
2993 4195 3004 4208 ’
3217 4195 3228 4220 ⁷

2707 4306 2986 4382 "enim
3025 4307 3270 4364 XXXIX.

2323 4415 2578 4475 nostrates
2618 4414 2818 4480 ιιεειιιιι¹
2854 4385 3074 4472 cci-sviti
3095 4382 3244 4468 ipsi
3269 4399 3655 4478 astat-run.

486 4489 637 4556 piriis
663 4489 966 4568 ﬂagitantes
999 4503 1312 4548 testatorem
1341 4494 1641 4570 Christum,
1673 4505 1732 4548 ut
1761 4493 1875 4565 ipse
1899 4494 1952 4548 in
1977 4509 2076 4548 suo
2109 4500 2155 4558 D
2255 4491 2620 4570 Conreuerunt
2667 4479 2954 4574 {’ltariisa’i'
2980 4479 3034 4574 in
3088 4479 3288 4570 unum,
3331 4479 3393 4547 ἐι
3455 4495 3793 4560 interrogari:

487 4592 811 4660 testamento
840 4597 893 4641 et
926 4588 1100 4658 gratia
1141 4604 1237 4641 nos
1271 4586 1580 4664 conﬁrmet,
1611 4598 1878 4664 quatenus
1907 4586 1974 4642 ab
2011 4603 2074 4642 eo

487 4676 790 4752 nullatenus
813 4673 992 4766 divelli
1025 4666 1318 4764 valeamus.

559 4772 816 4841 Sequitur
858 4791 983 4845 pars
1033 4777 1224 4840 tertia,
1267 4775 1318 4828 in
1362 4789 1467 4846 qua
1509 4772 1746 4828 ostendit
1788 4773 2075 4848 Apostolus

487 4863 613 4933 quid
637 4851 900 4942 Corinthii
959 4857 1593 4942 per‘prtedictasgratias
1627 4853 1963 4933 exspectent,
1995 4866 2077 4920 di-

487 4975 616 5013 cens
651 4947 1084 5030 exspectantibus
1125 4946 1436 5044 reuelatione
1484 4959 1698 5012 Domini
1743 4960 1906 5012 nostri
1943 4957 2075 5012 Jesu

488 5048 705 5116 Christi.
743 5043 1077 5124 Exspectare
1114 5058 1195 5101 est
1230 5065 1351 5101 cum
1395 5043 1667 5104 desiderio
1699 5065 1941 5118 sperare.
1967 5047 2075 5105 Co-

493 5141 678 5196 rinthii
712 5129 893 5208 autem
933 5117 1064 5193 cuni
1088 5141 1357 5220 desiderio
1389 5144 1686 5213 sperabant
1713 5151 1768 5196 et
1801 5142 2082 5220 praestola-

490 5235 688 5288 bantur
725 5213 1272 5311 revelationeni{esu
1316 5227 1539 5311 Christi.
1585 5236 1754 5304 Iniqui
1801 5253 1929 5290 vero
1974 5253 2078 5290 non

497 5337 846 5400 exspectant,
895 5309 1012 5383 imo
1053 5309 1244 5383 timent
1293 5303 1584 5386 adventum
1633 5327 1873 5398 CltriSIi,
1930 5347 2081 5386 more

500 5420 739 5474 mulieris
772 5407 1047 5502 adulterae,
1073 5437 1194 5493 qua:
1219 5423 1514 5480 adventum
1548 5424 1626 5478 sui
1659 5425 1758 5476 viri
1799 5422 2074 5506 formidat.

495 5511 551 5568 lo
586 5514 755 5574 vobis,
791 5505 1015 5590 fratres,
1056 5501 1157 5570 hoc
1191 5518 1342 5590 quod
1370 5515 1491 5570 dico
1521 5505 1955 5570 animadvertere
1989 5501 2084 5586 po-

497 5593 688 5686 testis,
719 5591 978 5678 quianqui
1015 5609 1119 5664 sibi
1158 5609 1354 5662 nullius
1394 5618 1476 5663 est
1521 5608 1792 5672 conscius,
1823 5619 1876 5678 et
1915 5591 2080 5662 [lenm

495 5683 709 5758 sincere
757 5704 962 5772 diligit,
1017 5689 1135 5774 ejus
1175 5704 1463 5757 adventum
1511 5709 1766 5768 tanquam
1816 5701 1991 5755 Putris
2033 5711 2086 5755 et.

503 5799 658 5858 amici
691 5798 773 5880 sui
800 5814 922 5854 cum
954 5797 1226 5854 desiderio
1257 5790 1559 5866 exspaélat,
1593 5795 1780 5851 dolens
1809 5796 1952 5870 inter
1982 5789 2087 5852 tui-

2184 4586 2366 4656 Jesum
2411 4605 2546 4642 unus
2578 4605 2641 4642 ex
2670 4590 2742 4641 eis
2780 4588 2907 4658 legis
2936 4589 3141 4648 doctor,
3175 4569 3388 4666 ιδιιιαιίε
3421 4607 3545 4662 eum
3583 4586 3789 4650 (Haut.

2183 4697 2324 4746 XXII,
2342 4681 2914 4760 xXIII)._Tcxtusbujus
2935 4663 3266 4758 evangelicae
3283 4663 3560 4760 lectionis.
3602 4663 3789 4756 fratres

2187 4773 2532 4836 charissimi,
2567 4753 2731 4828 'tanto
2778 4772 2992 4828 avidius
3046 4783 3132 4826 est
3187 4755 3540 4832 audiendus,
3591 4780 3784 4839 quanta

2185 4865 2488 4922 doctrinam
2521 4866 2765 4919 continet
2809 4862 3178 4918 necessariam
3232 4863 3440 4940 nostris
3480 4863 3780 4939 animabus.

2189 4955 2325 5030 Sunt
2363 4967 2540 5011 autem
2569 4959 2684 5026 ejus
2714 4965 2896 5026 partes
2926 4967 3180 5024 quatuor.
3216 4955 3462 5009 Primum
3494 4954 3650 5007 enim
3676 4967 3784 5005 coa-

2189 5049 2470 5128 venientcs
2499 5047 2786 5112 l’hariszci,
2819 5063 2916 5115 per
2951 5062 3114 5122 unum
3147 5045 3363 5099 illorum
3394 5043 3591 5099 Jesum
3629 5045 3785 5096 inter-

2190 5119 2402 5212 rogant.
2463 5138 2712 5192 Secundo
2770 5133 2926 5191 Jesus
2965 5123 3267 5206 respondet
3310 5137 3409 5190 eis.
3462 5121 3662 5190 Tertio
3703 5147 3784 5188 eos

2191 5232 2453 5285 conl'utat.
2508 5229 2710 5295 Quarto
2748 5230 3020 5300 simplices
3077 5213 3354 5283 informat.
3397 5229 3780 5283 Conveneruat

2192 5325 2352 5404 igitur
2385 5321 2640 5377 Phariszci
2678 5321 2728 5373 in
2762 5337 2950 5375 mmm.
2981 5317 3102 5375 Mali
3140 5321 3362 5404 quippe,
3396 5322 3664 5404 quamvis
3687 5333 3778 5372 nos

2191 5417 2363 5490 Solum
2397 5416 2462 5469 ab
2494 5415 2638 5477 aliis,
2679 5414 2772 5467 sed
2804 5413 2966 5467 etiam
2997 5413 3137 5467 inter
3180 5430 3237 5468 se
3267 5411 3420 5469 divisi
3449 5412 3608 5477 sint,
3651 5409 3776 5481 quid

2195 5487 2613 5578 itnle‘contiugit
2644 5508 2777 5584 quia
2807 5507 3096 5584 contrariis
3127 5508 3271 5584 vitiis
3309 5508 3676 5584 famulantur,
3709 5515 3776 5559 ta-

2193 5621 2314 5657 men
2375 5603 2426 5656 itt
2492 5601 2921 5672 persecutionem
2977 5585 3650 5677 bonorumconveniunt.
3698 5597 3774 5652 Si:

2196 5697 2434 5752 Herodes
2479 5709 2530 5752 et
2563 5695 2772 5768 Pilatus
2803 5711 2924 5749 cum
2965 5694 3168 5772 inimici
3205 5703 3406 5776 essent,
3439 5693 3500 5747 in
3552 5708 3767 5749 mortem

2195 5790 2398 5872 Christi
2439 5773 2790 5868 conveniunt.
2835 5785 2927 5874 Sic
2957 5773 3174 5861 quoque
3214 5773 3466 5843 Pharis-ci
3505 5798 3566 5843 et
3610 5785 3766 5846 Sadao
