3896 6320
618 347 774 435 1079

1624 432 1629 435 _
1665 346 2021 409 ADDENDA.
2055 378 2127 391 —
2164 343 2444 405 BADULP
2457 344 2526 403 ut
2555 340 2903 402 ARDENTIS
3748 336 3823 401 toto

631 467 743 521 tius
766 465 1044 537 prodesse.
1095 462 1247 523 Unde
1275 481 1376 523 nec
1402 480 1526 523 eum
1552 466 1782 533 occidit,
1811 482 1911 521 nec
1933 465 2050 535 ejus
2081 479 2211 520 uxo-
2236 468 2286 528 Α
2318 460 2716 526 mercenarius,
2741 467 2798 514 et
2821 458 2930 541 fur,
2956 456 3101 511 sicut
3129 450 3392 518 nomine,
3418 447 3499 504 ita
3526 457 3581 506 et
3614 448 3823 515 intention.

629 572 747 614 rem
775 559 1101 624 moechatur,
1130 576 1229 615 nec
1251 574 1338 615 res
1360 558 1477 628 ejus
1498 560 1725 622 furatur,
1751 575 1848 613 nec
1872 570 2067 613 caetera
2092 572 2212 627 qua:

627 650 903 723 prohibita
936 662 1059 708 sunt
1088 662 1363 723 operatur.
1413 654 1469 707 Si
1514 668 1643 720 ergo
1688 669 1791 707 non
1840 664 1994 723 potes
2021 668 2212 707 omnes

630 734 943 812 Scripturas
964 744 1125 813 scire,
1156 746 1345 801 saltem
1376 746 1441 799 de
1466 745 1750 799 dilectione
1780 744 1872 799 Dei
1897 754 1953 800 ct
1976 745 2210 815 proximi

628 836 943 891 mandatum
970 847 1109 893 tene.
1136 839 1400 905 Quoniam
1432 839 1519 892 ille
1542 849 1719 904 tenet,
1750 849 1803 894 et
1841 840 1983 910 quod
2028 849 2210 910 patet,

626 935 683 981 et
708 928 853 998 quod
885 928 1016 985 latet
1041 931 1092 983 in
1132 930 1330 986 divinis
1360 932 1734 996 sermonibus,
1770 931 1859 1002 qui
1891 932 2210 986 charitatem

627 1028 776 1075 tenet
802 1020 857 1076 in
889 1022 1148 1077 moribus.
1177 1023 1276 1090 Qui
1321 1024 1459 1079 hanc
1490 1026 1683 1088 habet,
1714 1026 1896 1080 omnia
1925 1026 2119 1088 habet,
2156 1033 2211 1078 et

626 1111 721 1180 qui
758 1112 811 1166 in
858 1113 958 1167 hac
983 1113 1237 1179 offendit,
1286 1114 1460 1170 factus
1493 1126 1575 1170 est
1605 1117 1845 1170 omnium
1897 1132 2039 1171 reus.
2075 1116 2211 1171 lliuc

624 1201 893 1273 Propheta
920 1224 931 1258 :
965 1203 1175 1271 Omnis,
1199 1206 1391 1277 inqttit,
1422 1209 1883 1263 consummationis
1908 1210 2011 1263 ridi
2030 1209 2208 1278 ﬁnem,

625 1297 793 1351 latum
820 1301 1126 1354 mandatum
1152 1312 1299 1354 tuum
1330 1302 1484 1355 nimis
1514 1301 1686 1373 (Rom.
1713 1304 1855 1371 xm).
1889 1302 1953 1356 Et
1979 1304 2211 1371 Aposto-

623 1387 751 1444 lus:
793 1386 1081 1445 Plenitudo
1117 1392 1243 1463 legis
1277 1401 1353 1446 est
1382 1393 1591 1447 dilectio
1622 1394 1817 1464 (ibid.).
1855 1393 2209 1448 Dilectionem

624 1496 757 1551 ergo
779 1522 793 1545 ,
835 1482 1063 1547 fratres,
1093 1498 1254 1553 super
1278 1485 1459 1538 omnia
1493 1496 1774 1539 teneamus
1795 1525 1809 1550 ,
1841 1487 2094 1553 quoniam
2130 1486 2210 1541 di-

624 1571 788 1627 lectio
817 1574 989 1644 legem
1015 1588 1342 1643 conservat,
1368 1579 1532 1631 Deum
1561 1578 1660 1632 sibi
1687 1579 1967 1648 appropiat
1988 1620 2001 1642 ,
2027 1578 2210 1647 proxi-

622 1680 741 1721 mos
770 1668 871 1721 sibi
899 1669 1120 1735 amicat,
1153 1670 1401 1725 inimicos
1441 1670 1774 1733 rcconciliat,
1800 1671 2074 1725 diabolum
2112 1688 2206 1725 su-

621 1770 800 1829 perat,
825 1774 1051 1815 mortem
1083 1763 1314 1831 ignorat,
1341 1765 1567 1818 adversa
1595 1763 1978 1832 :rquanimiter
2005 1774 2205 1833 portat,

2314 553 2535 610 diversi.
2564 553 2756 609 Pastor
2781 552 2923 607 enim
2945 560 3049 615 est,
3074 548 3166 617 qui
3194 564 3261 602 ex
3294 545 3572 601 cbaritate
3598 561 3720 600 oves
3736 548 3823 607 Chii.

2313 649 2379 703 sti
2408 646 2657 716 exemplo
2679 657 2735 701 et
2774 645 2941 699 verbo
2982 643 3181 713 pascit.
3222 641 3301 695 De
3331 654 3446 710 quo
3478 639 3749 694 Dominus:
3770 644 3823 699 Pe.

2312 752 2441 807 star,
2484 741 2697 810 inquit,
2746 740 2909 792 bonus
2941 740 3179 791 animam
3216 751 3377 789 suam
3412 735 3563 802 ponit
3603 750 3691 801 pro
3726 740 3824 794 nitu

2313 833 2421 886 suis
2450 830 2635 902 (Joan.
2673 830 2750 901 ι).
2770 829 3139 885 Mercenarius
3171 844 3305 882 vero
3333 837 3445 891 est,
3470 826 3563 895 qui
3588 842 3680 896 pro
3704 837 3825 899 lcmpo-

2314 927 2522 981 ralibus
2552 941 2683 981 oves
2724 924 2922 980 Christi
2969 924 3147 993 pascit
3179 922 3352 977 verbo
3372 962 3388 985 ,
3429 930 3490 976 et
3520 937 3625 975 non
3654 925 3826 993 exempla.

2314 1016 2469 1073 Unde
2500 1018 2759 1072 Dominus
2796 1036 2812 1073 :
2853 1017 3251 1080 Mercennrius,
3308 1016 3534 1085 inquit,
3584 1014 3731 1083 fugit,
3759 1024 3827 1085 qm

2313 1110 2668 1163 mercenarius
2710 1119 2818 1175 est,
2850 1118 2899 1163 et
2941 1124 3045 1162 non
3099 1109 3331 1176 pertinet
3362 1106 3441 1159 ad
3475 1122 3594 1159 eum
3639 1106 3696 1159 de
3725 1112 3827 1167 tribu

2315 1200 2514 1270 (ibid.).
2548 1199 2658 1254 Fur
2705 1212 2790 1256 est
2841 1202 3163 1267 hmrelicus,
3209 1202 3306 1271 qui
3358 1216 3467 1254 nec
3516 1200 3827 1269 exemplo,nce

2316 1292 2481 1347 verbo
2508 1307 2636 1346 oves
2659 1291 2859 1347 Christi
2901 1294 3107 1364 pascit,
3143 1294 3257 1348 imo
3287 1308 3389 1347 eas
3433 1292 3667 1355 occidit,
3695 1310 3771 1349 cum
3796 1315 3827 1353 se

2316 1384 2433 1438 illas
2460 1401 2683 1455 pascere
2718 1387 3031 1440 mentiatur.
3072 1387 3148 1441 De
3178 1402 3293 1456 quo
3325 1384 3642 1439 Dominus:
3677 1384 3829 1449 Funis-

2313 1475 2448 1543 quit,
2477 1492 2579 1527 non
2604 1475 2760 1540 venit,
2788 1476 2890 1528 nisi
2913 1488 2966 1529 ut
2992 1488 3181 1529 mactet
3206 1486 3255 1528 et
3281 1476 3485 1543 perdat
3509 1476 3695 1543 (ibid).
3713 1477 3826 1533 ilicet

2312 1566 2457 1619 enim
2496 1566 2637 1620 malo
2680 1566 2868 1631 verbo,
2907 1570 3087 1637 perdit
3121 1568 3267 1621 malo
3320 1568 3608 1636 eseniplo.
3637 1570 3706 1621 Ait
3735 1572 3829 1639 igihzt

2314 1657 2571 1711 Dominus
2600 1658 2651 1711 in
2697 1658 2798 1713 hac
2827 1658 3104 1728 Evangelii
3158 1659 3410 1713 lectione
3462 1660 3534 1711 de
3587 1664 3827 1717 mercenariis

2313 1751 2412 1806 sub
2464 1751 2679 1805 nomine
2727 1751 3046 1806 Scribarum
3098 1762 3153 1805 et
3208 1752 3658 1807 Pharisaeorum.
3697 1753 3738 1807 Et
3770 1758 3828 1810 hoc

621 1866 881 1921 prospera
913 1856 1188 1925 sapienter
1224 1866 1522 1927 temperat,
1570 1857 1751 1911 omnia
1802 1858 2199 1926 communicat,

2314 1844 2472 1897 modo
2499 1862 2513 1896 :
2548 1841 2727 1897 Primo
2755 1842 3015 1897 describit
3056 1843 3249 1913 quales
3278 1856 3419 1897 snnt
3439 1884 3456 1908 ,
3492 1853 3551 1897 et
3577 1850 3826 1914 quomodcg

621 1960 897 2015 nunquam
925 1950 1146 2016 excidit,
1171 1949 1399 2005 aliorum
1428 1950 1567 2005 bona
1595 1966 1690 2005 sua
1717 1950 1869 2017 facit,
1893 1950 2006 2006 sola
2035 1951 2204 2007 Deum

620 2038 768 2092 videt
798 2048 851 2093 et
875 2042 1172 2109 cognoscit.

693 2128 951 2199 Sequitur
990 2120 1115 2203 pars
1158 2134 1313 2188 tertia
1335 2177 1350 2203 ,
1398 2135 1449 2189 in
1480 2150 1583 2205 qua
1616 2136 1875 2192 Dominus
1900 2135 2204 2192 Phariszeos

620 2233 978 2293 congregatos
1004 2225 1252 2281 confutat
1273 2268 1287 2290 ,
1319 2227 1705 2299 interrogando
1732 2245 1826 2283 eos
1864 2230 1964 2285 hoc
1998 2230 2155 2285 modo
2184 2246 2201 2284 :

622 2313 762 2379 Quid
785 2317 925 2369 vobis
954 2318 1161 2371 videtur
1181 2319 1245 2373 de
1267 2320 1513 2374 Christo?
1540 2318 1706 2391 Cujus
1732 2321 1874 2390 filius
1897 2323 2008 2376 est?
2035 2323 2204 2377 luter-

618 2415 776 2475 rogat
802 2417 987 2464 autem
1012 2425 1107 2464 eos
1127 2452 1144 2479 ,
1180 2427 1284 2467 non
1314 2423 1375 2467 ut
1402 2414 1513 2483 ipse
1538 2415 1605 2468 ab
1633 2414 1713 2468 eis
1742 2413 2077 2478 erudiretur,
2108 2414 2200 2483 qui

617 2498 799 2553 omnia
828 2510 1089 2568 noverat,
1117 2503 1210 2557 sed
1244 2512 1301 2557 ut
1322 2516 1415 2558 eos
1443 2503 1715 2565 erudiret,
1749 2504 1839 2573 qui
1870 2504 2075 2559 erudiri
2110 2519 2204 2559 no—

618 2588 836 2659 lebant,
886 2594 979 2649 sed
1012 2604 1071 2649 ut
1114 2595 1405 2650 ostendens
1448 2610 1635 2650 eorum
1684 2596 2082 2666 ignorantiam,
2111 2610 2204 2651 eo-

618 2697 739 2738 rum
783 2684 1087 2741 confutaret
1116 2687 1455 2757 superbiam,
1480 2688 1572 2758 qui
1622 2686 1846 2743 scientia
1874 2688 2007 2758 legis
2035 2686 2203 2743 inﬂati

617 2786 803 2843 erant,
832 2787 888 2833 et
917 2788 973 2833 ut
997 2778 1065 2834 de
1090 2788 1291 2835 arterna
1336 2780 1538 2835 Christi
1572 2781 1857 2837 nativitate
1885 2797 1984 2836 nos
2020 2781 2203 2836 erudi-

615 2877 730 2935 ret,
775 2879 831 2925 et
871 2881 933 2925 ut
980 2872 1282 2943 garrulitati
1332 2871 1728 2928 Pharisaeorum
1778 2872 2049 2929 silentium
2095 2875 2203 2929 im-

614 2970 862 3030 poneret.
920 2961 1121 3018 Horum
1178 2964 1342 3034 igitur
1389 2966 1700 3036 superbiam
1748 2964 2029 3031 confutat,
2076 2982 2200 3021 cum

615 3062 709 3103 eos
763 3052 999 3105 ostendit
1050 3052 1297 3121 ignorare
1347 3056 1618 3124 quomodo
1688 3057 1936 3113 Christus
1990 3057 2203 3111 dicatur

616 3155 647 3194 a
677 3141 950 3243 propheta
970 3144 1229 3243 Dominus
1253 3144 1441 3200 David.
1468 3146 1740 3203 Putabant
1763 3150 1929 3214 enim,
1953 3159 2007 3205 et
2027 3151 2203 3206 adhuc
2231 3185 2274 3243 ο

612 3240 806 3301 putant
848 3231 1055 3303 Judaei,
1088 3234 1363 3293 Christum
1407 3253 1599 3307 purum
1650 3240 1923 3296 hominem
1969 3241 2085 3297 fore
2133 3257 2203 3298 ex

612 3323 819 3379 semine
848 3326 1044 3395 David,
1096 3336 1151 3383 et
1195 3327 1319 3385 ideo
1368 3339 1513 3386 recte
1541 3332 1836 3386 secundum
1866 3349 1961 3389 eos
2007 3335 2204 3404 quaerit

612 3412 875 3472 Dominus
908 3420 1178 3487 quomodo
1209 3420 1379 3476 David
1416 3433 1572 3478 vocet
1599 3421 1875 3480 Christum
1912 3425 2201 3482 Dominum

611 3519 801 3575 suum;
836 3525 959 3565 cum
987 3512 1059 3567 sit
1091 3514 1387 3570 secundum
1416 3531 1510 3572 eos
1539 3534 1604 3574 eo
1626 3520 1900 3591 antiquior
1927 3531 2199 3591 tempore,

610 3604 669 3651 et
697 3607 850 3667 pater
882 3603 1252 3690 generatione.
1280 3604 1413 3661 Nam
1450 3610 1494 3663 si
1526 3609 1774 3668 Christus
1802 3622 1885 3667 est
1923 3612 2066 3668 ﬁlius
2099 3613 2203 3667 Da-

610 3688 722 3755 vid,
748 3688 1018 3760 quomodo
1038 3692 1155 3763 ejus
1178 3707 1262 3753 est
1279 3698 1571 3757 Dominus?
1600 3702 1690 3758 Vel
1712 3704 1755 3760 si
1777 3705 1895 3774 ejus
1918 3704 2199 3768 Dominus.

610 3781 882 3865 quomodo
924 3782 1041 3853 ejus
1071 3796 1153 3842 est
1194 3787 1376 3847 illius?
1406 3791 1514 3847 Nos
1540 3803 1719 3849 autem
1769 3795 1987 3851 instruit
2021 3796 2200 3849 Doml-

609 3886 713 3926 nus
738 3872 804 3928 de
826 3883 1028 3931 :eterna
1054 3894 1150 3933 sua
1178 3884 1525 3952 generatione
1557 3901 1651 3957 per
1708 3887 1869 3941 verba
1925 3888 2199 3957 prophetat

608 3964 1004 4027 introducentis
1049 3971 1267 4031 Patrem
1319 3978 1386 4031 ad
1430 3977 1625 4033 Filium
1675 3979 2019 4050 loquentem,
2070 3980 2191 4036 ita:

608 4053 745 4112 Sede
772 4076 803 4113 a
827 4059 1030 4118 dextris
1066 4065 1196 4120 meis
1219 4063 1394 4138 (Psal.
1421 4069 1554 4133 crs).
1593 4068 1725 4124 Nam
1755 4072 1809 4125 in
1841 4072 2198 4140 sequentibus

606 4150 855 4207 versibus
886 4156 1071 4211 statim
1114 4160 1421 4215 ostenditur
1461 4161 1713 4219 Christus
1742 4179 1863 4219 esse
1895 4172 2197 4220 coreternus

606 4238 755 4297 Patri
784 4248 875 4313 qui
918 4248 965 4302 ei
1010 4249 1181 4305 dicit:
1214 4250 1401 4307 Tecum
1434 4257 1756 4324 principium
1784 4258 1839 4310 in
1874 4258 1960 4311 die
1989 4261 2196 4313 virtutis

605 4338 714 4385 tua:
744 4334 918 4406 (ibid.)
938 4379 952 4403 ,
980 4339 1237 4397 subaudis
1263 4353 1347 4397 est
1377 4344 1507 4398 mihi
1534 4363 1549 4409 ;
1576 4356 1629 4400 et
1651 4362 1771 4401 esse
1811 4363 1878 4400 ex
1904 4364 1969 4401 eo
1999 4358 2159 4405 natus
2178 4391 2193 4418 ,

606 4436 729 4477 cum
779 4428 1124 4500 subjungilur
1156 4450 1169 4486 :
1203 4432 1338 4487 Ante
1381 4434 1657 4504 luciferum
1698 4439 1853 4507 genui
1896 4447 1945 4493 te
1989 4438 2191 4511 (ibid.j.

2314 1935 2572 1989 habeant.
2608 1934 2857 1989 Secundo
2882 1936 3123 1989 ostendit
3153 1936 3288 2004 quid
3316 1936 3408 1989 eis
3442 1951 3475 1989 a
3508 1938 3682 2004 populo
3700 1939 3827 1994 debes

2314 2038 2421 2081 tur.
2465 2026 2647 2081 Tertio
2683 2026 2941 2080 describit
2974 2027 3102 2081 vitia
3159 2042 3389 2081 eorum.
3424 2025 3632 2092 Quarto
3661 2030 3825 2097 prolatet

2310 2119 2591 2187 discipulis
2616 2136 2682 2172 ne
2705 2135 2799 2174 eos
2823 2120 3127 2173 imitentur.
3158 2120 3369 2186 Quales
3411 2118 3589 2189 igitur
3618 2122 3828 2175 sinuosum-

2309 2212 2417 2275 dit,
2446 2228 2570 2266 cum
2621 2227 2713 2266 eos
2770 2228 2930 2267 vocat
2977 2213 3199 2267 Scribas
3238 2223 3297 2267 et
3330 2212 3665 2267 Phariszeos.
3703 2215 3825 2269 Sciit:

2308 2313 2455 2368 sunt,
2480 2306 2609 2374 quia
2635 2306 2816 2360 sciunt
2846 2306 3043 2377 legem,
3068 2306 3337 2361 Pharisaei
3378 2323 3520 2361 vero
3543 2319 3678 2373 sunt,
3698 2310 3819 2377 quisse

2309 2394 2557 2447 dividunt
2588 2396 2654 2450 ab
2680 2394 2797 2450 aliis
2843 2412 2939 2466 per
2966 2397 3285 2465 superbiam
3323 2407 3386 2451 et
3415 2397 3638 2451 inanem
3658 2398 3823 2467 glorias,

2308 2489 2568 2545 habentes
2613 2491 2823 2545 scilicet
2869 2491 3155 2545 scientiam
3206 2492 3333 2545 sine
3383 2492 3685 2555 charitate,
3735 2509 3826 2562 qna,

2300 2577 2453 2647 juxta
2483 2582 2821 2651 Apostolum,
2862 2581 3045 2647 inﬂat,
3080 2600 3185 2636 non
3235 2583 3489 2638 aediﬁcat
3529 2583 3580 2653 (Ι
3614 2581 3712 2637 Cur.
3741 2587 3823 2649 nzt}.

2307 2671 2588 2740 Quomodo
2611 2692 2668 2731 se
2692 2676 2931 2731 habent?
2955 2677 3131 2747 Super
3151 2678 3490 2732 cathedram
3519 2677 3673 2748 Moysi
3691 2680 3828 2732 scibat.

2307 2765 2407 2820 Est
2431 2776 2610 2821 autem
2655 2769 2912 2823 cathedra
2949 2769 3277 2834 doctorum,
3325 2768 3481 2823 sicut
3519 2770 3719 2823 tribunal
3739 2771 3830 2837 jad~

2307 2872 2463 2922 cum,
2498 2859 2726 2913 thronus
2785 2875 2995 2931 regmn.
3021 2860 3126 2915 Per
3156 2862 3499 2915 cathedram
3530 2876 3651 2931 ergo
3666 2862 3833 2915 (locum

2306 2946 2439 3021 legis
2475 2951 2558 3005 vel
2605 2951 2877 3023 Evangelii
2929 2954 3276 3023 intelligitur.
3311 2953 3515 3009 Bonus
3564 2971 3673 3024 ergo
3703 2968 3832 3024 pastor

2306 3047 2459 3101 sedet
2503 3046 2555 3100 in
2586 3048 2879 3111 cathedra,
2916 3047 3042 3118 quia
3075 3048 3219 3103 intra
3260 3048 3590 3103 doctrinam
3614 3050 3714 3119 legis
3746 3064 3837 3103 sese

2308 3148 2525 3192 coercet
2547 3178 2563 3201 ,
2599 3153 2699 3193 nec
2733 3155 2854 3193 eam
2897 3139 3317 3209 transgreditur.
3355 3139 3704 3195 Mercenarias
3740 3156 3837 3191 ma

2307 3228 2459 3284 sedet
2488 3244 2652 3300 super
2683 3230 2998 3303 cathedram
3021 3270 3036 3294 ,
3066 3230 3190 3299 quia
3240 3231 3573 3287 doctrinam
3615 3232 3721 3300 legis
3738 3232 3835 3285 male

2305 3320 2584 3390 Operando
2608 3323 3002 3391 transgreditur
3022 3331 3075 3377 et
3104 3322 3422 3377 conculcat.
3459 3323 3835 3378 llmretirusvem

2306 3411 2457 3466 sedet
2504 3423 2655 3466 extra
2703 3415 3051 3479 cathedram,
3083 3414 3174 3484 qui
3228 3429 3331 3469 nec
3385 3414 3571 3479 facto,
3603 3431 3690 3469 nec
3728 3416 3831 3468 verte

2306 3504 2609 3559 doctrinam
2658 3504 2789 3576 legis
2826 3516 2990 3559 tenet.
3028 3504 3281 3561 Secundo
3308 3508 3448 3577 quid
3502 3524 3631 3561 oves
3670 3508 3831 3560 delicia

2305 3597 2659 3650 mercenariis
2682 3637 2694 3661 ,
2724 3598 2964 3651 ostendit
2992 3614 3115 3651 cum
3142 3598 3329 3653 sobdit
3360 3615 3376 3652 :
3409 3600 3740 3669 Qucrcunque
3762 3616 3827 3665 eis

2303 3688 2531 3742 dixerint
2557 3690 2719 3755 vobis,
2746 3698 2945 3744 servate
2976 3700 3024 3744 et
3050 3691 3249 3759 facile;
3272 3696 3577 3746 secundum
3611 3711 3719 3748 vero
3739 3709 3837 3761 eger:

2302 3793 2483 3831 eorum
2521 3779 2680 3833 nolite
2722 3781 2919 3850 facere.
2972 3781 3050 3834 Ac
3084 3782 3129 3835 si
3183 3794 3375 3851 aperte
3408 3784 3567 3853 dicat
3595 3801 3610 3837 ;
3639 3782 3753 3849 Qui:
3778 3784 3835 3833 ὰ»

2302 3871 2532 3925 ctrinam
2564 3872 2696 3941 legis
2720 3875 3039 3943 praedicant,
3061 3875 3314 3930 audiendi
3342 3887 3501 3941 sunt,
3523 3879 3621 3931 sed
3642 3880 3749 3946 quia
3766 3892 3839 3927 em

2300 3967 2441 4021 male
2490 3968 2719 4023 vivendo
2753 3969 3251 4039 transgrediuntur,
3291 3972 3568 4041 sequendi
3600 3986 3700 4023 non
3740 3980 3837 4020 sum.

2262 4066 2263 4069 “
2300 4062 2480 4119 Bonus
2525 4080 2653 4136 ergo
2690 4076 2893 4136 pastor,
2933 4066 3058 4136 quia
3102 4076 3156 4119 et
3188 4068 3443 4121 doctrina
3480 4077 3533 4121 et
3573 4066 3680 4121 vita
3723 4066 3842 4131 leges:

2260 4160 2263 4163 '
2302 4166 2471 4220 tenet.
2504 4158 2806 4213 audiendus
2840 4168 2896 4216 et
2922 4160 3231 4228 sequendus
3259 4170 3368 4214 est.
3402 4159 3571 4215 Unde
3600 4161 3839 4214 Domiaes:

2308 4247 2521 4315 Vocem,
2544 4251 2740 4321 inquit,
2765 4252 2880 4322 ejus
2903 4268 3016 4306 oves
3044 4254 3299 4320 audiunt,
3322 4265 3369 4308 et
3391 4266 3697 4323 sequuntur
3716 4253 3841 4320 (le-as.

2298 4344 2377 4413 ι).
2411 4342 2775 4400 Mercenarius
2813 4362 2943 4401 vero
2965 4389 2979 4411 ,
3028 4349 3154 4417 quia
3190 4363 3297 4403 non
3347 4350 3491 4412 vita,
3523 4350 3627 4403 sed
3660 4349 3755 4402 sola
3782 4348 3842 4397 die

2296 4436 2471 4489 ctrina
2497 4434 2667 4507 legem
2694 4446 2859 4503 tenet,
2891 4448 2975 4495 est
3000 4440 3321 4503 audiendus,
3345 4450 3399 4494 et
3426 4456 3536 4493 non
3563 4442 3843 4509 sequendas.

605 4518 812 4589 Itaque,
842 4522 1039 4580 fratres
1070 4529 1194 4595 mei,
1225 4530 1369 4599 quod
1400 4529 1570 4585 Judaei
1602 4530 1873 4601 ignorant,
1906 4548 2005 4588 nos
2032 4533 2191 4587 iure]-
2221 4548 2272 4609 ι)
2300 4523 2451 4579 Unde
2481 4537 2535 4581 et
2569 4528 2657 4582 hic
2688 4529 2886 4583 dicitur
2920 4544 2934 4582 :
2973 4529 3313 4601 Quwcunque
3344 4532 3586 4585 dixerint
3620 4532 3751 4584 robi:
3772 4546 3844 4580 ιιττο

604 4609 820 4681 ligimus
846 4617 977 4671 duas
1004 4618 1207 4677 Christi
1242 4624 1570 4686 nativitates,
1602 4640 1764 4679 unam
1793 4627 1859 4682 de
1880 4625 2042 4683 Patre
2065 4637 2191 4684 ante

604 4705 800 4759 sarcula
820 4747 835 4770 ,
866 4712 1162 4765 secundum
1194 4729 1357 4782 quam
1390 4725 1473 4769 est
1504 4731 1643 4769 unus
1668 4716 1812 4772 Deus
1843 4729 1897 4772 et
1930 4720 2191 4778 Dominus

604 4808 727 4850 cum
756 4796 937 4854 Patre.
964 4799 1118 4856 Unde
1152 4812 1206 4857 et
1231 4802 1396 4858 David
1428 4815 1583 4860 vocat
1619 4823 1742 4863 eum
1776 4808 2086 4867 Dominum.
2122 4813 2189 4869 Et

603 4887 832 4943 alteram
884 4892 936 4947 in
968 4902 1209 4964 tempore
1236 4895 1304 4951 de
1338 4895 1555 4966 Virgine
1576 4940 1591 4964 ,
1640 4903 1705 4955 de
1737 4905 1944 4959 semine
1976 4906 2189 4963 scilicet

600 4981 810 5049 David,
841 4984 982 5040 unde
1024 4996 1079 5041 et
1126 4987 1267 5043 ﬁlius
1310 4989 1481 5047 David
1528 4994 1703 5049 dictus
1749 5007 1851 5051 est.
1900 4998 2186 5053 Silentium

602 5076 766 5128 etiam
797 5076 1025 5146 imponit
1055 5078 1344 5138 Pharisazis
1365 5126 1377 5148 ,
1406 5095 1464 5139 ut
1498 5095 1606 5140 tam
1635 5088 1915 5143 evidenter
1942 5090 2008 5143 de
2036 5091 2187 5160 igno-

603 5169 778 5221 rantia
810 5172 1110 5227 nativitatis
1154 5176 1351 5233 Christi
1405 5180 1643 5245 confusi,
1694 5197 1799 5236 non
1828 5182 2061 5253 amplius
2090 5202 2186 5238 au-

604 5257 765 5313 deant
794 5275 917 5315 eum
951 5264 1016 5318 de
1044 5266 1271 5321 scientia
1300 5268 1434 5339 legis
1458 5270 1711 5341 aggredi,
1746 5289 1905 5342 quem
1930 5273 2185 5331 videbant

602 5366 759 5407 nosse
789 5356 969 5410 omnia
1003 5370 1208 5414 secreta
1248 5362 1395 5433 Icgis.

672 5442 933 5515 Sequitur
962 5466 1089 5520 pars
1124 5463 1313 5520 quarta
1336 5495 1350 5518 ,
1379 5454 1430 5508 in
1469 5472 1572 5524 qua
1604 5455 1865 5513 Dominus
1888 5457 2182 5529 discipulos

599 5545 654 5589 et
668 5537 962 5609 simplicem
986 5544 1197 5599 turbam
1219 5549 1498 5602 moraliter
1519 5550 1756 5616 instruit,
1773 5552 1990 5607 dicens:
2013 5552 2185 5624 Super

599 5635 899 5690 cathedram
936 5638 1139 5709 Moysi,
1170 5644 1412 5697 sederunt
1444 5644 1641 5699 Scriba:
1667 5656 1713 5699 et
1747 5644 2006 5701 Pharistei
2028 5689 2042 5713 ,
2074 5658 2183 5705 etc.

600 5725 815 5796 (Matth.
857 5733 1036 5801 χχιιι).
1072 5733 1224 5787 Sicut
1253 5750 1319 5789 ex
1350 5736 1450 5791 hoc
1480 5746 1535 5792 et
1560 5754 1625 5792 ex
1651 5738 1772 5793 aliis
1801 5742 1970 5795 sancti
2006 5740 2181 5796 Evan-

598 5822 720 5893 gelii
752 5822 903 5894 locis,
929 5826 1253 5897 colligimus,
1282 5829 1476 5887 fratres
1505 5832 1634 5901 mei,
1656 5842 1767 5890 tres
1797 5843 1943 5901 sunt,
1970 5842 2179 5905 pastor,

2296 4632 2413 4674 vate
2438 4630 2484 4673 et
2527 4621 2705 4689 facile.
2742 4620 3039 4676 Secundum
3066 4641 3184 4677 vero
3218 4641 3376 4693 Opera
3404 4643 3595 4679 eorum
3629 4628 3773 4677 nolite
3795 4632 3843 4685 ῑςε

2294 4730 2426 4767 cere.
2449 4712 2561 4767 Fur
2597 4730 2748 4782 vero,
2781 4716 2905 4783 quia
2936 4731 3036 4770 nec
3068 4718 3317 4771 doctrina
3350 4733 3449 4771 nec
3476 4718 3594 4769 vita
3636 4726 3767 4769 leuet
3790 4714 3841 4765 ιιι-

2293 4821 2411 4876 gem
2435 4848 2450 4873 ,
2496 4824 2596 4862 nec
2625 4808 2925 4864 audiendus
2947 4850 2962 4875 ,
2988 4824 3089 4864 nec
3121 4812 3429 4880 sequendus
3454 4819 3569 4863 est.
3604 4808 3747 4863 Unde
3773 4809 3845 4860 th:-

2292 4900 2471 4954 minus
2502 4917 2517 4955 :
2553 4900 2675 4954 Non
2708 4901 3026 4968 audierunt,
3062 4903 3270 4973 inquit,
3308 4920 3393 4959 eos
3432 4920 3592 4965 oves,
3626 4906 3742 4971 quia
3770 4916 3841 4949 es:

2292 5004 2542 5046 noverunt
2589 5010 2761 5047 vocem
2808 4993 3101 5049 alienorum
3146 4995 3347 5065 (ibid.).
3389 4993 3638 5050 Noverat
3690 4994 3843 5061 quia?!

2291 5083 2553 5140 Dominus
2601 5086 2863 5155 quosdam
2895 5087 3140 5141 subditos
3166 5087 3314 5149 fore,
3344 5087 3427 5156 qui
3457 5086 3720 5139 videam
3748 5097 3837 5148 pr:-

2291 5193 2414 5232 vam
2464 5179 2576 5233 vita
2631 5177 2917 5234 doctorum
2949 5195 3044 5234 eos
3082 5181 3271 5236 audire
3322 5187 3756 5234 contemnerent.
3796 5172 3837 5225 Et

2289 5283 2511 5340 propter
2540 5270 2641 5324 hoc
2670 5271 2744 5323 ait
2779 5270 2865 5325 hic
2890 5287 2903 5323 :
2934 5269 3274 5342 Quwcunque
3298 5269 3529 5323 dixerint
3558 5270 3703 5321 vobis
3725 5307 3737 5327 ,
3760 5276 3833 5315 κτ-

2288 5372 2402 5417 vate
2430 5372 2478 5415 et
2510 5361 2689 5431 facile.
2733 5361 2802 5415 Et
2833 5373 3059 5417 noverat
3084 5365 3343 5433 quosdam
3385 5362 3503 5416 fore
3530 5402 3548 5428 ,
3590 5362 3684 5431 qui
3713 5360 3829 5412 etin

2288 5469 2511 5524 pravam
2595 5455 2877 5509 doctorum
2936 5454 3101 5509 vitam
3174 5463 3528 5527 sequerentur
3593 5456 3823 5508 dicentes.

2287 5545 2479 5601 Nonne
2502 5546 2604 5601 hoc
2627 5556 2683 5600 et
2713 5547 2815 5601 hoc
2840 5544 2974 5601 facit
3003 5548 3260 5601 sacerdos
3279 5586 3294 5609 ,
3322 5545 3436 5599 facit
3474 5555 3541 5597 et
3588 5545 3825 5613 episctrfé

2286 5641 2480 5696 meus?
2503 5640 2784 5707 Quomodo
2810 5656 2909 5712 ego
2939 5644 3182 5697 sanctior
3210 5657 3372 5697 essem
3397 5638 3514 5692 illis
3531 5641 3558 5691 1'
3590 5640 3713 5693 Ideo
3736 5638 3817 5689 sai-

2282 5736 2464 5807 jungit
2500 5734 2789 5806 Dominus,
2820 5738 3110 5793 secundum
3144 5754 3258 5793 rero
3286 5750 3425 5805 apem
3463 5752 3671 5788 eorum
3716 5744 3821 5783 13.223
3868 5794 3869 5811 χ

2287 5831 2496 5902 facere;
2527 5833 2655 5903 quia
2678 5834 2733 5890 in
2763 5835 3009 5891 doctrina
3037 5844 3164 5891 sunt
3192 5829 3457 5904 sequendi,
3494 5845 3619 5885 non
3650 5832 3700 5884 in
3726 5838 3815 5879 nu.
