3896 6320
81 422 197 482 308!

85 535 243 594 'fertio
279 527 541 600 subiungit
567 541 661 592 sex
703 526 830 580 vitia
863 526 1317 582 mercenarorium
1340 570 1357 596 ,
1409 531 1614 586 scilicet
1640 536 1690 594 Α

82 621 542 694 transgressionem.
560 617 957 684 crudelitatem,
991 618 1388 682 remissionem,
1417 635 1612 674 vanam

79 721 315 796 gloriam,
355 711 627 782 crapulam
646 752 661 776 ,
695 712 917 766 honoris
941 722 998 766 et
1027 712 1209 782 gloria:
1237 713 1610 768 ambitionem.

75 815 224 872 Porro
268 807 330 862 de
360 803 789 872 transgressione
838 803 971 872 legis
1015 819 1107 857 eos
1159 805 1464 876 redarguit,
1492 819 1614 859 cum

75 905 222 964 dicit:
253 899 433 954 Dicunt
457 896 592 950 enim
616 904 663 948 et
689 911 789 948 non
815 895 1048 971 faciunt.
1066 895 1141 950 De
1162 913 1372 951 summo
1401 905 1616 968 pastore

71 998 301 1066 scriptum
328 1000 408 1046 est
443 1006 457 1042 :
488 986 656 1058 Carpit
676 987 831 1042 Jesus
872 987 1044 1056 facere
1070 998 1119 1042 et
1157 989 1344 1043 docere
1383 988 1520 1059 (Act.
1551 987 1632 1060 I).~

71 1093 232 1161 Neque
255 1085 388 1142 enim
416 1080 612 1137 sufﬁcit
642 1082 884 1137 doctrina
909 1081 1026 1137 sine
1055 1082 1186 1138 vita.
1223 1081 1279 1138 Si
1307 1083 1451 1138 enim
1479 1083 1615 1138 dicis

65 1194 114 1242 et
149 1195 244 1236 non
285 1176 448 1238 facis,
497 1173 710 1228 dicetur
740 1172 873 1228 tibi:
907 1170 1084 1238 Quare
1113 1182 1166 1226 tu
1200 1172 1314 1242 ipse
1344 1175 1446 1227 hoc
1473 1171 1616 1242 quod

63 1255 290 1348 praecipis
333 1283 440 1321 non
493 1265 659 1320 facis?
683 1263 863 1333 Quare
889 1264 1152 1335 prmdicas
1185 1280 1291 1319 non
1327 1264 1617 1318 furandum

64 1372 114 1420 et
139 1357 355 1416 furaris?
381 1355 564 1427 (Rom.
599 1354 682 1424 ιι.)
711 1353 847 1410 Hinc
872 1355 947 1409 ait
976 1353 1262 1410 Psalmista
1295 1372 1310 1407 :
1343 1351 1619 1407 Peccatori

69 1465 221 1511 autem
243 1451 361 1504 dicit
387 1447 528 1502 Deus
555 1460 574 1500 :
601 1463 764 1518 quare
793 1458 848 1500 tu
875 1463 1091 1501 enarras
1104 1445 1348 1515 justitias
1379 1443 1538 1506 meas,
1569 1452 1618 1497 et

66 1544 273 1602 assumis
317 1550 678 1596 testamentum
708 1557 879 1594 meum
924 1555 1018 1610 per
1059 1553 1118 1592 os
1160 1536 1352 1591 tuum?
1379 1536 1457 1590 Tu
1501 1552 1620 1591 vero

65 1637 210 1693 odisti
239 1632 588 1704 disciplinam,
620 1640 667 1686 et
687 1631 954 1701 projecisti
977 1645 1240 1684 sermones
1262 1643 1401 1681 meos
1425 1635 1623 1681 retror-

61 1744 163 1784 sum
189 1723 355 1798 (Psal.
389 1722 559 1793 xux).
586 1721 722 1776 Hinc
769 1730 851 1777 est
879 1721 1020 1792 quod
1050 1720 1273 1775 baculus
1300 1718 1622 1791 pontiﬁcalis

64 1819 110 1873 in
127 1816 351 1886 seipsum
373 1811 695 1877 reﬂectitur;
722 1820 780 1864 ut
804 1811 1014 1867 scilicet
1038 1809 1178 1879 quod
1203 1809 1321 1864 aliis
1345 1809 1620 1880 prtedicat,

60 1911 106 1965 in
126 1925 179 1964 se
201 1905 468 1963 ostendat.
496 1903 704 1959 Rursus
731 1920 832 1959 uec
857 1901 1053 1958 sutlicit
1087 1902 1194 1957 vita
1217 1902 1334 1958 sine
1355 1902 1621 1956 doctrina.
1657 1896 1700 1952 B

61 1999 200 2057 Unde
242 1997 503 2069 propheta
535 1995 772 2050 clamat:
804 1993 895 2050 Vae
927 1995 1055 2050 mihi
1090 1994 1215 2064 quia
1265 1994 1430 2049 tacui.
1483 1992 1620 2064 (lsa.

59 2091 142 2162 vr).
172 2089 235 2145 Et
267 2088 404 2142 alius
433 2105 446 2142 :
483 2087 547 2143 Si
579 2105 682 2142 non
711 2072 1132 2152 annuntiaveris,
1160 2086 1354 2157 inquit,
1377 2086 1536 2155 impio
1564 2094 1620 2138 ut

59 2183 111 2237 ab
131 2180 401 2251 iniquitate
429 2195 531 2232 sua
561 2186 918 2244 convertatur,
944 2180 1055 2249 ipse
1081 2177 1293 2248 quidem
1334 2178 1390 2231 in
1420 2175 1622 2244 iniqui»

54 2284 146 2328 tate
168 2289 264 2327 sua
283 2273 562 2335 morietur,
584 2273 709 2342 quia
731 2289 831 2326 non
850 2272 1175 2325 annuntiain
1194 2271 1279 2337 ei;
1314 2269 1624 2340 sanguinem

52 2376 208 2420 autem
238 2364 352 2433 ejus
388 2365 454 2418 de
478 2380 640 2418 manu
664 2373 756 2418 tua
790 2363 1049 2435 requiram
1071 2361 1294 2433 (Escch.
1324 2363 1431 2432 ιιι).
1466 2360 1579 2416 Heu
1605 2400 1622 2427 ,

52 2457 234 2512 fratres
251 2455 378 2521 mei,
406 2469 572 2524 quam
595 2465 720 2510 sunt
741 2453 901 2509 hodie
924 2453 1030 2507 rari
1055 2454 1166 2508 veri
1192 2452 1463 2522 pastores!
1489 2451 1622 2504 Nam

49 2568 154 2613 nos,
177 2550 264 2621 qui
292 2557 548 2619 pastores
568 2547 738 2617 plebis
755 2560 1034 2608 vocamur,
1057 2553 1164 2599 tam
1186 2545 1237 2597 iu
1259 2543 1364 2597 vita
1384 2558 1545 2612 quam
1567 2542 1623 2596 iu

47 2643 275 2700 doctrina
293 2641 690 2697 claudicamus.
706 2638 839 2694 Nam
857 2647 1056 2709 quanta
1075 2636 1373 2692 differentia
1391 2645 1473 2691 est
1487 2637 1627 2691 inter

43 2747 297 2806 pastorem
315 2743 372 2788 et
385 2748 573 2798 ovem,
587 2741 734 2787 tanta
758 2731 1059 2786 differentia
1082 2729 1242 2785 debet
1255 2743 1374 2784 esse
1391 2727 1532 2783 inter
1547 2727 1626 2781 vi-

45 2839 142 2883 tam
161 2827 398 2898 pastoris
419 2834 479 2892 et
499 2824 662 2879 vitam
679 2823 907 2890 subditi;
928 2821 1250 2878 utvidelicet
1267 2829 1515 2890 respectu
1532 2834 1627 2873 ex-

41 2919 295 2975 cellentiae
320 2915 588 2988 pastoris,
615 2915 816 2971 subditi
842 2929 971 2984 grex
995 2914 1263 2970 dicantur.
1293 2912 1461 2968 Debet
1481 2911 1626 2970 enim

37 3014 283 3068 sacerdos
312 3026 439 3065 esse
468 3009 528 3063 iu
565 3008 761 3078 populo
804 3007 950 3063 velut
980 3008 1068 3062 lux
1102 3008 1154 3062 in
1182 3005 1447 3070 obscuro,
1482 3005 1627 3060 velut

37 3106 182 3160 stella
233 3105 286 3159 in
325 3105 563 3166 throno,
590 3109 650 3155 ut
694 3100 760 3156 ad
789 3101 1092 3155 claritatem
1122 3100 1222 3154 viae
1265 3098 1409 3170 ejus,
1443 3097 1645 3173 caueri

36 3203 163 3255 riam
188 3207 529 3271 sequantur.
555 3195 708 3252 Unde
731 3203 786 3249 et
813 3193 1072 3248 Dominus
1100 3193 1215 3248 ait:
1252 3190 1356 3246 Vos
1385 3193 1507 3246 estis
1532 3191 1626 3244 lum

28 3293 238 3358 mundi;
272 3308 363 3346 vos
390 3292 532 3368 estis
557 3290 642 3343 sal
665 3299 819 3343 terra:
845 3285 1064 3356 (Matth.
1095 3285 1173 3355 v),
1207 3290 1265 3338 ut
1285 3283 1495 3340 scilicet
1525 3299 1626 3354 per

27 3387 330 3441 claritatem
384 3366 532 3438 vitae
561 3391 784 3443 vestrae,
815 3377 1046 3448 populus
1083 3366 1407 3441 illustretur,
1440 3385 1494 3432 et
1529 3391 1626 3444 per

22 3476 344 3546 sapientiam
378 3481 631 3528 vestram
654 3468 842 3524 insulsi
865 3476 918 3522 et
943 3467 1123 3522 idiota:
1145 3467 1482 3522 erudiantur.
1517 3465 1625 3519 Sed

25 3571 182 3641 (quod
211 3570 334 3626 sine
359 3567 585 3639 gemitu
608 3563 792 3619 dicere
816 3561 1050 3632 nequeo)
1080 3575 1179 3615 nos
1203 3560 1292 3629 qui
1313 3558 1624 3623 debuimus,

17 3639 130 3720 esse
159 3663 256 3719 lux
288 3639 530 3724 mundi,
561 3656 692 3712 facti
742 3671 928 3711 sumus
965 3653 1232 3721 tenebraa,
1262 3661 1319 3707 et
1362 3660 1445 3707 est
1487 3651 1645 3724 sicut,

21 3757 242 3827 populus
297 3754 385 3810 sic
430 3750 697 3808 sacerdos
726 3747 874 3820 (Ose.
923 3760 1021 3819 ιι).
1069 3745 1126 3800 1η
1168 3744 1414 3800 doctrina
1461 3741 1627 3798 etiam

19 3850 438 3914 claudicamus,
473 3854 592 3900 tum
639 3843 767 3913 quia
797 3856 988 3897 sumus
1034 3837 1175 3908 pigri
1223 3837 1289 3890 ad
1324 3834 1625 3905 pradican-

21 3943 173 4007 dum,
202 3939 320 3996 nisi
370 3954 490 3994 non
547 3936 941 3991 attenderimus
973 3929 1268 4001 temporale
1293 3927 1628 3983 emolumen-

17 4043 144 4099 tum,
180 4043 299 4088 tum
333 4030 478 4101 quia
513 4041 775 4098 personas
802 4024 1124 4095 accipimus,
1149 4021 1336 4078 durius
1361 4031 1628 4090 pauperes

20 4127 410 4194 increpantes,
447 4127 513 4175 et
546 4124 824 4188 potentum
850 4115 979 4169 vitia
1010 4112 1095 4167 vel
1123 4111 1406 4182 palpantes
1434 4107 1521 4164 vel
1549 4115 1628 4161 ta-

15 4231 210 4275 :eutes.
243 4218 320 4273 Et
354 4218 473 4272 hoc
497 4213 666 4275 unde,
691 4210 907 4275 fratres,
934 4207 1038 4262 nisi
1062 4207 1187 4276 quia
1212 4217 1474 4275 pauperes
1499 4216 1628 4258 con-

17 4310 335 4372 .emnimus,
373 4315 438 4360 et
468 4310 725 4374 potentes
754 4299 1130 4360 formidamus,
1159 4296 1412 4350 cadentes
1443 4294 1567 4349 hinc
1595 4309 1627 4348 a

13 4400 315 4466 :haritate,
369 4396 541 4451 illinc
581 4408 611 4446 a
653 4391 877 4459 iustitia:
923 4387 1142 4459 rigore?

66 4495 147 4549 De
167 4489 538 4548 crudelitate
559 4500 691 4540 vero
704 4483 1007 4538 Pharisaeos
1033 4481 1232 4551 arguit,
1260 4495 1385 4536 cum
1403 4479 1585 4536 subdit
1608 4497 1622 4533 :

13 4585 249 4657 “ligant
289 4583 447 4636 enim
503 4593 669 4632 onera
724 4576 907 4647 gravia
960 4571 1352 4666 importabilia,
1386 4582 1434 4626 et
1460 4574 1626 4640 impo—
1655 4605 1706 4666 υ

13 4688 120 4731 runt
152 4679 214 4731 in
261 4678 551 4731 humeros
594 4669 886 4723 hominum.
915 4666 1069 4734 Quod
1097 4666 1280 4737 gravia
1310 4665 1629 4734 imponunt,

12 4769 351 4826 austeritatis
371 4809 389 4834 ,
445 4763 607 4835 quod
656 4761 1018 4830 importabilia
1040 4801 1054 4825 ,
1076 4759 1426 4814 ‘crudelitatis
1447 4766 1502 4813 et
1531 4759 1653 4826 im-g

21 4862 216 4918 ietatis
249 4867 414 4915 erat.
452 4855 586 4910 lloc
617 4853 824 4908 faciunt
875 4851 1037 4905 etiam
1069 4852 1228 4907 hodie
1257 4835 1477 4921 quidam
1507 4847 1628 4902 falsi

15 4967 280 5023 astores,
324 4951 432 5024 qui
472 4947 792 5004 nescientes
819 4933 1063 5016 compati
1083 4943 1488 5016 infirmitatibus
1509 4941 1630 4998 sub-

16 5052 257 5112 itorum,
298 5046 403 5100 alii
445 5044 752 5110 imponunt
801 5052 938 5094 onus
990 5046 1051 5091 ut
1099 5029 1216 5107 per.
1246 5045 1409 5092 totam
1462 5036 1627 5090 vitam

9 5158 137 5197 nam
166 5141 414 5212 jejunet
441 5135 506 5190 in
549 5147 693 5202 pane
718 5141 773 5186 et
802 5146 963 5200 aqua.
989 5129 1115 5194 Alii,
1147 5137 1208 5183 ut
1232 5142 1446 5198 semper
1472 5127 1524 5182 in
1547 5115 1650 5182 ci-'

10 5236 102 5289 cio
132 5244 194 5288 et
243 5233 462 5287 cinere
493 5239 675 5294 super
698 5232 900 5278 terram
928 5221 1223 5278 recumbet.
1249 5220 1377 5285 Alii,
1409 5229 1469 5274 ut
1492 5234 1652 5295 sem-I

5 5343 67 5384 er
96 5327 262 5383 nudo
295 5324 459 5397 pede
487 5319 737 5374 exsulet.
785 5316 912 5383 Alii,
942 5324 1002 5369 ut
1027 5313 1208 5368 omnia
1241 5311 1546 5379 relinquat,
1575 5318 1656 5400 et,

5 5434 226 5474 remum
255 5418 478 5472 intret.
505 5409 656 5478 Qua:
678 5409 875 5463 infirmi
900 5404 1262 5476 importabilia
1292 5410 1628 5472 reputantes,

5 5511 124 5568 uasi
161 5510 239 5566 de
273 5507 462 5564 venia
506 5500 866 5572 desperando
907 5513 1121 5553 onmem
1169 5497 1428 5552 deserunt
1473 5495 1631 5551 satis-

6 5605 281 5660 ictionom
307 5643 325 5667 ,
362 5610 430 5653 et
486 5597 550 5650 in
597 5593 842 5664 peccatis
867 5599 1204 5664 permanent.
1238 5589 1513 5660 Scriptum
1545 5596 1632 5644 est

6 5697 109 5752 tim
145 5713 161 5752 :
202 5714 226 5748 ¢
265 5691 527 5751 Asellus
558 5701 803 5756 sequens
832 5691 1059 5741 matrem
1087 5683 1248 5739 nimis
1274 5692 1529 5738 oneratus
1551 5677 1652 5737 di-'

5 5792 153 5846 :rtit.
188 5807 212 5842 s
251 5788 397 5844 Non
431 5788 648 5839 autem
677 5779 962 5834 attendunt
982 5779 1074 5847 qui
1103 5779 1204 5833 hoc
1233 5776 1462 5840 faciunt,
1487 5761 1656 5846 quod.

7 5885 393 5944 amaritanus
462 5872 734 5936 sauciato
787 5870 1030 5934 adhibuit
1082 5870 1259 5928 oleum
1315 5879 1371 5935 et
1422 5869 1660 5962 ιιὶιιιιιῃ.⁸

1652 3261 1699 3324 C

743 411 1049 468 HOMILUE
1089 410 1156 466 IN
1185 411 1404 468 EPIST.
1433 411 1522 468 ΕΤ
1559 409 1816 468 EVANG.
1848 411 2146 469 DOMINIC.
2180 441 2250 454 --
2286 410 2465 467 PARS
2502 412 2567 467 ll.

3142 416 3285 472 208?.

1717 527 1905 584 Oleum
1953 528 2366 592 misericordia,
2399 535 2455 583 et
2489 528 2672 583 vinum
2717 530 3096 586 correctionis.
3125 528 3284 588 Unde

1713 631 1767 676 et
1791 622 1988 678 Paulus
2016 638 2030 676 :
2061 621 2120 677 Si
2148 631 2572 691 prwoccupulus,
2607 622 2816 690 inquit,
2845 624 3007 693 fuerit
3033 625 3187 678 homo
3230 625 3286 679 in

1715 715 1892 786 aliquo
1917 714 2138 777 delicto,
2167 732 2255 770 vos
2288 715 2377 786 qui
2424 714 2724 783 spirituales
2758 717 2879 770 estis
2921 717 3164 773 instruite
3189 718 3288 772 hu-

1707 807 1946 876 jusmodi
1977 809 2035 862 in
2061 807 2253 876 spiritu
2293 807 2527 861 lenitatis
2547 850 2560 873 ,
2591 808 2926 862 considerans
2973 810 3197 877 teipsum
3227 825 3290 864 ne

1714 907 1760 952 et
1793 906 1848 951 tu
1876 899 2115 952 tenteris.
2142 897 2290 951 Alter
2317 896 2536 951 alterius
2564 914 2725 952 onera
2751 906 2954 966 portate
2972 936 2990 963 ,
3015 908 3062 952 et
3090 899 3165 953 sic
3195 899 3293 953 ad-

1715 989 1995 1058 implebitis
2039 988 2201 1059 legem
2226 987 2422 1043 Christi
2443 987 2586 1060 (Gal.
2611 989 2711 1058 vt).
2741 988 2918 1043 Bonus
2944 1003 3075 1058 ergo
3105 999 3292 1058 pastor

1716 1083 1943 1137 accedat
1985 1081 2050 1136 ad
2082 1091 2421 1151 peccatorem
2452 1096 2605 1137 more
2634 1081 2963 1136 Samaritani
2993 1090 3048 1135 et
3079 1081 3293 1136 miseri-

1718 1174 1902 1228 cordia
1950 1182 2232 1228 moveatur
2268 1188 2442 1244 'super
2488 1188 2635 1229 eum.
2663 1172 2796 1228 Cum
2845 1173 3150 1229 intirmetur
3196 1186 3296 1244 per

1719 1264 2170 1333 compassionem,
2195 1274 2383 1335 postea
2409 1264 2658 1320 infundat
2679 1264 2854 1320 oleum
2883 1265 3213 1321 consolando
3239 1273 3297 1320 et

1719 1357 1931 1414 veniam
1976 1358 2363 1428 promittendo.
2410 1358 2599 1414 Tertio
2643 1358 2890 1414 infundat
2937 1359 3297 1425 viuum,mo-

1721 1451 1875 1507 deste
1899 1449 2236 1518 corrigendo.
2268 1449 2472 1517 Quarto
2498 1466 2620 1506 eum
2643 1450 2889 1506 sublevet
2915 1451 2967 1505 in
2985 1437 3296 1518 iumentum

1722 1559 1902 1602 suum.
1929 1540 2044 1609 ejus
2069 1555 2235 1596 onera
2267 1542 2536 1610 portando
2563 1555 2659 1613 per
2683 1525 2979 1606 orationes,
3031 1538 3298 1596 sacrificia

1723 1643 1778 1690 et
1805 1633 2127 1698 oblationes,
2153 1643 2211 1688 ut
2239 1634 2482 1688 imitetur
2506 1633 2656 1688 illum
2683 1648 2869 1688 verum
2901 1632 3181 1688 Pastorem
3205 1631 3298 1701 qui

1725 1727 2011 1798 languores
2037 1733 2255 1781 nostros
2294 1725 2409 1795 ipse
2439 1725 2586 1788 tulit,
2617 1734 2671 1778 et
2696 1733 2920 1794 peccata
2951 1734 3141 1780 nostra
3181 1708 3298 1794 ipse

1725 1821 1982 1892 portavit.
2013 1821 2088 1874 De
2111 1817 2276 1873 nimia
2306 1817 2626 1873 remissione
2651 1815 2958 1872 Pharisaeos
2987 1817 3296 1888 redarguit,

1727 1928 1849 1969 cum
1893 1910 2121 1966 subdit:
2155 1906 2340 1979 Digito’
2381 1916 2556 1962 autem
2598 1923 2694 1961 suo
2741 1906 2922 1961 nolunt
2970 1925 3031 1962 ea
3075 1924 3298 1962 movere.

1725 2004 1890 2072 Quasi
1919 2001 2067 2058 dicat
2091 2019 2105 2055 :
2129 1998 2390 2056 Graviora
2412 1998 2686 2063 mandata,
2711 2013 2830 2068 quae
2851 1996 2973 2053 aliis
2997 1998 3298 2068 imponunt,

1726 2093 1828 2166 ipsi
1854 2109 1953 2148 nec
1975 2091 2026 2146 in
2057 2091 2280 2147 minimo
2301 2090 2516 2163 aggredi
2538 2090 2748 2157 volunt,
2778 2098 2832 2146 et
2855 2090 2927 2144 ita
2948 2104 3070 2144 cum
3104 2088 3157 2143 in
3181 2089 3302 2144 aliis

1727 2184 2088 2252 saeviant,sibi
2108 2184 2285 2239 minus
2300 2181 2518 2256 [magis]
2536 2181 2828 2253 indulgent.
2845 2180 2980 2237 Cum
2997 2180 3303 2236 ccontrario

1726 2277 1957 2335 ofﬁcium
1975 2276 2100 2332 boni
2121 2277 2352 2347 pastoris
2368 2276 2458 2341 sit,
2473 2275 2618 2330 vitiis
2635 2274 2749 2329 suis
2764 2289 3035 2345 nunquam
3060 2272 3304 2343 indulge-

1726 2385 1808 2434 re,
1829 2368 1924 2423 sed
1945 2383 2004 2422 se
2024 2367 2264 2438 asperius
2287 2364 2532 2434 judicare
2555 2374 2609 2421 et
2640 2373 2892 2431 tractare,
2909 2374 2964 2420 et
2983 2363 3103 2420 aliis
3128 2362 3303 2420 indul-

1727 2461 2028 2531 gentiorem
2058 2474 2198 2515 esse.
2228 2458 2451 2513 Multum
2480 2458 2532 2512 iu
2559 2459 2662 2514 hoc
2685 2499 2700 2523 ,
2729 2458 2926 2512 fratres
2955 2457 3092 2521 mei,
3125 2458 3304 2527 quoti-

1728 2555 1814 2608 die
1843 2567 2150 2622 peccamus,
2181 2550 2272 2611 ιιιιί
2305 2549 2425 2605 aliis
2450 2549 2697 2621 graviora
2722 2564 2886 2605 onera
2911 2548 3302 2604 satisfactionis

1728 2643 2067 2712 imponentes
2091 2681 2106 2706 ,
2137 2655 2238 2694 nos
2283 2639 2508 2694 remisse
2556 2648 2880 2704 tractamus,
2911 2639 3141 2695 aliorum
3168 2637 3300 2694 vitia

1721 2734 2046 2805 iudicamus.
2076 2742 2130 2788 et
2155 2741 2335 2786 nostra
2365 2746 2706 2788 exeusamus.
2734 2731 2867 2786 Aliis
2895 2731 3026 2786 dura
3057 2739 3112 2787 et
3141 2731 3301 2802 longa

1721 2825 1925 2896 jejunia
2003 2823 2357 2893 imponimus,
2418 2834 2474 2878 et
2528 2838 2626 2880 nos
2695 2824 3181 2880 comessationibus
3244 2823 3303 2881 et

1728 2917 2080 2974 ebrietatibus
2108 2931 2384 2972 vacamus.
2413 2916 2548 2972 Aliis
2593 2918 2897 2973 castitatem
2928 2916 3305 2988 praecipimus,

1728 3018 1785 3064 et
1830 3024 1928 3064 uos
1975 3007 2194 3063 renibus
2225 3007 2584 3078 indulgemus.
2616 3007 2763 3063 Alios
2793 3008 2978 3064 vestiri
3011 3008 3216 3072 cilicio,
3247 3018 3306 3063 et

1724 3101 1909 3170 jacere
1937 3099 1990 3154 in
2024 3115 2184 3156 sacco
2216 3109 2271 3154 et
2297 3101 2479 3154 cinere
2504 3099 2874 3169 prmeipimus,
2909 3108 2968 3177 et.
2993 3114 3092 3154 nos
3133 3099 3307 3154 molli—

1729 3195 1831 3250 bus
1857 3193 2138 3258 vestimur,
2164 3201 2219 3249 et
2250 3192 2303 3247 in
2335 3192 2560 3247 mollitie
2585 3193 2923 3248 recubamus.
2952 3193 3103 3248 Alios
3121 3194 3305 3248 oumia

1730 3286 2035 3356 relinquere
2065 3296 2120 3341 et
2148 3286 2740 3356 pauperibus'crogare
2779 3300 3080 3340 monemus.
3117 3285 3181 3340 Et
3207 3301 3307 3341 nos

1697 3396 1703 3402 ·
1729 3379 1883 3434 avari
1917 3379 1970 3434 in
1999 3388 2142 3433 terra
2172 3377 2621 3442 thesaurizamus,
2648 3377 2906 3433 facientes
2933 3376 3130 3447 duplex
3153 3377 3304 3446 judi-

1729 3471 1870 3527 cium
1891 3511 1909 3538 ,
1941 3471 2087 3526 aliud
2114 3470 2394 3541 proximo,
2425 3467 2570 3525 aliud
2601 3470 2774 3524 nobis.
2808 3469 2876 3524 Et
2900 3471 3043 3539 quod
3085 3469 3139 3523 in
3184 3469 3304 3524 aliis

1729 3564 2067 3626 damnamus,
2100 3561 2152 3615 in
2184 3560 2339 3617 nobis
2366 3574 2712 3624 excusamus,
2740 3545 3153 3630 cum‘scriptum
3184 3552 3302 3615 sit:

1731 3653 1942 3711 Statera
1970 3663 2018 3708 et
2046 3663 2275 3718 statera,
2306 3653 2508 3722 pondus
2538 3662 2585 3706 et
2627 3637 2830 3724 pondus
2863 3663 3141 3723 utrumque
3187 3652 3332 3706 abot

1728 3750 1951 3804 minutio
1974 3758 2048 3802 est
2092 3748 2232 3816 apud
2281 3746 2444 3800 Deum
2475 3746 2657 3816 (Prov.
2705 3747 2824 3817 xx).
2857 3747 2933 3802 De
2967 3762 3101 3800 vana
3135 3745 3302 3814 gloria

1729 3857 1822 3897 eos
1854 3841 2131 3913 redarguit
2157 3857 2280 3897 cum
2306 3841 2486 3898 subdit
2513 3859 2526 3894 :
2564 3831 2879 3895 Umnia'sua
2911 3856 3066 3909 opera
3098 3839 3305 3907 faciunt

1729 3942 1789 3988 ut
1820 3935 2098 3989 videantur
2124 3933 2189 3988 ab
2216 3934 2528 3989 hominibus.
2561 3931 2686 3996 Sed,
2719 3933 2858 3987 sicut
2885 3932 3010 3988 alibi
3043 3932 3173 3987 dicit
3202 3931 3305 3985 Do-

1730 4027 1928 4092 minus,
1953 4037 2252 4096 receperunt
2279 4015 2563 4080 mercedem
2583 4039 2733 4078 suam
2752 4022 2966 4095 (Matth,
2989 4022 3064 4093 v),
3088 4023 3302 4077 laudem

1731 4121 1937 4176 scilicet
1964 4103 2281 4185 humanam,
2325 4133 2485 4190 quam
2531 4116 2880 4187 quaesierunt.
2910 4116 3132 4171 Faciunt
3161 4125 3308 4170 certe

1739 4221 1796 4267 et
1828 4213 1952 4266 boui
2001 4220 2246 4282 pastores
2291 4210 2578 4280 aliquando
2608 4210 2745 4263 bona
2781 4210 2833 4262 iu
2864 4209 3076 4280 publico
3119 4198 3304 4263 coram

1730 4296 2060 4368 hominibus,
2092 4307 2183 4359 sed
2211 4305 2330 4360 inde
2353 4322 2456 4361 non
2483 4294 2730 4374 quaerunt
2755 4305 2981 4374 gloriam
3005 4318 3181 4365 suam,
3207 4303 3304 4356 sed

1731 4397 1846 4461 Dei,
1871 4407 1924 4452 et
1953 4398 2235 4451 utilitatem
2264 4398 2516 4468 proximi,
2539 4395 2694 4466 juxta
2726 4379 2866 4466 quod
2892 4396 3148 4450 Dominus
3172 4393 3307 4448 alibi

1730 4487 2011 4559 praecipit:
2064 4486 2155 4542 Sic
2199 4487 2444 4552 luceant,
2475 4489 2681 4558 inquit,
2718 4502 2872 4552 Opera
2918 4494 3084 4540 vestra
3129 4501 3332 4542 coram.

1731 4579 2048 4642 hominibus,
2079 4587 2134 4630 ut
2161 4578 2451 4649 gloriﬁcent
2477 4576 2691 4632 Patrem
2718 4586 2939 4631 uestrum
2965 4577 3052 4646 qui
3073 4576 3212 4631 culis
3232 4587 3307 4632 est

1732 4670 1945 4741 (Matth.
1994 4669 2094 4739 vt).
2142 4669 2346 4724 Deinde
2374 4669 2427 4722 in
2474 4670 2671 4737 quibus
2703 4667 2959 4722 Pharisaei
2987 4670 3306 4738 quzerehaut

1730 4775 1923 4816 vanam
1957 4760 2218 4830 gloriam,
2250 4759 2469 4828 exponit
2496 4775 2619 4814 cum
2653 4759 2836 4814 subdit
2862 4775 2877 4812 :
2907 4758 3142 4812 Dilatant
3165 4759 3306 4812 enim
3335 4823 3339 4827 ἡ
3431 4789 3436 4800 ι

1729 4852 2206 4931 phylarteria..sua,
2236 4860 2282 4904 et
2311 4849 2934 4921 magniﬁcantlﬁmbrias.
2967 4849 3308 4923 Praeceperat

1732 4945 1997 5015 siquidem
2023 4944 2281 4999 Dominus
2311 4943 2364 4998 in
2395 4943 2510 5014 lege
2541 4961 2554 4997 :
2587 4961 2605 4994 ι
2638 4942 2871 4999 Habebis
2897 4955 3164 5016 praecepta
3188 4960 3306 5000 mea

1733 5048 1989 5109 tanquam
2046 5037 2246 5107 aliquid
2311 5051 2528 5106 semper
2578 5051 2872 5108 appensum
2930 5046 3054 5092 ante
3122 5038 3307 5093 oculos

1734 5142 1874 5188 tuos.
1909 5129 2098 5187 s'lluic
2141 5131 2336 5186 littera:
2383 5130 2642 5185 Pharisaei
2677 5131 3050 5196 adhazrentes,
3098 5131 3307 5186 scribe-

1731 5225 1863 5280 bant
1904 5227 2088 5278 decem
2121 5224 2374 5278 mandata
2404 5225 2456 5278 in
2482 5221 2803 5293 pictatiolis‘,
2833 5231 2887 5277 et
2915 5223 2968 5276 iu
2999 5222 3176 5278 fronte
3205 5238 3304 5278 sua

1733 5316 2150 5387 suspendebant,
2180 5325 2239 5371 ut
2265 5331 2376 5386 pra:
2402 5316 2633 5380 caeteris,
2667 5315 3199 5391 legisobservatores
3226 5315 3309 5370 vi-

1733 5409 2011 5465 derentur.
2041 5407 2193 5463 Unde
2218 5410 2407 5480 etﬂuec
2433 5407 2702 5478 pictatiola
2732 5418 2888 5462 vocat
2913 5407 3001 5462 hic
3030 5407 3308 5478 phylacte-

1733 5485 1835 5564 ria,
1863 5515 1891 5553 a
1919 5499 2183 5569 phylasse,
2207 5498 2348 5567 quod
2371 5507 2456 5552 est
2478 5498 2766 5552 observare.
2789 5495 3124 5565 Praacepera‘t
3141 5497 3305 5552 etiam

1731 5593 1993 5648 Dominus
2038 5591 2154 5646 fieri
2205 5589 2444 5645 fimbrias
2487 5590 2540 5644 in
2590 5590 2804 5660 angulis
2837 5589 3301 5644 vestimentorum.

1732 5685 1890 5744 Unde
1916 5693 1971 5738 et
1999 5699 2092 5739 eas
2121 5682 2381 5737 Dominus
2407 5681 2591 5752 habuit
2617 5683 2667 5736 in
2697 5679 3055 5744 vestimentis,
3086 5679 3153 5733 de
3184 5679 3301 5747 qui-
3327 5691 3330 5696 '

1731 5769 1833 5836 bus
1873 5775 2237 5833 hemorroissa
2271 5788 2434 5828 unam
2482 5773 2678 5845 legitur
2727 5774 2985 5843 tetigisse.
3032 5771 3102 5824 At
3129 5769 3304 5825 Judzei

1735 5873 2004 5933 amatores
2031 5885 2184 5927 vana:
2212 5867 2396 5949 gloriae
2420 5867 2690 5944 faciebant
2712 5865 2814 5922 sibi
2842 5863 3158 5943 grandiores
3179 5861 3306 5931 ιιῳ.
