3896 6320
534 342 678 401 2087

1514 331 1856 393 ADDENDA.
1895 360 1969 373 -—
1995 327 2344 386 RADULPHI
2379 329 2722 388 ARDENTIS
2966 344 2971 351 '
3554 350 3643 411 εοςε

540 477 680 547 quod
700 473 1006 544 abjicicntes
1034 488 1183 527 omne
1224 471 1577 538 mendacium,
1602 468 1878 540 loquimini
1928 468 2119 524 oerita-
2146 469 2195 526 Α
2221 467 2287 521 tit
2311 466 2482 534 dicat,
2528 468 2621 522 sed
2686 482 2793 523 non
2827 468 2935 521 ﬁne
2987 467 3183 532 debito,
3224 467 3272 523 id
3297 479 3367 523 est
3398 487 3480 527 non
3504 493 3647 551 propter

541 577 664 632 tem,
691 577 798 623 etc.
828 566 964 622 Tres
999 575 1188 636 partes
1214 564 1499 620 vetustatis
1528 570 1672 629 sunt,
1704 571 1940 616 vetustas
1986 559 2117 623 oris,

542 670 783 715 vetustas
804 658 1007 725 cordis,
1043 666 1281 714 vetustas
1305 655 1506 727 operis.
1546 654 1683 710 Tres
1704 669 1922 724 quoque
1956 668 2123 708 econ-

544 754 711 807 trario
736 761 920 823 partes
966 751 1225 813 novitatis
1270 760 1420 816 sunt,
1470 748 1682 803 novitas
1726 747 1861 811 oris,
1913 744 2125 801 novitas

546 845 747 910 cordis,
776 853 832 899 et
862 844 1075 899 novitas
1103 842 1303 911 operis.
1326 841 1665 896 Vetustatem
1697 838 1862 909 igitur
1890 839 2002 894 oris
2027 852 2126 893 nos

547 935 795 1005 praecipit
825 932 1078 1000 abjicere,
1109 946 1231 985 cum
1276 930 1375 995 ait,
1404 939 1613 1000 propter
1647 929 1786 1000 quod
1823 927 2125 999 abjicientes

544 1044 695 1083 omne
721 1027 1071 1081 mendacium.
1101 1023 1197 1078 Est
1223 1031 1402 1078 autem
1426 1022 1767 1078 mendacium
1797 1020 1929 1076 falsa
1960 1019 2129 1090 signi-

546 1121 729 1177 ﬁcatio
753 1119 900 1175 vocis
926 1132 1050 1173 cum
1097 1116 1400 1172 intentione
1448 1114 1685 1170 fallendi.
1734 1112 1950 1167 Mentiri
1994 1126 2124 1167 vero

545 1214 763 1277 dicitur,
816 1210 970 1280 quasi
1016 1216 1206 1264 contra
1261 1216 1519 1272 mentem,
1555 1202 1916 1276 juxta‘illud,
1962 1201 2131 1256 Labia

547 1301 729 1357 dolosa
757 1316 821 1354 ex
843 1300 997 1354 corde
1018 1309 1068 1354 et
1091 1298 1248 1353 corde
1284 1297 1449 1351 locuti
1497 1306 1615 1351 sunt
1646 1293 1824 1366 (Psal.
1854 1298 1938 1366 tl),
1961 1293 2016 1349 id
2046 1301 2132 1348 est

548 1410 616 1450 ex
635 1391 949 1463 duplicitate
970 1391 1173 1446 cordis.
1200 1391 1339 1446 Sunt
1374 1398 1555 1444 autem
1601 1404 1697 1443 sex
1747 1388 1954 1457 species
1979 1400 2133 1442 men-

551 1485 849 1541 daciorum.
882 1482 1124 1538 Primum
1156 1492 1240 1538 est
1261 1484 1404 1551 quod
1432 1479 1653 1552 prodest
1680 1488 1737 1535 et
1783 1479 1987 1534 nemini
2034 1493 2131 1532 no-

549 1585 655 1641 cet,
681 1584 739 1629 ut
762 1574 978 1644 quando
1013 1572 1211 1643 aliquis
1256 1572 1540 1637 mentitur,
1594 1585 1695 1640 pro
1746 1570 1856 1624 vita
1908 1568 2133 1623 alterius

547 1667 936 1721 conservanda.
970 1663 1279 1720 Secundum
1332 1671 1414 1717 est
1444 1660 1587 1731 quod
1632 1675 1732 1716 nec
1776 1660 1999 1730 prodest
2033 1674 2133 1716 nec

544 1757 723 1820 obest,
753 1765 811 1810 ut
860 1756 1079 1825 quando
1120 1754 1358 1824 jocando
1386 1754 1507 1822 quis
1557 1752 1839 1807 mentitur.
1886 1750 2130 1807 Tertium

546 1848 801 1918 estquod
830 1847 990 1902 alicui
1016 1846 1239 1915 prodest
1286 1852 1339 1899 et
1384 1844 1545 1899 alicui
1579 1852 1757 1908 nocet,
1806 1852 1867 1897 ut
1913 1843 2132 1913 quando
2165 1829 2210 1885 Β

548 1940 813 1995 mentitur
834 1938 1085 1994 venditor
1113 1938 1366 2007 emptori.
1402 1938 1668 2003 Quartum
1697 1946 1781 1991 est
1803 1937 1947 2006 quod
1968 1936 2132 1991 alicui

546 2040 709 2088 nocet
730 2041 787 2087 et
813 2031 942 2086 nulli
970 2033 1211 2101 prodest,
1244 2039 1304 2085 ut
1352 2030 1573 2099 quando
1606 2029 1806 2100 aliquis
1848 2029 1962 2084 vult
1990 2030 2135 2086 deci-

545 2138 682 2195 pere
742 2122 1025 2175 inimicnm
1086 2136 1264 2175 suum.
1323 2119 1581 2185 Quintum
1628 2128 1711 2175 est
1741 2120 1883 2189 quod
1917 2121 1976 2175 ﬁt
2021 2122 2135 2176 sola

545 2214 769 2272 libidine
802 2212 1117 2278 mentiendi,
1142 2212 1286 2283 quod
1317 2212 1517 2266 mirum
1542 2221 1826 2282 peccatum
1855 2221 1958 2268 est.
1998 2212 2135 2269 Sex-

548 2318 662 2363 tum
701 2316 785 2362 est
813 2306 1029 2361 mentiri
1080 2307 1136 2361 in
1163 2305 1393 2360 veritate
1419 2303 1563 2368 ﬁdci,
1615 2305 1759 2375 quod
1802 2314 1886 2360 est
1920 2306 2137 2362 htereti-

546 2416 758 2457 corum.
793 2399 1340 2465 Comprehenduntur
1376 2408 1557 2453 autem
1588 2398 1688 2452 sub
1723 2398 2006 2454 mendacio
2041 2399 2135 2454 de-

549 2491 766 2557 tractio,
790 2489 1053 2554 adulatio,
1110 2489 1435 2556 susurratio,
1492 2489 1780 2543 incusatio.
1831 2489 1962 2557 Qua:
2004 2490 2135 2544 etsi

546 2584 869 2657 quandoque
922 2581 1161 2636 habeant
1215 2581 1337 2635 vitae
1391 2581 1719 2645 veritatem,
1774 2582 1902 2651 quia
1953 2590 2134 2636 tamen

547 2672 691 2729 malo
718 2671 824 2725 ﬁne
851 2670 1123 2736 dicuntur,
1152 2670 1432 2725 mendacia
1459 2680 1605 2725 sunt.
1636 2670 1734 2726 Est
1763 2681 1943 2726 autem
1972 2687 2136 2728 omne

548 2764 888 2821 mendacium
926 2762 1262 2832 fugiendum.
1296 2761 1450 2818 Unde
1474 2772 1529 2818 et
1560 2764 1648 2819 hic
1676 2764 1771 2828 ait,
1800 2764 2133 2833 projicientes

548 2874 699 2911 omne
748 2856 1103 2909 mendacium.
1151 2855 1222 2911 Et
1270 2854 1543 2925 Propheta
1582 2874 1595 2909 :
1652 2856 1870 2922 Perdes,
1924 2856 2133 2927 inquit,

550 2965 727 3003 omnes
753 2950 841 3019 qui
876 2948 1162 3019 loquuntur
1206 2948 1541 3002 mendacium
1591 2945 1767 3017 (Psal.
1802 2948 1878 3020 v).
1912 2947 2126 3004 Nemini

550 3038 718 3109 igitur
748 3038 875 3093 licet
919 3038 1156 3093 mentiri.
1196 3037 1350 3093 Licet
1387 3047 1565 3093 tamen
1612 3040 1663 3093 ei
1698 3053 1884 3093 verum
1932 3047 2131 3104 tacere,

551 3129 637 3186 vel
662 3130 863 3185 modali
905 3130 1298 3199 propositione,
1328 3128 1592 3183 malitiam
1620 3127 1862 3184 eludere.
1911 3129 2136 3198 Episco—

551 3240 653 3295 pus
680 3224 922 3295 quidam,
964 3232 1025 3277 ut
1062 3222 1233 3278 refert
1276 3223 1469 3278 beatus
1510 3222 1866 3293 Augustinus,
1918 3223 2138 3279 nomine

552 3327 609 3372 et
640 3315 744 3369 ﬁde
785 3314 998 3381 ﬁrmus,
1052 3315 1340 3385 quemdam
1371 3330 1519 3370 reum
1548 3314 1689 3384 apud
1738 3328 1796 3369 se
1834 3313 2138 3370 abscondit.

551 3409 657 3479 Qui
702 3425 827 3464 cum
874 3418 1242 3480 quaereretur,
1296 3408 1413 3463 ait:
1456 3426 1474 3460 ι
1518 3405 1635 3464 Νοη
1693 3407 1821 3463 licet
1864 3408 1996 3463 mihi
2043 3422 2143 3464 nec

554 3498 802 3571 prodere,
828 3515 928 3555 nec
958 3500 1197 3554 mentiri.
1232 3517 1251 3550 ι
1285 3498 1516 3554 Tractus
1560 3507 1688 3554 ante
1734 3515 1915 3569 regem
1967 3501 2144 3572 genti-

556 3593 687 3659 lem,
718 3609 841 3648 cum
877 3595 929 3647 in
953 3593 1056 3647 hoc
1081 3592 1198 3663 ipso
1225 3606 1396 3661 usque
1447 3592 1515 3647 ad
1563 3602 1794 3647 mortem
1825 3608 2144 3662 persevera-

559 3696 666 3751 ret,
698 3686 876 3740 factus
902 3694 985 3739 est
1036 3684 1299 3739 mirabilis
1358 3683 1413 3737 in
1443 3684 1674 3739 veritate
1730 3695 1784 3738 et
1810 3684 2048 3753 justitia,
2090 3694 2145 3741 et

560 3778 823 3832 liberatur
876 3775 1050 3846 gratia
1111 3772 1229 3841 ejus
1282 3774 1449 3829 etiam
1503 3786 1645 3827 reus.
1702 3773 1864 3839 Ecce,
1906 3775 2142 3839 fratres,

560 3866 830 3938 quomodo
879 3864 1085 3918 veritas
1140 3870 1195 3918 et
1228 3861 1447 3931 justitia
1499 3865 1665 3919 etiam
1714 3865 1856 3934 apud
1898 3865 2145 3921 inﬁdeles

559 3959 829 4014 habentur
852 3954 1222 4010 admirabiles.
1264 3954 1643 4026 Propositione
1682 3971 1810 4011 vero
1843 3956 2039 4011 modali
2066 3957 2147 4011 in-

558 4054 864 4123 quirentem
904 4048 1122 4104 eludere
1157 4048 1303 4113 licet,
1342 4058 1402 4103 ut
1456 4066 1581 4104 cum
1609 4050 1803 4119 quaerit
1832 4049 2098 4119 gladiator
2128 4068 2140 4104 :

560 4144 663 4200 Ubi
692 4152 776 4198 est
813 4142 949 4197 ille?
986 4141 1397 4212 Respondemus
1426 4158 1439 4194 :
1486 4140 1706 4206 Nescio,
1736 4142 2146 4213 subintelligen-

561 4248 666 4301 tes,
694 4235 812 4290 tibi.
866 4234 1027 4309 Tales
1055 4236 1199 4289 enim
1232 4235 1532 4291 locutiones
1560 4236 1613 4289 in
1662 4250 1819 4290 sacra
1865 4236 2145 4304 Scriptura

557 4329 885 4393 invenimus,
911 4336 971 4381 ut
1017 4328 1136 4382 ibi:
1179 4327 1424 4382 Morieris
1447 4338 1525 4391 tu,
1566 4338 1612 4380 et
1660 4343 1763 4379 non
1818 4328 1953 4381 vives
2006 4327 2143 4397 (lsa.

559 4420 814 4490 xxxvnt),
841 4418 1267 4489 subintelligitur
1298 4418 1442 4473 enim
1496 4417 1600 4470 nisi
1640 4416 1877 4471 fleveris.
1910 4416 2034 4470 Haec
2063 4425 2149 4472 est

2224 559 2414 625 Deum,
2440 562 2671 615 mendax
2698 569 2801 616 est.
2834 560 2971 615 Hinc
3012 570 3095 613 est
3138 562 3267 630 quod
3292 565 3436 631 testis,
3469 570 3502 621 si
3530 587 3649 629 verum

2228 650 2551 706 testiﬁcetur
2596 660 2820 721 propter
2873 650 3173 720 pecuniam,
3228 652 3421 705 mendax
3439 666 3515 708 est.
3547 659 3650 728 Εεεε,

2226 741 2430 797 fratres
2456 742 2623 814 (unde
2648 742 2940 797 dolendum
2987 739 3096 808 est)
3140 756 3289 811 quam
3325 744 3413 797 rari
3442 756 3534 801 sunt
3554 751 3654 808 hodie

2225 850 2469 903 veraces,
2496 836 2779 905 quoniam,
2808 836 2911 890 etsi
2940 843 3065 889 sunt
3087 834 3240 903 aliqui
3261 835 3340 903 qui
3373 837 3529 903 dicant,
3566 848 3653 911 quod

2228 928 2492 993 sentiunt,
2537 938 2716 983 tamen
2755 928 2870 984 fere
2899 942 3090 983 omnes
3128 942 3228 981 non
3272 929 3331 981 ad
3356 926 3507 991 Deum.
3542 938 3655 991 sedul

2230 1020 2583 1091 temporalem
2614 1021 2776 1077 ﬁnem
2803 1020 3157 1077 intentionem
3206 1021 3428 1090 dirigunt.
3455 1025 3562 1091 Quod
3580 1045 3657 1085 rem

2230 1110 2480 1180 adjunxit
2506 1112 2815 1182 Apostolus,
2833 1112 3085 1182 quoniam
3110 1128 3278 1165 sumus
3304 1114 3482 1169 invicem
3498 1127 3657 1185 manu,

2232 1204 2305 1259 ita
2329 1204 2732 1275 intelligendum
2763 1213 2847 1260 est
2872 1222 2888 1259 :
2919 1203 3122 1260 Omnes
3147 1204 3319 1259 ﬁdeles
3336 1221 3486 1263 sumus
3504 1215 3659 1271 membra

2232 1292 2459 1361 Christi,
2522 1304 2576 1350 et
2616 1295 2882 1351 debemus
2933 1310 3035 1351 nos
3079 1304 3321 1366 tanquam
3353 1299 3540 1354 membra
3566 1309 3662 1360 eaad.

2228 1386 2439 1457 juvare.
2463 1386 2599 1442 Cum
2625 1402 2757 1459 ergo
2783 1387 2955 1443 frater
2997 1387 3153 1443 fratri
3184 1388 3430 1453 mentitur,
3468 1394 3561 1462 quid
3577 1397 3662 1450 aliud

2232 1492 2398 1548 quam
2427 1479 2649 1534 sinistra
2694 1480 2958 1534 mentitur
3007 1479 3273 1534 dexterae?
3307 1481 3366 1535 Et
3402 1497 3497 1536 cum
3533 1486 3665 1543 sinistn

2233 1569 2470 1623 dexterae
2497 1568 2779 1635 mentitur,
2826 1568 2958 1638 quid
3004 1566 3152 1624 aliud
3184 1577 3264 1625 est
3303 1586 3440 1639 quam
3477 1584 3603 1628 contra
3632 1595 3666 1631 se

2230 1661 2521 1729 operatur?
2555 1660 2631 1714 lta
2666 1670 2749 1715 est
2784 1660 2973 1731 procul
3028 1661 3194 1718 dubio
3222 1703 3238 1724 ,
3290 1661 3461 1718 fratres
3498 1668 3668 1737 meiqu-

2233 1768 2449 1823 cunque
2471 1754 2733 1807 mentitur
2778 1753 2893 1818 alii,
2924 1754 3166 1823 primum
3191 1762 3339 1809 nocet
3363 1756 3449 1809 sibi
3473 1757 3560 1825 ipsi.
3579 1757 3667 1814 Veta-

2238 1852 2434 1900 statem
2466 1857 2597 1898 vero
2627 1843 2828 1897 mentis
2880 1842 3140 1912 abjicere,
3174 1853 3227 1898 et
3249 1844 3503 1899 novitatem
3539 1848 3667 1905 induere

2236 1951 2338 1992 nos
2360 1944 2566 2000 monet,
2600 1949 2723 1990 cum
2774 1936 2977 1991 subdit.
3019 1934 3340 1996 Irascimini,
3380 1946 3420 1988 et
3469 1938 3571 1991 nolit:
3596 1958 3663 2006 ρεί.

2237 2044 2379 2082 care.
2402 2026 2558 2094 Quod
2616 2026 2708 2081 hic
2732 2026 3029 2096 Apostolus
3090 2027 3158 2082 de
3205 2027 3282 2081 ira
3306 2028 3441 2092 dicit,
3467 2028 3518 2083 de
3549 2035 3667 2087 cauis

2238 2119 2602 2191 passionibus,
2633 2118 2749 2175 sive
2790 2119 3289 2189 perturbationibus
3330 2119 3497 2174 mentis
3527 2121 3676 2188 intelligit

2246 2228 2371 2284 qua:
2395 2222 2523 2268 sunt
2554 2212 2719 2267 timor
2754 2224 2812 2268 et
2854 2213 3100 2276 tristitia,
3151 2211 3403 2282 cupiditas
3426 2221 3470 2266 et
3509 2215 3677 2281 gaudium,

2238 2306 2318 2361 ira
2352 2314 2408 2359 et
2435 2306 2641 2359 odium.
2671 2306 2763 2359 Ha:
2807 2318 2937 2359 vero
2964 2305 3251 2376 passiones
3274 2306 3508 2359 naturales
3539 2317 3679 2371 sunl,ct

2238 2414 2269 2453 a
2305 2398 2464 2453 bonis
2494 2398 2630 2453 bene
2662 2406 2911 2463 utuntur,
2936 2406 2995 2452 et
3051 2413 3083 2451 a
3133 2397 3287 2451 malis
3324 2397 3462 2450 male.
3502 2396 3577 2464 Qui
3598 2402 3679 2453 enin

2200 2544 2205 2549 .
2240 2493 2393 2547 timet
2417 2490 2692 2545 oﬁendere
2737 2489 2931 2553 Deum,
2978 2488 3125 2544 bene
3155 2489 3334 2552 timet;
3386 2500 3433 2543 et
3462 2490 3529 2557 qui
3557 2490 3679 2543 alieno

2239 2582 2512 2645 tristatur,
2560 2581 2699 2637 bene
2726 2581 3001 2635 tristatur.
3038 2579 3108 2635 Et
3158 2589 3389 2641 econtra,
3425 2581 3497 2649 qui
3519 2580 3681 2635 timete:

2237 2691 2344 2732 non
2382 2675 2553 2746 possit
2576 2690 2731 2730 suam
2770 2673 2965 2728 malam
3018 2672 3246 2743 implere
3292 2672 3576 2735 voluntatem,
3607 2674 3681 2727 male

2239 2768 2435 2832 timet;
2481 2776 2537 2822 et
2570 2768 2660 2836 qui
2694 2767 2966 2829 tristatur,
2988 2764 3122 2833 quia
3148 2779 3252 2818 non
3278 2763 3503 2833 implevit,
3527 2763 3680 2817 maletm-

2238 2870 2433 2916 statur.
2463 2858 2728 2915 Similiter
2752 2858 2846 2929 qui
2870 2859 3133 2912 irascitur
3155 2868 3337 2913 contra
3361 2872 3578 2928 peccazum
3597 2874 3683 2913 suum

2240 2953 2325 3008 vel
2347 2952 2605 3016 alienum,
2629 2951 2769 3006 bene
2795 2951 3075 3006 irascitur.
3104 2949 3355 3004 Hortatur
3378 2951 3515 3021 igitur
3534 2952 3685 3018 nasutus

2239 3044 2430 3110 stolus,
2464 3045 2563 3099 sed
2605 3053 2955 3113 praepostere,
3017 3043 3249 3098 induere
3296 3054 3543 3097 novitatem
3569 3046 3681 3097 mutis

2241 3151 2364 3191 cum
2395 3135 2472 3188 ait
2504 3152 2517 3187 :
2546 3134 2860 3197 irascimini,
2893 3133 3160 3189 subaudi:
3211 3142 3399 3189 contra
3440 3133 3689 3188 vitia.lluru-

2246 3238 2332 3282 tur
2361 3236 2415 3282 et
2447 3240 2546 3281 nos
2572 3224 2813 3295 abjicere
2843 3234 3179 3280 vetustatem
3203 3226 3391 3281 mentis
3414 3241 3515 3281 cum
3533 3224 3695 3279 aitzNo.

2242 3320 2333 3375 lite
2359 3336 2593 3390 peccare,
2640 3319 2901 3374 subaudis
2942 3333 3038 3388 per
3100 3320 3266 3383 iram,
3295 3320 3375 3374 vel
3422 3320 3551 3373 alium
3579 3318 3700 3371 niuatis

2248 3424 2482 3470 motum.
2522 3412 2618 3467 Vel
2650 3421 2825 3477 certe,
2848 3411 3156 3485 utquidam
3193 3414 3396 3478 volunt,
3422 3414 3581 3483 primus
3595 3422 3703 3464 motus

2245 3508 2361 3572 iraa,
2388 3507 2477 3576 qui
2541 3506 2595 3560 in
2660 3516 2845 3561 nostra
2894 3516 3177 3576 potestate
3207 3521 3314 3560 non
3345 3513 3440 3571 est,
3482 3504 3705 3574 permittitur

2244 3600 2401 3655 nobis
2432 3613 2555 3653 cum
2585 3597 2804 3663 dicitur,
2837 3598 3163 3652 irascimini.
3212 3598 3294 3651 Ira
3342 3612 3456 3651 vero
3495 3606 3585 3665 post
3613 3596 3705 3648 illum

2246 3699 2470 3751 motum,
2500 3698 2757 3759 tanquam
2805 3704 2969 3759 grave
2998 3698 3291 3758 peccatum
3342 3688 3707 3759 probibetur,cna

2247 3785 2463 3847 dicitur,
2494 3784 2655 3837 nolite
2673 3798 2907 3852 peccare.
2934 3780 3050 3848 Sol,
3085 3783 3291 3852 inquit,
3315 3799 3413 3837 non
3443 3784 3709 3843 occidatsnpn

2245 3873 2578 3927 iracundiam
2606 3883 2865 3940 uestram.
2906 3871 3023 3928 Hoc
3069 3874 3162 3929 vel
3217 3875 3285 3928 ad
3332 3874 3539 3927 litteram
3570 3870 3709 3939 legitur,

2254 3975 2316 4018 ut
2355 3964 2567 4021 scilicet
2592 3976 2703 4019 tam
2752 3963 2932 4019 brevis
2953 3965 3025 4019 sit
3051 3966 3136 4019 ira
3168 3966 3313 4035 quod
3359 3981 3509 4034 usque
3543 3964 3593 4016 ad
3618 3977 3711 4016 occa-

2248 4072 2369 4112 sum
2406 4057 2535 4112 solis
2578 4072 2684 4111 non
2724 4058 3000 4127 perduret.
3036 4057 3200 4113 Unde
3228 4058 3282 4112 in
3334 4056 3460 4111 Vitis
3486 4053 3712 4109 Patrumle

2249 4150 2426 4220 gimus
2474 4150 2541 4204 de
2586 4148 2817 4215 duobus,
2868 4164 3103 4219 quorum
3162 4149 3390 4205 alterum
3424 4152 3491 4204 sol
3531 4162 3715 4216 nunquam
3782 4180 3783 4220 ἦ

2252 4242 2463 4296 viderat
2505 4243 2857 4306 irascentem,
2888 4242 3119 4297 alterum
3147 4258 3419 4313 nunquam
3442 4242 3715 4294 videratcon-

2250 4334 2520 4389 edentem.
2574 4333 2669 4388 Vel
2728 4334 2828 4401 sol,
2875 4334 2927 4389 id
2965 4343 3048 4389 est
3095 4336 3341 4391 Charitas
3370 4336 3453 4389 Dei
3478 4344 3523 4389 et
3545 4332 3716 4403 proximi,

2252 4440 2360 4480 non
2392 4427 2610 4482 occidat
2635 4428 2689 4482 in
2716 4428 2971 4483 cordibus
2990 4428 3215 4495 vestris,
3242 4438 3449 4499 propter
3467 4426 3717 4481 nimiamin—

567 4514 855 4587 (inplicitas
884 4528 1002 4583 quae
1028 4512 1299 4567 neminem
1340 4508 1558 4579 decipit,
1606 4509 1702 4563 sed
1744 4509 1925 4580 potius
1970 4509 2145 4579 juvat.
2175 4525 2227 4585 υ
2252 4518 2531 4585 cundiam,
2570 4529 2630 4574 ut
2659 4519 2868 4577 scilicet
2917 4521 2993 4576 ita
3053 4521 3362 4578 irascamur
3403 4531 3567 4578 contra
3604 4518 3718 4571 vitium

557 4609 640 4664 Ad
670 4608 962 4663 novitatem
989 4618 1120 4658 vero
1143 4603 1256 4657 oris
1285 4618 1385 4657 nos
1427 4601 1620 4655 invitat
1660 4601 1975 4670 Apostolus,
2021 4618 2145 4658 cum
2190 4652 2195 4657 ,

561 4700 777 4753 subdit:
814 4695 1117 4767 Loquimini
1147 4694 1422 4748 ueritatem
1476 4690 1835 4761 unusquisque
1864 4708 2001 4746 cum
2029 4710 2149 4763 pro-

558 4792 702 4846 ximo
729 4808 850 4853 suo,
882 4790 932 4845 id
990 4796 1074 4843 est
1116 4801 1240 4841 cum
1293 4783 1442 4839 omni
1484 4783 1723 4839 homine.
1762 4783 1974 4841 Veritas
1998 4788 2149 4843 enim

562 4892 647 4939 est
678 4898 805 4937 vera
837 4878 1168 4951 signiﬁcatio
1198 4876 1346 4932 vocis
1380 4892 1502 4931 cum
1560 4875 1670 4931 ﬁne
1698 4878 1902 4945 debito,
1932 4889 1987 4935 et
2020 4894 2148 4935 vera

567 4976 786 5046 quidem
815 4982 902 5027 est
943 4969 1292 5042 signiﬁcatio,
1328 4970 1546 5040 quando
1590 4969 1731 5040 quod
1761 4972 1923 5027 corde
1966 4973 2148 5027 conci-

564 5070 735 5140 pitur,
764 5079 896 5119 voce
921 5062 1283 5133 signiﬁcatur,
1315 5063 1809 5133 quomodocunque
1845 5078 1904 5118 se
1949 5064 2147 5120 habeat

566 5175 681 5217 res.
706 5158 835 5213 lnde
859 5164 942 5211 est
974 5155 1118 5227 quod
1144 5154 1362 5222 Paulus,
1389 5157 1607 5226 quando
1636 5156 1887 5227 promisit
1930 5171 1989 5212 se
2035 5156 2146 5211 itu-

567 5268 688 5307 rum
725 5250 792 5305 ad
822 5248 1154 5313 Corinthios,
1178 5248 1305 5318 quia
1353 5256 1415 5302 ut
1443 5257 1626 5303 mente
1664 5248 1919 5312 habebat,
1968 5248 2043 5302 ita
2068 5247 2148 5304 lo-

569 5355 726 5401 cutus
747 5352 852 5410 est,
877 5357 1065 5398 verum
1101 5342 1255 5407 dixit,
1288 5342 1518 5412 quanvis
1548 5356 1655 5397 non
1679 5341 1855 5397 iverit.
1886 5342 1954 5397 Et
1987 5358 2150 5399 econ-

571 5448 672 5503 tra,
692 5436 739 5492 si
759 5436 881 5506 quis
904 5434 1049 5490 dicat
1075 5442 1265 5489 contra
1286 5444 1517 5490 mentem
1546 5448 1605 5489 se
1632 5434 1833 5504 aliquid
1856 5435 2147 5501 facturum,

566 5542 623 5587 et
660 5539 783 5601 post
827 5528 959 5583 illud
1005 5527 1195 5593 faciat,
1241 5536 1421 5582 tamen
1473 5528 1601 5599 quia
1660 5536 1851 5583 contra
1904 5528 1957 5583 id
1998 5528 2146 5599 quod

569 5623 839 5678 sentiebat
864 5620 1020 5685 dixit,
1050 5620 1311 5676 mentitus
1335 5628 1439 5676 est.
1470 5618 1532 5678 Si
1559 5628 1740 5680 autem
1771 5630 1827 5679 et
1856 5621 1997 5693 quod
2022 5636 2147 5678 sen-

640 5800 752 5882 (62)
793 5800 914 5859 Vid.
948 5806 1063 5861 not.
1090 5798 1179 5856 ει.

2252 4608 2458 4675 fratris,
2482 4611 2625 4681 quod
2679 4612 3002 4668 charitatem
3054 4612 3170 4683 ejus
3201 4625 3404 4670 natura:
3454 4613 3719 4668 debitamnou

2255 4703 2587 4758 amittamus.
2610 4703 2742 4759 Cum
2767 4706 2911 4760 enim
2942 4716 3167 4776 superat
3204 4708 3310 4772 ira,
3336 4708 3614 4763 cbaritatem
3632 4718 3721 4757 mea.

2256 4796 2325 4850 tis
2361 4796 2659 4865 perturbat,
2688 4796 2870 4866 ntjam
2897 4813 3004 4853 non
3033 4800 3203 4871 possit
3235 4800 3526 4855 discernere
3555 4796 3648 4868 quid
3667 4796 3718 4846 de

2255 4900 2393 4946 ceat.
2419 4890 2570 4947 Unde
2593 4901 2771 4962 poeta,
2792 4912 2811 4944 ‹
2831 4893 2937 4961 lra,
2962 4896 3159 4965 inquit,
3182 4896 3367 4949 brevis
3381 4891 3719 4959 iurorestmln

2254 4992 2309 5037 et
2336 4982 2616 5050 Salomon,
2640 4984 2746 5050 lra,
2771 4987 2963 5056 inquit,
2995 4988 3093 5042 viri
3125 4987 3396 5058 justitiam
3417 4988 3501 5041 Dei
3525 5000 3607 5039 non
3641 4994 3721 5050 ope-

2256 5084 2415 5131 ratur
2453 5076 2639 5146 (Prov.
2673 5079 2811 5148 xxI).
2842 5078 3046 5135 Litotes
3072 5090 3175 5146 est,
3208 5082 3263 5135 id
3288 5091 3371 5137 est
3409 5073 3725 5151 aperaturinli‘

2255 5168 2479 5224 stitiam.
2521 5167 2638 5225 Non
2671 5170 2815 5224 enim
2860 5173 3010 5227 novit
3066 5171 3210 5242 juste
3252 5174 3488 5245 judicare
3524 5183 3647 5239 quem
3678 5166 3723 5217 in

2257 5258 2564 5312 conturbat.
2595 5257 2885 5327 Propterea
2922 5275 3043 5315 cum
3083 5262 3413 5318 Theodosius
3447 5264 3725 5330 imperatum

2256 5352 2453 5418 impetu
2482 5352 2594 5417 iraa,
2618 5351 2898 5422 plusquam
2923 5353 3109 5409 decem
3134 5354 3306 5408 millia
3339 5355 3588 5409 hominum
3611 5344 3723 5402 occidi

2251 5442 2523 5511 iussisset,
2558 5443 2917 5513 reprehensus
2942 5460 2972 5498 a
3017 5445 3175 5500 beato
3226 5443 3525 5509 Ambrosio,
3562 5437 3728 5497 dediti?-

2255 5550 2374 5607 gem
2410 5544 2469 5587 ut
2493 5537 2561 5591 de
2586 5544 2783 5590 cetera
2809 5550 2931 5590 cum
2985 5535 3286 5605 imperator
3331 5535 3406 5589 vel
3441 5534 3584 5601 judcx
3605 5535 3725 5583 contra

2254 5630 2489 5702 aliquem
2514 5644 2664 5689 reum
2683 5639 2826 5687 esset
2854 5638 3173 5695 commotus,
3198 5646 3311 5686 non
3331 5630 3504 5685 statim
3529 5618 3729 5691 wmjudi-

2434 5860 2511 5889 ης
2680 5866 2837 5887 ι.,λλ
