3896 6320
96 394 229 453 2089

801 392 1107 452 HOMIle
1145 392 1215 450 lN
1241 393 1460 451 EPIST.
1498 392 1587 451 ET
1616 390 1876 463 EVANG.
1913 388 2216 446 DOMlNlC.
2246 417 2315 431 -ν
2347 386 2527 444 PARS
2563 389 2630 445 ll.

3222 348 3366 458 .090
3388 430 3409 447 θ

92 520 258 580 caret,
285 514 515 582 sed-per
564 510 783 583 triginta
814 510 931 570 dies
966 519 1113 568 esset
1161 527 1287 569 reus
1316 513 1371 569 in
1398 510 1671 576 custodia,
1697 513 1754 573 Δ
1783 508 2044 578 quoniam
2077 515 2189 560 tam
2243 505 2310 561 de
2341 503 2626 567 divinitate
2672 519 2834 575 quam
2880 510 3215 572 humanitate
3247 517 3365 588 ejus

90 614 147 660 ut
173 602 453 675 mitigatus
487 603 702 663 animus
722 603 945 673 iudicis,
997 612 1126 661 tunc
1166 605 1360 661 melius
1387 610 1571 676 posset
1582 601 1670 672 ju-

1775 611 1995 653 eramus
2023 595 2350 661 instruendi,
2378 611 2523 669 nunc
2555 590 2717 680 super
2742 611 2908 668 aquas
2933 598 3078 656 vadit
3113 611 3171 656 ut
3200 586 3362 681 Deus,
3394 586 3405 601 ”

88 692 288 750 dicare.
321 689 522 759 Nolite,
552 692 750 766 inquit,
787 693 961 750 locum
1011 694 1141 750 dare
1186 690 1417 751 diabolo.
1449 694 1549 764 Qui
1576 694 1673 751 dat
1776 706 1922 747 nunc
1953 705 2093 747 nove
2122 690 2443 748 transfretat
2474 698 2532 745 ut
2563 690 2748 759 homo,
2781 707 2924 748 nunc
2951 693 3016 750 de
3045 697 3233 767 paucis
3261 715 3367 771 pa-
3397 696 3405 704 ’

84 786 261 843 locum
286 793 511 857 peccato
537 784 633 842 dat
661 786 842 844 locum
880 786 1116 844 diabolo.
1144 786 1305 845 Sicut
1349 788 1444 858 qui
1468 789 1561 845 dat
1586 787 1669 845 lo-

82 896 206 937 cum
235 878 445 944 virtuti,
472 878 569 936 dat
596 879 775 937 locum
809 878 1040 951 Spiritui
1081 890 1296 939 sancto.
1326 882 1669 939 Vetustatem

81 972 262 1042 operis
284 986 384 1029 nos
408 972 655 1043 precipit
689 972 985 1043 Apostolus
1014 970 1253 1043 abjicere
1273 988 1397 1039 cum
1425 974 1609 1032 subdit
1647 992 1665 1029 :

81 1050 184 1132 Qui
204 1064 505 1136 furabatur,
527 1065 645 1136 jam
674 1082 781 1125 non
806 1066 1046 1136 furatur,
1077 1083 1177 1139 per
1208 1069 1416 1125 furtum
1460 1068 1666 1125 intelli-

74 1172 214 1232 gens
254 1166 310 1214 et
354 1158 626 1230 rapinam,
676 1168 735 1214 et
769 1159 982 1226 dolum,
1045 1170 1101 1217 et
1128 1162 1309 1219 faenus
1355 1170 1413 1219 et
1448 1177 1666 1218 omnem

74 1250 442 1308 exactionem.
470 1249 549 1306 De
572 1252 770 1323 quibus
800 1253 948 1310 idem
970 1254 1100 1311 alibi
1130 1273 1144 1310 :
1179 1254 1262 1311 Ne
1290 1255 1405 1327 quis
1422 1256 1668 1311 circum-

73 1344 249 1399 veniat
291 1342 369 1399 uel
390 1340 818 1415 supergrediatur
863 1362 922 1402 tu
967 1348 1176 1419 negotio
1217 1349 1436 1418 fratrem
1485 1364 1667 1415 suum,

67 1436 540 1507 quoniamloindea:
560 1447 639 1493 est
674 1436 931 1495 Dominus
983 1456 1166 1496 eorum
1213 1440 1305 1513 qui
1330 1439 1466 1495 talia
1497 1450 1664 1511 agunt

69 1527 121 1599 (ι
142 1527 329 1587 Thess.
345 1529 447 1602 iv).
471 1528 531 1586 Si
550 1528 717 1599 enim,
735 1528 936 1589 fratres
969 1531 1098 1598 mei,
1125 1531 1417 1589 damnatur
1442 1530 1535 1602 qui
1555 1545 1668 1587 non

67 1622 162 1678 dat
186 1622 431 1693 propria,
474 1621 611 1692 quid
644 1621 740 1679 liet
781 1623 848 1693 de
886 1622 967 1679 eis
1018 1623 1112 1694 qui
1164 1622 1386 1695 rapiunt
1434 1622 1670 1679 aliena?

64 1712 379 1771 Novitatem
401 1726 531 1770 vero
554 1714 739 1784 operis
766 1728 868 1770 nos
916 1714 1162 1786 praecipit
1206 1730 1507 1785 assumere,
1541 1731 1668 1772 cum

63 1807 293 1862 subdit:
346 1806 519 1877 Magis
570 1816 746 1863 autem
793 1806 990 1862 laboret
1040 1808 1397 1879 unusquisque
1422 1808 1665 1867 manibus

62 1900 177 1954 suis
206 1899 347 1971 quod
371 1901 562 1955 bonum
585 1910 681 1971 est,
706 1900 763 1956 id
782 1907 868 1957 est
886 1899 1170 1962 honestam
1192 1907 1246 1956 et
1268 1900 1454 1956 utilem
1475 1916 1669 1970 opera-

67 1992 294 2057 tionem,
322 2006 425 2062 per
477 1991 623 2063 quod
664 1992 866 2064 accipit
894 1991 1172 2063 quodlibet
1214 2009 1385 2065 genus
1434 1993 1665 2062 laboris,

61 2084 152 2137 vel
173 2084 310 2139 artis
331 2083 598 2151 honestae,
630 2093 693 2139 ut
714 2083 1130 2156 agriculturam,
1157 2085 1450 2153 sutorium,
1480 2085 1656 2142 fabri-

61 2174 193 2241 lem,
222 2184 280 2231 et
312 2182 541 2232 ceteras
593 2174 903 2246 huiusmodi
933 2185 1105 2242 artes,
1155 2176 1226 2233 de
1252 2176 1451 2247 quibus
1485 2184 1666 2249 potest

60 2264 269 2336 aliquis
297 2264 404 2321 sibi
432 2272 489 2321 et
521 2264 645 2325 aliis
664 2267 896 2323 honeste
915 2266 1223 2336 providere.
1259 2265 1439 2335 Quod,
1461 2266 1663 2329 fratres

61 2357 200 2425 mei,
228 2366 424 2415 contra
471 2358 738 2428 quosdam
765 2367 871 2427 est,
898 2359 994 2430 qui
1037 2358 1214 2417 otiose
1243 2367 1296 2417 et
1338 2360 1556 2417 curiose
1581 2361 1662 2416 vi-

66 2458 289 2517 ventes,
334 2449 403 2506 ad
432 2465 631 2507 manus
687 2465 907 2522 semper
937 2452 1237 2524 respiciunt
1284 2452 1509 2522 alienas,
1550 2468 1661 2511 non

58 2543 419 2601 attendentes
440 2557 504 2599 se
526 2541 685 2615 plura
728 2544 857 2603 inde
890 2544 1021 2601 vitia
1056 2544 1361 2611 incurrere,
1406 2544 1662 2605 videlicet

54 2635 297 2693 otiosam
344 2636 617 2695 desidiam
646 2646 705 2696 et
753 2635 1183 2697 inexcusabilem
1223 2636 1659 2713 mendicitatem,

60 2736 284 2799 turpem
318 2728 713 2800 impudentiam
736 2738 902 2800 atque
931 2728 1172 2786 debitam
1198 2728 1503 2786 alienorum
1530 2743 1658 2800 pec-

55 2831 318 2879 catorum
376 2822 866 2893 supportationem.
919 2820 1126 2881 Contra
1181 2836 1319 2892 quos
1362 2821 1657 2892 Apostolus

50 2912 179 2968 ait:
211 2912 318 2980 Qui
344 2929 451 2971 non
476 2912 706 2981 laborat,
729 2928 836 2970 non
861 2913 1144 2971 manducet
1184 2912 1273 2983 (II
1301 2912 1482 2970 Thess.
1518 2913 1607 2974 tu)
1637 2931 1654 2970 :

50 3015 114 3063 et
147 3005 254 3077 ,ιρι
279 3005 674 3079 imperatorum
706 3006 955 3078 praecipit
989 3013 1051 3062 ut
1079 3005 1254 3064 fortes
1281 3008 1657 3067 mendicantes

47 3098 312 3156 servituti
366 3099 760 3171 mancipentur.
830 3099 1153 3157 Econtrario
1176 3138 1194 3166 ,
1250 3098 1451 3159 fratres
1491 3100 1651 3168 mei,

1777 782 1941 841 nibus
1973 780 2143 836 multa
2180 780 2351 837 millia
2377 780 2554 853 pascit
2606 790 2666 836 ιι
2718 779 2880 849 Deus,
2916 800 3059 840 nunc
3106 789 3280 846 esurit
3309 796 3367 850 et

1773 874 1890 929 sitit
1911 882 1971 929 ut
2000 874 2186 939 homo,
2219 889 2361 929 nunc
2384 873 2522 930 alios
2552 883 2710 929 sanat
2749 882 2809 929 ut
2836 862 3018 945 (Deus,
3045 895 3185 937 nunc
3214 883 3363 955 pati.

1774 972 1861 1021 tur
1885 973 1945 1019 ut
1967 964 2150 1020 homo.
2180 964 2375 1022 Veram
2400 982 2529 1023 vero
2569 982 2631 1023 se
2676 967 2877 1024 habere
2899 966 3231 1030 divinitatem
3266 976 3359 1039 hic

1773 1056 2113 1115 demonstrat
2133 1058 2189 1113 in
2221 1066 2494 1130 quatuor:
2537 1058 2721 1118 Primo
2750 1062 2806 1117 in
2848 1061 3076 1117 alterius
3115 1065 3237 1122 ﬁdei
3266 1085 3361 1126 co—

1772 1151 2039 1223 gnitione,
2080 1150 2238 1208 Unde
2268 1160 2343 1221 et
2380 1152 2471 1210 hic
2516 1152 2734 1226 dicitur,
2790 1157 2965 1212 videns
3011 1157 3166 1214 Jesus
3202 1161 3361 1230 ﬁdem

1771 1241 2007 1298 illorum.
2039 1244 2269 1300 Posseut
2306 1245 2523 1315 quidem
2549 1230 2654 1303 non
2682 1262 2749 1303 ex
2788 1247 2914 1319 ﬁde,
2964 1250 3057 1306 sed
3089 1238 3269 1321 potius
3292 1270 3363 1325 ex

1775 1335 2073 1392 tentalioue
2125 1346 2181 1392 et
2240 1338 2514 1395 derisione
2538 1341 2585 1394 ei
2650 1340 3016 1413 paralyticum
3053 1348 3358 1403 curandum

1772 1426 1989 1493 offerre,
2020 1430 2115 1483 sed
2135 1428 2443 1497 Dominum,
2470 1433 2560 1502 qui
2595 1442 2874 1490 scrutatur
2902 1450 3061 1495 renes
3088 1446 3144 1492 et
3168 1442 3360 1510 corda,

1773 1519 1962 1574 fallere
1992 1533 2102 1574 non
2123 1531 2440 1590 potuerunt.
2470 1521 2740 1591 Secundo,
2790 1525 2844 1579 in
2896 1537 3248 1598 peccatorum
3280 1532 3364 1588 di-

1772 1611 2031 1668 missione
2068 1625 2084 1666 :
2115 1614 2256 1667 unde
2286 1622 2339 1669 et
2365 1615 2497 1670 dicit
2527 1635 2543 1672 :
2580 1614 2833 1687 Conﬁde,
2884 1611 2985 1690 ﬁli,
3026 1622 3363 1697 di_mittuntttt_‘

1773 1704 1870 1758 tibi
1896 1714 2110 1774 peccata
2164 1715 2279 1761 tua.
2337 1706 2441 1763 Ubi
2491 1711 2787 1787 notandum
2841 1722 2942 1779 est,
2995 1692 3193 1770 fratres
3233 1692 3364 1785 mei,

1772 1797 2033 1865 quoniam
2083 1812 2192 1855 non
2222 1798 2299 1854 ait
2330 1803 2689 1881 evangelista,
2722 1804 2910 1860 videns
2954 1790 3117 1863 ﬁdem
3146 1808 3362 1883 paraly-

1773 1889 1887 1958 tici,
1919 1891 2012 1946 sed
2064 1891 2228 1948 ﬁdem
2264 1892 2481 1950 illorum
2504 1896 2596 1964 qui
2647 1910 2770 1951 eum
2803 1897 3120 1959 olferebaut.
3151 1900 3209 1956 Si
3232 1915 3364 1973 ergo

1772 1993 1981 2041 tantum
2012 1984 2186 2041 valuit
2207 1986 2513 2058 paralytico
2536 1986 2672 2043 ﬁdes
2716 1987 2918 2059 aliena,
2972 1999 3033 2045 ut
3090 2002 3275 2047 mente
3308 2001 3364 2049 ct

1768 2093 1998 2149 corpore
2031 2094 2345 2150 sanaretur,
2387 2092 2651 2150 quantum
2698 2085 2908 2154 putatis
2961 2085 3105 2141 valet
3146 2089 3363 2145 ιιιιίευί-

1769 2187 1878 2242 que
1903 2171 2039 2228 ﬁdes
2089 2175 2313 2245 propria
2343 2174 2367 2230 ?
2402 2174 2515 2230 Sed
2545 2176 2732 2233 dices:
2766 2177 3018 2250 Nunquid
3045 2181 3249 2238 homini
3275 2186 3362 2239 in-

1767 2259 1913 2317 ﬁdeli
1955 2262 2208 2320 Christus
2259 2273 2489 2334 peccata
2544 2267 2802 2327 dimisit?
2845 2267 3221 2344 Nequaquam.
3251 2274 3362 2330 Sed

1767 2352 2031 2408 Dominus
2055 2364 2279 2426 propter
2305 2356 2469 2411 ﬁdem
2521 2356 2891 2428 offerentium,
2928 2362 3090 2420 tidem
3141 2368 3361 2439 paraly-

1765 2443 1876 2501 tico
1905 2444 2211 2518 inspiravit,
2237 2459 2293 2504 et
2318 2449 2394 2504 ita
2420 2451 2662 2508 credenti
2708 2462 2939 2523 peccata
2966 2457 3192 2514 dimisit.
3225 2459 3360 2516 Ter-

1766 2535 1841 2594 tio
1865 2551 1922 2592 se
1957 2552 2141 2594 veram
2173 2539 2518 2598 divinitatem
2551 2546 2792 2601 ostendit
2815 2547 3038 2618 habere,
3072 2551 3129 2611 in
3155 2552 3360 2609 aliena-

1764 2646 1888 2689 rum
1937 2632 2333 2704 cogitationum
2378 2639 2711 2707 cognitione.
2759 2638 2915 2699 Unde
2956 2641 3167 2702 Scribis
3212 2647 3359 2705 intra
3396 2708 3399 2713 ,

1761 2737 1823 2781 Se
1843 2723 2146 2783 dicentibus
2172 2743 2189 2781 :
2219 2726 2325 2783 Hic
2364 2728 2712 2801 blaspltemat,
2736 2733 2870 2790 dixit
2908 2750 2921 2790 :
2954 2734 3022 2791 Ut
3042 2716 3187 2809 .quid
3215 2743 3361 2812 cogi-

1758 2821 1887 2883 tatis
1916 2818 2059 2874 mala
2085 2819 2143 2873 iu
2164 2821 2411 2877 cordibus
2429 2824 2608 2879 vestris
2635 2825 2658 2879 ?
2684 2824 2880 2897 (Marc.
2904 2828 2993 2900 ιι.)
3040 2824 3268 2900 Quarto,
3300 2833 3383 2889 in.

1758 2910 2050 2983 paralytici
2114 2925 2214 2983 per
2278 2913 2457 2975 solum
2504 2915 2794 2987 imperium
2834 2906 3163 2978 curatione.
3212 2924 3354 2982 Sunt

1760 3002 1931 3069 enim,
1985 3000 2190 3060 fratres
2235 3005 2369 3081 mei,
2413 3006 2504 3062 hic
2553 3018 2812 3087 quatuor,
2863 3002 3074 3068 scilicet
3120 3015 3361 3085 cognitio

1758 3092 1996 3150 alterius
2017 3092 2171 3167 fidei,
2218 3103 2576 3166 peccatorum
2617 3086 2890 3167 dimissio,
2933 3086 3235 3163 alienarum
3266 3121 3362 3175 c01-

46 3205 226 3261 quam
257 3190 519 3250 bonum
546 3199 632 3249 es;
661 3190 855 3251 modus
890 3191 1106 3249 vivendi
1151 3190 1339 3248 labore
1390 3192 1652 3260 manuali,
1680 3225 1727 3287 ο
1758 3186 2404 3287 gintiou_umjuspectio,
2438 3188 2554 3244 solo
2607 3199 2742 3247 nutu
2770 3192 2909 3248 facta
2969 3197 3184 3252 sanatio
3229 3214 3362 3269 pro-

41 3287 96 3344 si
128 3285 282 3354 justo
302 3285 398 3343 flat
426 3295 483 3344 et
521 3295 673 3345 recta
718 3284 1020 3344 intentione
1047 3295 1257 3342 etcum
1306 3286 1476 3343 multa
1512 3288 1652 3347 bona

42 3377 264 3435 habeat
288 3376 345 3433 in
373 3377 471 3435 sel
502 3375 709 3450 Primo,
738 3376 869 3448 quia
896 3377 963 3434 de
1001 3392 1102 3434 suo
1135 3376 1293 3442 justo
1346 3377 1537 3435 labore
1567 3379 1653 3434 vi-

40 3470 177 3536 vit;
219 3468 491 3535 secundo,
532 3468 662 3539 quia
694 3468 908 3525 debitas
934 3467 1260 3535 oblationes.
1288 3468 1358 3525 de
1384 3484 1508 3537 suo,
1538 3469 1653 3526 Deo

38 3558 290 3626 reddit;
334 3559 538 3627 tertio,
583 3558 712 3630 quia
758 3557 946 3625 habet,
1005 3561 1149 3617 unde
1202 3558 1377 3629 possit
1426 3569 1652 3632 peccata

36 3652 369 3720 redimere;
393 3659 593 3724 quarto
615 3653 766 3723 quia,
782 3651 938 3721 juxta
960 3652 1107 3724 quod
1128 3650 1351 3720 dicitur,
1369 3653 1458 3710 hic
1483 3653 1655 3711 habet

33 3747 208 3807 unde
259 3745 471 3805 tribuat
524 3746 903 3807 necessitatem
954 3744 1206 3816 patienti.
1260 3744 1414 3802 Hanc
1464 3746 1651 3818 igitur,

31 3838 264 3895 fratres
320 3834 652 3903 eharissimi,
699 3835 965 3907 triplicem
1013 3836 1147 3904 oris,
1191 3836 1372 3892 cordis
1398 3845 1454 3892 et
1472 3838 1653 3908 operis

25 3933 360 3995 novitatem
389 3931 593 3995 habere
612 3931 965 3989 studeamus:
990 3938 1050 3986 ut
1084 3930 1211 3987 novi
1236 3930 1475 3988 hominis
1497 3930 1654 3987 Chri-

25 4028 116 4086 sti
156 4042 305 4089 nova
345 4026 591 4087 membra
636 4038 760 4083 esse
813 4038 1147 4092 mereamur,
1208 4025 1326 4095 ipso
1358 4024 1651 4096 largiente,

20 4120 149 4193 qui
206 4135 335 4179 eum
389 4118 553 4175 Patre
596 4125 654 4175 et
696 4116 904 4188 Spiritu
948 4126 1141 4176 sancto
1188 4117 1326 4175 vivit
1363 4127 1417 4176 et
1463 4128 1652 4191 regnat

25 4215 205 4272 Deus
238 4228 340 4286 per
366 4213 550 4271 omnia
569 4211 766 4271 saecula
799 4210 1142 4269 saculorum.
1166 4210 1362 4268 Amen.

630 4306 917 4365 HOMILIA
938 4305 1076 4363 XLI.

221 4400 491 4458 DOIINIGA
526 4416 727 4459 DBCIIA
764 4416 901 4459 non
930 4414 1073 4458 ros'r
1111 4399 1482 4463 Turnus-rel.

46 4510 57 4519 “
113 4494 431 4551 Asc-endem
458 4493 615 4551 Iesus
640 4496 698 4550 in
721 4494 1040 4563 nauiculam,
1084 4494 1465 4566 transfretavit,
1497 4503 1547 4550 et
1568 4509 1651 4551 uec

12 4589 129 4645 nit
162 4588 231 4642 ita
282 4587 545 4644 civitatem
598 4603 750 4643 sum
805 4586 1025 4656 (Hatria.
1056 4586 1157 4658 rx).
1187 4584 1352 4643 Juxta
1385 4586 1649 4657 litteram,

9 4680 621 4743 fratrescharissimi.
656 4679 897 4737 ostendit
930 4680 1192 4738 Dominus
1217 4679 1275 4735 in
1328 4679 1432 4734 hac
1474 4679 1650 4736 sancti

7 4775 340 4847 Evangelii
368 4775 604 4832 lectione
650 4789 710 4831 se
733 4783 793 4830 et
838 4787 1022 4830 veram
1051 4774 1442 4833 humanitatem
1469 4783 1525 4829 et
1555 4788 1651 4830 ve-

7 4884 175 4927 rum
209 4866 550 4924 divinitatem
576 4867 800 4923 habere.
834 4866 906 4923 Et
933 4882 1119 4923 veram
1159 4868 1377 4939 quidem
1400 4867 1651 4924 humanis

8 4969 232 5019 tatem
277 4972 339 5016 se
364 4958 566 5017 habere
607 4959 974 5024 demonstrat,
1004 4959 1131 5015 dum
1170 4972 1323 5016 more
1368 4958 1648 5015 hominum

7 5040 258 5114 navem
284 5050 531 5113 ascendit
551 5058 613 5109 et
651 5048 996 5115 transfretat,
1022 5058 1079 5106 et
1105 5051 1340 5121 patriam
1377 5058 1650 5107 terrenam

7 5146 267 5205 visitat.
304 5142 493 5205 Posset
518 5143 740 5215 quidem
793 5143 1148 5215 omnipotens
1178 5152 1235 5200 et
1268 5158 1516 5200 summus
1544 5145 1651 5201 Dor-

7 5240 267 5304 minus,
298 5244 512 5308 utpote
563 5237 656 5294 eui
686 5237 941 5295 universa
974 5235 1314 5293 famulantur
1355 5235 1646 5305 elementa,

7 5347 214 5390 mare
242 5330 525 5399 divisisse,
558 5330 645 5388 vel
704 5345 868 5403 super
908 5344 1113 5402 aquas,
1154 5330 1300 5387 sicut
1352 5330 1651 5402 aliquando

7 5426 211 5491 fecit,
240 5426 411 5483 siccis
456 5426 685 5498 pedibus
706 5425 1046 5496 ambulasse,
1093 5425 1191 5483 sed
1210 5436 1520 5498 :assurnpta:
1549 5426 1651 5482 huc

7 5516 488 5589 manantis-vera
516 5517 571 5574 ia
600 5531 660 5574 se
682 5518 1057 5575 demonstrare
1083 5515 1254 5575 voluit
1298 5526 1648 5587 argumenta.

7 5610 632 5684 Camenim'iegimua
655 5611 933 5671 Christum
961 5610 1244 5677 esuriisse,
1271 5611 1494 5681 sitiisse,
1522 5611 1653 5668 fati:-

7 5713 243 5780 gnum
256 5704 473 5772 Initum:
493 5703 927 5771 mvis-veliculo
980 5705 1387 5773 transfretasse,
1414 5707 1652 5778 patriam

7 5811 85 5860 et.
133 5797 1194 5868 parentes'hahuissegcredimus'etm
1230 5813 1359 5856 vere
1404 5809 1648 5861 nostram

7 5889 465 5948 humanitatem
489 5895 545 5943 et
581 5886 959 5945 inﬁrmitatem
1005 5891 1331 5964 suscepisse.
1378 5889 1646 5948 Caeterum

394 6005 669 6070 PATROL.
700 6002 880 6073 CLV.

1757 3280 1878 3351 pria
1899 3277 2206 3336 soliusDei.
2248 3280 2381 3349 Qum
2419 3293 2600 3340 tamen
2643 3301 2744 3354 per
2803 3286 3106 3355 ministros,
3137 3291 3358 3361 quando

1759 3372 1895 3439 vult,
1927 3379 1986 3427 ut
2016 3381 2211 3431 auctor
2262 3384 2547 3446 operatur.
2593 3375 2701 3433 Sed
2752 3378 3016 3450 quoniam
3045 3381 3222 3450 prima
3247 3384 3358 3453 tifia

1757 3464 2109 3527 invisibiliter
2134 3458 2473 3537 ,operaturus
2523 3479 2665 3538 erat,
2710 3471 2832 3531 ideo
2855 3486 2954 3543 per
2984 3482 3240 3544 quartum
3278 3477 3357 3541 vi:

1757 3554 1918 3611 sibile
1946 3554 2161 3626 signum
2190 3570 2253 3612 ea
2276 3560 2589 3631 conﬁrmat.
2618 3560 2773 3618 Unde
2805 3572 2862 3621 et
2879 3562 3054 3623 dixit:
3080 3563 3147 3620 Ut
3175 3576 3353 3641 autem

1756 3649 1938 3717 sciatis
1970 3649 2112 3719 quod
2174 3648 2348 3721 Filius
2377 3652 2474 3709 Dei
2506 3652 2783 3727 [hominis]
2824 3655 2993 3725 .habet
3040 3666 3353 3729 potestatem

1757 3742 1814 3796 in
1837 3751 1980 3798 terra
2002 3745 2300 3802 dimittendi
2324 3756 2563 3817 peccata,
2596 3748 2860 3806 subaudis
2888 3758 2945 3806 et
2988 3754 3352 3823 cognoscendi

1758 3835 1919 3892 ﬁdem
1945 3847 2003 3895 et
2026 3839 2393 3911 cogitationes
2434 3840 2705 3908 cordium,
2743 3856 2872 3899 ecce
2920 3843 3073 3915 vobis
3105 3845 3211 3901 hoc
3254 3862 3349 3917 per

1757 3928 1970 3986 visibile
2002 3930 2216 4001 signum
2240 3932 2575 3993 demonstro.
2611 3933 2764 3993 Unde
2805 3944 2861 3992 et
2884 3935 3079 4013 subdit
3104 3952 3347 4010 evange-

1754 4020 1882 4079 lista
1910 4037 1927 4077 :
1969 4021 2114 4079 Tunc
2142 4026 2217 4081 ait
2230 4025 2523 4097 paralytico
2547 4041 2566 4079 :
2588 4026 2782 4099 Surge,
2809 4029 2935 4086 tolle
2960 4029 3152 4103 lectum
3174 4040 3348 4105 tuum,

1753 4124 1803 4170 et
1834 4116 1962 4172 vade
1990 4117 2045 4171 in
2073 4117 2289 4173 domum
2331 4131 2501 4177 tuam.
2534 4120 2605 4175 Et
2635 4124 2867 4178 surrexit
2916 4134 2966 4178 et
2993 4125 3121 4179 abiit
3173 4126 3226 4180 in
3254 4127 3352 4182 do-

1752 4221 1900 4262 mum
1949 4226 2122 4264 suam.
2178 4208 2341 4267 Juxta
2393 4212 2750 4283 tropologiam
2789 4229 2919 4271 vero
2980 4218 3262 4273 erudimur
3291 4220 3348 4279 iu

1754 4301 1858 4359 hac
1883 4302 2114 4360 lectione
2156 4305 2211 4363 in
2256 4313 2512 4376 quatuor.
2545 4307 2730 4365 Primo
2782 4308 2927 4364 enim
2955 4310 3010 4366 in
3047 4309 3154 4366 hoc
3202 4313 3350 4382 quod

1752 4394 2017 4452 Dominus
2046 4411 2242 4453 navem
2268 4400 2576 4455 ascendens
2613 4401 2988 4458 trausfrctavit
3019 4411 3074 4461 et
3101 4405 3251 4460 venit
3292 4406 3349 4475 in

1753 4486 2031 4545 civitatem
2061 4503 2239 4555 suam,
2267 4489 2549 4545 erudimur
2573 4492 2822 4560 exemplo
2847 4493 2965 4564 ejus
2990 4504 3049 4549 ut
3084 4509 3184 4551 nos
3213 4510 3349 4567 que-

1683 4582 1730 4643 D
1753 4599 1862 4654 que
1883 4583 2194 4641 naviculam
2215 4587 2577 4642 ascendamus
2603 4594 2658 4641 et
2681 4587 2751 4643 ab
2775 4586 2936 4657 hujus
2972 4590 3160 4645 mundi
3198 4592 3348 4649 exsi-

1753 4678 1830 4734 lio
1858 4680 1927 4733 ad
1956 4686 2218 4737 mteruam
2248 4675 2683 4734 transfretemus.
2731 4678 2991 4736 Navicula
3042 4682 3240 4752 quippe
3268 4682 3346 4745 si.

1750 4770 1974 4842 gniﬁcat
2007 4778 2253 4827 sanctam
2284 4769 2608 4839 Ecclesiam,
2656 4786 2802 4842 quin,
2830 4773 3083 4843 quamvis
3137 4773 3191 4828 in
3231 4773 3338 4831 hoc

1750 4861 1955 4918 amcqu
1988 4862 2240 4933 malignis
2290 4863 2575 4935 spiritibus
2623 4863 2932 4932 infestetur,
2958 4866 3213 4936 quamvis
3242 4865 3343 4925 tri-

1751 4952 2090 5011 bulationum
2124 4955 2284 5012 undis
2333 4956 2706 5024 concutiatur,
2753 4958 3004 5028 quamvis
3047 4974 3195 5015 nunc
3241 4973 3341 5030 per

1753 5047 2191 5119 prosperitatem
2215 5047 2480 5117 elevatur,
2513 5065 2660 5107 nunc
2679 5064 2775 5122 per
2795 5052 3178 5113 adversitatem
3201 5067 3342 5124 pene

1749 5140 2164 5210 submergatur,
2217 5147 2422 5208 tamen,
2480 5139 2595 5198 Deo
2620 5151 2842 5213 regente
2873 5154 2931 5199 et
2973 5143 3179 5213 Spiritu
3212 5160 3341 5211 san:

1750 5241 1841 5291 cto
1868 5230 2202 5302 impellente,
2223 5248 2321 5291 eos
2340 5235 2435 5306 qui
2464 5235 2520 5292 in
2558 5249 2622 5292 ea
2647 5244 2776 5291 sunt
2800 5250 2897 5307 per
2947 5236 3074 5294 ﬁdei
3116 5244 3184 5297 et‘
3209 5230 3349 5303 char‘

1752 5328 1932 5385 ritatis
1955 5329 2221 5386 unitatem
2257 5332 2325 5388 ad
2360 5343 2581 5404 portum
2608 5331 2801 5389 saiutis
2822 5342 3040 5389 aeterna:
3066 5342 3341 5404 transporr

1750 5430 1849 5478 tat.
1883 5421 1991 5479 Sed
2015 5423 2184 5496 (quod
2224 5424 2341 5482 sine
2362 5426 2566 5497 gemitu
2588 5428 2773 5484 dicere
2798 5442 2905 5484 non
2929 5425 3174 5499 possum)
3219 5418 3349 5509 pluf

1746 5531 1841 5574 res
1862 5526 1990 5575 sunt
2019 5518 2202 5586 hodie,
2231 5518 2323 5589 qui
2352 5534 2479 5575 cum
2506 5520 2562 5575 in
2604 5521 2849 5578 Ecclesia
2898 5521 3189 5578 videantur
3216 5518 3349 5589 essef

1748 5625 1999 5676 numero,
2038 5619 2196 5667 extra
2223 5620 2354 5668 sunt
2409 5613 2603 5669 merito
2649 5614 2855 5684 plures,
2904 5612 2999 5685 qui
3046 5611 3239 5668 nolunt
3270 5600 3347 5685 ad:

1748 5702 1901 5759 illam
1956 5704 2190 5776 patriam
2246 5704 2655 5774 transfretare;
2712 5705 2806 5762 sed
2846 5706 3030 5777 potius
3074 5704 3131 5758 in
3176 5690 3347 5773 huius»2

1750 5797 1938 5853 mundi
1962 5797 2245 5870 naufragio
2267 5809 2454 5854 amant
2481 5814 2728 5874 manere,
2776 5807 2833 5856 et
2860 5798 3067 5855 nollent
3092 5799 3345 5867 praesen:

1756 5898 1866 5948 tem
1900 5889 2044 5948 ﬁniri
2074 5890 2374 5960 miseriam,
2420 5893 2513 5950 sed
2538 5906 2756 5962 semper
2791 5892 2881 5948 hic
2906 5889 3120 5945 durare.
3149 5888 3341 5944 Plures

2904 6004 2987 6071 66
