3896 6320
503 310 641 369 209i

1473 297 1824 359 ADDENDA.
1861 326 1931 343 -
1971 293 2320 356 ιιΑιιυιΡιιι
2354 296 2705 355 ARDENTIS

3661 294 3770 356 205d

501 433 669 488 etiam
702 432 797 500 qui
820 423 992 501 (quod
1019 420 1239 498 gravius
1265 417 1372 491 est)
1421 417 1595 483 ipsam
1643 412 1901 470 Ecclesiae
1950 413 2102 468 navi.
2129 422 2176 479 Α
2204 410 2332 467 lium
2361 411 2770 467 intercessionis
2802 416 3020 474 vestrae,
3074 406 3191 463 reis
3219 412 3277 462 et
3299 405 3680 477 peccatoribus,
3703 415 3770 478 qui

506 523 691 580 cuiam
715 538 822 596 qua
847 527 1068 593 possent
1099 512 1481 576 transfretare,
1527 507 1847 574 haeresibus,
1877 513 2103 561 conten-

501 619 771 683 tionibus,
805 613 1048 675 insidiis,
1084 620 1137 665 et
1179 602 1649 677 persecutionibus
1698 605 2102 671 persequuntur

503 711 863 774 etscindunt,
895 716 970 773 et,
988 712 1252 774 quantum
1287 701 1339 755 in
1385 698 1517 769 ipsis
1542 705 1648 761 est,
1694 694 2050 763 submergunt
2081 706 2096 756 ;

502 803 605 860 sed
637 801 762 872 ipsi,
790 806 850 854 ut
882 808 1153 857 meruere,
1201 791 1646 855 submerguntur.
1679 781 1941 839 Navicula
1972 794 2102 836 vero

503 907 638 948 cum
693 889 947 946 ﬁdelibus
995 885 1108 943 suis
1154 883 1222 937 ad
1272 889 1491 952 portum
1545 874 1738 932 salutis
1775 872 2100 944 applicatur.

508 986 958 1043 Transfretemus
1029 993 1181 1048 ergo,
1229 974 1450 1038 fratres,
1499 987 1594 1042 spe
1630 979 1686 1025 et
1734 966 2020 1028 desiderio,
2049 973 2104 1019 et

504 1078 804 1134 tendamus
851 1076 904 1129 in
956 1070 1232 1126 civitatem
1290 1073 1557 1127 nostram,
1601 1071 1842 1116 nostram
1893 1057 2102 1127 utique,

502 1175 787 1244 quoniam,
817 1178 876 1223 ut
921 1167 996 1222 ait
1021 1161 1329 1234 Apostolus,
1387 1159 1510 1214 Jam
1543 1174 1644 1211 non
1669 1172 1851 1210 sumus
1874 1154 2105 1222 hospites

498 1281 556 1321 .et
601 1269 844 1332 aduente,
894 1264 985 1320 sed
1016 1278 1196 1316 sumus
1228 1260 1365 1313 cives
1397 1266 1703 1310 sanctorum
1745 1261 1791 1304 et
1833 1246 2106 1302 domestici

506 1358 606 1412 Dei
657 1355 878 1428 (Ephes.
935 1357 1019 1418 ll),
1073 1351 1305 1406 ha’redes
1362 1348 1575 1418 quidem
1638 1341 1767 1406 Dei,
1811 1336 2106 1392 coha'redes

497 1460 685 1502 autem
713 1447 906 1502 Christi
935 1443 1112 1514 (Rom.
1143 1441 1282 1505 vm).

585 1539 837 1596 Secundo
869 1551 1018 1600 vero,
1063 1533 1188 1604 quia
1220 1546 1326 1586 non
1358 1526 1533 1582 solum
1572 1523 1800 1580 salutem
1840 1525 2102 1579 nostram,

500 1619 610 1689 "sed
638 1634 800 1688 etiam
832 1631 1206 1701 proximorum
1253 1636 1500 1694 quatret‘e
1550 1617 1835 1680 debemus,
1884 1607 2110 1666 instrui-

503 1741 640 1778 unur
690 1725 758 1779 ab
785 1723 866 1778 eis
895 1722 986 1793 qui
1013 1718 1373 1791 paralyticum
1422 1714 1472 1768 in
1506 1711 1649 1766 lecto
1677 1710 1948 1779 jacentem
2001 1701 2108 1756 Do-

2204 505 2307 560 etsi
2338 519 2434 560 vos
2489 521 2596 559 non
2649 515 2860 574 petant,
2909 514 3096 558 tamen
3127 517 3232 556 vos
3257 514 3362 572 pro
3398 498 3480 555 eis
3503 510 3671 572 petere
3696 521 3774 562 non

2204 595 2590 662 contemnatis,
2633 595 2897 650 talentum
2933 595 3094 649 vobis
3137 592 3506 649 commissum
3556 609 3652 648 non
3686 597 3775 655 sbs-

2202 689 2476 756 condatis,
2524 689 2619 744 sed
2649 700 2813 743 orate
2853 704 2954 758 pro
2984 688 3272 750 omnibus,
3327 693 3488 739 orate
3516 700 3610 755 pro
3635 688 3778 759 singu.

2205 782 2293 848 lis,
2334 781 2596 852 quoniam
2621 780 2764 836 Deus
2786 795 2980 852 preces
3027 778 3280 834 ﬁdelium
3307 792 3540 832 suorum
3566 793 3782 847 spernere

2207 893 2312 933 non
2338 885 2538 946 potest,
2571 875 2668 930 sed
2697 875 2769 930 ob
2799 889 2994 945 preces
3041 882 3294 937 nostras,
3329 887 3433 926 nos
3465 872 3556 942 qui
3592 873 3641 926 in
3677 873 3783 930 lecto

2210 971 2513 1039 torquentis
2559 967 2910 1024 conscientiae
2945 966 3149 1022 inﬁrmi
3181 966 3470 1036 jacemus,
3525 965 3614 1034 qui
3664 981 3784 1035 para-

2208 1063 2380 1134 lytici,
2419 1061 2470 1116 id
2521 1071 2605 1116 est
2638 1060 2897 1115 membris
2946 1057 3221 1125 dissoluti,
3274 1067 3332 1112 et
3370 1056 3694 1127 impotentes
3724 1075 3784 1112 sa-

2208 1172 2349 1219 mus,
2385 1156 2474 1225 qui
2501 1170 2602 1210 nec
2641 1154 2776 1210 bene
2808 1154 2968 1217 velle,
2991 1169 3091 1208 nec
3137 1154 3281 1207 bene
3310 1151 3494 1221 loqui,
3549 1165 3646 1205 nec
3683 1151 3784 1208 bene

2208 1250 2422 1319 cpe-rari
2453 1247 2719 1314 valemus,
2781 1263 2881 1318 per
2907 1246 3354 1302 misericordiam
3398 1259 3559 1299 suam
3590 1246 3653 1297 ad
3681 1245 3784 1301 bene

2211 1344 2474 1414 agendum
2517 1344 2713 1414 erigat,
2768 1351 2830 1397 ut
2873 1343 3186 1413 grabatum,
3242 1340 3302 1396 id
3345 1349 3439 1395 est
3492 1354 3702 1395 carnem
3727 1343 3786 1393 in-

2214 1437 2486 1494 ﬁrmitatis
2541 1446 2764 1505 nostrae,
2822 1437 3095 1509 possimus
3136 1452 3166 1490 a
3219 1435 3365 1490 vitio
3415 1433 3717 1496 sublevare,
3748 1445 3786 1490 et

2211 1533 2278 1586 ad
2311 1531 2594 1586 codestem
2665 1534 2866 1587 donum
2899 1540 3250 1601 supportare.
3322 1528 3491 1597 Quod
3538 1529 3646 1597 ipse
3687 1544 3786 1598 pra-

2214 1634 2364 1680 stare
2417 1624 2698 1696 dignetur,
2728 1623 2820 1694 qui
2883 1639 3008 1678 cum
3060 1622 3230 1678 Patre
3273 1632 3333 1676 et
3389 1621 3603 1691 Spiritu
3643 1631 3787 1677 sancto

2212 1718 2347 1772 vivit
2372 1726 2429 1773 et
2463 1727 2656 1789 regnat
2686 1717 2830 1774 Deus
2852 1731 2950 1787 per
2998 1717 3183 1772 omnia
3216 1717 3438 1772 sacula
3491 1712 3782 1770 saeculorum.

503 1817 660 1870 mino
687 1791 989 1870 sanandum
1023 1809 1338 1869 offerebant,
1411 1814 1470 1860 ut
1502 1817 1600 1858 nos
1634 1813 1849 1871 quoque
1875 1793 2108 1850 inﬁrmis
2137 1791 2184 1852 Β
2209 1810 2407 1866 Amen,

504 1907 628 1960 sive
651 1915 833 1961 mente
860 1905 972 1959 sive
989 1915 1218 1971 corpore
1235 1896 1651 1966 compaliamur,
1677 1899 1732 1946 et
1754 1903 1850 1944 eos
1880 1887 2108 1942 Domino

513 1997 787 2052 sanandos
821 2010 920 2066 per
979 1993 1285 2049 orationem
1329 1997 1385 2042 et
1429 1983 1757 2040 desiderium
1787 1977 2104 2036 offeramus.

510 2089 629 2145 Non
658 2090 828 2144 simus
855 2089 922 2143 de
961 2098 1188 2142 numero
1237 2081 1450 2136 illorum
1490 2077 1605 2148 qui,
1635 2073 1792 2146 quasi
1824 2071 1975 2129 saxei
2022 2067 2108 2124 vel

507 2180 677 2237 ferrei
703 2187 906 2240 essent,
939 2190 1105 2248 super
1155 2171 1477 2228 aﬂlictiones
1507 2176 1562 2223 et
1589 2166 1804 2222 dolores
1835 2163 2112 2234 proximo-

509 2287 636 2328 rum
669 2273 814 2327 nulla
846 2267 1228 2340 compassioue
1274 2269 1582 2328 moventur,
1628 2258 1725 2314 sed
1774 2256 1954 2328 potius
1989 2253 2112 2309 imi.

511 2377 697 2423 temur
719 2365 868 2419 illum
889 2365 954 2418 de
997 2377 1104 2431 quo
1145 2358 1440 2428 loquimur,
1479 2352 1664 2409 Jesum
1693 2349 1993 2413 Christum,
2017 2347 2109 2419 qui

507 2459 819 2516 visceribus
846 2452 1243 2511 misericordiae
1283 2461 1499 2517 semper
1525 2442 1698 2498 allluit
1745 2456 1907 2511 super
1955 2439 2112 2494 infir-

511 2569 634 2607 suos
656 2561 710 2606 et
739 2557 1074 2621 peceatores,
1104 2546 1246 2599 sicut
1274 2542 1340 2597 de
1387 2557 1454 2595 en
1501 2554 1598 2608 per
1626 2536 1950 2608 prophetam
1980 2531 2113 2587 dici-

509 2658 648 2701 tur:
710 2642 843 2696 Vere
891 2642 1175 2711 languores
1223 2645 1429 2689 nostros
1485 2633 1594 2701 ipss
1624 2629 1768 2695 tulit,
1820 2639 1867 2682 et
1896 2634 2111 2696 peccata

506 2748 700 2792 nostra
734 2736 845 2804 ipse
873 2733 1094 2804 portavit
1122 2727 1278 2802 (Isai.
1308 2728 1448 2794 uu).
1481 2725 1762 2779 Imitemur
1789 2722 1956 2778 etiam
1989 2721 2112 2776 imi-

506 2842 748 2886 datorem
771 2830 891 2898 ejus
914 2826 1164 2891 Paulum,
1221 2823 1314 2893 qui
1345 2823 1410 2875 de
1439 2834 1498 2875 se
1524 2817 1662 2872 dixit
1695 2832 1710 2871 :
1749 2815 1948 2870 Factus
1993 2829 2112 2869 sum

504 2924 741 2993 inﬁrmis
771 2922 1040 2991 inﬁrmus,
1065 2930 1121 2973 ut
1162 2933 1249 2971 eos
1281 2913 1654 2983 lucrifacerem
1683 2909 1733 2981 (l
1757 2907 1880 2964 Cor.
1914 2909 2012 2968 ixi.
2045 2907 2114 2962 Et

509 3014 642 3068 alibi
681 3027 696 3067 :
730 3011 863 3080 Quis
889 3011 1217 3076 inﬁrmatur,
1242 3017 1289 3061 et
1317 3021 1410 3075 ego
1439 3019 1544 3057 non
1574 2998 1956 3070 inﬁrmor?(ll
1983 2997 2108 3053 Cor.

515 3107 603 3174 ιι).
635 3104 821 3160 Tertio
847 3117 1062 3175 quoque
1095 3101 1275 3156 in'hoc
1298 3096 1443 3168 quod
1471 3092 1734 3148 Dominus
1765 3091 2004 3160 respexit
2044 3093 2112 3144 ad

515 3194 679 3248 ﬁdem
707 3191 1051 3248 oﬁerentiunt
1106 3189 1488 3260 paralyticum,
1537 3185 1858 3242 instruimur
1878 3182 2020 3252 quod
2062 3179 2111 3236 si

515 3301 617 3359 pro
664 3286 819 3340 nobis
861 3293 920 3339 et
969 3283 1092 3339 aliis
1124 3282 1490 3352 supplicantes
1521 3295 1552 3334 a
1585 3277 1817 3333 Domino
1867 3272 2110 3328 exaudiri

515 3377 792 3445 volumus,
824 3378 984 3434 ﬁdem
1042 3375 1367 3448 perfectam,
1420 3373 1471 3428 id
1523 3380 1606 3427 est
1646 3386 1744 3442 per
1788 3368 2112 3424 cbaritatem

511 3483 832 3541 operantem
863 3465 1009 3537 (Gal.
1043 3465 1367 3529 tv),babere
1404 3463 1739 3518 studeamus.
1779 3454 2113 3529 Impossibilc

521 3571 613 3617 est
643 3561 788 3616 enim
821 3563 1124 3615 orationem
1153 3559 1235 3611 vel
1293 3557 1438 3611 aliud
1467 3555 1672 3626 aliquid
1706 3554 1825 3610 sine
1873 3552 1976 3606 ﬁde
1997 3549 2112 3621 pla-

511 3668 642 3710 cere
675 3654 804 3710 Deo.
839 3650 994 3708 Unde
1033 3648 1268 3706 Iacobus
1297 3665 1314 3703 :
1351 3648 1412 3704 Si
1437 3649 1557 3718 quis
1606 3646 1802 3716 indiget
1830 3642 2110 3714 sapientia,

514 3747 744 3820 postulet
771 3763 804 3799 a
837 3744 950 3800 Deo
975 3743 1067 3814 qui
1093 3743 1186 3796 dat
1210 3741 1452 3796 omnibus
1479 3740 1766 3812 affluenter,
1789 3748 1835 3792 et
1869 3754 1973 3791 non
2013 3735 2114 3788 im-

521 3851 791 3914 properat.
825 3837 1062 3893 Postulet
1092 3850 1266 3891 autem
1293 3837 1346 3890 in
1369 3835 1477 3904 ﬁde
1499 3836 1631 3889 nihil
1661 3833 1933 3887 hwsitans.
1969 3825 2113 3883 Nam

517 3937 606 4007 qui
643 3934 890 3997 hmitat,
940 3928 1129 3985 similis
1177 3938 1251 3983 est
1297 3927 1486 3998 ﬂuctui
1524 3925 1724 3989 maris,
1771 3927 1861 3993 qui
1905 3938 1938 3974 a
1964 3929 2112 3974 vento

515 4025 912 4096 circumfertur.
937 4023 1063 4079 Non
1085 4024 1302 4077 a-stimet
1336 4031 1510 4075 autem
1536 4017 1626 4072 ille
1653 4019 1807 4070 homo
1833 4031 1886 4068 se
1914 4012 2114 4084 aliquid

512 4134 854 4190 accepturum
882 4137 914 4172 a
945 4116 1051 4172 Deo
1079 4115 1222 4188 (Jac.
1253 4121 1319 4184 ι).
1341 4113 1400 4170 Si
1431 4127 1564 4180 ergo
1591 4124 1692 4166 nec
1724 4108 1814 4164 ille
1840 4108 1934 4179 qui
1983 4121 2114 4176 sup-

2781 1925 3062 1985 HOMILIA
3101 1927 3268 1983 XLII.

2458 2042 2725 2099 Douuucs
2755 2059 3007 2100 vrossxn
3047 2059 3182 2100 rosr
3216 2043 3608 2100 Tamtures.

2294 2159 2481 2215 Videte
2521 2162 2781 2232 quomodo
2832 2173 2984 2216 caute
3039 2160 3327 2215 ambuletis
3356 2159 3582 2231 (Ephes.
3616 2161 3681 2229 ν),
3705 2169 3783 2218 etc.

2209 2255 2270 2312 In
2310 2255 2415 2311 bac
2468 2255 2724 2322 lectione,
2763 2255 2965 2311 fratres
3019 2255 3372 2321 charissimi,
3433 2254 3674 2308 hortatur
3714 2270 3786 2310 nos

2211 2346 2503 2418 Apostolus
2566 2357 2626 2402 ιιι
2679 2357 2842 2402 caute
2915 2345 3264 2403 ambuiemus
3319 2346 3477 2400 viam
3545 2347 3786 2400 mundana

2212 2441 2692 2512 peregrinationis,
2715 2449 2773 2495 ut
2800 2443 2872 2496 ita
2904 2456 3004 2512 per
3026 2455 3147 2495 eam
3175 2440 3247 2494 ad
3284 2447 3564 2494 aeternam
3593 2440 3780 2509 patriast

2213 2535 2505 2595 pervenire
2550 2547 2888 2588 mereamur.
2943 2533 3084 2588 Sunt
3128 2544 3319 2588 autem
3361 2530 3537 2602 hujus
3582 2532 3784 2587 lectionis

2214 2637 2449 2698 quatuor
2489 2636 2692 2696 partes.
2751 2624 2942 2680 Primo
2990 2623 3136 2680 enim
3182 2639 3288 2680 nos
3330 2635 3532 2681 monet
3579 2633 3783 2680 utcaste

2217 2721 2561 2776 ambulemus
2589 2737 2605 2786 ;
2651 2720 2917 2784 secundo,
2941 2727 3001 2772 ut
3031 2719 3101 2773 ab
3139 2717 3571 2789 impedimentis
3619 2728 3783 2788 tempo-

2218 2813 2426 2870 ralibus
2449 2829 2548 2886 nus
2577 2812 2955 2876 redimamus;
2987 2812 3171 2876 tertio,
3227 2820 3308 2876 ut,
3367 2827 3482 2866 non
3531 2812 3780 2875 mundana,

2214 2908 2310 2962 sed
2337 2905 2608 2976 spirituali
2631 2903 2896 2960 ebrietate
2921 2903 3258 2958 inebriemur
3284 2921 3300 2972 ;
3358 2913 3586 2975 quarto,
3613 2915 3668 2958 ut
3691 2921 3786 2974 pro-

2213 3008 2336 3070 pter
2385 2997 2662 3054 Christum
2705 2997 2932 3065 subjecti
2982 3011 3081 3053 nos
3115 2997 3358 3053 invicem
3413 3009 3782 3067 supportemns.

2217 3092 2442 3148 Monens
2467 3093 2633 3163 igitur
2660 3106 2759 3145 nos
2789 3091 3082 3160 Apostolus
3110 3101 3172 3146 ιιι
3224 3091 3375 3146 viam
3423 3092 3588 3161 hujus
3626 3092 3787 3146 mundi

2139 3158 2186 3220 θ
2217 3158 2512 3256 ειιιίειιιειί
2543 3158 2899 3252 ambulemus,
2953 3186 3071 3240 ait:
3133 3183 3320 3240 Videte
3363 3158 3628 3256 quomodo
3669 3195 3789 3240 caste

2217 3277 2519 3333 ambuletis.
2549 3278 2745 3343 Caute,
2786 3276 2990 3333 fratres
3037 3276 3382 3341 charissimi,
3428 3277 3694 3340 ambulat,
3722 3280 3790 3346 qui

2217 3372 2460 3428 ambulat
2492 3386 2602 3442 quo
2624 3370 2809 3434 debet,
2857 3380 2909 3426 et
2936 3385 3044 3441 qua
3075 3371 3162 3425 via
3188 3370 3378 3435 debet,
3435 3381 3496 3425 et
3550 3370 3792 3441 quomodo

2217 3465 2400 3521 debet.
2455 3462 2574 3532 Quo
2621 3463 2882 3520 debemus
2925 3464 3292 3528 ambulamus,
3351 3463 3398 3519 si
3447 3463 3520 3519 ad
3560 3473 3794 3518 elerum

2217 3558 2457 3630 patriam
2500 3566 2616 3612 toto
2642 3555 2917 3613 desiderio
2940 3554 3285 3621 festinamus,
3322 3565 3386 3611 ut
3441 3556 3518 3610 ibi
3539 3557 3795 3609 videamus

2217 3650 2387 3706 Deum
2413 3650 2640 3705 deorum
2669 3649 2724 3704 iu
2757 3649 2908 3713 Sion,
2941 3649 3228 3719 quoniam,
3251 3648 3409 3718 juxta
3459 3648 3793 3720 Apostolus:

2220 3741 2348 3799 Non
2378 3745 2630 3798 habemus
2676 3743 2762 3796 hic
2803 3753 3096 3797 manentem
3122 3743 3417 3808 civitatem,
3467 3744 3560 3797 sed
3581 3743 3795 3811 futurae:

2216 3837 2535 3908 inquirimus
2589 3834 2780 3907 (Hebr.
2807 3835 2954 3906 xm).
3014 3836 3247 3907 Semper
3299 3850 3459 3906 ergo,
3495 3835 3715 3900 fratres,
3743 3833 3792 3886 ad

2215 3928 2494 3986 Christum
2543 3927 2634 3999 qui
2683 3942 2782 3982 nos
2828 3929 3133 3997 praecessit,
3181 3928 3372 3983 oculos
3424 3929 3719 4000 erigamus,
3755 3936 3794 3979 et

2218 4036 2325 4091 qua
2350 4020 2438 4075 via
2461 4020 2576 4089 ipsc
2606 4020 2904 4090 praecessit,
2967 4034 3094 4074 eum
3127 4034 3451 4091 sequamur.
3483 4020 3640 4076 Oculi
3676 4021 3793 4074 enim

2229 4111 2493 4182 sapientis
2535 4111 2588 4166 in
2627 4113 2807 4182 capite
2854 4112 2994 4184 ejus.
3043 4111 3138 4168 Via
3171 4128 3280 4184 qua
3319 4113 3591 4170 debemus
3633 4113 3797 4168 ambo»

519 4213 707 4282 plicat,
743 4225 842 4263 nec
876 4210 965 4264 ille
992 4223 1090 4278 pro
1118 4222 1226 4276 quo
1249 4204 1606 4275 supplicatur,
1653 4209 1737 4257 est
1771 4199 1880 4254 Deo
1927 4195 2118 4267 cogni-
2219 4204 2417 4269 lamus,
2444 4205 2488 4259 si
2517 4205 2570 4261 in
2603 4205 2728 4261 ﬁdei
2758 4206 2846 4261 via
2896 4205 2964 4261 de
2993 4206 3138 4262 bono
3165 4209 3220 4262 in
3247 4208 3450 4263 melius
3480 4207 3792 4278 proﬁcimus

519 4315 629 4364 tus.
664 4303 935 4372 quomodo
958 4298 1296 4354 audiuntur?
1326 4298 1544 4353 Scimus
1591 4294 1735 4350 enim
1764 4293 1887 4364 quia
1919 4303 2115 4360 pecca-

520 4407 670 4452 tores
697 4394 838 4449 Deus
875 4408 978 4448 non
997 4394 1166 4456 audit,
1200 4391 1292 4447 sed
1318 4391 1362 4444 si
1409 4391 1532 4461 quis
1559 4396 1642 4442 est
1667 4399 1828 4440 verus
1882 4382 1972 4437 Dei
2001 4381 2114 4437 cul-

2219 4296 2336 4352 Non
2373 4298 2518 4352 enim
2552 4298 2772 4368 prodest
2793 4296 2928 4353 ﬁdes
2959 4299 3080 4353 sine
3121 4300 3380 4369 operibus
3421 4299 3650 4355 habenti
3685 4310 3796 4353 tes:-

2218 4404 2341 4460 pus,
2371 4405 2470 4444 nec
2503 4404 2671 4460 opera
2694 4389 2814 4445 sine
2837 4390 2960 4445 ﬁde.
2987 4389 3202 4446 Habent
3228 4393 3376 4446 enim
3403 4389 3576 4448 Juda'i
3609 4400 3665 4446 et
3693 4406 3797 4460 gen-

519 4500 626 4555 tor,
656 4489 802 4543 hunc
829 4487 1051 4543 exaudit
1075 4486 1219 4542 Dens
1271 4482 1454 4556 (Joan.
1507 4482 1607 4551 ix).
1656 4479 1796 4546 Quin
1840 4476 2020 4549 potius
2067 4477 2112 4531 si
2143 4513 2196 4577 υ
2223 4481 2341 4535 tiles
2366 4481 2503 4535 bona
2529 4496 2692 4550 opera
2720 4481 2954 4550 pietatis,
2985 4482 3082 4538 sed
3108 4483 3232 4552 quia
3263 4483 3425 4538 ﬁdem
3459 4498 3565 4538 non
3591 4485 3796 4544 haheat,

518 4582 610 4638 ille
637 4582 727 4651 qui
759 4595 853 4651 per
881 4579 1258 4637 inﬁdelitatem
1317 4576 1401 4630 vel
1435 4574 1769 4644 impietatem
1827 4587 1980 4627 suam
2027 4579 2114 4624 est

520 4673 632 4730 Deo
655 4673 903 4734 odiosus,
935 4685 1034 4740 pro
1074 4685 1167 4724 reo
1198 4665 1508 4737 supplicare
1552 4663 1854 4734 praesumit,
1887 4677 1993 4717 non
2027 4675 2115 4716 so-

521 4767 633 4823 lum
669 4767 810 4821 Deus
839 4781 945 4818 nou
985 4763 1256 4832 placatur,
1289 4758 1384 4814 sed
1404 4758 1568 4812 etiam
1592 4755 1976 4810 exacerbatur.
2007 4753 2116 4807 lta-

519 4875 650 4931 que,
685 4860 884 4912 fratres
914 4855 1048 4920 mei,
1098 4853 1419 4906 studeamus
1446 4863 1542 4919 per
1595 4862 1778 4904 veram
1811 4845 1968 4901 tidem
2017 4858 2114 4900 nos

519 4959 679 5007 notos
706 4959 760 5003 st
791 4945 1089 5000 familiares
1112 4942 1222 4996 Deo
1258 4940 1464 5006 facere,
1509 4948 1567 4994 ut
1600 4940 1672 4994 ita
1735 4939 1910 4994 locum
1943 4937 2118 4992 inter-

519 5041 790 5101 cessionis
813 5037 955 5109 apud
979 5052 1101 5091 euut
1127 5034 1327 5091 habere
1356 5049 1683 5090 mereamur.
1716 5033 1923 5100 Quarto
1948 5031 2116 5086 etiam

521 5134 580 5190 in
630 5131 734 5186 hoc
780 5129 925 5200 quod
981 5127 1238 5182 Dominus
1286 5125 1625 5198 paralytico,
1677 5139 1783 5179 ιιοιι
1835 5124 1905 5178 ob
1952 5121 2115 5177 ﬁdem

521 5238 702 5287 suam,
730 5221 828 5276 sed
867 5221 938 5275 ob
988 5219 1152 5275 fidem
1198 5216 1540 5274 oﬂet‘entiuut
1594 5226 1818 5288 peccata
1867 5215 2113 5280 dimittit,

521 5313 765 5372 ostendit
789 5322 1050 5386 quantum
1077 5312 1256 5368 locum
1303 5311 1679 5369 intercedendi
1716 5310 1951 5364 habeant
1975 5308 2115 5362 fide-

522 5407 603 5464 les
630 5405 772 5477 apud
800 5407 996 5477 ipsum,
1027 5419 1135 5460 non
1185 5403 1360 5459 solum
1401 5417 1500 5474 pro
1549 5415 1628 5466 se,
1676 5401 1771 5456 sed
1815 5403 1980 5456 etiam
2017 5415 2116 5471 pro

527 5499 671 5565 aliis,
711 5506 767 5552 et
824 5505 1087 5566 quantum
1146 5495 1262 5565 ipse
1309 5494 1380 5549 sit
1409 5506 1615 5563 pronus
1667 5491 1735 5546 ad
1787 5491 2116 5548 audiendum

522 5605 717 5663 preces
749 5604 962 5646 eorum.
1020 5586 1126 5643 Vos
1175 5600 1330 5658 ergo,
1371 5584 1594 5651 fratres,
1633 5584 1724 5656 qui
1771 5598 1899 5640 vere
1929 5584 2117 5641 ﬁdeles

523 5684 679 5749 estis,
713 5682 805 5753 qui
847 5674 1024 5737 locum
1052 5677 1442 5734 familiaritatis
1463 5688 1518 5734 et
1542 5677 1947 5734 intercessionis
1971 5677 2116 5750 apud

527 5777 696 5833 Deum
720 5773 1006 5842 obtinetis,
1029 5773 1197 5830 nolite
1222 5771 1568 5829 dissimulare
1603 5773 1686 5839 vel
1719 5785 1922 5846 negare
1955 5773 2115 5829 auxi-

2219 4589 2318 4645 per
2336 4587 2397 4628 ea
2420 4575 2486 4628 ad
2503 4582 2762 4629 aeternam
2791 4576 3019 4645 patriam
3045 4577 3332 4646 pervenire
3359 4592 3472 4631 non
3498 4576 3696 4631 valent.
3716 4576 3796 4628 Ha-

2219 4667 2367 4733 bent,
2404 4667 2600 4724 fratres
2639 4670 2766 4734 mei,
2825 4680 2880 4723 et
2926 4670 3094 4741 aliqui
3151 4669 3275 4725 falsi
3333 4671 3636 4726 Christiani
3672 4671 3796 4723 viaea

2217 4760 2370 4825 fidei,
2401 4761 2497 4815 sed
2544 4762 2672 4830 quia
2705 4760 2845 4817 male
2873 4772 3194 4831 operantur,
3228 4778 3329 4834 per
3364 4765 3514 4819 viam
3555 4764 3678 4817 fidei
3708 4777 3792 4815 nea

2218 4852 2521 4918 ambulant,
2560 4855 2668 4908 imo
2713 4864 3088 4910 revertuntur.
3136 4855 3248 4912 Nos
3298 4872 3458 4928 ergo,
3495 4857 3710 4922 fratres,
3755 4857 3794 4907 si

2218 4959 2320 5015 per
2346 4943 2509 4999 ﬁdem
2570 4947 2636 5000 ad
2667 4946 2836 5000 Deum
2883 4948 3172 5018 pervenire
3217 4947 3493 5015 volumus,
3542 4948 3607 5002 de
3659 4948 3796 5001 benis

2216 5039 2480 5109 operibus
2531 5039 2600 5095 ad
2663 5041 2887 5094 meliora
2920 5056 3020 5095 nos
3080 5042 3469 5098 extendamus.
3523 5027 3826 5109 Quamuis"

2218 5144 2351 5186 vero
2379 5132 2640 5186 debemus
2667 5132 3030 5199 ambulamus,
3051 5134 3093 5189 si
3129 5143 3298 5200 recte,
3341 5136 3388 5190 si
3411 5134 3586 5206 plane,
3617 5136 3664 5188 si
3698 5148 3793 5187 uio-

2219 5222 2372 5278 deste
2415 5223 2778 5280 ambulamus.
2834 5224 3004 5282 Recte
3033 5267 3048 5293 ,
3104 5227 3150 5281 si
3205 5242 3314 5282 non
3365 5226 3702 5284 declinamus
3739 5228 3793 5279 ad

2220 5315 2503 5372 dexteram
2531 5331 2629 5387 per
2650 5318 3094 5388 prosperitatcm,
3143 5335 3247 5376 nec
3279 5320 3350 5376 ad
3400 5321 3679 5377 sinistram
3712 5333 3792 5388 per

2219 5409 2609 5464 adversitatem
2640 5426 2655 5476 ;
2687 5409 2866 5480 plane,
2913 5411 2956 5466 si
2980 5415 3254 5469 evitamus
3295 5423 3510 5469 montes
3534 5413 3789 5484 superbi:

2219 5509 2278 5554 et
2300 5502 2763 5571 praesumptionis,
2816 5512 2872 5557 et
2901 5503 3072 5559 valles
3095 5505 3333 5560 tristitia
3373 5514 3430 5561 et
3464 5507 3786 5577 desperatis»

2219 5592 2306 5647 nis
2330 5607 2346 5657 ;
2377 5593 2644 5658 modeste,
2668 5594 2714 5648 si
2738 5608 2838 5650 nec
2865 5594 3030 5650 nimis
3059 5596 3193 5663 cito,
3231 5611 3335 5652 nec
3361 5596 3518 5652 nimis
3536 5596 3694 5652 lente
3721 5612 3786 5651 ea

2217 5699 2362 5740 mus.
2405 5683 2510 5752 Qui
2551 5686 2697 5740 enim
2751 5686 2915 5742 nimis
2960 5687 3019 5742 in
3071 5689 3344 5759 principio
3381 5688 3629 5753 festinas,
3681 5700 3781 5742 asse

2220 5787 2435 5849 tempus
2486 5777 2732 5836 lassessit
2772 5788 2829 5836 et
2860 5779 3063 5840 deﬁcit.
3111 5780 3268 5849 Quod
3312 5781 3507 5839 facium
3576 5784 3777 5853 quidm
