3896 6320
104 333 231 418 2095

760 350 1072 415 HOMILUE
1110 349 1181 411 in
1205 326 1422 409 EPIST.
1457 346 1548 406 ur
1573 347 1678 408 sv.

1787 348 1830 406 ι.
1871 344 2175 432 DOMlNlC.
2200 326 2280 396 ⁷-
2301 338 2486 409 rans
2516 351 2582 408 ιι.

3208 338 3372 420 mi

106 473 184 545 qui
214 473 260 527 in
282 469 546 545 principio
570 470 942 531 conversionis
970 486 1081 526 suae
1103 476 1312 524 tantum
1340 483 1480 523 onus
1504 466 1676 522 susci-
1702 460 1753 530 Α
1782 472 1863 519 est
1884 465 1998 520 vini
2023 457 2027 461 ’
2054 464 2421 532 immoderati,
2474 465 2713 524 secunda
2738 466 3110 529 immoderata!
3160 475 3370 547 cupidi.

106 566 281 635 piunt,
338 564 480 635 quod
512 571 638 617 ante
661 570 872 631 tempus
912 564 984 616 sit
1021 576 1241 618 necesse
1297 576 1390 617 eos
1418 560 1671 616 deﬁcere.

106 658 196 726 Qui
220 672 341 713 vero
368 655 532 711 nimis
560 650 699 710 lente
721 656 989 727 graditur,
1018 655 1299 727 pigrescit,
1348 661 1403 709 et
1451 653 1518 708 ad
1568 665 1678 706 me-

109 760 206 807 tam
225 752 272 806 in
304 758 545 821 tempore
578 766 686 805 non
716 748 987 820 pervenit.
1015 748 1169 818 Quod
1200 748 1407 803 l‘aciunt
1452 747 1544 817 qui
1588 745 1676 801 vel

104 859 297 915 parum,
319 843 405 898 vel
430 843 564 898 nihil
594 844 647 898 in
689 842 971 912 Operando
1011 842 1323 913 proﬁciunt.
1372 838 1480 895 Nos
1520 853 1672 909 ergo,

101 936 301 999 fratres.
332 953 454 993 cum
492 936 887 1002 moderatione,
916 938 983 992 de
1011 936 1317 990 minoribus
1360 936 1431 988 ad
1460 931 1673 1001 majora

102 1049 194 1088 nos
217 1031 584 1088 extendamus.
614 1038 672 1084 ut
703 1044 977 1099 nunquam
1023 1028 1360 1095 deﬁciamus,
1387 1026 1477 1082 sed
1504 1040 1675 1096 usque

102 1127 163 1182 ad
189 1123 478 1196 perfectum
509 1123 880 1195 proﬁciamus.
936 1121 1047 1177 Sed
1097 1121 1352 1192 quoniam
1399 1129 1524 1174 sunt
1552 1118 1675 1189 qui-

99 1219 235 1282 dam,
281 1216 370 1286 qui
423 1216 525 1271 sub
570 1222 840 1285 praetextu
897 1213 1261 1285 eleemosynae
1315 1226 1374 1267 se
1421 1213 1675 1283 ingerunt

82 1290 584 1373 sollicitudinibus,
643 1314 697 1362 et
746 1304 978 1375 negotiis
1029 1302 1426 1366 saecularibus,
1478 1301 1668 1357 subdit

94 1400 413 1466 Apostolus,
463 1384 568 1454 nati
622 1408 777 1469 quast
832 1395 1137 1465 insipientes
1171 1434 1186 1461 ,
1238 1394 1331 1448 sed
1387 1391 1541 1461 quasi
1581 1407 1673 1446 sa-

94 1492 298 1561 pientes.

162 1581 255 1636 Est
280 1589 458 1635 autem
513 1580 631 1637 hac
682 1595 810 1650 pars
841 1579 1101 1644 secunda,
1139 1578 1194 1633 in
1233 1593 1340 1648 qua
1387 1555 1703 1648 Apostolus

98 1680 276 1727 monet
307 1687 407 1727 nos
425 1670 673 1742 expediri
722 1680 776 1725 et
828 1670 1021 1726 redimi
1048 1687 1078 1724 a
1112 1668 1498 1741 temporalibus
1524 1668 1676 1724 solli-

96 1764 442 1829 citudinibus,
468 1778 606 1834 quas
645 1764 868 1835 quidam
902 1762 1225 1834 insipienter
1248 1761 1672 1833 amplectuntur,

1784 557 1915 613 tatis
1944 599 1958 625 ,
2018 561 2177 616 tertia
2246 559 2571 617 abundantis
2622 561 2922 620 charitatis.
2972 564 3157 622 Prima
3205 569 3370 640 igitur

1781 651 2020 707 ebrietas
2050 653 2193 708 mala
2249 661 2353 721 est,
2392 653 2518 724 quia
2571 666 2762 710 sensus
2799 655 3041 713 hominis
3080 657 3371 725 disturbat.

1781 758 2019 804 mentem
2072 750 2297 814 alienat.
2353 749 2418 805 ad
2476 746 2761 806 inhonesta
2813 759 2869 806 et
2916 753 3096 824 turpia
3146 755 3371 814 excitat.

1785 836 1981 919 Vinum
2019 839 2221 912 quippe
2247 840 2501 910 genitalia
2536 840 2650 897 Noe
2695 841 2941 908 nudavit,
2970 845 3111 902 Loth
3154 845 3371 906 ﬁliabus

1781 933 1895 988 suis
1944 934 2180 991 miscuit.
2227 932 2319 990 Vw
2363 936 2528 1003 vobis,
2574 936 2707 990 dicit
2733 928 3019 1007 propheta,
3062 941 3160 1010 qui
3202 938 3372 1012 fortes

1748 1034 1753 1037 '
1779 1026 1902 1079 estis
1927 1024 1997 1080 ad
2031 1027 2319 1095 potandum
2348 1028 2549 1093 vinum,
2580 1037 2627 1082 et
2679 1028 2749 1081 ad
2778 1030 3101 1084 miscendam
3149 1021 3372 1089 ebrieta-

1770 1126 1883 1173 tem
1921 1118 2078 1191 (Isai.
2113 1120 2193 1191 v).
2228 1119 2484 1175 Ebrietas
2537 1134 2670 1175 vero
2724 1122 2962 1176 secunda
2989 1132 3074 1178 est
3112 1124 3373 1193 pessima,

1779 1210 1904 1280 quia
1929 1226 2027 1281 per
2050 1226 2291 1268 amorem
2326 1211 2514 1268 szeculi
2556 1226 2748 1268 sensus
2785 1212 3110 1269 disturbata
3149 1217 3374 1274 servitio

1780 1302 1896 1368 Dei,
1928 1315 2163 1360 mentem
2212 1304 2411 1359 alienat
2456 1319 2488 1359 a
2530 1306 2795 1376 sapientia
2836 1314 2891 1362 et
2941 1321 3128 1363 amore
3154 1307 3273 1374 Dei,
3305 1310 3376 1367 ad

1780 1389 1983 1463 ﬂagitia
2008 1403 2062 1449 et
2096 1394 2340 1450 facinora
2369 1396 2561 1451 trahit.
2616 1396 2717 1452 llic
2743 1405 2828 1452 est
2883 1397 3028 1453 calix
3056 1398 3374 1471 Babylonis,

1780 1484 1848 1540 de
1874 1501 1982 1555 quo
2015 1488 2356 1544 inebriantur
2412 1505 2606 1546 omnes
2631 1499 2944 1562 peccatores
2973 1500 3156 1550 terrae.
3185 1494 3373 1550 Tertia

1781 1580 2022 1636 ebrietas
2046 1590 2130 1635 est
2153 1584 2524 1650 sanctissima,
2560 1586 2685 1655 quia
2721 1600 2819 1656 per
2850 1600 3091 1641 amorem
3135 1587 3229 1643 Dei
3251 1602 3383 1643 sene

1784 1687 1878 1727 sus
1908 1674 2139 1727 retrahit
2167 1674 2235 1729 ab
2285 1675 2540 1745 operibus
2596 1677 2777 1743 malis,
2832 1692 3028 1735 sensus
3079 1679 3282 1736 alienat
3306 1681 3378 1735 ab

1785 1781 1971 1821 amore
2001 1768 2210 1832 mundi,
2242 1769 2514 1824 desiderio
2557 1772 2624 1825 ad
2665 1773 2940 1829 cmlcstem
2995 1777 3228 1844 patriam
3262 1785 3378 1828 tra-

101 1854 338 1910 dicentes
386 1869 447 1909 se
485 1831 589 1910 hoc
620 1831 802 1910 facere
856 1864 916 1910 ut
967 1831 1206 1910 habeant
1264 1831 1405 1909 unde
1451 1831 1755 1924 erogentB
1784 1858 2021 1913 bit.llac
2051 1831 2227 1914 sancti
2276 1861 2636 1914 iuebriantur.
2693 1861 2844 1920 Unde
2883 1831 3208 1935 Propheta:
3252 1863 3380 1918 Ine-

92 1946 435 2017 pauperibus.
472 1945 579 2001 Sed
604 1948 897 2017 Apostolus
929 1948 1042 2003 vult
1071 1964 1260 2003 servos
1296 1947 1390 2003 Dei
1427 1962 1550 2004 esse
1583 1962 1680 2002 cx-

92 2038 315 2108 peditos.
354 2036 508 2095 Unde
563 2039 681 2110 ipse
727 2040 856 2096 alibi
894 2040 1017 2095 ait:
1057 2037 1222 2095 Nemo
1271 2039 1507 2095 militans
1544 2039 1675 2104 Deo,

92 2131 317 2202 implicat
348 2147 403 2187 se
430 2132 776 2187 swcularibus
836 2133 1053 2203 negotiis
1085 2131 1171 2204 (11
1226 2131 1363 2187 Tim.
1392 2134 1477 2201 ιι).
1515 2131 1671 2188 Unde

90 2230 160 2279 et-
184 2223 270 2295 hic
295 2222 572 2294 subiungit
608 2241 622 2278 :
670 2221 1011 2280 Redimentes
1059 2237 1258 2296 tempus
1291 2228 1539 2294 quoniam
1566 2226 1679 2282 dies

90 2318 218 2373 mali
237 2329 377 2373 sunt.
410 2316 648 2390 Tempus
671 2319 905 2383 redimit,
937 2319 1027 2389 qui
1054 2326 1111 2373 ut
1136 2319 1425 2388 tranquille
1447 2329 1502 2374 et
1527 2322 1675 2390 paci-

93 2413 194 2479 ﬁce
231 2412 463 2468 transire
493 2411 685 2482 possit,
727 2409 893 2464 etiam
923 2410 993 2464 de
1018 2424 1117 2465 suo
1152 2410 1493 2479 derelinquit.
1526 2409 1682 2467 Unde

92 2504 233 2561 idem
256 2503 547 2575 Apostolus
604 2501 923 2558 Corinthios
979 2502 1408 2572 reprehendens,
1450 2503 1577 2572 quia
1626 2504 1680 2557 in

83 2598 286 2670 judicio
312 2597 733 2663 contendebant,
772 2597 889 2652 ait:
937 2597 1118 2662 Quare
1168 2612 1271 2651 non
1328 2599 1496 2667 magis
1534 2595 1681 2663 iniu-

89 2690 225 2744 riam
251 2688 494 2759 patimini
577 2685 626 2760 (ι
652 2685 776 2742 Cor.
809 2687 908 2758 vt.)
937 2686 1005 2741 Et
1049 2688 1309 2742 Dominus
1351 2688 1403 2740 in
1429 2685 1683 2757 Evange-
1738 2692 1741 2697 ‘

86 2780 167 2837 lio
193 2798 207 2834 :
235 2778 290 2835 Si
318 2779 459 2852 quis,
489 2779 684 2849 inquit,
742 2778 851 2833 vult
884 2788 1056 2833 tecum
1096 2778 1409 2833 contendere
1435 2788 1484 2833 et
1533 2780 1680 2833 tuni-

84 2874 209 2929 cam
231 2872 430 2939 tollere,
459 2873 527 2926 da
559 2872 608 2926 ei
636 2878 687 2926 et
708 2870 936 2943 pallium
962 2869 1179 2944 (Matth.
1209 2872 1282 2945 ν).
1316 2872 1383 2928 Et
1418 2871 1545 2927 alibi
1571 2888 1587 2927 :
1622 2871 1685 2927 Si

83 2966 210 3037 quis
235 2965 372 3037 quod
398 2972 548 3019 tuum
596 2973 670 3019 est
708 2963 908 3033 tulerit,
935 2980 999 3018 ne
1027 2975 1230 3034 repetas
1258 2962 1412 3036 (Luc.
1443 2964 1541 3035 v1).
1572 2963 1686 3021 lloc
1739 2976 1743 2980 ’

88 3068 269 3112 tamen
304 3066 389 3113 est
433 3056 721 3112 consilium
775 3071 885 3110 non
944 3066 1297 3133 praeceptum.
1352 3055 1490 3111 Nam
1536 3055 1684 3111 onmi

82 3151 293 3206 homini
324 3150 447 3225 licet
477 3163 575 3204 sua
641 3158 919 3220 repetere,
973 3148 1069 3203 sed
1101 3146 1232 3202 nulli
1290 3163 1415 3202 cum
1458 3154 1684 3203 conten-

82 3241 255 3296 tione.
288 3238 400 3295 Sub
454 3237 663 3307 judicio
694 3254 825 3295 vero
860 3254 958 3293 sua
1003 3248 1256 3308 repetere
1304 3237 1475 3305 licet,
1508 3238 1687 3294 minus

78 3328 370 3405 perfectis,
395 3333 570 3402 magis
606 3344 738 3387 vero
771 3328 1034 3402 perfectis
1080 3345 1191 3385 non
1240 3329 1389 3385 licet.
1436 3329 1688 3386 Divinum

75 3439 224 3495 ergo
261 3423 553 3479 consilium
584 3433 691 3488 est,
742 3431 804 3476 ut
857 3436 926 3477 ne
959 3419 1253 3490 aliquando
1281 3421 1335 3475 in
1377 3419 1689 3476 contentio-

74 3536 218 3601 nem
273 3521 619 3587 decidamus,
671 3521 1023 3577 contendenti
1080 3521 1364 3588 cedamus,
1410 3530 1467 3577 et
1521 3520 1690 3577 etiam

72 3614 239 3688 quod
285 3625 533 3671 nostrum
581 3620 685 3679 est,
740 3613 940 3669 fratres
991 3614 1118 3679 mei,
1157 3614 1516 3669 dimittamus.
1551 3613 1696 3680 Quo-

69 3710 259 3775 niam,
289 3707 485 3778 inquit,
509 3706 623 3761 dies
678 3706 809 3761 mali
854 3716 1001 3774 sunt,
1040 3722 1148 3762 non
1204 3706 1257 3761 in
1298 3707 1380 3761 sui
1427 3707 1690 3774 essentia,
1744 3718 1745 3721 ‘

67 3799 186 3857 sed
212 3800 266 3856 in
294 3813 464 3872 prave
491 3797 760 3853 utentium
785 3797 1013 3864 malitia,
1059 3797 1151 3868 qui
1197 3813 1292 3853 eos
1318 3813 1455 3869 quos
1502 3799 1554 3853 in
1604 3796 1694 3853 via

65 3890 255 3963 huius
321 3890 506 3945 mundi
542 3900 775 3949 cernunt
815 3889 1020 3944 divitiis
1057 3899 1312 3944 oneratos
1358 3882 1694 3959 persequun-

65 3994 201 4039 tur.
238 3982 350 4040 Nos
379 3997 532 4054 ergo,
564 3982 783 4048 fratres,
807 3981 937 4037 solis
973 3981 1297 4037 necessariis
1326 3996 1515 4037 sumus
1553 3997 1690 4037 con-

66 4077 258 4144 tenti,
298 4085 361 4132 ut
393 4064 622 4149 paciﬁce
669 4082 726 4130 et
781 4074 1034 4146 expedite
1076 4072 1586 4129 viam.latronibus
1636 4083 1694 4129 et

62 4169 442 4249 praedonibus
501 4169 737 4225 obsitam
794 4179 1161 4223 transeamus.
1217 4165 1358 4222 Hinc
1398 4167 1689 4222 subditur:

60 4266 387 4338 Propterea
433 4272 594 4318 estote
625 4261 926 4333 prudentes,
958 4259 1306 4332 intelligentes
1334 4276 1455 4332 qua:
1509 4262 1579 4315 sit
1604 4276 1696 4316 vo-

60 4361 275 4416 luntas
316 4356 436 4413 Dei.
473 4354 597 4412 Vult
612 4354 761 4410 enim
792 4353 935 4408 Deus
968 4366 1154 4408 servos
1187 4367 1320 4408 suos
1355 4360 1694 4423 contempto-

61 4468 179 4510 res
206 4464 335 4506 esse
364 4447 573 4513 mundi,
599 4455 654 4502 et
701 4446 780 4502 sic
830 4446 1083 4517 expedite
1121 4446 1187 4501 ad
1236 4460 1361 4501 eum
1410 4445 1692 4501 feStinare.

1782 1949 2099 2005 briabuntur
2119 1952 2183 2004 ab
2203 1953 2445 2006 ubertate
2469 1951 2658 2008 domus
2693 1966 2819 2019 tuw,
2869 1966 2918 2010 et
2965 1967 3193 2012 torrente
3229 1956 3379 2012 volu-

1780 2044 1941 2116 ptatis
1971 2056 2074 2099 tua:
2097 2046 2301 2110 potabis
2347 2038 2434 2099 eos
2485 2045 2660 2117 (Psal.
2694 2047 2886 2119 xxxv).
2918 2047 2986 2103 Et
3033 2048 3159 2104 alibi
3192 2050 3379 2105 Domio

1784 2154 1888 2194 nus
1918 2156 2016 2211 per
2039 2139 2364 2211 Prophetam
2398 2157 2413 2196 :
2449 2143 2607 2200 Calix
2636 2162 2803 2211 meus,
2851 2146 3049 2218 inquit,
3083 2148 3374 2213 inebrians,

1782 2248 1940 2301 quam
1967 2233 2257 2301 priet-(aras
2294 2245 2369 2289 est
2397 2235 2421 2290 Ι
2447 2234 2622 2308 (Psal.
2650 2237 3006 2309 xxu.)_Nobis
3047 2240 3237 2309 igitur,
3267 2239 3383 2294 fra-

1791 2330 1924 2388 tres,
1960 2323 2012 2377 in
2044 2324 2129 2381 via
2172 2326 2333 2397 hujus
2368 2328 2574 2393 ιιιιιη.1ἰ,
2607 2329 2747 2383 inter
2798 2330 3157 2386 advers‘itates
3204 2330 3379 2384 lasse-

1786 2415 2085 2481 scentibus,
2154 2419 2531 2474 necessarium
2587 2427 2672 2475 est
2739 2429 2797 2474 ut
2853 2420 3207 2486 inebriemur,
3267 2433 3418 2477 non-

1785 2507 2055 2562 ebrictate
2112 2512 2411 2575 mundana,
2444 2527 2563 2582 quae
2587 2570 2596 2576 _
2617 2511 2746 2567 facit
2778 2512 2943 2569 Deum
2974 2522 3029 2568 et
3075 2513 3386 2585 proximum

1786 2599 2061 2666 oblivisci,
2089 2604 2183 2658 scd
2214 2603 2481 2674 spirituali
2512 2619 2633 2675 quae
2687 2596 2856 2661 faciat
2910 2604 3066 2661 nobis
3121 2603 3382 2662 oblivisci

1789 2691 2086 2759 mundana,
2122 2701 2178 2748 et
2234 2703 2349 2749 toto
2395 2690 2683 2751 desiderio
2715 2695 2977 2751 festinare
3028 2697 3098 2751 ad
3151 2710 3383 2753 aeterna.

1786 2780 2127 2853 lmpleamini
2159 2799 2309 2856 ergo,
2345 2785 2566 2852 fratres,
2600 2786 2807 2857 Spiritu
2850 2786 3065 2852 sancto,
3087 2803 3179 2859 qui
3220 2788 3383 2844 nobis

1788 2866 1843 2929 in"
1883 2876 1969 2929 via
2007 2876 2096 2931 Dei
2127 2879 2325 2932 multas
2351 2880 2750 2935 consolationes
2775 2887 2830 2934 et
2857 2880 3059 2935 auxilia
3080 2879 3381 2951 praestabit,

1788 2968 2065 3036 quoniam
2107 2970 2222 3040 ipso
2265 2968 2613 3038 inspirante,
2669 2973 2822 3028 eritis
2864 2973 3148 3043 loquentes
3198 2973 3387 3029 vobis-

1786 3060 2036 3129 metipsis
2067 3065 2118 3114 in
2150 3062 2389 3131 psalmis.
2450 3063 2541 3117 Sic
2591 3064 2799 3118 faciunt
2836 3064 3100 3130 viatores,
3131 3066 3257 3134 quia
3290 3078 3391 3118 va-

1792 3153 1878 3207 rio
1914 3167 2172 3231 sermone
2225 3154 2464 3208 laborem
2512 3156 2615 3210 via:
2661 3153 2939 3210 alleviant.
3001 3155 3058 3209 ln
3108 3157 3192 3209 via
3239 3155 3391 3214 enim

1796 3243 1961 3314 hujus
1988 3245 2190 3312 exsilii,
2244 3246 2436 3318 psalmi
2494 3247 2692 3303 debent
2744 3261 2866 3302 esse
2916 3247 3304 3303 collocationes
3333 3258 3392 3302 et

1794 3338 2167 3394 alleviationes
2193 3345 2376 3393 terrae.
2409 3338 2563 3394 Unde
2587 3348 2642 3394 et
2679 3339 2733 3393 in
2763 3330 2844 3393 eis
2865 3345 3150 3394 cantamus
3179 3355 3197 3394 :
3242 3334 3390 3397 Can-

1794 3429 1980 3483 tabiles
2006 3430 2133 3484 milii
2159 3439 2309 3484 erant
2329 3430 2744 3501 justiﬁcationes
2767 3440 2874 3486 tua:
2913 3432 2971 3486 in
3021 3431 3137 3487 loco
3154 3434 3392 3503 peregri-

1795 3522 2028 3577 nationis
2076 3538 2205 3576 meir
2255 3518 2436 3593 (Psat.
2460 3522 2669 3595 (ιιι-ιιι).
2701 3516 2886 3580 Simus
2910 3525 3075 3581 etiam
3104 3535 3393 3583 cantantes

1795 3628 1949 3679 voce,
1976 3621 2030 3667 ct
2059 3612 2351 3683 psallentes
2378 3614 2434 3669 in
2488 3613 2740 3670 cordibus
2790 3617 2993 3672 nostris
3033 3616 3281 3682 Domino,
3332 3619 3389 3674 in

1796 3705 2020 3772 hymnis
2041 3714 2113 3759 et'
2147 3696 2382 3761 canticis
2431 3705 2830 3777 spiritualibus,
2860 3698 3024 3764 more
3070 3708 3391 3781 peregrino-

1798 3814 1940 3863 rmn,
1965 3797 2055 3867 qui
2084 3802 2339 3866 superata
2373 3807 2529 3869 parte
2555 3797 2760 3853 laboris
2794 3806 3047 3856 cantant.
3078 3800 3174 3855 Est
3205 3813 3387 3858 autem

1778 3878 2030 3959 'liymnus
2073 3887 2190 3942 laus
2244 3874 2337 3944 Dei
2395 3882 2525 3944 cum
2559 3889 2789 3945 cantico.
2832 3885 3117 3948 canticum
3137 3906 3270 3949 vero
3305 3902 3394 3950 est

1798 3980 2097 4038 exsultatio
2127 3980 2328 4037 mentis
2352 3980 2538 4037 habita
2583 3981 2651 4037 de
2675 3986 2914 4045 aeternis,
2944 3997 3303 4057 prorumpens
3330 3986 3388 4043 in

1751 4062 1757 4083 ζ
1796 4088 2009 4130 vocem.
2051 4064 2375 4144 Spiritualis
2415 4066 2827 4145 ergo‘ebrletas
2873 4074 3089 4132 confert
3142 4076 3392 4133 ﬁdelibus

1797 4167 1850 4223 in
1885 4167 2283 4232 adversis,‘non
2314 4166 2489 4220 solum
2519 4166 2919 4224 consolationes
2950 4168 3004 4222 in
3030 4167 3274 4239 psalmis,
3290 4169 3385 4225 sed

1796 4264 1965 4318 etiam
2010 4260 2512 4335 cengratulationes
2570 4261 2623 4316 in
2691 4262 2911 4333 hymnis
2959 4261 3239 4318 vocalibus
3272 4304 3288 4331 ,
3335 4271 3392 4320 et

1780 4350 2031 4410 canticis
2071 4349 2463 4422 Spiritualibus‘
2489 4349 2543 4406 in
2591 4351 2774 4407 corde.
2821 4349 2976 4405 Facit
3015 4351 3180 4406 etiam
3226 4366 3390 4422 agere

1801 4462 1895 4503 eos
1925 4445 2131 4518 gratias
2165 4445 2296 4509 Deo,
2326 4444 2469 4499 sicut
2517 4441 2728 4498 faciunt
2770 4448 2952 4499 nauta:
2981 4451 3106 4514 post
3159 4442 3388 4500 naufra-

47 4547 220 4606 Inde
242 4556 331 4602 est
362 4543 505 4617 quod
536 4542 880 4613 cupientibus
932 4539 1116 4606 ditari,
1167 4539 1411 4612 gloriari,
1458 4548 1513 4595 et
1555 4539 1700 4596 dele—
1730 4539 1775 4594 0
1801 4542 1944 4613 gium
1972 4537 2296 4611 pallidonias
2326 4533 2696 4609 [palinodias].
2778 4552 2801 4605 ᾖ
3438 4580 3445 4601 ,

56 4640 230 4699 clari
262 4636 370 4696 hoc
396 4636 617 4701 saeculo,
670 4636 892 4706 opponit
922 4635 1066 4689 Deus
1123 4633 1468 4689 adversarios
1496 4642 1550 4688 et
1590 4633 1695 4687 im-
1874 4633 2137 4704 Sequitur
2160 4646 2285 4702 pars
2315 4640 2534 4700 quarta,
2568 4629 2623 4684 in
2656 4644 2763 4700 qua
2809 4636 2993 4685 monet
3029 4643 3131 4687 nos
3158 4628 3396 4701 Aposto-

51 4734 436 4809 pedimenta,
463 4740 521 4785 ut
547 4745 669 4786 cum
699 4727 937 4783 viderint
984 4740 1044 4782 se
1070 4740 1178 4780 non
1209 4738 1366 4795 posse
1388 4724 1697 4794 prosperari
1802 4729 1908 4791 lus,
1936 4736 1994 4780 ut
2018 4726 2142 4781 dum
2174 4736 2362 4780 sumus
2387 4721 2442 4777 in
2473 4722 2560 4777 via
2617 4721 2776 4792 hujus
2805 4721 3012 4790 saeculi,
3066 4721 3239 4779 simus
3264 4722 3398 4779 sub-

52 4832 134 4886 ἱιι
168 4827 290 4882 hoc
311 4824 534 4890 saeculo,
590 4823 657 4878 ad
684 4821 854 4878 Deum
882 4827 1297 4877 convertantur.
1326 4815 1482 4872 Unde
1514 4814 1700 4871 Domi-
1798 4820 1928 4892 jecti
1961 4819 2194 4874 invicem
2243 4816 2297 4870 in
2351 4816 2548 4870 timore
2579 4814 2805 4879 Christi,
2839 4825 2897 4869 ut
2946 4813 3156 4871 scilicet
3183 4816 3247 4870 de
3276 4814 3392 4871 sola

52 4933 195 4976 nus
243 4917 351 4973 sub
374 4914 558 4987 specie
595 4912 785 4968 uxoris
839 4911 1162 4967 fornicantis
1209 4909 1450 4980 loquitur
1488 4910 1555 4964 ad
1605 4906 1739 4964 ιιιἸ
1804 4912 2114 4968 humilitate
2147 4917 2201 4965 et
2227 4907 2489 4977 obsequio
2540 4908 2960 4993 contendamus,
3014 4916 3394 4977 supportantes

51 5014 276 5070 daeam
331 5009 562 5065 dicens:
627 5005 844 5077 Sepiam
895 5004 1034 5058 uiam
1070 5012 1219 5077 tuam
1265 5004 1450 5073 spinis,
1498 5019 1701 5074 qua'res
1806 5003 2061 5067 invicem,
2099 5015 2249 5055 more
2280 4999 2549 5052 viatorum
2605 4990 2770 5053 fortis
2809 4990 3065 5063 debilem,
3104 4997 3241 5053 levis
3261 5014 3391 5072 gra-

47 5110 371 5162 amatores
395 5111 540 5167 tuos,
574 5109 623 5156 et
664 5075 769 5154 non
807 5075 1170 5152 inveniestt
1221 5095 1366 5149 dices
1391 5110 1412 5150 :
1449 5093 1703 5150 Revertar
1804 5112 1948 5160 vent,
1992 5097 2145 5150 velox
2175 5095 2410 5149 tardum.
2450 5092 2518 5150 Ut
2571 5090 2890 5165 impleamus
2938 5089 3068 5145 illud
3099 5086 3343 5161 Apostoli
3375 5106 3391 5147 :

48 5200 156 5257 ad
191 5196 375 5253 virum
405 5210 581 5249 meum
599 5194 851 5266 priorem,
882 5191 1007 5264 quia
1033 5189 1220 5244 melius
1268 5196 1382 5243 erat
1423 5185 1703 5264 tuncmilti
1805 5190 1954 5245 Alter
1975 5188 2196 5242 alterius
2236 5202 2395 5241 onera
2420 5194 2646 5256 portate,
2672 5192 2724 5239 et
2744 5180 2822 5239 sic
2847 5181 3202 5253 adimplebitis
3227 5181 3394 5255 legens

42 5307 264 5369 quam
297 5305 435 5343 nunc
461 5285 611 5360 (Ose.
633 5287 719 5365 ll).
855 5302 862 5310 '
897 5294 934 5345 '.
1806 5282 2009 5340 Christi
2040 5280 2184 5347 (Gal.
2219 5279 2437 5357 vr),vqui
2465 5277 2754 5369 languor-es
2781 5286 2997 5369 nostros
3029 5274 3311 5369 ipse‘tulit,
3333 5283 3395 5369 et

165 5382 449 5454 Sequitur
483 5395 610 5452 pars
638 5360 822 5444 tertia,
846 5376 900 5432 in
923 5391 1052 5447 qua,
1079 5384 1139 5431 ut
1168 5375 1406 5431 alacrius
1437 5374 1580 5429 viam
1608 5373 1705 5429 Dei
1807 5375 2026 5432 dolores
2061 5381 2277 5429 nostros
2326 5370 2444 5444 ipse
2484 5366 2927 5455 portavitllsai.
2958 5368 3100 5436 un).
3140 5365 3309 5437 Cujus
3335 5365 3398 5422 ti-

44 5494 421 5555 pergamus,
444 5480 629 5530 monet
663 5487 762 5528 nos
785 5471 1076 5543 Apostolus
1105 5468 1382 5537 inebriari,
1400 5484 1505 5524 non
1527 5467 1708 5523 ebrie-
1772 5542 1777 5547 _
1810 5485 1962 5525 more
1999 5468 2201 5540 pariter
2250 5474 2306 5521 et
2332 5478 2544 5531 amore,
2576 5478 2677 5519 nos
2725 5474 2942 5555 quoque
2984 5460 3211 5555 aliorum
3238 5457 3395 5555 inﬁr-

51 5551 215 5633 ἰδία
246 5570 555 5645 mundana,
580 5567 673 5625 sed
694 5565 962 5638 spirituali
990 5565 1213 5620 dicens:
1244 5563 1421 5620 Nolite
1449 5561 1707 5618 inebriari
1809 5564 2030 5619 mi‘tates
2058 5561 2319 5618 debemus
2368 5566 2610 5645 portare.
2666 5555 2733 5611 Et
2786 5555 2832 5611 si
2876 5552 3222 5645 sic,;l'ratres
3260 5551 3391 5619 mei,

47 5672 223 5727 vino
246 5640 312 5724 in
334 5683 439 5739 quo
468 5658 542 5721 est
585 5661 826 5728 luxuria,
865 5658 956 5716 sed
985 5658 1312 5730 impleamini
1342 5657 1548 5723 Spiritu
1578 5671 1708 5731 san-
1810 5668 1967 5712 caute
1994 5640 2478 5718 antbulaverimus,
2507 5650 2555 5735 si
2582 5656 2687 5706 nes
2722 5649 2795 5733 ab
2848 5643 3385 5739 impedimentisn-

50 5774 210 5833 σω,
244 5736 360 5820 etc.
409 5740 742 5817 Sunt'enim
775 5765 887 5820 tres
926 5752 1242 5831 ebrietates.
1299 5750 1480 5806 Prima
1511 5760 1594 5806 est
1627 5748 1710 5807 vi-
1810 5751 2085 5811 cularibus
2107 5747 2525 5817 .redemerimus,
2555 5744 2602 5802 si
2648 5756 2752 5819 per
2792 5738 3131 5833 spiritualem
3154 5736 3398 5795 ebrieta-

47 5829 279 5937 posa,
310 5848 547 5933 secunda
596 5847 895 5913 mundana.
928 5845 1104 5923 tertia
1153 5845 1475 5923 spiritualis.
1522 5843 1709 5929 Prima
1812 5855 1922 5934 tem
1958 5841 2341 5908 obliviscentes
2389 5835 2707 5921 temporalia
2755 5829 2823 5895 ad
2859 5838 3063 5921 aeterna
3112 5842 3249 5915 cum
3282 5835 3400 5931 totg
