  <div class='ocr_page' id='page_1' title='image "/cluster/home/n/w/nwhite01/storage/ocr_20150623/155/hvd.32044015473838/1053.png"; bbox 0 0 3896 6320; ppageno 0'>
   <div class='ocr_carea' id='block_1_1' title="bbox 541 373 682 433">
    <p class='ocr_par' dir='ltr' id='par_1_1' title="bbox 541 373 682 433">
     <span class='ocr_line' id='line_1_1' title="bbox 541 373 682 433; baseline -0.043 0"><span class='ocrx_word' id='word_1_1' title='bbox 541 373 682 433; x_wconf 79' lang='lat'><strong>9.095</strong></span> 
     </span>
    </p>
   </div>
   <div class='ocr_carea' id='block_1_2' title="bbox 1545 345 3678 422">
    <p class='ocr_par' dir='ltr' id='par_1_2' title="bbox 1545 345 3678 422">
     <span class='ocr_line' id='line_1_2' title="bbox 1545 345 3678 422; baseline -0.008 -10"><span class='ocrx_word' id='word_1_2' title='bbox 1545 352 1883 412; x_wconf 77' lang='lat' dir='ltr'><strong>ADDENDA.</strong></span> <span class='ocrx_word' id='word_1_3' title='bbox 1922 382 1990 391; x_wconf 93' lang='lat'>—</span> <span class='ocrx_word' id='word_1_4' title='bbox 2028 347 2378 407; x_wconf 76' lang='lat' dir='ltr'><strong>RADULPHI</strong></span> <span class='ocrx_word' id='word_1_5' title='bbox 2417 345 2763 404; x_wconf 76' lang='lat' dir='ltr'><strong>ARDENTIS</strong></span> <span class='ocrx_word' id='word_1_6' title='bbox 3588 359 3678 422; x_wconf 59' lang='grc' dir='ltr'><strong>εςεςδ</strong></span> 
     </span>
    </p>
   </div>
   <div class='ocr_carea' id='block_1_3' title="bbox 543 464 3674 550">
    <p class='ocr_par' dir='ltr' id='par_1_3' title="bbox 543 464 3674 550">
     <span class='ocr_line' id='line_1_3' title="bbox 543 464 3674 550; baseline -0.006 -3"><span class='ocrx_word' id='word_1_7' title='bbox 543 487 811 550; x_wconf 86' lang='lat' dir='ltr'><strong>desiderio</strong></span> <span class='ocrx_word' id='word_1_8' title='bbox 859 480 1320 546; x_wconf 88' lang='lat' dir='ltr'><strong>festinaverimus,</strong></span> <span class='ocrx_word' id='word_1_9' title='bbox 1379 477 1428 532; x_wconf 92' lang='lat' dir='ltr'><strong>si</strong></span> <span class='ocrx_word' id='word_1_10' title='bbox 1472 489 1570 546; x_wconf 89' lang='lat' dir='ltr'><strong>per</strong></span> <span class='ocrx_word' id='word_1_11' title='bbox 1623 471 1948 528; x_wconf 88' lang='lat' dir='ltr'><strong>charitatem</strong></span> <span class='ocrx_word' id='word_1_12' title='bbox 2004 467 2142 523; x_wconf 81' lang='lat' dir='ltr'><strong>alter</strong></span> <span class='ocrx_word' id='word_1_13' title='bbox 2170 471 2219 532; x_wconf 72' lang='grc' dir='ltr'><strong>Α</strong></span> <span class='ocrx_word' id='word_1_14' title='bbox 2247 476 2406 538; x_wconf 89' lang='lat' dir='ltr'><strong>pectu</strong></span> <span class='ocrx_word' id='word_1_15' title='bbox 2430 465 2681 530; x_wconf 86' lang='lat' dir='ltr'><strong>aliorum,</strong></span> <span class='ocrx_word' id='word_1_16' title='bbox 2706 464 2949 535; x_wconf 93' lang='lat' dir='ltr'><strong>quicum</strong></span> <span class='ocrx_word' id='word_1_17' title='bbox 2975 477 3172 534; x_wconf 90' lang='lat' dir='ltr'><strong>sponso</strong></span> <span class='ocrx_word' id='word_1_18' title='bbox 3196 470 3245 519; x_wconf 90' lang='lat' dir='ltr'><strong>et</strong></span> <span class='ocrx_word' id='word_1_19' title='bbox 3263 478 3488 535; x_wconf 81' lang='lat' dir='ltr'><strong>sponsam</strong></span> <span class='ocrx_word' id='word_1_20' title='bbox 3503 480 3674 536; x_wconf 59' lang='lat' dir='ltr'><strong>aetrnum</strong></span> 
     </span>
    </p>
   </div>
   <div class='ocr_carea' id='block_1_4' title="bbox 544 563 2140 649">
    <p class='ocr_par' dir='ltr' id='par_1_4' title="bbox 544 563 2140 649">
     <span class='ocr_line' id='line_1_4' title="bbox 544 563 2140 649; baseline -0.017 -8"><span class='ocrx_word' id='word_1_21' title='bbox 544 585 765 641; x_wconf 84' lang='lat' dir='ltr'><strong>alterius</strong></span> <span class='ocrx_word' id='word_1_22' title='bbox 791 594 960 636; x_wconf 86' lang='lat' dir='ltr'><strong>onera</strong></span> <span class='ocrx_word' id='word_1_23' title='bbox 978 575 1399 649; x_wconf 90' lang='lat' dir='ltr'><strong>portaverimus,</strong></span> <span class='ocrx_word' id='word_1_24' title='bbox 1450 565 1642 640; x_wconf 85' lang='lat' dir='ltr'><strong>procul</strong></span> <span class='ocrx_word' id='word_1_25' title='bbox 1675 564 1839 621; x_wconf 90' lang='lat' dir='ltr'><strong>dubio</strong></span> <span class='ocrx_word' id='word_1_26' title='bbox 1878 563 1948 618; x_wconf 88' lang='lat' dir='ltr'><strong>ad</strong></span> <span class='ocrx_word' id='word_1_27' title='bbox 1977 570 2140 617; x_wconf 78' lang='lat' dir='ltr'><strong>aeter-</strong></span> 
     </span>
    </p>
   </div>
   <div class='ocr_carea' id='block_1_5' title="bbox 541 656 2141 739">
    <p class='ocr_par' dir='ltr' id='par_1_5' title="bbox 541 656 2141 739">
     <span class='ocr_line' id='line_1_5' title="bbox 541 656 2141 739; baseline -0.017 -5"><span class='ocrx_word' id='word_1_28' title='bbox 541 693 672 734; x_wconf 91' lang='lat' dir='ltr'><strong>nam</strong></span> <span class='ocrx_word' id='word_1_29' title='bbox 695 689 819 731; x_wconf 92' lang='lat' dir='ltr'><strong>cum</strong></span> <span class='ocrx_word' id='word_1_30' title='bbox 851 670 1124 739; x_wconf 88' lang='lat' dir='ltr'><strong>triumpho</strong></span> <span class='ocrx_word' id='word_1_31' title='bbox 1153 663 1555 738; x_wconf 82' lang='lat' dir='ltr'><strong>perveniemus,</strong></span> <span class='ocrx_word' id='word_1_32' title='bbox 1587 675 1686 730; x_wconf 90' lang='lat' dir='ltr'><strong>per</strong></span> <span class='ocrx_word' id='word_1_33' title='bbox 1716 656 2006 712; x_wconf 90' lang='lat' dir='ltr'><strong>Dominum</strong></span> <span class='ocrx_word' id='word_1_34' title='bbox 2043 669 2141 709; x_wconf 86' lang='lat' dir='ltr'><strong>no-</strong></span> 
     </span>
    </p>
   </div>
   <div class='ocr_carea' id='block_1_6' title="bbox 543 747 2139 834">
    <p class='ocr_par' dir='ltr' id='par_1_6' title="bbox 543 747 2139 834">
     <span class='ocr_line' id='line_1_6' title="bbox 543 747 2139 834; baseline -0.016 -6"><span class='ocrx_word' id='word_1_35' title='bbox 543 783 718 829; x_wconf 85' lang='lat' dir='ltr'><strong>strum</strong></span> <span class='ocrx_word' id='word_1_36' title='bbox 760 757 1403 834; x_wconf 58' lang='lat' dir='ltr'><strong>Jesum1Christum,qui</strong></span> <span class='ocrx_word' id='word_1_37' title='bbox 1463 770 1588 810; x_wconf 93' lang='lat' dir='ltr'><strong>cum</strong></span> <span class='ocrx_word' id='word_1_38' title='bbox 1635 751 1800 807; x_wconf 89' lang='lat' dir='ltr'><strong>Patre</strong></span> <span class='ocrx_word' id='word_1_39' title='bbox 1843 758 1901 805; x_wconf 92' lang='lat' dir='ltr'><strong>et</strong></span> <span class='ocrx_word' id='word_1_40' title='bbox 1929 747 2139 819; x_wconf 89' lang='lat' dir='ltr'><strong>Spiritu</strong></span> 
     </span>
    </p>
   </div>
   <div class='ocr_carea' id='block_1_7' title="bbox 543 842 2141 926">
    <p class='ocr_par' dir='ltr' id='par_1_7' title="bbox 543 842 2141 926">
     <span class='ocr_line' id='line_1_7' title="bbox 543 842 2141 926; baseline -0.014 -6"><span class='ocrx_word' id='word_1_41' title='bbox 543 871 736 921; x_wconf 89' lang='lat' dir='ltr'><strong>sancto</strong></span> <span class='ocrx_word' id='word_1_42' title='bbox 760 859 892 916; x_wconf 88' lang='lat' dir='ltr'><strong>vivit</strong></span> <span class='ocrx_word' id='word_1_43' title='bbox 919 865 976 914; x_wconf 91' lang='lat' dir='ltr'><strong>et</strong></span> <span class='ocrx_word' id='word_1_44' title='bbox 1007 863 1197 926; x_wconf 77' lang='lat' dir='ltr'><strong>regnat</strong></span> <span class='ocrx_word' id='word_1_45' title='bbox 1222 852 1364 907; x_wconf 89' lang='lat' dir='ltr'><strong>Deus</strong></span> <span class='ocrx_word' id='word_1_46' title='bbox 1389 865 1487 920; x_wconf 89' lang='lat' dir='ltr'><strong>per</strong></span> <span class='ocrx_word' id='word_1_47' title='bbox 1532 845 1714 904; x_wconf 86' lang='lat' dir='ltr'><strong>omnia</strong></span> <span class='ocrx_word' id='word_1_48' title='bbox 1743 842 1939 902; x_wconf 69' lang='lat' dir='ltr'><strong>saecula</strong></span> <span class='ocrx_word' id='word_1_49' title='bbox 1967 857 2141 900; x_wconf 74' lang='lat' dir='ltr'><strong>saecu-</strong></span> 
     </span>
    </p>
   </div>
   <div class='ocr_carea' id='block_1_8' title="bbox 541 957 969 1014">
    <p class='ocr_par' dir='ltr' id='par_1_8' title="bbox 541 957 969 1014">
     <span class='ocr_line' id='line_1_8' title="bbox 541 957 969 1014; baseline -0.019 0"><span class='ocrx_word' id='word_1_50' title='bbox 541 957 750 1014; x_wconf 89' lang='lat' dir='ltr'><strong>lorum.</strong></span> <span class='ocrx_word' id='word_1_51' title='bbox 761 957 805 1013; x_wconf 85' lang='lat' dir='ltr'><strong>A</strong></span> <span class='ocrx_word' id='word_1_52' title='bbox 821 967 969 1010; x_wconf 88' lang='lat' dir='ltr'><strong>men.</strong></span> 
     </span>
    </p>
   </div>
   <div class='ocr_carea' id='block_1_9' title="bbox 1114 1034 1608 1096">
    <p class='ocr_par' dir='ltr' id='par_1_9' title="bbox 1114 1034 1608 1096">
     <span class='ocr_line' id='line_1_9' title="bbox 1114 1034 1608 1096; baseline -0.014 0"><span class='ocrx_word' id='word_1_53' title='bbox 1114 1037 1394 1096; x_wconf 81' lang='lat' dir='ltr'>IIOMILIA</span> <span class='ocrx_word' id='word_1_54' title='bbox 1428 1034 1608 1091; x_wconf 79' lang='lat' dir='ltr'>XLIII.</span> 
     </span>
    </p>
   </div>
   <div class='ocr_carea' id='block_1_10' title="bbox 775 1128 1917 1195">
    <p class='ocr_par' dir='ltr' id='par_1_10' title="bbox 775 1128 1917 1195">
     <span class='ocr_line' id='line_1_10' title="bbox 775 1128 1917 1195; baseline -0.013 0"><span class='ocrx_word' id='word_1_55' title='bbox 775 1140 1041 1195; x_wconf 72' lang='lat' dir='ltr'><strong>DOIINICL</strong></span> <span class='ocrx_word' id='word_1_56' title='bbox 1079 1147 1328 1189; x_wconf 75' lang='lat' dir='ltr'><strong>VIGESIIM</strong></span> <span class='ocrx_word' id='word_1_57' title='bbox 1369 1146 1500 1186; x_wconf 80' lang='lat' dir='ltr'><strong>rosr</strong></span> <span class='ocrx_word' id='word_1_58' title='bbox 1542 1128 1917 1183; x_wconf 75' lang='lat' dir='ltr'><strong>Tmmrnn.</strong></span> 
     </span>
    </p>
   </div>
   <div class='ocr_carea' id='block_1_11' title="bbox 618 1218 2146 1302">
    <p class='ocr_par' dir='ltr' id='par_1_11' title="bbox 618 1218 2146 1302">
     <span class='ocr_line' id='line_1_11' title="bbox 618 1218 2146 1302; baseline -0.014 -9"><span class='ocrx_word' id='word_1_59' title='bbox 618 1233 803 1293; x_wconf 78' lang='lat' dir='ltr'><strong>Simile</strong></span> <span class='ocrx_word' id='word_1_60' title='bbox 857 1232 1057 1302; x_wconf 74' lang='lat' dir='ltr'><strong>factum</strong></span> <span class='ocrx_word' id='word_1_61' title='bbox 1099 1236 1175 1282; x_wconf 88' lang='lat' dir='ltr'><strong>est</strong></span> <span class='ocrx_word' id='word_1_62' title='bbox 1206 1240 1423 1296; x_wconf 85' lang='lat' dir='ltr'><strong>regnum</strong></span> <span class='ocrx_word' id='word_1_63' title='bbox 1461 1220 1710 1276; x_wconf 74' lang='lat' dir='ltr'><strong>caelorum</strong></span> <span class='ocrx_word' id='word_1_64' title='bbox 1763 1218 1963 1273; x_wconf 85' lang='lat' dir='ltr'><strong>homini</strong></span> <span class='ocrx_word' id='word_1_65' title='bbox 2010 1218 2146 1288; x_wconf 80' lang='lat' dir='ltr'><strong>regi,</strong></span> 
     </span>
    </p>
   </div>
   <div class='ocr_carea' id='block_1_12' title="bbox 543 1311 2144 1398">
    <p class='ocr_par' dir='ltr' id='par_1_12' title="bbox 543 1311 2144 1398">
     <span class='ocr_line' id='line_1_12' title="bbox 543 1311 2144 1398; baseline -0.013 -13"><span class='ocrx_word' id='word_1_66' title='bbox 543 1332 633 1398; x_wconf 83' lang='lat' dir='ltr'><strong>qui</strong></span> <span class='ocrx_word' id='word_1_67' title='bbox 685 1329 802 1383; x_wconf 83' lang='lat' dir='ltr'><strong>fecit</strong></span> <span class='ocrx_word' id='word_1_68' title='bbox 843 1324 1056 1395; x_wconf 82' lang='lat' dir='ltr'><strong>nuptias</strong></span> <span class='ocrx_word' id='word_1_69' title='bbox 1092 1320 1208 1390; x_wconf 77' lang='lat' dir='ltr'><strong>ﬁlio</strong></span> <span class='ocrx_word' id='word_1_70' title='bbox 1238 1335 1334 1373; x_wconf 89' lang='lat' dir='ltr'><strong>suo</strong></span> <span class='ocrx_word' id='word_1_71' title='bbox 1391 1313 1612 1388; x_wconf 82' lang='lat' dir='ltr'><strong>(Matth.</strong></span> <span class='ocrx_word' id='word_1_72' title='bbox 1648 1312 1810 1381; x_wconf 66' lang='grc' dir='ltr'><strong>χχιι).</strong></span> <span class='ocrx_word' id='word_1_73' title='bbox 1861 1312 1978 1367; x_wconf 82' lang='lat' dir='ltr'><strong>Rex</strong></span> <span class='ocrx_word' id='word_1_74' title='bbox 2019 1311 2144 1375; x_wconf 91' lang='lat' dir='ltr'><strong>iste,</strong></span> 
     </span>
    </p>
   </div>
   <div class='ocr_carea' id='block_1_13' title="bbox 543 1403 2144 1480">
    <p class='ocr_par' dir='ltr' id='par_1_13' title="bbox 543 1403 2144 1480">
     <span class='ocr_line' id='line_1_13' title="bbox 543 1403 2144 1480; baseline -0.011 -5"><span class='ocrx_word' id='word_1_75' title='bbox 543 1421 744 1476; x_wconf 75' lang='lat' dir='ltr'><strong>fratres</strong></span> <span class='ocrx_word' id='word_1_76' title='bbox 773 1414 1101 1480; x_wconf 86' lang='lat' dir='ltr'><strong>cbarissimi,</strong></span> <span class='ocrx_word' id='word_1_77' title='bbox 1136 1412 1279 1467; x_wconf 91' lang='lat' dir='ltr'><strong>Deus</strong></span> <span class='ocrx_word' id='word_1_78' title='bbox 1322 1408 1484 1464; x_wconf 89' lang='lat' dir='ltr'><strong>Pater</strong></span> <span class='ocrx_word' id='word_1_79' title='bbox 1514 1416 1620 1474; x_wconf 92' lang='lat' dir='ltr'><strong>est,</strong></span> <span class='ocrx_word' id='word_1_80' title='bbox 1673 1406 1768 1478; x_wconf 85' lang='lat' dir='ltr'><strong>qui</strong></span> <span class='ocrx_word' id='word_1_81' title='bbox 1798 1414 1880 1461; x_wconf 93' lang='lat' dir='ltr'><strong>est</strong></span> <span class='ocrx_word' id='word_1_82' title='bbox 1903 1403 2020 1459; x_wconf 84' lang='lat' dir='ltr'><strong>Rex</strong></span> <span class='ocrx_word' id='word_1_83' title='bbox 2052 1417 2144 1457; x_wconf 90' lang='lat' dir='ltr'><strong>re—</strong></span> 
     </span>
    </p>
   </div>
   <div class='ocr_carea' id='block_1_14' title="bbox 543 1495 2145 1581">
    <p class='ocr_par' dir='ltr' id='par_1_14' title="bbox 543 1495 2145 1581">
     <span class='ocr_line' id='line_1_14' title="bbox 543 1495 2145 1581; baseline -0.012 -15"><span class='ocrx_word' id='word_1_84' title='bbox 543 1527 672 1581; x_wconf 86' lang='lat' dir='ltr'><strong>gum</strong></span> <span class='ocrx_word' id='word_1_85' title='bbox 725 1518 782 1566; x_wconf 91' lang='lat' dir='ltr'><strong>et</strong></span> <span class='ocrx_word' id='word_1_86' title='bbox 810 1507 1074 1564; x_wconf 90' lang='lat' dir='ltr'><strong>Dominus</strong></span> <span class='ocrx_word' id='word_1_87' title='bbox 1125 1502 1547 1566; x_wconf 77' lang='lat' dir='ltr'><strong>dominantium,</strong></span> <span class='ocrx_word' id='word_1_88' title='bbox 1590 1498 1684 1570; x_wconf 88' lang='lat' dir='ltr'><strong>qui</strong></span> <span class='ocrx_word' id='word_1_89' title='bbox 1736 1497 1900 1552; x_wconf 87' lang='lat' dir='ltr'><strong>habet</strong></span> <span class='ocrx_word' id='word_1_90' title='bbox 1941 1495 2145 1550; x_wconf 90' lang='lat' dir='ltr'><strong>Filium</strong></span> 
     </span>
    </p>
   </div>
   <div class='ocr_carea' id='block_1_15' title="bbox 547 1587 2147 1673">
    <p class='ocr_par' dir='ltr' id='par_1_15' title="bbox 547 1587 2147 1673">
     <span class='ocr_line' id='line_1_15' title="bbox 547 1587 2147 1673; baseline -0.013 -13"><span class='ocrx_word' id='word_1_91' title='bbox 547 1619 737 1673; x_wconf 71' lang='lat' dir='ltr'><strong>regem</strong></span> <span class='ocrx_word' id='word_1_92' title='bbox 790 1616 976 1658; x_wconf 83' lang='lat' dir='ltr'><strong>secum</strong></span> <span class='ocrx_word' id='word_1_93' title='bbox 1008 1604 1456 1666; x_wconf 82' lang='lat' dir='ltr'><strong>conregnantem,</strong></span> <span class='ocrx_word' id='word_1_94' title='bbox 1510 1594 1665 1664; x_wconf 81' lang='lat' dir='ltr'><strong>juxta</strong></span> <span class='ocrx_word' id='word_1_95' title='bbox 1721 1590 1866 1661; x_wconf 89' lang='lat' dir='ltr'><strong>quod</strong></span> <span class='ocrx_word' id='word_1_96' title='bbox 1915 1587 2147 1643; x_wconf 87' lang='lat' dir='ltr'><strong>Psalmi-</strong></span> 
     </span>
    </p>
   </div>
   <div class='ocr_carea' id='block_1_16' title="bbox 545 1683 2145 1764">
    <p class='ocr_par' dir='ltr' id='par_1_16' title="bbox 545 1683 2145 1764">
     <span class='ocr_line' id='line_1_16' title="bbox 545 1683 2145 1764; baseline -0.014 -8"><span class='ocrx_word' id='word_1_97' title='bbox 545 1709 631 1757; x_wconf 86' lang='lat' dir='ltr'><strong>sta</strong></span> <span class='ocrx_word' id='word_1_98' title='bbox 659 1699 736 1753; x_wconf 82' lang='lat' dir='ltr'><strong>ait</strong></span> <span class='ocrx_word' id='word_1_99' title='bbox 771 1714 785 1752; x_wconf 88' lang='lat'><strong>:</strong></span> <span class='ocrx_word' id='word_1_100' title='bbox 825 1697 970 1752; x_wconf 87' lang='lat' dir='ltr'><strong>Deus</strong></span> <span class='ocrx_word' id='word_1_101' title='bbox 1013 1691 1277 1764; x_wconf 87' lang='lat' dir='ltr'><strong>judicium</strong></span> <span class='ocrx_word' id='word_1_102' title='bbox 1304 1699 1454 1745; x_wconf 92' lang='lat' dir='ltr'><strong>tuum</strong></span> <span class='ocrx_word' id='word_1_103' title='bbox 1507 1686 1621 1758; x_wconf 89' lang='lat' dir='ltr'><strong>regi</strong></span> <span class='ocrx_word' id='word_1_104' title='bbox 1659 1686 1750 1752; x_wconf 89' lang='lat' dir='ltr'><strong>da,</strong></span> <span class='ocrx_word' id='word_1_105' title='bbox 1800 1683 2145 1752; x_wconf 88' lang='lat' dir='ltr'><strong>etjustitiam</strong></span> 
     </span>
    </p>
   </div>
   <div class='ocr_carea' id='block_1_17' title="bbox 546 1774 2148 1856">
    <p class='ocr_par' dir='ltr' id='par_1_17' title="bbox 546 1774 2148 1856">
     <span class='ocr_line' id='line_1_17' title="bbox 546 1774 2148 1856; baseline -0.012 -9"><span class='ocrx_word' id='word_1_106' title='bbox 546 1802 702 1847; x_wconf 88' lang='lat' dir='ltr'><strong>tuam</strong></span> <span class='ocrx_word' id='word_1_107' title='bbox 723 1789 860 1846; x_wconf 85' lang='lat' dir='ltr'><strong>Filio</strong></span> <span class='ocrx_word' id='word_1_108' title='bbox 890 1789 1034 1856; x_wconf 86' lang='lat' dir='ltr'><strong>regis</strong></span> <span class='ocrx_word' id='word_1_109' title='bbox 1065 1785 1238 1855; x_wconf 85' lang='lat' dir='ltr'><strong>(Psal.</strong></span> <span class='ocrx_word' id='word_1_110' title='bbox 1272 1781 1443 1850; x_wconf 78' lang='lat' dir='ltr'><strong>Lm).</strong></span> <span class='ocrx_word' id='word_1_111' title='bbox 1474 1779 1618 1834; x_wconf 87' lang='lat' dir='ltr'><strong>Deus</strong></span> <span class='ocrx_word' id='word_1_112' title='bbox 1661 1792 1791 1849; x_wconf 89' lang='lat' dir='ltr'><strong>ergo</strong></span> <span class='ocrx_word' id='word_1_113' title='bbox 1815 1775 1979 1830; x_wconf 89' lang='lat' dir='ltr'><strong>Pater</strong></span> <span class='ocrx_word' id='word_1_114' title='bbox 2007 1774 2148 1829; x_wconf 89' lang='lat' dir='ltr'><strong>Filio</strong></span> 
     </span>
    </p>
   </div>
   <div class='ocr_carea' id='block_1_18' title="bbox 546 1869 2147 1954">
    <p class='ocr_par' dir='ltr' id='par_1_18' title="bbox 546 1869 2147 1954">
     <span class='ocr_line' id='line_1_18' title="bbox 546 1869 2147 1954; baseline -0.014 -12"><span class='ocrx_word' id='word_1_115' title='bbox 546 1899 646 1942; x_wconf 85' lang='lat' dir='ltr'><strong>suo</strong></span> <span class='ocrx_word' id='word_1_116' title='bbox 673 1872 890 1954; x_wconf 78' lang='lat' dir='ltr'><strong>nuptias</strong></span> <span class='ocrx_word' id='word_1_117' title='bbox 915 1880 1064 1944; x_wconf 88' lang='lat' dir='ltr'><strong>fecit,</strong></span> <span class='ocrx_word' id='word_1_118' title='bbox 1088 1877 1211 1946; x_wconf 89' lang='lat' dir='ltr'><strong>quia</strong></span> <span class='ocrx_word' id='word_1_119' title='bbox 1262 1889 1386 1928; x_wconf 90' lang='lat' dir='ltr'><strong>eum</strong></span> <span class='ocrx_word' id='word_1_120' title='bbox 1437 1880 1682 1928; x_wconf 88' lang='lat' dir='ltr'><strong>nostram</strong></span> <span class='ocrx_word' id='word_1_121' title='bbox 1730 1869 1832 1924; x_wconf 88' lang='lat' dir='ltr'><strong>sibi</strong></span> <span class='ocrx_word' id='word_1_122' title='bbox 1863 1881 2147 1922; x_wconf 86' lang='lat' dir='ltr'><strong>assumere</strong></span> 
     </span>
    </p>
   </div>
   <div class='ocr_carea' id='block_1_19' title="bbox 544 1956 2149 2062">
    <p class='ocr_par' dir='ltr' id='par_1_19' title="bbox 544 1956 2149 2062">
     <span class='ocr_line' id='line_1_19' title="bbox 544 1956 2149 2062; baseline -0.012 -31"><span class='ocrx_word' id='word_1_123' title='bbox 544 1983 799 2035; x_wconf 83' lang='lat' dir='ltr'><strong>naturam</strong></span> <span class='ocrx_word' id='word_1_124' title='bbox 856 1967 1158 2062; x_wconf 53' lang='lat' dir='ltr'><strong>coqstitutt.</strong></span> <span class='ocrx_word' id='word_1_125' title='bbox 1195 1965 1262 2019; x_wconf 89' lang='lat' dir='ltr'><strong>Et</strong></span> <span class='ocrx_word' id='word_1_126' title='bbox 1307 1965 1412 2018; x_wconf 91' lang='lat' dir='ltr'><strong>hoc</strong></span> <span class='ocrx_word' id='word_1_127' title='bbox 1459 1977 1566 2016; x_wconf 91' lang='lat' dir='ltr'><strong>non</strong></span> <span class='ocrx_word' id='word_1_128' title='bbox 1619 1960 1744 2030; x_wconf 89' lang='lat' dir='ltr'><strong>quia</strong></span> <span class='ocrx_word' id='word_1_129' title='bbox 1780 1958 1896 2028; x_wconf 86' lang='lat' dir='ltr'><strong>ipse</strong></span> <span class='ocrx_word' id='word_1_130' title='bbox 1942 1956 2149 2028; x_wconf 86' lang='lat' dir='ltr'><strong>indige-</strong></span> 
     </span>
    </p>
   </div>
   <div class='ocr_carea' id='block_1_20' title="bbox 545 2048 2147 2135">
    <p class='ocr_par' dir='ltr' id='par_1_20' title="bbox 545 2048 2147 2135">
     <span class='ocr_line' id='line_1_20' title="bbox 545 2048 2147 2135; baseline -0.012 -10"><span class='ocrx_word' id='word_1_131' title='bbox 545 2076 653 2133; x_wconf 91' lang='lat' dir='ltr'><strong>ret,</strong></span> <span class='ocrx_word' id='word_1_132' title='bbox 677 2066 772 2122; x_wconf 91' lang='lat' dir='ltr'><strong>sed</strong></span> <span class='ocrx_word' id='word_1_133' title='bbox 801 2048 1057 2135; x_wconf 54' lang='lat' dir='ltr'><strong>quia-nos</strong></span> <span class='ocrx_word' id='word_1_134' title='bbox 1103 2058 1503 2126; x_wconf 88' lang='lat' dir='ltr'><strong>indigebamus.</strong></span> <span class='ocrx_word' id='word_1_135' title='bbox 1558 2053 1674 2109; x_wconf 90' lang='lat' dir='ltr'><strong>Iloc</strong></span> <span class='ocrx_word' id='word_1_136' title='bbox 1721 2052 1866 2108; x_wconf 88' lang='lat' dir='ltr'><strong>enim</strong></span> <span class='ocrx_word' id='word_1_137' title='bbox 1915 2048 2045 2107; x_wconf 86' lang='lat' dir='ltr'><strong>fecit</strong></span> <span class='ocrx_word' id='word_1_138' title='bbox 2076 2051 2147 2106; x_wconf 93' lang='lat' dir='ltr'><strong>ob</strong></span> 
     </span>
    </p>
   </div>
   <div class='ocr_carea' id='block_1_21' title="bbox 547 2144 2148 2217">
    <p class='ocr_par' dir='ltr' id='par_1_21' title="bbox 547 2144 2148 2217">
     <span class='ocr_line' id='line_1_21' title="bbox 547 2144 2148 2217; baseline -0.01 -1"><span class='ocrx_word' id='word_1_139' title='bbox 547 2175 704 2216; x_wconf 87' lang='lat' dir='ltr'><strong>suam</strong></span> <span class='ocrx_word' id='word_1_140' title='bbox 753 2152 1217 2217; x_wconf 91' lang='lat' dir='ltr'><strong>misericordiam,</strong></span> <span class='ocrx_word' id='word_1_141' title='bbox 1263 2159 1324 2204; x_wconf 93' lang='lat' dir='ltr'><strong>ut</strong></span> <span class='ocrx_word' id='word_1_142' title='bbox 1367 2158 1617 2204; x_wconf 90' lang='lat' dir='ltr'><strong>nostram</strong></span> <span class='ocrx_word' id='word_1_143' title='bbox 1662 2146 1934 2202; x_wconf 88' lang='lat' dir='ltr'><strong>relevaret</strong></span> <span class='ocrx_word' id='word_1_144' title='bbox 1979 2144 2148 2200; x_wconf 89' lang='lat' dir='ltr'><strong>mise-</strong></span> 
     </span>
    </p>
   </div>
   <div class='ocr_carea' id='block_1_22' title="bbox 545 2238 2149 2317">
    <p class='ocr_par' dir='ltr' id='par_1_22' title="bbox 545 2238 2149 2317">
     <span class='ocr_line' id='line_1_22' title="bbox 545 2238 2149 2317; baseline -0.011 -9"><span class='ocrx_word' id='word_1_145' title='bbox 545 2253 707 2308; x_wconf 85' lang='lat' dir='ltr'><strong>riam.</strong></span> <span class='ocrx_word' id='word_1_146' title='bbox 751 2248 944 2304; x_wconf 85' lang='lat' dir='ltr'><strong>Videte</strong></span> <span class='ocrx_word' id='word_1_147' title='bbox 988 2261 1119 2317; x_wconf 85' lang='lat' dir='ltr'><strong>ergo</strong></span> <span class='ocrx_word' id='word_1_148' title='bbox 1162 2242 1298 2307; x_wconf 87' lang='lat' dir='ltr'><strong>tria,</strong></span> <span class='ocrx_word' id='word_1_149' title='bbox 1335 2257 1559 2298; x_wconf 85' lang='lat' dir='ltr'><strong>causam</strong></span> <span class='ocrx_word' id='word_1_150' title='bbox 1594 2241 1944 2310; x_wconf 86' lang='lat' dir='ltr'><strong>nuptiarum,</strong></span> <span class='ocrx_word' id='word_1_151' title='bbox 1991 2238 2149 2292; x_wconf 89' lang='lat' dir='ltr'><strong>dota-</strong></span> 
     </span>
    </p>
   </div>
   <div class='ocr_carea' id='block_1_23' title="bbox 547 2333 2146 2412">
    <p class='ocr_par' dir='ltr' id='par_1_23' title="bbox 547 2333 2146 2412">
     <span class='ocr_line' id='line_1_23' title="bbox 547 2333 2146 2412; baseline -0.011 -9"><span class='ocrx_word' id='word_1_152' title='bbox 547 2346 723 2403; x_wconf 89' lang='lat' dir='ltr'><strong>litium</strong></span> <span class='ocrx_word' id='word_1_153' title='bbox 761 2351 816 2400; x_wconf 89' lang='lat' dir='ltr'><strong>et</strong></span> <span class='ocrx_word' id='word_1_154' title='bbox 858 2341 1165 2412; x_wconf 89' lang='lat' dir='ltr'><strong>prandium.</strong></span> <span class='ocrx_word' id='word_1_155' title='bbox 1218 2338 1283 2392; x_wconf 84' lang='lat' dir='ltr'><strong>Et</strong></span> <span class='ocrx_word' id='word_1_156' title='bbox 1321 2352 1487 2393; x_wconf 88' lang='lat' dir='ltr'><strong>causa</strong></span> <span class='ocrx_word' id='word_1_157' title='bbox 1530 2333 1786 2406; x_wconf 89' lang='lat' dir='ltr'><strong>quidem,</strong></span> <span class='ocrx_word' id='word_1_158' title='bbox 1820 2341 1904 2388; x_wconf 88' lang='lat' dir='ltr'><strong>est</strong></span> <span class='ocrx_word' id='word_1_159' title='bbox 1951 2347 2146 2387; x_wconf 88' lang='lat' dir='ltr'><strong>recon-</strong></span> 
     </span>
    </p>
   </div>
   <div class='ocr_carea' id='block_1_24' title="bbox 547 2423 2145 2493">
    <p class='ocr_par' dir='ltr' id='par_1_24' title="bbox 547 2423 2145 2493">
     <span class='ocr_line' id='line_1_24' title="bbox 547 2423 2145 2493; baseline -0.009 -1"><span class='ocrx_word' id='word_1_160' title='bbox 547 2435 754 2493; x_wconf 88' lang='lat' dir='ltr'><strong>ciliatio</strong></span> <span class='ocrx_word' id='word_1_161' title='bbox 796 2432 1033 2489; x_wconf 86' lang='lat' dir='ltr'><strong>hominis</strong></span> <span class='ocrx_word' id='word_1_162' title='bbox 1060 2445 1184 2487; x_wconf 90' lang='lat' dir='ltr'><strong>cum</strong></span> <span class='ocrx_word' id='word_1_163' title='bbox 1212 2429 1346 2484; x_wconf 91' lang='lat' dir='ltr'><strong>Deo.</strong></span> <span class='ocrx_word' id='word_1_164' title='bbox 1377 2427 1533 2482; x_wconf 87' lang='lat' dir='ltr'><strong>Sicut</strong></span> <span class='ocrx_word' id='word_1_165' title='bbox 1579 2426 1747 2490; x_wconf 86' lang='lat' dir='ltr'><strong>enim,</strong></span> <span class='ocrx_word' id='word_1_166' title='bbox 1775 2424 1972 2479; x_wconf 78' lang='lat' dir='ltr'><strong>fratres</strong></span> <span class='ocrx_word' id='word_1_167' title='bbox 2017 2423 2145 2491; x_wconf 86' lang='lat' dir='ltr'><strong>mei,</strong></span> 
     </span>
    </p>
   </div>
   <div class='ocr_carea' id='block_1_25' title="bbox 549 2515 2150 2599">
    <p class='ocr_par' dir='ltr' id='par_1_25' title="bbox 549 2515 2150 2599">
     <span class='ocr_line' id='line_1_25' title="bbox 549 2515 2150 2599; baseline -0.012 -14"><span class='ocrx_word' id='word_1_168' title='bbox 549 2529 872 2599; x_wconf 85' lang='lat' dir='ltr'><strong>frequenter</strong></span> <span class='ocrx_word' id='word_1_169' title='bbox 925 2523 1150 2585; x_wconf 83' lang='lat' dir='ltr'><strong>videtis,</strong></span> <span class='ocrx_word' id='word_1_170' title='bbox 1205 2519 1348 2591; x_wconf 92' lang='lat' dir='ltr'><strong>quod</strong></span> <span class='ocrx_word' id='word_1_171' title='bbox 1400 2518 1619 2590; x_wconf 84' lang='lat' dir='ltr'><strong>quando</strong></span> <span class='ocrx_word' id='word_1_172' title='bbox 1669 2515 1969 2571; x_wconf 86' lang='lat' dir='ltr'><strong>inimicitiae</strong></span> <span class='ocrx_word' id='word_1_173' title='bbox 2021 2520 2150 2568; x_wconf 90' lang='lat' dir='ltr'><strong>sunt</strong></span> 
     </span>
    </p>
   </div>
   <div class='ocr_carea' id='block_1_26' title="bbox 548 2606 2146 2686">
    <p class='ocr_par' dir='ltr' id='par_1_26' title="bbox 548 2606 2146 2686">
     <span class='ocr_line' id='line_1_26' title="bbox 548 2606 2146 2686; baseline -0.013 -7"><span class='ocrx_word' id='word_1_174' title='bbox 548 2623 696 2679; x_wconf 89' lang='lat' dir='ltr'><strong>inter</strong></span> <span class='ocrx_word' id='word_1_175' title='bbox 728 2623 863 2676; x_wconf 87' lang='lat' dir='ltr'><strong>duas</strong></span> <span class='ocrx_word' id='word_1_176' title='bbox 893 2617 1156 2682; x_wconf 80' lang='lat' dir='ltr'><strong>familias,</strong></span> <span class='ocrx_word' id='word_1_177' title='bbox 1191 2613 1506 2686; x_wconf 85' lang='lat' dir='ltr'><strong>conjugium</strong></span> <span class='ocrx_word' id='word_1_178' title='bbox 1533 2612 1592 2666; x_wconf 84' lang='lat' dir='ltr'><strong>ﬁt</strong></span> <span class='ocrx_word' id='word_1_179' title='bbox 1618 2624 1780 2673; x_wconf 87' lang='lat' dir='ltr'><strong>causa</strong></span> <span class='ocrx_word' id='word_1_180' title='bbox 1820 2606 2146 2662; x_wconf 86' lang='lat' dir='ltr'><strong>reconcilia-</strong></span> 
     </span>
    </p>
   </div>
   <div class='ocr_carea' id='block_1_27' title="bbox 556 2705 2148 2785">
    <p class='ocr_par' dir='ltr' id='par_1_27' title="bbox 556 2705 2148 2785">
     <span class='ocr_line' id='line_1_27' title="bbox 556 2705 2148 2785; baseline -0.01 -9"><span class='ocrx_word' id='word_1_181' title='bbox 556 2719 742 2785; x_wconf 88' lang='lat' dir='ltr'><strong>tionis,</strong></span> <span class='ocrx_word' id='word_1_182' title='bbox 775 2717 917 2772; x_wconf 90' lang='lat' dir='ltr'><strong>inter</strong></span> <span class='ocrx_word' id='word_1_183' title='bbox 939 2715 1117 2770; x_wconf 87' lang='lat' dir='ltr'><strong>virum</strong></span> <span class='ocrx_word' id='word_1_184' title='bbox 1148 2712 1312 2767; x_wconf 88' lang='lat' dir='ltr'><strong>unius</strong></span> <span class='ocrx_word' id='word_1_185' title='bbox 1338 2709 1583 2772; x_wconf 63' lang='lat' dir='ltr'><strong>familiae,</strong></span> <span class='ocrx_word' id='word_1_186' title='bbox 1614 2716 1668 2762; x_wconf 90' lang='lat' dir='ltr'><strong>et</strong></span> <span class='ocrx_word' id='word_1_187' title='bbox 1689 2705 1973 2761; x_wconf 89' lang='lat' dir='ltr'><strong>mulierem</strong></span> <span class='ocrx_word' id='word_1_188' title='bbox 2007 2705 2148 2760; x_wconf 89' lang='lat' dir='ltr'><strong>alte-</strong></span> 
     </span>
    </p>
   </div>
   <div class='ocr_carea' id='block_1_28' title="bbox 549 2793 2149 2876">
    <p class='ocr_par' dir='ltr' id='par_1_28' title="bbox 549 2793 2149 2876">
     <span class='ocr_line' id='line_1_28' title="bbox 549 2793 2149 2876; baseline -0.009 -11"><span class='ocrx_word' id='word_1_189' title='bbox 549 2809 693 2876; x_wconf 85' lang='lat' dir='ltr'><strong>rius,</strong></span> <span class='ocrx_word' id='word_1_190' title='bbox 720 2807 795 2862; x_wconf 88' lang='lat' dir='ltr'><strong>ita</strong></span> <span class='ocrx_word' id='word_1_191' title='bbox 816 2815 873 2863; x_wconf 90' lang='lat' dir='ltr'><strong>et</strong></span> <span class='ocrx_word' id='word_1_192' title='bbox 894 2805 983 2861; x_wconf 87' lang='lat' dir='ltr'><strong>hic</strong></span> <span class='ocrx_word' id='word_1_193' title='bbox 1010 2805 1215 2860; x_wconf 91' lang='lat' dir='ltr'><strong>factum</strong></span> <span class='ocrx_word' id='word_1_194' title='bbox 1250 2809 1354 2857; x_wconf 91' lang='lat' dir='ltr'><strong>est.</strong></span> <span class='ocrx_word' id='word_1_195' title='bbox 1385 2797 1665 2855; x_wconf 88' lang='lat' dir='ltr'><strong>Discordia</strong></span> <span class='ocrx_word' id='word_1_196' title='bbox 1690 2797 1892 2868; x_wconf 87' lang='lat' dir='ltr'><strong>quippe</strong></span> <span class='ocrx_word' id='word_1_197' title='bbox 1921 2793 2149 2863; x_wconf 90' lang='lat' dir='ltr'><strong>grandis</strong></span> 
     </span>
    </p>
   </div>
   <div class='ocr_carea' id='block_1_29' title="bbox 548 2888 2149 2962">
    <p class='ocr_par' dir='ltr' id='par_1_29' title="bbox 548 2888 2149 2962">
     <span class='ocr_line' id='line_1_29' title="bbox 548 2888 2149 2962; baseline -0.011 -2"><span class='ocrx_word' id='word_1_198' title='bbox 548 2912 668 2961; x_wconf 90' lang='lat' dir='ltr'><strong>erat</strong></span> <span class='ocrx_word' id='word_1_199' title='bbox 706 2903 853 2958; x_wconf 91' lang='lat' dir='ltr'><strong>inter</strong></span> <span class='ocrx_word' id='word_1_200' title='bbox 889 2901 1058 2956; x_wconf 92' lang='lat' dir='ltr'><strong>Deum</strong></span> <span class='ocrx_word' id='word_1_201' title='bbox 1101 2905 1156 2953; x_wconf 93' lang='lat' dir='ltr'><strong>et</strong></span> <span class='ocrx_word' id='word_1_202' title='bbox 1186 2895 1486 2952; x_wconf 91' lang='lat' dir='ltr'><strong>hominem.</strong></span> <span class='ocrx_word' id='word_1_203' title='bbox 1518 2893 1692 2948; x_wconf 88' lang='lat' dir='ltr'><strong>Homo</strong></span> <span class='ocrx_word' id='word_1_204' title='bbox 1719 2906 1880 2957; x_wconf 90' lang='lat' dir='ltr'><strong>vero,</strong></span> <span class='ocrx_word' id='word_1_205' title='bbox 1907 2903 2005 2962; x_wconf 91' lang='lat' dir='ltr'><strong>per</strong></span> <span class='ocrx_word' id='word_1_206' title='bbox 2031 2888 2149 2960; x_wconf 87' lang='lat' dir='ltr'><strong>pri-</strong></span> 
     </span>
    </p>
   </div>
   <div class='ocr_carea' id='block_1_30' title="bbox 550 2982 2147 3064">
    <p class='ocr_par' dir='ltr' id='par_1_30' title="bbox 550 2982 2147 3064">
     <span class='ocr_line' id='line_1_30' title="bbox 550 2982 2147 3064; baseline -0.009 -14"><span class='ocrx_word' id='word_1_207' title='bbox 550 3009 702 3050; x_wconf 88' lang='lat' dir='ltr'><strong>mam</strong></span> <span class='ocrx_word' id='word_1_208' title='bbox 750 2990 1259 3064; x_wconf 69' lang='lat' dir='ltr'><strong>praavaricationem</strong></span> <span class='ocrx_word' id='word_1_209' title='bbox 1302 2987 1356 3041; x_wconf 91' lang='lat' dir='ltr'><strong>in</strong></span> <span class='ocrx_word' id='word_1_210' title='bbox 1404 2986 1507 3042; x_wconf 87' lang='lat' dir='ltr'><strong>hoc</strong></span> <span class='ocrx_word' id='word_1_211' title='bbox 1553 2985 1806 3040; x_wconf 89' lang='lat' dir='ltr'><strong>detrusus</strong></span> <span class='ocrx_word' id='word_1_212' title='bbox 1853 2982 2147 3049; x_wconf 83' lang='lat' dir='ltr'><strong>exsilium,</strong></span> 
     </span>
    </p>
   </div>
   <div class='ocr_carea' id='block_1_31' title="bbox 549 3079 2150 3155">
    <p class='ocr_par' dir='ltr' id='par_1_31' title="bbox 549 3079 2150 3155">
     <span class='ocr_line' id='line_1_31' title="bbox 549 3079 2150 3155; baseline -0.009 -13"><span class='ocrx_word' id='word_1_213' title='bbox 549 3087 723 3144; x_wconf 86' lang='lat' dir='ltr'><strong>Deum</strong></span> <span class='ocrx_word' id='word_1_214' title='bbox 761 3099 867 3139; x_wconf 90' lang='lat' dir='ltr'><strong>non</strong></span> <span class='ocrx_word' id='word_1_215' title='bbox 909 3081 1300 3155; x_wconf 87' lang='lat' dir='ltr'><strong>cognoscebat,</strong></span> <span class='ocrx_word' id='word_1_216' title='bbox 1340 3079 1449 3133; x_wconf 92' lang='lat' dir='ltr'><strong>imo</strong></span> <span class='ocrx_word' id='word_1_217' title='bbox 1489 3093 1588 3148; x_wconf 91' lang='lat' dir='ltr'><strong>per</strong></span> <span class='ocrx_word' id='word_1_218' title='bbox 1617 3092 1787 3147; x_wconf 82' lang='lat' dir='ltr'><strong>prava</strong></span> <span class='ocrx_word' id='word_1_219' title='bbox 1824 3090 1989 3145; x_wconf 89' lang='lat' dir='ltr'><strong>opera</strong></span> <span class='ocrx_word' id='word_1_220' title='bbox 2023 3089 2150 3142; x_wconf 78' lang='lat' dir='ltr'><strong>eum</strong></span> 
     </span>
    </p>
   </div>
   <div class='ocr_carea' id='block_1_32' title="bbox 551 3166 2229 3256">
    <p class='ocr_par' dir='ltr' id='par_1_32' title="bbox 551 3166 2229 3256">
     <span class='ocr_line' id='line_1_32' title="bbox 551 3166 2229 3256; baseline -0.01 -21"><span class='ocrx_word' id='word_1_221' title='bbox 551 3177 927 3250; x_wconf 87' lang='lat' dir='ltr'><strong>impugnabat.</strong></span> <span class='ocrx_word' id='word_1_222' title='bbox 971 3173 1114 3228; x_wconf 92' lang='lat' dir='ltr'><strong>Deus</strong></span> <span class='ocrx_word' id='word_1_223' title='bbox 1153 3185 1286 3226; x_wconf 83' lang='lat' dir='ltr'><strong>vero</strong></span> <span class='ocrx_word' id='word_1_224' title='bbox 1315 3167 1568 3224; x_wconf 84' lang='lat' dir='ltr'><strong>excelsus</strong></span> <span class='ocrx_word' id='word_1_225' title='bbox 1612 3166 1889 3221; x_wconf 91' lang='lat' dir='ltr'><strong>hominem</strong></span> <span class='ocrx_word' id='word_1_226' title='bbox 1926 3174 2150 3236; x_wconf 91' lang='lat' dir='ltr'><strong>propter</strong></span> <span class='ocrx_word' id='word_1_227' title='bbox 2177 3190 2229 3256; x_wconf 66' lang='grc' dir='ltr'><strong>ο</strong></span> 
     </span>
    </p>
   </div>
   <div class='ocr_carea' id='block_1_33' title="bbox 553 3257 2153 3330">
    <p class='ocr_par' dir='ltr' id='par_1_33' title="bbox 553 3257 2153 3330">
     <span class='ocr_line' id='line_1_33' title="bbox 553 3257 2153 3330; baseline -0.011 -2"><span class='ocrx_word' id='word_1_228' title='bbox 553 3269 978 3328; x_wconf 87' lang='lat' dir='ltr'><strong>inobedientiam</strong></span> <span class='ocrx_word' id='word_1_229' title='bbox 1016 3265 1222 3321; x_wconf 88' lang='lat' dir='ltr'><strong>odibat.</strong></span> <span class='ocrx_word' id='word_1_230' title='bbox 1255 3262 1390 3330; x_wconf 85' lang='lat' dir='ltr'><strong>Quia</strong></span> <span class='ocrx_word' id='word_1_231' title='bbox 1426 3268 1610 3316; x_wconf 91' lang='lat' dir='ltr'><strong>tamen</strong></span> <span class='ocrx_word' id='word_1_232' title='bbox 1655 3274 1760 3313; x_wconf 91' lang='lat' dir='ltr'><strong>non</strong></span> <span class='ocrx_word' id='word_1_233' title='bbox 1808 3257 2153 3314; x_wconf 91' lang='lat' dir='ltr'><strong>obliviscitur</strong></span> 
     </span>
    </p>
   </div>
   <div class='ocr_carea' id='block_1_34' title="bbox 552 3351 2148 3428">
    <p class='ocr_par' dir='ltr' id='par_1_34' title="bbox 552 3351 2148 3428">
     <span class='ocr_line' id='line_1_34' title="bbox 552 3351 2148 3428; baseline -0.011 -6"><span class='ocrx_word' id='word_1_234' title='bbox 552 3362 803 3422; x_wconf 87' lang='lat' dir='ltr'><strong>misereri</strong></span> <span class='ocrx_word' id='word_1_235' title='bbox 876 3362 1020 3416; x_wconf 90' lang='lat' dir='ltr'><strong>Deus</strong></span> <span class='ocrx_word' id='word_1_236' title='bbox 1072 3355 1256 3428; x_wconf 87' lang='lat' dir='ltr'><strong>(Psal.</strong></span> <span class='ocrx_word' id='word_1_237' title='bbox 1307 3353 1531 3426; x_wconf 76' lang='lat' dir='ltr'><strong>Lxxvi),</strong></span> <span class='ocrx_word' id='word_1_238' title='bbox 1578 3351 1786 3424; x_wconf 88' lang='lat' dir='ltr'><strong>placuit</strong></span> <span class='ocrx_word' id='word_1_239' title='bbox 1825 3352 1872 3407; x_wconf 91' lang='lat' dir='ltr'><strong>ei</strong></span> <span class='ocrx_word' id='word_1_240' title='bbox 1901 3359 1959 3406; x_wconf 94' lang='lat' dir='ltr'><strong>ut</strong></span> <span class='ocrx_word' id='word_1_241' title='bbox 1992 3367 2148 3406; x_wconf 92' lang='lat' dir='ltr'><strong>suum</strong></span> 
     </span>
    </p>
   </div>
   <div class='ocr_carea' id='block_1_35' title="bbox 553 3443 2150 3528">
    <p class='ocr_par' dir='ltr' id='par_1_35' title="bbox 553 3443 2150 3528">
     <span class='ocr_line' id='line_1_35' title="bbox 553 3443 2150 3528; baseline -0.011 -16"><span class='ocrx_word' id='word_1_242' title='bbox 553 3457 837 3528; x_wconf 84' lang='lat' dir='ltr'><strong>fugitivum</strong></span> <span class='ocrx_word' id='word_1_243' title='bbox 891 3450 1269 3508; x_wconf 86' lang='lat' dir='ltr'><strong>reconciliaret</strong></span> <span class='ocrx_word' id='word_1_244' title='bbox 1317 3447 1459 3513; x_wconf 89' lang='lat' dir='ltr'><strong>sibi,</strong></span> <span class='ocrx_word' id='word_1_245' title='bbox 1501 3455 1557 3501; x_wconf 89' lang='lat' dir='ltr'><strong>et</strong></span> <span class='ocrx_word' id='word_1_246' title='bbox 1588 3443 1944 3515; x_wconf 90' lang='lat' dir='ltr'><strong>Unigenitum</strong></span> <span class='ocrx_word' id='word_1_247' title='bbox 1993 3457 2150 3496; x_wconf 90' lang='lat' dir='ltr'><strong>suum</strong></span> 
     </span>
    </p>
   </div>
   <div class='ocr_carea' id='block_1_36' title="bbox 553 3533 2150 3617">
    <p class='ocr_par' dir='ltr' id='par_1_36' title="bbox 553 3533 2150 3617">
     <span class='ocr_line' id='line_1_36' title="bbox 553 3533 2150 3617; baseline -0.009 -14"><span class='ocrx_word' id='word_1_248' title='bbox 553 3548 719 3617; x_wconf 82' lang='lat' dir='ltr'><strong>hujus</strong></span> <span class='ocrx_word' id='word_1_249' title='bbox 768 3541 1233 3601; x_wconf 87' lang='lat' dir='ltr'><strong>reconciliationis</strong></span> <span class='ocrx_word' id='word_1_250' title='bbox 1287 3540 1646 3596; x_wconf 90' lang='lat' dir='ltr'><strong>mediatorem</strong></span> <span class='ocrx_word' id='word_1_251' title='bbox 1695 3536 1846 3601; x_wconf 91' lang='lat' dir='ltr'><strong>fecit,</strong></span> <span class='ocrx_word' id='word_1_252' title='bbox 1903 3535 1996 3606; x_wconf 93' lang='lat' dir='ltr'><strong>qui</strong></span> <span class='ocrx_word' id='word_1_253' title='bbox 2045 3533 2150 3590; x_wconf 86' lang='lat' dir='ltr'><strong>sibi</strong></span> 
     </span>
    </p>
   </div>
   <div class='ocr_carea' id='block_1_37' title="bbox 560 3625 2150 3704">
    <p class='ocr_par' dir='ltr' id='par_1_37' title="bbox 560 3625 2150 3704">
     <span class='ocr_line' id='line_1_37' title="bbox 560 3625 2150 3704; baseline -0.009 -10"><span class='ocrx_word' id='word_1_254' title='bbox 560 3648 805 3696; x_wconf 89' lang='lat' dir='ltr'><strong>nostram</strong></span> <span class='ocrx_word' id='word_1_255' title='bbox 849 3634 1180 3704; x_wconf 74' lang='lat' dir='ltr'><strong>coniungens</strong></span> <span class='ocrx_word' id='word_1_256' title='bbox 1213 3631 1646 3693; x_wconf 89' lang='lat' dir='ltr'><strong>humanitatem,</strong></span> <span class='ocrx_word' id='word_1_257' title='bbox 1679 3626 1954 3681; x_wconf 89' lang='lat' dir='ltr'><strong>hominem</strong></span> <span class='ocrx_word' id='word_1_258' title='bbox 2001 3625 2112 3680; x_wconf 89' lang='lat' dir='ltr'><strong>Deo</strong></span> <span class='ocrx_word' id='word_1_259' title='bbox 2133 3667 2150 3693; x_wconf 90' lang='lat'><strong>,</strong></span> 
     </span>
    </p>
   </div>
   <div class='ocr_carea' id='block_1_38' title="bbox 558 3721 2154 3790">
    <p class='ocr_par' dir='ltr' id='par_1_38' title="bbox 558 3721 2154 3790">
     <span class='ocr_line' id='line_1_38' title="bbox 558 3721 2154 3790; baseline -0.01 -1"><span class='ocrx_word' id='word_1_260' title='bbox 558 3743 614 3789; x_wconf 89' lang='lat' dir='ltr'><strong>et</strong></span> <span class='ocrx_word' id='word_1_261' title='bbox 645 3733 813 3788; x_wconf 91' lang='lat' dir='ltr'><strong>Deum</strong></span> <span class='ocrx_word' id='word_1_262' title='bbox 845 3729 1051 3784; x_wconf 91' lang='lat' dir='ltr'><strong>homini</strong></span> <span class='ocrx_word' id='word_1_263' title='bbox 1096 3726 1492 3783; x_wconf 87' lang='lat' dir='ltr'><strong>reconciliavit.</strong></span> <span class='ocrx_word' id='word_1_264' title='bbox 1521 3721 1777 3778; x_wconf 88' lang='lat' dir='ltr'><strong>Dotalitia</strong></span> <span class='ocrx_word' id='word_1_265' title='bbox 1819 3735 2036 3790; x_wconf 92' lang='lat' dir='ltr'><strong>quoque</strong></span> <span class='ocrx_word' id='word_1_266' title='bbox 2068 3728 2154 3775; x_wconf 88' lang='lat' dir='ltr'><strong>est</strong></span> 
     </span>
    </p>
   </div>
   <div class='ocr_carea' id='block_1_39' title="bbox 555 3813 2155 3896">
    <p class='ocr_par' dir='ltr' id='par_1_39' title="bbox 555 3813 2155 3896">
     <span class='ocr_line' id='line_1_39' title="bbox 555 3813 2155 3896; baseline -0.01 -14"><span class='ocrx_word' id='word_1_267' title='bbox 555 3828 787 3896; x_wconf 82' lang='lat' dir='ltr'><strong>largitus</strong></span> <span class='ocrx_word' id='word_1_268' title='bbox 825 3822 994 3877; x_wconf 85' lang='lat' dir='ltr'><strong>Filius</strong></span> <span class='ocrx_word' id='word_1_269' title='bbox 1040 3822 1134 3876; x_wconf 92' lang='lat' dir='ltr'><strong>Dei</strong></span> <span class='ocrx_word' id='word_1_270' title='bbox 1182 3835 1395 3890; x_wconf 84' lang='lat' dir='ltr'><strong>sponsae</strong></span> <span class='ocrx_word' id='word_1_271' title='bbox 1440 3833 1593 3882; x_wconf 68' lang='lat' dir='ltr'><strong>suae,</strong></span> <span class='ocrx_word' id='word_1_272' title='bbox 1641 3814 1928 3870; x_wconf 87' lang='lat' dir='ltr'><strong>conferens</strong></span> <span class='ocrx_word' id='word_1_273' title='bbox 1972 3814 2020 3869; x_wconf 93' lang='lat' dir='ltr'><strong>ei</strong></span> <span class='ocrx_word' id='word_1_274' title='bbox 2065 3813 2155 3867; x_wconf 89' lang='lat' dir='ltr'><strong>hic</strong></span> 
     </span>
    </p>
   </div>
   <div class='ocr_carea' id='block_1_40' title="bbox 559 3907 2152 3976">
    <p class='ocr_par' dir='ltr' id='par_1_40' title="bbox 559 3907 2152 3976">
     <span class='ocr_line' id='line_1_40' title="bbox 559 3907 2152 3976; baseline -0.01 -5"><span class='ocrx_word' id='word_1_275' title='bbox 559 3916 818 3973; x_wconf 87' lang='lat' dir='ltr'><strong>annulum</strong></span> <span class='ocrx_word' id='word_1_276' title='bbox 847 3913 990 3976; x_wconf 84' lang='lat' dir='ltr'><strong>fidei,</strong></span> <span class='ocrx_word' id='word_1_277' title='bbox 1009 3922 1064 3966; x_wconf 93' lang='lat' dir='ltr'><strong>et</strong></span> <span class='ocrx_word' id='word_1_278' title='bbox 1085 3919 1406 3967; x_wconf 67' lang='lat' dir='ltr'><strong>caeterarum</strong></span> <span class='ocrx_word' id='word_1_279' title='bbox 1431 3907 1648 3962; x_wconf 87' lang='lat' dir='ltr'><strong>arrham</strong></span> <span class='ocrx_word' id='word_1_280' title='bbox 1673 3907 1934 3960; x_wconf 90' lang='lat' dir='ltr'><strong>virtutum</strong></span> <span class='ocrx_word' id='word_1_281' title='bbox 1952 3913 2005 3959; x_wconf 90' lang='lat' dir='ltr'><strong>et</strong></span> <span class='ocrx_word' id='word_1_282' title='bbox 2023 3919 2152 3974; x_wconf 89' lang='lat' dir='ltr'><strong>gra-</strong></span> 
     </span>
    </p>
   </div>
   <div class='ocr_carea' id='block_1_41' title="bbox 561 3997 2152 4075">
    <p class='ocr_par' dir='ltr' id='par_1_41' title="bbox 561 3997 2152 4075">
     <span class='ocr_line' id='line_1_41' title="bbox 561 3997 2152 4075; baseline -0.008 -12"><span class='ocrx_word' id='word_1_283' title='bbox 561 4009 763 4063; x_wconf 88' lang='lat' dir='ltr'><strong>tiarum</strong></span> <span class='ocrx_word' id='word_1_284' title='bbox 782 4046 796 4072; x_wconf 93' lang='lat'><strong>,</strong></span> <span class='ocrx_word' id='word_1_285' title='bbox 825 4013 880 4059; x_wconf 91' lang='lat' dir='ltr'><strong>et</strong></span> <span class='ocrx_word' id='word_1_286' title='bbox 908 4003 1166 4075; x_wconf 91' lang='lat' dir='ltr'><strong>pollicens</strong></span> <span class='ocrx_word' id='word_1_287' title='bbox 1191 4000 1334 4072; x_wconf 92' lang='lat' dir='ltr'><strong>quod</strong></span> <span class='ocrx_word' id='word_1_288' title='bbox 1365 3999 1412 4054; x_wconf 90' lang='lat' dir='ltr'><strong>si</strong></span> <span class='ocrx_word' id='word_1_289' title='bbox 1443 3999 1496 4054; x_wconf 92' lang='lat' dir='ltr'><strong>in</strong></span> <span class='ocrx_word' id='word_1_290' title='bbox 1529 3997 1646 4067; x_wconf 85' lang='lat' dir='ltr'><strong>ejus</strong></span> <span class='ocrx_word' id='word_1_291' title='bbox 1675 4011 1862 4052; x_wconf 91' lang='lat' dir='ltr'><strong>amore</strong></span> <span class='ocrx_word' id='word_1_292' title='bbox 1893 4009 2152 4065; x_wconf 80' lang='lat' dir='ltr'><strong>persevc-</strong></span> 
     </span>
    </p>
   </div>
   <div class='ocr_carea' id='block_1_42' title="bbox 559 4086 2151 4163">
    <p class='ocr_par' dir='ltr' id='par_1_42' title="bbox 559 4086 2151 4163">
     <span class='ocr_line' id='line_1_42' title="bbox 559 4086 2151 4163; baseline -0.009 -8"><span class='ocrx_word' id='word_1_293' title='bbox 559 4108 726 4163; x_wconf 85' lang='lat' dir='ltr'><strong>rarct,</strong></span> <span class='ocrx_word' id='word_1_294' title='bbox 757 4099 913 4154; x_wconf 92' lang='lat' dir='ltr'><strong>daret</strong></span> <span class='ocrx_word' id='word_1_295' title='bbox 946 4097 996 4151; x_wconf 92' lang='lat' dir='ltr'><strong>ei</strong></span> <span class='ocrx_word' id='word_1_296' title='bbox 1023 4095 1205 4150; x_wconf 93' lang='lat' dir='ltr'><strong>dotem</strong></span> <span class='ocrx_word' id='word_1_297' title='bbox 1231 4091 1537 4148; x_wconf 81' lang='lat' dir='ltr'><strong>caelestium</strong></span> <span class='ocrx_word' id='word_1_298' title='bbox 1571 4090 1940 4162; x_wconf 85' lang='lat' dir='ltr'><strong>praemiorum.</strong></span> <span class='ocrx_word' id='word_1_299' title='bbox 1978 4086 2151 4141; x_wconf 85' lang='lat' dir='ltr'><strong>Pran-</strong></span> 
     </span>
    </p>
   </div>
   <div class='ocr_carea' id='block_1_43' title="bbox 560 4181 2153 4256">
    <p class='ocr_par' dir='ltr' id='par_1_43' title="bbox 560 4181 2153 4256">
     <span class='ocr_line' id='line_1_43' title="bbox 560 4181 2153 4256; baseline -0.009 -8"><span class='ocrx_word' id='word_1_300' title='bbox 560 4195 709 4248; x_wconf 88' lang='lat' dir='ltr'><strong>dium</strong></span> <span class='ocrx_word' id='word_1_301' title='bbox 739 4192 902 4246; x_wconf 89' lang='lat' dir='ltr'><strong>etiam</strong></span> <span class='ocrx_word' id='word_1_302' title='bbox 934 4189 1064 4244; x_wconf 91' lang='lat' dir='ltr'><strong>fecit</strong></span> <span class='ocrx_word' id='word_1_303' title='bbox 1087 4189 1230 4242; x_wconf 93' lang='lat' dir='ltr'><strong>Deus</strong></span> <span class='ocrx_word' id='word_1_304' title='bbox 1257 4187 1312 4240; x_wconf 91' lang='lat' dir='ltr'><strong>in</strong></span> <span class='ocrx_word' id='word_1_305' title='bbox 1336 4185 1539 4256; x_wconf 87' lang='lat' dir='ltr'><strong>nuptiis</strong></span> <span class='ocrx_word' id='word_1_306' title='bbox 1562 4183 1684 4238; x_wconf 89' lang='lat' dir='ltr'><strong>Filii</strong></span> <span class='ocrx_word' id='word_1_307' title='bbox 1710 4183 1792 4239; x_wconf 89' lang='lat' dir='ltr'><strong>sui</strong></span> <span class='ocrx_word' id='word_1_308' title='bbox 1821 4182 1873 4236; x_wconf 90' lang='lat' dir='ltr'><strong>in</strong></span> <span class='ocrx_word' id='word_1_309' title='bbox 1908 4181 2153 4236; x_wconf 87' lang='lat' dir='ltr'><strong>Ecclesia</strong></span> 
     </span>
    </p>
   </div>
   <div class='ocr_carea' id='block_1_44' title="bbox 561 4279 2152 4357">
    <p class='ocr_par' dir='ltr' id='par_1_44' title="bbox 561 4279 2152 4357">
     <span class='ocr_line' id='line_1_44' title="bbox 561 4279 2152 4357; baseline -0.008 -17"><span class='ocrx_word' id='word_1_310' title='bbox 561 4300 661 4357; x_wconf 90' lang='lat' dir='ltr'><strong>per</strong></span> <span class='ocrx_word' id='word_1_311' title='bbox 684 4292 1146 4339; x_wconf 87' lang='lat' dir='ltr'><strong>sacramentorum</strong></span> <span class='ocrx_word' id='word_1_312' title='bbox 1170 4279 1629 4344; x_wconf 90' lang='lat' dir='ltr'><strong>communionem,</strong></span> <span class='ocrx_word' id='word_1_313' title='bbox 1651 4290 1934 4348; x_wconf 87' lang='lat' dir='ltr'><strong>apponens</strong></span> <span class='ocrx_word' id='word_1_314' title='bbox 1956 4289 2152 4345; x_wconf 89' lang='lat' dir='ltr'><strong>panem</strong></span> 
     </span>
    </p>
   </div>
   <div class='ocr_carea' id='block_1_45' title="bbox 561 4367 2154 4448">
    <p class='ocr_par' dir='ltr' id='par_1_45' title="bbox 561 4367 2154 4448">
     <span class='ocr_line' id='line_1_45' title="bbox 561 4367 2154 4448; baseline -0.008 -16"><span class='ocrx_word' id='word_1_315' title='bbox 561 4378 630 4433; x_wconf 87' lang='lat' dir='ltr'><strong>de</strong></span> <span class='ocrx_word' id='word_1_316' title='bbox 656 4377 798 4433; x_wconf 65' lang='lat' dir='ltr'><strong>caelo</strong></span> <span class='ocrx_word' id='word_1_317' title='bbox 825 4379 969 4448; x_wconf 87' lang='lat' dir='ltr'><strong>quod</strong></span> <span class='ocrx_word' id='word_1_318' title='bbox 1000 4373 1288 4429; x_wconf 89' lang='lat' dir='ltr'><strong>confirmat</strong></span> <span class='ocrx_word' id='word_1_319' title='bbox 1319 4369 1495 4444; x_wconf 87' lang='lat' dir='ltr'><strong>(Psal.</strong></span> <span class='ocrx_word' id='word_1_320' title='bbox 1523 4371 1674 4438; x_wconf 85' lang='lat' dir='ltr'>CIII),</span> <span class='ocrx_word' id='word_1_321' title='bbox 1709 4377 1762 4423; x_wconf 93' lang='lat' dir='ltr'><strong>et</strong></span> <span class='ocrx_word' id='word_1_322' title='bbox 1790 4368 1977 4422; x_wconf 90' lang='lat' dir='ltr'><strong>vinum</strong></span> <span class='ocrx_word' id='word_1_323' title='bbox 2008 4367 2154 4436; x_wconf 93' lang='lat' dir='ltr'><strong>quod</strong></span> 
     </span>
    </p>
   </div>
   <div class='ocr_carea' id='block_1_46' title="bbox 564 4461 2156 4538">
    <p class='ocr_par' dir='ltr' id='par_1_46' title="bbox 564 4461 2156 4538">
     <span class='ocr_line' id='line_1_46' title="bbox 564 4461 2156 4538; baseline -0.006 -14"><span class='ocrx_word' id='word_1_324' title='bbox 564 4469 805 4526; x_wconf 73' lang='lat' dir='ltr'><strong>laetificat</strong></span> <span class='ocrx_word' id='word_1_325' title='bbox 848 4485 945 4525; x_wconf 90' lang='lat' dir='ltr'><strong>cor</strong></span> <span class='ocrx_word' id='word_1_326' title='bbox 981 4467 1216 4524; x_wconf 90' lang='lat' dir='ltr'><strong>hominis</strong></span> <span class='ocrx_word' id='word_1_327' title='bbox 1258 4463 1473 4538; x_wconf 82' lang='lat' dir='ltr'><strong>(Ibid.).</strong></span> <span class='ocrx_word' id='word_1_328' title='bbox 1510 4463 1805 4532; x_wconf 87' lang='lat' dir='ltr'><strong>Apponens</strong></span> <span class='ocrx_word' id='word_1_329' title='bbox 1847 4461 2011 4515; x_wconf 88' lang='lat' dir='ltr'><strong>etiam</strong></span> <span class='ocrx_word' id='word_1_330' title='bbox 2058 4475 2156 4530; x_wconf 93' lang='lat' dir='ltr'><strong>per</strong></span> 
     </span>
    </p>
   </div>
   <div class='ocr_carea' id='block_1_47' title="bbox 2245 555 3680 628">
    <p class='ocr_par' dir='ltr' id='par_1_47' title="bbox 2245 555 3680 628">
     <span class='ocr_line' id='line_1_47' title="bbox 2245 555 3680 628; baseline 0.003 -13"><span class='ocrx_word' id='word_1_331' title='bbox 2245 559 2551 626; x_wconf 88' lang='lat' dir='ltr'><strong>epulentur.</strong></span> <span class='ocrx_word' id='word_1_332' title='bbox 2586 557 2729 613; x_wconf 85' lang='lat' dir='ltr'><strong>Ecce</strong></span> <span class='ocrx_word' id='word_1_333' title='bbox 2759 565 2871 612; x_wconf 89' lang='lat' dir='ltr'><strong>tres</strong></span> <span class='ocrx_word' id='word_1_334' title='bbox 2901 555 3285 611; x_wconf 88' lang='lat' dir='ltr'><strong>distinctiones.</strong></span> <span class='ocrx_word' id='word_1_335' title='bbox 3312 555 3456 614; x_wconf 85' lang='lat' dir='ltr'><strong>Porro</strong></span> <span class='ocrx_word' id='word_1_336' title='bbox 3477 561 3626 622; x_wconf 79' lang='lat' dir='ltr'><strong>invitati</strong></span> <span class='ocrx_word' id='word_1_337' title='bbox 3647 582 3680 628; x_wconf 77' lang='lat' dir='ltr'><strong>et</strong></span> 
     </span>
    </p>
   </div>
   <div class='ocr_carea' id='block_1_48' title="bbox 2246 647 3683 723">
    <p class='ocr_par' dir='ltr' id='par_1_48' title="bbox 2246 647 3683 723">
     <span class='ocr_line' id='line_1_48' title="bbox 2246 647 3683 723; baseline 0.003 -17"><span class='ocrx_word' id='word_1_338' title='bbox 2246 653 2450 723; x_wconf 91' lang='lat' dir='ltr'><strong>pluries</strong></span> <span class='ocrx_word' id='word_1_339' title='bbox 2482 649 2659 704; x_wconf 90' lang='lat' dir='ltr'><strong>vocati</strong></span> <span class='ocrx_word' id='word_1_340' title='bbox 2692 656 2821 704; x_wconf 90' lang='lat' dir='ltr'><strong>sunt</strong></span> <span class='ocrx_word' id='word_1_341' title='bbox 2850 647 3056 714; x_wconf 66' lang='lat' dir='ltr'><strong>Judaei;</strong></span> <span class='ocrx_word' id='word_1_342' title='bbox 3092 662 3212 702; x_wconf 89' lang='lat' dir='ltr'><strong>nam</strong></span> <span class='ocrx_word' id='word_1_343' title='bbox 3241 648 3395 718; x_wconf 91' lang='lat' dir='ltr'><strong>primo</strong></span> <span class='ocrx_word' id='word_1_344' title='bbox 3420 650 3575 708; x_wconf 79' lang='lat' dir='ltr'><strong>imitati</strong></span> <span class='ocrx_word' id='word_1_345' title='bbox 3603 670 3683 717; x_wconf 83' lang='lat' dir='ltr'><strong>sunt</strong></span> 
     </span>
    </p>
   </div>
   <div class='ocr_carea' id='block_1_49' title="bbox 2247 740 3683 817">
    <p class='ocr_par' dir='ltr' id='par_1_49' title="bbox 2247 740 3683 817">
     <span class='ocr_line' id='line_1_49' title="bbox 2247 740 3683 817; baseline -0.005 -17"><span class='ocrx_word' id='word_1_346' title='bbox 2247 761 2344 817; x_wconf 92' lang='lat' dir='ltr'><strong>per</strong></span> <span class='ocrx_word' id='word_1_347' title='bbox 2379 743 2723 815; x_wconf 87' lang='lat' dir='ltr'><strong>patriarchas</strong></span> <span class='ocrx_word' id='word_1_348' title='bbox 2743 783 2758 808; x_wconf 96' lang='lat'><strong>,</strong></span> <span class='ocrx_word' id='word_1_349' title='bbox 2812 740 2994 796; x_wconf 87' lang='lat' dir='ltr'><strong>vocati</strong></span> <span class='ocrx_word' id='word_1_350' title='bbox 3025 750 3149 795; x_wconf 94' lang='lat' dir='ltr'><strong>sunt</strong></span> <span class='ocrx_word' id='word_1_351' title='bbox 3182 749 3349 809; x_wconf 88' lang='lat' dir='ltr'><strong>postea</strong></span> <span class='ocrx_word' id='word_1_352' title='bbox 3377 758 3454 811; x_wconf 88' lang='lat' dir='ltr'><strong>per</strong></span> <span class='ocrx_word' id='word_1_353' title='bbox 3486 749 3683 816; x_wconf 59' lang='lat' dir='ltr'><strong>prophetas</strong></span> 
     </span>
    </p>
   </div>
   <div class='ocr_carea' id='block_1_50' title="bbox 2247 833 3684 910">
    <p class='ocr_par' dir='ltr' id='par_1_50' title="bbox 2247 833 3684 910">
     <span class='ocr_line' id='line_1_50' title="bbox 2247 833 3684 910; baseline -0.001 -19"><span class='ocrx_word' id='word_1_354' title='bbox 2247 846 2303 892; x_wconf 94' lang='lat' dir='ltr'><strong>et</strong></span> <span class='ocrx_word' id='word_1_355' title='bbox 2335 835 2635 907; x_wconf 89' lang='lat' dir='ltr'><strong>apostolos,</strong></span> <span class='ocrx_word' id='word_1_356' title='bbox 2666 843 2722 889; x_wconf 91' lang='lat' dir='ltr'><strong>et</strong></span> <span class='ocrx_word' id='word_1_357' title='bbox 2755 843 2938 889; x_wconf 88' lang='lat' dir='ltr'><strong>tamen</strong></span> <span class='ocrx_word' id='word_1_358' title='bbox 2973 833 3156 887; x_wconf 89' lang='lat' dir='ltr'><strong>venire</strong></span> <span class='ocrx_word' id='word_1_359' title='bbox 3183 841 3551 902; x_wconf 85' lang='lat' dir='ltr'><strong>contempserunt</strong></span> <span class='ocrx_word' id='word_1_360' title='bbox 3573 847 3684 910; x_wconf 50' lang='lat' dir='ltr'><strong>{quin</strong></span> 
     </span>
    </p>
   </div>
   <div class='ocr_carea' id='block_1_51' title="bbox 2247 925 3688 1002">
    <p class='ocr_par' dir='ltr' id='par_1_51' title="bbox 2247 925 3688 1002">
     <span class='ocr_line' id='line_1_51' title="bbox 2247 925 3688 1002; baseline 0.003 -17"><span class='ocrx_word' id='word_1_361' title='bbox 2247 931 2428 1002; x_wconf 88' lang='lat' dir='ltr'><strong>potius</strong></span> <span class='ocrx_word' id='word_1_362' title='bbox 2462 929 2592 984; x_wconf 87' lang='lat' dir='ltr'><strong>abiit</strong></span> <span class='ocrx_word' id='word_1_363' title='bbox 2621 927 2760 982; x_wconf 87' lang='lat' dir='ltr'><strong>alius</strong></span> <span class='ocrx_word' id='word_1_364' title='bbox 2795 928 2850 981; x_wconf 89' lang='lat' dir='ltr'><strong>in</strong></span> <span class='ocrx_word' id='word_1_365' title='bbox 2883 926 3094 993; x_wconf 87' lang='lat' dir='ltr'><strong>villam,</strong></span> <span class='ocrx_word' id='word_1_366' title='bbox 3133 926 3186 979; x_wconf 87' lang='lat' dir='ltr'><strong>id</strong></span> <span class='ocrx_word' id='word_1_367' title='bbox 3224 935 3327 993; x_wconf 88' lang='lat' dir='ltr'><strong>est,</strong></span> <span class='ocrx_word' id='word_1_368' title='bbox 3357 925 3402 980; x_wconf 92' lang='lat' dir='ltr'><strong>in</strong></span> <span class='ocrx_word' id='word_1_369' title='bbox 3427 941 3602 986; x_wconf 79' lang='lat' dir='ltr'><strong>amorem</strong></span> <span class='ocrx_word' id='word_1_370' title='bbox 3624 945 3688 989; x_wconf 78' lang='lat' dir='ltr'><strong>ter-</strong></span> 
     </span>
    </p>
   </div>
   <div class='ocr_carea' id='block_1_52' title="bbox 2247 1018 3686 1094">
    <p class='ocr_par' dir='ltr' id='par_1_52' title="bbox 2247 1018 3686 1094">
     <span class='ocr_line' id='line_1_52' title="bbox 2247 1018 3686 1094; baseline 0.001 -16"><span class='ocrx_word' id='word_1_371' title='bbox 2247 1039 2396 1078; x_wconf 85' lang='lat' dir='ltr'><strong>renae</strong></span> <span class='ocrx_word' id='word_1_372' title='bbox 2421 1021 2787 1093; x_wconf 89' lang='lat' dir='ltr'><strong>possessionis</strong></span> <span class='ocrx_word' id='word_1_373' title='bbox 2811 1021 3011 1075; x_wconf 91' lang='lat' dir='ltr'><strong>timens</strong></span> <span class='ocrx_word' id='word_1_374' title='bbox 3040 1018 3286 1074; x_wconf 89' lang='lat' dir='ltr'><strong>amittere</strong></span> <span class='ocrx_word' id='word_1_375' title='bbox 3306 1019 3455 1074; x_wconf 91' lang='lat' dir='ltr'><strong>locum</strong></span> <span class='ocrx_word' id='word_1_376' title='bbox 3476 1033 3518 1076; x_wconf 89' lang='lat' dir='ltr'><strong>et</strong></span> <span class='ocrx_word' id='word_1_377' title='bbox 3534 1037 3686 1094; x_wconf 79' lang='lat' dir='ltr'><strong>gentem,</strong></span> 
     </span>
    </p>
   </div>
   <div class='ocr_carea' id='block_1_53' title="bbox 2250 1111 3689 1184">
    <p class='ocr_par' dir='ltr' id='par_1_53' title="bbox 2250 1111 3689 1184">
     <span class='ocr_line' id='line_1_53' title="bbox 2250 1111 3689 1184; baseline 0.003 -14"><span class='ocrx_word' id='word_1_378' title='bbox 2250 1116 2390 1170; x_wconf 88' lang='lat' dir='ltr'><strong>alius</strong></span> <span class='ocrx_word' id='word_1_379' title='bbox 2432 1116 2491 1168; x_wconf 87' lang='lat' dir='ltr'><strong>in</strong></span> <span class='ocrx_word' id='word_1_380' title='bbox 2520 1113 2930 1184; x_wconf 84' lang='lat' dir='ltr'><strong>negotiationem</strong></span> <span class='ocrx_word' id='word_1_381' title='bbox 2972 1129 3155 1176; x_wconf 85' lang='lat' dir='ltr'><strong>suam,</strong></span> <span class='ocrx_word' id='word_1_382' title='bbox 3192 1112 3240 1166; x_wconf 85' lang='lat' dir='ltr'><strong>itl</strong></span> <span class='ocrx_word' id='word_1_383' title='bbox 3269 1121 3362 1179; x_wconf 83' lang='lat' dir='ltr'><strong>est,</strong></span> <span class='ocrx_word' id='word_1_384' title='bbox 3389 1111 3433 1166; x_wconf 90' lang='lat' dir='ltr'><strong>in</strong></span> <span class='ocrx_word' id='word_1_385' title='bbox 3460 1114 3689 1174; x_wconf 74' lang='lat' dir='ltr'><strong>obsemtio-</strong></span> 
     </span>
    </p>
   </div>
   <div class='ocr_carea' id='block_1_54' title="bbox 2250 1207 3690 1277">
    <p class='ocr_par' dir='ltr' id='par_1_54' title="bbox 2250 1207 3690 1277">
     <span class='ocr_line' id='line_1_54' title="bbox 2250 1207 3690 1277; baseline 0.003 -15"><span class='ocrx_word' id='word_1_386' title='bbox 2250 1224 2382 1263; x_wconf 91' lang='lat' dir='ltr'><strong>num</strong></span> <span class='ocrx_word' id='word_1_387' title='bbox 2421 1222 2645 1263; x_wconf 88' lang='lat' dir='ltr'><strong>suarum</strong></span> <span class='ocrx_word' id='word_1_388' title='bbox 2697 1207 3040 1262; x_wconf 84' lang='lat' dir='ltr'><strong>taxationem</strong></span> <span class='ocrx_word' id='word_1_389' title='bbox 3077 1222 3378 1277; x_wconf 67' lang='lat' dir='ltr'><strong>prwponens</strong></span> <span class='ocrx_word' id='word_1_390' title='bbox 3411 1224 3484 1262; x_wconf 87' lang='lat' dir='ltr'><strong>eas</strong></span> <span class='ocrx_word' id='word_1_391' title='bbox 3517 1213 3690 1269; x_wconf 80' lang='lat' dir='ltr'><strong>mandatis</strong></span> 
     </span>
    </p>
   </div>
   <div class='ocr_carea' id='block_1_55' title="bbox 2249 1298 3691 1372">
    <p class='ocr_par' dir='ltr' id='par_1_55' title="bbox 2249 1298 3691 1372">
     <span class='ocr_line' id='line_1_55' title="bbox 2249 1298 3691 1372; baseline 0.004 -16"><span class='ocrx_word' id='word_1_392' title='bbox 2249 1301 2369 1358; x_wconf 90' lang='lat' dir='ltr'><strong>Dei.</strong></span> <span class='ocrx_word' id='word_1_393' title='bbox 2394 1301 2596 1358; x_wconf 90' lang='lat' dir='ltr'><strong>Contra</strong></span> <span class='ocrx_word' id='word_1_394' title='bbox 2627 1317 2764 1372; x_wconf 93' lang='lat' dir='ltr'><strong>quos</strong></span> <span class='ocrx_word' id='word_1_395' title='bbox 2801 1301 3045 1372; x_wconf 89' lang='lat' dir='ltr'><strong>loquitur</strong></span> <span class='ocrx_word' id='word_1_396' title='bbox 3074 1298 3376 1365; x_wconf 87' lang='lat' dir='ltr'><strong>Psalmista,</strong></span> <span class='ocrx_word' id='word_1_397' title='bbox 3419 1300 3611 1367; x_wconf 70' lang='lat' dir='ltr'><strong>Quoniam</strong></span> <span class='ocrx_word' id='word_1_398' title='bbox 3631 1324 3691 1362; x_wconf 71' lang='lat' dir='ltr'><strong>nos</strong></span> 
     </span>
    </p>
   </div>
   <div class='ocr_carea' id='block_1_56' title="bbox 2251 1391 3690 1466">
    <p class='ocr_par' dir='ltr' id='par_1_56' title="bbox 2251 1391 3690 1466">
     <span class='ocr_line' id='line_1_56' title="bbox 2251 1391 3690 1466; baseline 0.003 -18"><span class='ocrx_word' id='word_1_399' title='bbox 2251 1396 2488 1466; x_wconf 83' lang='lat' dir='ltr'><strong>cognovi,</strong></span> <span class='ocrx_word' id='word_1_400' title='bbox 2517 1392 2713 1464; x_wconf 87' lang='lat' dir='ltr'><strong>inquit,</strong></span> <span class='ocrx_word' id='word_1_401' title='bbox 2748 1393 3158 1465; x_wconf 84' lang='lat' dir='ltr'><strong>negotiationem</strong></span> <span class='ocrx_word' id='word_1_402' title='bbox 3183 1411 3196 1422; x_wconf 87' lang='grc'><strong>·</strong></span> <span class='ocrx_word' id='word_1_403' title='bbox 3228 1391 3305 1446; x_wconf 85' lang='lat' dir='ltr'><strong>vel</strong></span> <span class='ocrx_word' id='word_1_404' title='bbox 3337 1397 3572 1448; x_wconf 86' lang='lat' dir='ltr'><strong>secundum</strong></span> <span class='ocrx_word' id='word_1_405' title='bbox 3595 1397 3690 1452; x_wconf 79' lang='lat' dir='ltr'><strong>aliam</strong></span> 
     </span>
    </p>
   </div>
   <div class='ocr_carea' id='block_1_57' title="bbox 2251 1484 3692 1555">
    <p class='ocr_par' dir='ltr' id='par_1_57' title="bbox 2251 1484 3692 1555">
     <span class='ocr_line' id='line_1_57' title="bbox 2251 1484 3692 1555; baseline 0.003 -15"><span class='ocrx_word' id='word_1_406' title='bbox 2251 1487 2698 1551; x_wconf 88' lang='lat' dir='ltr'><strong>translationem,</strong></span> <span class='ocrx_word' id='word_1_407' title='bbox 2746 1485 3141 1550; x_wconf 87' lang='lat' dir='ltr'><strong>litteraturam,</strong></span> <span class='ocrx_word' id='word_1_408' title='bbox 3205 1484 3410 1538; x_wconf 84' lang='lat' dir='ltr'><strong>introibo</strong></span> <span class='ocrx_word' id='word_1_409' title='bbox 3450 1484 3494 1538; x_wconf 85' lang='lat' dir='ltr'><strong>in</strong></span> <span class='ocrx_word' id='word_1_410' title='bbox 3528 1491 3692 1555; x_wconf 75' lang='lat' dir='ltr'><strong>potentia</strong></span> 
     </span>
    </p>
   </div>
   <div class='ocr_carea' id='block_1_58' title="bbox 2251 1578 3692 1651">
    <p class='ocr_par' dir='ltr' id='par_1_58' title="bbox 2251 1578 3692 1651">
     <span class='ocr_line' id='line_1_58' title="bbox 2251 1578 3692 1651; baseline 0.001 -17"><span class='ocrx_word' id='word_1_411' title='bbox 2251 1579 2466 1635; x_wconf 81' lang='lat' dir='ltr'><strong>Domini</strong></span> <span class='ocrx_word' id='word_1_412' title='bbox 2497 1578 2683 1651; x_wconf 79' lang='lat' dir='ltr'><strong>(Psal.</strong></span> <span class='ocrx_word' id='word_1_413' title='bbox 2714 1595 2817 1633; x_wconf 76' lang='lat' dir='ltr'><strong>Lxx</strong></span> <span class='ocrx_word' id='word_1_414' title='bbox 2838 1579 2878 1649; x_wconf 90' lang='lat'><strong>).</strong></span> <span class='ocrx_word' id='word_1_415' title='bbox 2917 1578 3130 1648; x_wconf 63' lang='lat' dir='ltr'><strong>Reliqui</strong></span> <span class='ocrx_word' id='word_1_416' title='bbox 3166 1594 3278 1632; x_wconf 84' lang='lat' dir='ltr'><strong>vero</strong></span> <span class='ocrx_word' id='word_1_417' title='bbox 3331 1587 3554 1630; x_wconf 77' lang='lat' dir='ltr'><strong>tenuerunt</strong></span> <span class='ocrx_word' id='word_1_418' title='bbox 3590 1597 3692 1634; x_wconf 73' lang='lat' dir='ltr'><strong>terra:</strong></span> 
     </span>
    </p>
   </div>
   <div class='ocr_carea' id='block_1_59' title="bbox 2251 1671 3694 1741">
    <p class='ocr_par' dir='ltr' id='par_1_59' title="bbox 2251 1671 3694 1741">
     <span class='ocr_line' id='line_1_59' title="bbox 2251 1671 3694 1741; baseline 0.001 -17"><span class='ocrx_word' id='word_1_419' title='bbox 2251 1671 2366 1741; x_wconf 83' lang='lat' dir='ltr'><strong>ejus</strong></span> <span class='ocrx_word' id='word_1_420' title='bbox 2385 1711 2400 1738; x_wconf 93' lang='lat'><strong>,</strong></span> <span class='ocrx_word' id='word_1_421' title='bbox 2435 1671 2488 1726; x_wconf 90' lang='lat' dir='ltr'><strong>id</strong></span> <span class='ocrx_word' id='word_1_422' title='bbox 2511 1679 2613 1735; x_wconf 90' lang='lat' dir='ltr'><strong>est,</strong></span> <span class='ocrx_word' id='word_1_423' title='bbox 2661 1671 2936 1741; x_wconf 90' lang='lat' dir='ltr'><strong>apostolos</strong></span> <span class='ocrx_word' id='word_1_424' title='bbox 2962 1679 3020 1724; x_wconf 90' lang='lat' dir='ltr'><strong>et</strong></span> <span class='ocrx_word' id='word_1_425' title='bbox 3051 1683 3306 1737; x_wconf 83' lang='lat' dir='ltr'><strong>sequaces</strong></span> <span class='ocrx_word' id='word_1_426' title='bbox 3333 1683 3511 1734; x_wconf 84' lang='lat' dir='ltr'><strong>eorum,</strong></span> <span class='ocrx_word' id='word_1_427' title='bbox 3531 1678 3564 1723; x_wconf 84' lang='lat' dir='ltr'><strong>et</strong></span> <span class='ocrx_word' id='word_1_428' title='bbox 3585 1683 3694 1726; x_wconf 74' lang='lat' dir='ltr'><strong>conti-</strong></span> 
     </span>
    </p>
   </div>
   <div class='ocr_carea' id='block_1_60' title="bbox 2252 1758 3697 1834">
    <p class='ocr_par' dir='ltr' id='par_1_60' title="bbox 2252 1758 3697 1834">
     <span class='ocr_line' id='line_1_60' title="bbox 2252 1758 3697 1834; baseline 0 -18"><span class='ocrx_word' id='word_1_429' title='bbox 2252 1764 2428 1818; x_wconf 88' lang='lat' dir='ltr'><strong>melii&#39;s</strong></span> <span class='ocrx_word' id='word_1_430' title='bbox 2497 1765 2715 1834; x_wconf 72' lang='lat' dir='ltr'><strong>affectos</strong></span> <span class='ocrx_word' id='word_1_431' title='bbox 2779 1763 3121 1830; x_wconf 85' lang='lat' dir='ltr'><strong>occiderunt,</strong></span> <span class='ocrx_word' id='word_1_432' title='bbox 3179 1759 3336 1815; x_wconf 90' lang='lat' dir='ltr'><strong>alium</strong></span> <span class='ocrx_word' id='word_1_433' title='bbox 3396 1758 3623 1829; x_wconf 80' lang='lat' dir='ltr'><strong>Iapidantes</strong></span> <span class='ocrx_word' id='word_1_434' title='bbox 3664 1772 3697 1816; x_wconf 83' lang='lat' dir='ltr'><strong>ut</strong></span> 
     </span>
    </p>
   </div>
   <div class='ocr_carea' id='block_1_61' title="bbox 2179 1827 3697 1924">
    <p class='ocr_par' dir='ltr' id='par_1_61' title="bbox 2179 1827 3697 1924">
     <span class='ocr_line' id='line_1_61' title="bbox 2179 1827 3697 1924; baseline -0.003 -9"><span class='ocrx_word' id='word_1_435' title='bbox 2179 1827 2226 1888; x_wconf 73' lang='grc' dir='ltr'>Β</span> <span class='ocrx_word' id='word_1_436' title='bbox 2258 1861 2616 1922; x_wconf 85' lang='lat' dir='ltr'><strong>Stephanum,</strong></span> <span class='ocrx_word' id='word_1_437' title='bbox 2642 1859 2808 1913; x_wconf 90' lang='lat' dir='ltr'><strong>alium</strong></span> <span class='ocrx_word' id='word_1_438' title='bbox 2826 1858 3164 1914; x_wconf 83' lang='lat' dir='ltr'><strong>decollantes</strong></span> <span class='ocrx_word' id='word_1_439' title='bbox 3185 1853 3489 1909; x_wconf 84' lang='lat' dir='ltr'><strong>ntJoannem</strong></span> <span class='ocrx_word' id='word_1_440' title='bbox 3510 1854 3697 1924; x_wconf 80' lang='lat' dir='ltr'><strong>Baptistam</strong></span> 
     </span>
    </p>
   </div>
   <div class='ocr_carea' id='block_1_62' title="bbox 2256 1944 3697 2018">
    <p class='ocr_par' dir='ltr' id='par_1_62' title="bbox 2256 1944 3697 2018">
     <span class='ocr_line' id='line_1_62' title="bbox 2256 1944 3697 2018; baseline -0.006 -11"><span class='ocrx_word' id='word_1_441' title='bbox 2256 1961 2310 2008; x_wconf 87' lang='lat' dir='ltr'><strong>et</strong></span> <span class='ocrx_word' id='word_1_442' title='bbox 2329 1951 2590 2007; x_wconf 81' lang='lat' dir='ltr'><strong>Jacobum</strong></span> <span class='ocrx_word' id='word_1_443' title='bbox 2612 1950 2877 2018; x_wconf 71' lang='lat' dir='ltr'><strong>Zebedazi,</strong></span> <span class='ocrx_word' id='word_1_444' title='bbox 2902 1949 3067 2004; x_wconf 89' lang='lat' dir='ltr'><strong>alium</strong></span> <span class='ocrx_word' id='word_1_445' title='bbox 3090 1947 3466 2018; x_wconf 65' lang='lat' dir='ltr'><strong>praecipitantes</strong></span> <span class='ocrx_word' id='word_1_446' title='bbox 3477 1953 3524 1999; x_wconf 90' lang='lat' dir='ltr'><strong>ut</strong></span> <span class='ocrx_word' id='word_1_447' title='bbox 3540 1944 3697 2000; x_wconf 71' lang='lat' dir='ltr'><strong>iacebam</strong></span> 
     </span>
    </p>
   </div>
   <div class='ocr_carea' id='block_1_63' title="bbox 2255 2031 3698 2116">
    <p class='ocr_par' dir='ltr' id='par_1_63' title="bbox 2255 2031 3698 2116">
     <span class='ocr_line' id='line_1_63' title="bbox 2255 2031 3698 2116; baseline -0.01 -16"><span class='ocrx_word' id='word_1_448' title='bbox 2255 2045 2490 2116; x_wconf 84' lang='lat' dir='ltr'><strong>Alphaei,</strong></span> <span class='ocrx_word' id='word_1_449' title='bbox 2539 2051 2594 2100; x_wconf 90' lang='lat' dir='ltr'><strong>et</strong></span> <span class='ocrx_word' id='word_1_450' title='bbox 2645 2041 2978 2111; x_wconf 89' lang='lat' dir='ltr'><strong>bujusmodi.</strong></span> <span class='ocrx_word' id='word_1_451' title='bbox 3034 2031 3183 2095; x_wconf 80' lang='lat' dir='ltr'><strong>Deus</strong></span> <span class='ocrx_word' id='word_1_452' title='bbox 3227 2046 3394 2093; x_wconf 88' lang='lat' dir='ltr'><strong>autem</strong></span> <span class='ocrx_word' id='word_1_453' title='bbox 3440 2035 3564 2090; x_wconf 75' lang='lat' dir='ltr'><strong>Pater</strong></span> <span class='ocrx_word' id='word_1_454' title='bbox 3587 2039 3698 2104; x_wconf 61' lang='lat' dir='ltr'><strong>iratis,</strong></span> 
     </span>
    </p>
   </div>
   <div class='ocr_carea' id='block_1_64' title="bbox 2256 2129 3702 2204">
    <p class='ocr_par' dir='ltr' id='par_1_64' title="bbox 2256 2129 3702 2204">
     <span class='ocr_line' id='line_1_64' title="bbox 2256 2129 3702 2204; baseline -0.008 -11"><span class='ocrx_word' id='word_1_455' title='bbox 2256 2138 2437 2193; x_wconf 83' lang='lat' dir='ltr'><strong>missis</strong></span> <span class='ocrx_word' id='word_1_456' title='bbox 2492 2136 2814 2191; x_wconf 73' lang='lat' dir='ltr'><strong>exercitibus</strong></span> <span class='ocrx_word' id='word_1_457' title='bbox 2868 2135 3021 2200; x_wconf 84' lang='lat' dir='ltr'><strong>suis,</strong></span> <span class='ocrx_word' id='word_1_458' title='bbox 3081 2147 3180 2204; x_wconf 89' lang='lat' dir='ltr'><strong>per</strong></span> <span class='ocrx_word' id='word_1_459' title='bbox 3234 2129 3549 2186; x_wconf 88' lang='lat' dir='ltr'><strong>ministerium</strong></span> <span class='ocrx_word' id='word_1_460' title='bbox 3584 2129 3702 2182; x_wconf 77' lang='lat' dir='ltr'><strong>Roma-</strong></span> 
     </span>
    </p>
   </div>
   <div class='ocr_carea' id='block_1_65' title="bbox 2257 2222 3703 2298">
    <p class='ocr_par' dir='ltr' id='par_1_65' title="bbox 2257 2222 3703 2298">
     <span class='ocr_line' id='line_1_65' title="bbox 2257 2222 3703 2298; baseline -0.008 -12"><span class='ocrx_word' id='word_1_461' title='bbox 2257 2247 2486 2298; x_wconf 89' lang='lat' dir='ltr'><strong>norum,</strong></span> <span class='ocrx_word' id='word_1_462' title='bbox 2515 2229 2743 2298; x_wconf 82' lang='lat' dir='ltr'><strong>perdidit</strong></span> <span class='ocrx_word' id='word_1_463' title='bbox 2767 2227 3062 2281; x_wconf 83' lang='lat' dir='ltr'><strong>homicidas</strong></span> <span class='ocrx_word' id='word_1_464' title='bbox 3093 2225 3236 2289; x_wconf 87' lang='lat' dir='ltr'><strong>illos,</strong></span> <span class='ocrx_word' id='word_1_465' title='bbox 3267 2232 3317 2278; x_wconf 90' lang='lat' dir='ltr'><strong>et</strong></span> <span class='ocrx_word' id='word_1_466' title='bbox 3337 2224 3555 2277; x_wconf 81' lang='lat' dir='ltr'><strong>civitatem</strong></span> <span class='ocrx_word' id='word_1_467' title='bbox 3575 2222 3703 2274; x_wconf 73' lang='lat' dir='ltr'><strong>illorum</strong></span> 
     </span>
    </p>
   </div>
   <div class='ocr_carea' id='block_1_66' title="bbox 2257 2314 3703 2388">
    <p class='ocr_par' dir='ltr' id='par_1_66' title="bbox 2257 2314 3703 2388">
     <span class='ocr_line' id='line_1_66' title="bbox 2257 2314 3703 2388; baseline -0.008 -9"><span class='ocrx_word' id='word_1_468' title='bbox 2257 2323 2548 2379; x_wconf 87' lang='lat' dir='ltr'><strong>succendit.</strong></span> <span class='ocrx_word' id='word_1_469' title='bbox 2602 2322 2670 2377; x_wconf 87' lang='lat' dir='ltr'><strong>Et</strong></span> <span class='ocrx_word' id='word_1_470' title='bbox 2725 2321 2891 2376; x_wconf 89' lang='lat' dir='ltr'><strong>etiam</strong></span> <span class='ocrx_word' id='word_1_471' title='bbox 2968 2333 3065 2388; x_wconf 90' lang='lat' dir='ltr'><strong>per</strong></span> <span class='ocrx_word' id='word_1_472' title='bbox 3119 2316 3462 2372; x_wconf 86' lang='lat' dir='ltr'><strong>ministerium</strong></span> <span class='ocrx_word' id='word_1_473' title='bbox 3505 2314 3703 2383; x_wconf 77' lang='lat' dir='ltr'><strong>angelorum</strong></span> 
     </span>
    </p>
   </div>
   <div class='ocr_carea' id='block_1_67' title="bbox 2259 2409 3707 2479">
    <p class='ocr_par' dir='ltr' id='par_1_67' title="bbox 2259 2409 3707 2479">
     <span class='ocr_line' id='line_1_67' title="bbox 2259 2409 3707 2479; baseline -0.008 -5"><span class='ocrx_word' id='word_1_474' title='bbox 2259 2418 2540 2474; x_wconf 87' lang='lat' dir='ltr'><strong>damnavit</strong></span> <span class='ocrx_word' id='word_1_475' title='bbox 2566 2416 2779 2473; x_wconf 89' lang='lat' dir='ltr'><strong>animas</strong></span> <span class='ocrx_word' id='word_1_476' title='bbox 2800 2429 2990 2471; x_wconf 92' lang='lat' dir='ltr'><strong>eorum</strong></span> <span class='ocrx_word' id='word_1_477' title='bbox 3023 2422 3081 2468; x_wconf 91' lang='lat' dir='ltr'><strong>et</strong></span> <span class='ocrx_word' id='word_1_478' title='bbox 3106 2413 3395 2474; x_wconf 90' lang='lat' dir='ltr'><strong>civitatem,</strong></span> <span class='ocrx_word' id='word_1_479' title='bbox 3418 2409 3464 2465; x_wconf 83' lang='lat' dir='ltr'><strong>id</strong></span> <span class='ocrx_word' id='word_1_480' title='bbox 3486 2419 3550 2466; x_wconf 85' lang='lat' dir='ltr'><strong>est</strong></span> <span class='ocrx_word' id='word_1_481' title='bbox 3568 2423 3707 2479; x_wconf 77' lang='lat' dir='ltr'><strong>corpora</strong></span> 
     </span>
    </p>
   </div>
   <div class='ocr_carea' id='block_1_68' title="bbox 2257 2502 3708 2580">
    <p class='ocr_par' dir='ltr' id='par_1_68' title="bbox 2257 2502 3708 2580">
     <span class='ocr_line' id='line_1_68' title="bbox 2257 2502 3708 2580; baseline -0.01 -12"><span class='ocrx_word' id='word_1_482' title='bbox 2257 2527 2449 2568; x_wconf 90' lang='lat' dir='ltr'><strong>eorum</strong></span> <span class='ocrx_word' id='word_1_483' title='bbox 2526 2509 2652 2577; x_wconf 82' lang='lat' dir='ltr'><strong>igne</strong></span> <span class='ocrx_word' id='word_1_484' title='bbox 2707 2515 2968 2580; x_wconf 90' lang='lat' dir='ltr'><strong>perpetuo</strong></span> <span class='ocrx_word' id='word_1_485' title='bbox 3051 2504 3356 2561; x_wconf 90' lang='lat' dir='ltr'><strong>succendit.</strong></span> <span class='ocrx_word' id='word_1_486' title='bbox 3413 2502 3535 2556; x_wconf 81' lang='lat' dir='ltr'><strong>Multi</strong></span> <span class='ocrx_word' id='word_1_487' title='bbox 3579 2515 3708 2570; x_wconf 77' lang='lat' dir='ltr'><strong>quoque</strong></span> 
     </span>
    </p>
   </div>
   <div class='ocr_carea' id='block_1_69' title="bbox 2255 2593 3708 2665">
    <p class='ocr_par' dir='ltr' id='par_1_69' title="bbox 2255 2593 3708 2665">
     <span class='ocr_line' id='line_1_69' title="bbox 2255 2593 3708 2665; baseline -0.012 -5"><span class='ocrx_word' id='word_1_488' title='bbox 2255 2606 2439 2661; x_wconf 91' lang='lat' dir='ltr'><strong>vocati</strong></span> <span class='ocrx_word' id='word_1_489' title='bbox 2486 2610 2614 2658; x_wconf 85' lang='lat' dir='ltr'><strong>sunt</strong></span> <span class='ocrx_word' id='word_1_490' title='bbox 2642 2610 2699 2657; x_wconf 93' lang='lat' dir='ltr'><strong>et</strong></span> <span class='ocrx_word' id='word_1_491' title='bbox 2726 2599 2970 2665; x_wconf 91' lang='lat' dir='ltr'><strong>veniunt,</strong></span> <span class='ocrx_word' id='word_1_492' title='bbox 3013 2596 3113 2651; x_wconf 90' lang='lat' dir='ltr'><strong>sed</strong></span> <span class='ocrx_word' id='word_1_493' title='bbox 3164 2604 3343 2650; x_wconf 89' lang='lat' dir='ltr'><strong>tamen</strong></span> <span class='ocrx_word' id='word_1_494' title='bbox 3389 2593 3567 2661; x_wconf 88' lang='lat' dir='ltr'><strong>quidam</strong></span> <span class='ocrx_word' id='word_1_495' title='bbox 3599 2604 3708 2645; x_wconf 79' lang='lat' dir='ltr'><strong>eorum</strong></span> 
     </span>
    </p>
   </div>
   <div class='ocr_carea' id='block_1_70' title="bbox 2257 2683 3709 2766">
    <p class='ocr_par' dir='ltr' id='par_1_70' title="bbox 2257 2683 3709 2766">
     <span class='ocr_line' id='line_1_70' title="bbox 2257 2683 3709 2766; baseline -0.01 -14"><span class='ocrx_word' id='word_1_496' title='bbox 2257 2696 2570 2766; x_wconf 83' lang='lat' dir='ltr'><strong>ejiciuntur.</strong></span> <span class='ocrx_word' id='word_1_497' title='bbox 2601 2691 2666 2747; x_wconf 86' lang='lat' dir='ltr'><strong>Hi</strong></span> <span class='ocrx_word' id='word_1_498' title='bbox 2695 2701 2850 2754; x_wconf 91' lang='lat' dir='ltr'><strong>sunt,</strong></span> <span class='ocrx_word' id='word_1_499' title='bbox 2881 2691 3083 2744; x_wconf 84' lang='lat' dir='ltr'><strong>fratres</strong></span> <span class='ocrx_word' id='word_1_500' title='bbox 3113 2688 3243 2753; x_wconf 89' lang='lat' dir='ltr'><strong>mei,</strong></span> <span class='ocrx_word' id='word_1_501' title='bbox 3281 2685 3509 2756; x_wconf 73' lang='lat' dir='ltr'><strong>gentiles,</strong></span> <span class='ocrx_word' id='word_1_502' title='bbox 3531 2699 3600 2737; x_wconf 87' lang='lat' dir='ltr'><strong>nos</strong></span> <span class='ocrx_word' id='word_1_503' title='bbox 3623 2683 3709 2736; x_wconf 73' lang='lat' dir='ltr'><strong>vide-</strong></span> 
     </span>
    </p>
   </div>
   <div class='ocr_carea' id='block_1_71' title="bbox 2257 2773 3710 2856">
    <p class='ocr_par' dir='ltr' id='par_1_71' title="bbox 2257 2773 3710 2856">
     <span class='ocr_line' id='line_1_71' title="bbox 2257 2773 3710 2856; baseline -0.011 -13"><span class='ocrx_word' id='word_1_504' title='bbox 2257 2788 2408 2855; x_wconf 91' lang='lat' dir='ltr'><strong>licet,</strong></span> <span class='ocrx_word' id='word_1_505' title='bbox 2460 2788 2554 2856; x_wconf 90' lang='lat' dir='ltr'><strong>qui</strong></span> <span class='ocrx_word' id='word_1_506' title='bbox 2599 2786 2667 2842; x_wconf 85' lang='lat' dir='ltr'><strong>de</strong></span> <span class='ocrx_word' id='word_1_507' title='bbox 2699 2784 2939 2839; x_wconf 90' lang='lat' dir='ltr'><strong>exitibus</strong></span> <span class='ocrx_word' id='word_1_508' title='bbox 2974 2781 3228 2844; x_wconf 89' lang='lat' dir='ltr'><strong>viarum,</strong></span> <span class='ocrx_word' id='word_1_509' title='bbox 3282 2778 3332 2832; x_wconf 90' lang='lat' dir='ltr'><strong>id</strong></span> <span class='ocrx_word' id='word_1_510' title='bbox 3369 2786 3444 2831; x_wconf 83' lang='lat' dir='ltr'><strong>est</strong></span> <span class='ocrx_word' id='word_1_511' title='bbox 3485 2779 3537 2830; x_wconf 87' lang='lat' dir='ltr'><strong>de</strong></span> <span class='ocrx_word' id='word_1_512' title='bbox 3573 2773 3710 2829; x_wconf 69' lang='lat' dir='ltr'><strong>diversis</strong></span> 
     </span>
    </p>
   </div>
   <div class='ocr_carea' id='block_1_72' title="bbox 2243 2862 3712 2939">
    <p class='ocr_par' dir='ltr' id='par_1_72' title="bbox 2243 2862 3712 2939">
     <span class='ocr_line' id='line_1_72' title="bbox 2243 2862 3712 2939; baseline -0.014 -3"><span class='ocrx_word' id='word_1_513' title='bbox 2243 2876 2543 2936; x_wconf 63' lang='lat' dir='ltr'><strong>erroribus</strong></span> <span class='ocrx_word' id='word_1_514' title='bbox 2574 2874 2896 2932; x_wconf 73' lang='lat' dir='ltr'><strong>idololatria:</strong></span> <span class='ocrx_word' id='word_1_515' title='bbox 2938 2880 3372 2939; x_wconf 62' lang='lat' dir='ltr'><strong>cmterorumque</strong></span> <span class='ocrx_word' id='word_1_516' title='bbox 3394 2867 3596 2920; x_wconf 87' lang='lat' dir='ltr'><strong>vitiorum</strong></span> <span class='ocrx_word' id='word_1_517' title='bbox 3612 2862 3712 2917; x_wconf 72' lang='lat' dir='ltr'><strong>vocati</strong></span> 
     </span>
    </p>
   </div>
   <div class='ocr_carea' id='block_1_73' title="bbox 2257 2952 3712 3039">
    <p class='ocr_par' dir='ltr' id='par_1_73' title="bbox 2257 2952 3712 3039">
     <span class='ocr_line' id='line_1_73' title="bbox 2257 2952 3712 3039; baseline -0.015 -12"><span class='ocrx_word' id='word_1_518' title='bbox 2257 2985 2470 3036; x_wconf 87' lang='lat' dir='ltr'><strong>sumus,</strong></span> <span class='ocrx_word' id='word_1_519' title='bbox 2522 2978 2578 3024; x_wconf 89' lang='lat' dir='ltr'><strong>et</strong></span> <span class='ocrx_word' id='word_1_520' title='bbox 2612 2983 2708 3039; x_wconf 93' lang='lat' dir='ltr'><strong>per</strong></span> <span class='ocrx_word' id='word_1_521' title='bbox 2740 2966 3133 3036; x_wconf 68' lang='lat' dir='ltr'><strong>praedicatores</strong></span> <span class='ocrx_word' id='word_1_522' title='bbox 3173 2971 3285 3016; x_wconf 88' lang='lat' dir='ltr'><strong>tam</strong></span> <span class='ocrx_word' id='word_1_523' title='bbox 3324 2959 3440 3014; x_wconf 88' lang='lat' dir='ltr'><strong>boni</strong></span> <span class='ocrx_word' id='word_1_524' title='bbox 3473 2971 3596 3017; x_wconf 84' lang='lat' dir='ltr'><strong>quam</strong></span> <span class='ocrx_word' id='word_1_525' title='bbox 3629 2952 3712 3017; x_wconf 78' lang='lat' dir='ltr'><strong>nuli,</strong></span> 
     </span>
    </p>
   </div>
   <div class='ocr_carea' id='block_1_74' title="bbox 2259 3045 3713 3128">
    <p class='ocr_par' dir='ltr' id='par_1_74' title="bbox 2259 3045 3713 3128">
     <span class='ocr_line' id='line_1_74' title="bbox 2259 3045 3713 3128; baseline -0.014 -10"><span class='ocrx_word' id='word_1_526' title='bbox 2259 3059 2540 3118; x_wconf 87' lang='lat' dir='ltr'><strong>convocati</strong></span> <span class='ocrx_word' id='word_1_527' title='bbox 2597 3060 2665 3113; x_wconf 91' lang='lat' dir='ltr'><strong>ad</strong></span> <span class='ocrx_word' id='word_1_528' title='bbox 2720 3057 2938 3128; x_wconf 90' lang='lat' dir='ltr'><strong>nuptias</strong></span> <span class='ocrx_word' id='word_1_529' title='bbox 3010 3054 3220 3110; x_wconf 90' lang='lat' dir='ltr'><strong>Christi</strong></span> <span class='ocrx_word' id='word_1_530' title='bbox 3276 3052 3596 3108; x_wconf 71' lang='lat' dir='ltr'><strong>convenimus.</strong></span> <span class='ocrx_word' id='word_1_531' title='bbox 3629 3045 3713 3101; x_wconf 68' lang='lat' dir='ltr'><strong>[nde</strong></span> 
     </span>
    </p>
   </div>
   <div class='ocr_carea' id='block_1_75' title="bbox 2258 3138 3714 3218">
    <p class='ocr_par' dir='ltr' id='par_1_75' title="bbox 2258 3138 3714 3218">
     <span class='ocr_line' id='line_1_75' title="bbox 2258 3138 3714 3218; baseline -0.014 -8"><span class='ocrx_word' id='word_1_532' title='bbox 2258 3153 2542 3210; x_wconf 82' lang='lat' dir='ltr'><strong>Psalmista</strong></span> <span class='ocrx_word' id='word_1_533' title='bbox 2566 3192 2581 3218; x_wconf 93' lang='lat'><strong>,</strong></span> <span class='ocrx_word' id='word_1_534' title='bbox 2611 3149 2959 3213; x_wconf 81' lang='lat' dir='ltr'><strong>Annuntiavt&#39;,</strong></span> <span class='ocrx_word' id='word_1_535' title='bbox 2989 3145 3196 3217; x_wconf 85' lang='lat' dir='ltr'><strong>inquit,</strong></span> <span class='ocrx_word' id='word_1_536' title='bbox 3227 3154 3277 3199; x_wconf 88' lang='lat' dir='ltr'><strong>et</strong></span> <span class='ocrx_word' id='word_1_537' title='bbox 3311 3145 3498 3197; x_wconf 86' lang='lat' dir='ltr'><strong>locutus</strong></span> <span class='ocrx_word' id='word_1_538' title='bbox 3522 3138 3714 3204; x_wconf 72' lang='lat' dir='ltr'><strong>sunt,an</strong></span> 
     </span>
    </p>
   </div>
   <div class='ocr_carea' id='block_1_76' title="bbox 2257 3231 3718 3316">
    <p class='ocr_par' dir='ltr' id='par_1_76' title="bbox 2257 3231 3718 3316">
     <span class='ocr_line' id='line_1_76' title="bbox 2257 3231 3718 3316; baseline -0.014 -16"><span class='ocrx_word' id='word_1_539' title='bbox 2257 3245 2478 3316; x_wconf 75' lang='lat' dir='ltr'><strong>tiplicati</strong></span> <span class='ocrx_word' id='word_1_540' title='bbox 2521 3251 2647 3298; x_wconf 86' lang='lat' dir='ltr'><strong>sunt</strong></span> <span class='ocrx_word' id='word_1_541' title='bbox 2690 3258 2849 3312; x_wconf 86' lang='lat' dir='ltr'><strong>super</strong></span> <span class='ocrx_word' id='word_1_542' title='bbox 2899 3254 3183 3293; x_wconf 79' lang='lat' dir='ltr'><strong>numerum</strong></span> <span class='ocrx_word' id='word_1_543' title='bbox 3229 3235 3400 3305; x_wconf 86' lang='lat' dir='ltr'><strong>(Psal.</strong></span> <span class='ocrx_word' id='word_1_544' title='bbox 3442 3237 3606 3301; x_wconf 76' lang='lat' dir='ltr'><strong>nm).</strong></span> <span class='ocrx_word' id='word_1_545' title='bbox 3632 3231 3718 3286; x_wconf 73' lang='lat' dir='ltr'><strong>Sicut</strong></span> 
     </span>
    </p>
   </div>
   <div class='ocr_carea' id='block_1_77' title="bbox 2258 3337 3718 3406">
    <p class='ocr_par' dir='ltr' id='par_1_77' title="bbox 2258 3337 3718 3406">
     <span class='ocr_line' id='line_1_77' title="bbox 2258 3337 3718 3406; baseline -0.013 -11"><span class='ocrx_word' id='word_1_546' title='bbox 2258 3340 2404 3396; x_wconf 90' lang='lat' dir='ltr'><strong>enim</strong></span> <span class='ocrx_word' id='word_1_547' title='bbox 2475 3338 2528 3393; x_wconf 88' lang='lat' dir='ltr'><strong>in</strong></span> <span class='ocrx_word' id='word_1_548' title='bbox 2575 3351 2735 3403; x_wconf 89' lang='lat' dir='ltr'><strong>area,</strong></span> <span class='ocrx_word' id='word_1_549' title='bbox 2779 3349 2943 3406; x_wconf 88' lang='lat' dir='ltr'><strong>super</strong></span> <span class='ocrx_word' id='word_1_550' title='bbox 2995 3346 3290 3386; x_wconf 89' lang='lat' dir='ltr'><strong>numerum</strong></span> <span class='ocrx_word' id='word_1_551' title='bbox 3345 3342 3590 3400; x_wconf 86' lang='lat' dir='ltr'><strong>granorum</strong></span> <span class='ocrx_word' id='word_1_552' title='bbox 3625 3337 3718 3392; x_wconf 56' lang='lat' dir='ltr'><strong>super</strong></span> 
     </span>
    </p>
   </div>
   <div class='ocr_carea' id='block_1_78' title="bbox 2257 3427 3722 3504">
    <p class='ocr_par' dir='ltr' id='par_1_78' title="bbox 2257 3427 3722 3504">
     <span class='ocr_line' id='line_1_78' title="bbox 2257 3427 3722 3504; baseline -0.016 -6"><span class='ocrx_word' id='word_1_553' title='bbox 2257 3438 2528 3498; x_wconf 79' lang='lat' dir='ltr'><strong>excrescit</strong></span> <span class='ocrx_word' id='word_1_554' title='bbox 2554 3450 2815 3492; x_wconf 91' lang='lat' dir='ltr'><strong>numerus</strong></span> <span class='ocrx_word' id='word_1_555' title='bbox 2846 3432 3165 3504; x_wconf 88' lang='lat' dir='ltr'><strong>palearum;</strong></span> <span class='ocrx_word' id='word_1_556' title='bbox 3208 3430 3283 3484; x_wconf 85' lang='lat' dir='ltr'><strong>ita</strong></span> <span class='ocrx_word' id='word_1_557' title='bbox 3313 3429 3364 3484; x_wconf 91' lang='lat' dir='ltr'><strong>in</strong></span> <span class='ocrx_word' id='word_1_558' title='bbox 3388 3427 3609 3489; x_wconf 83' lang='lat' dir='ltr'><strong>Ecclesia,</strong></span> <span class='ocrx_word' id='word_1_559' title='bbox 3629 3436 3722 3492; x_wconf 78' lang='lat' dir='ltr'><strong>supra</strong></span> 
     </span>
    </p>
   </div>
   <div class='ocr_carea' id='block_1_79' title="bbox 2258 3519 3809 3596">
    <p class='ocr_par' dir='ltr' id='par_1_79' title="bbox 2258 3519 3809 3596">
     <span class='ocr_line' id='line_1_79' title="bbox 2258 3519 3809 3596; baseline -0.014 -5"><span class='ocrx_word' id='word_1_560' title='bbox 2258 3548 2544 3592; x_wconf 89' lang='lat' dir='ltr'><strong>numerum</strong></span> <span class='ocrx_word' id='word_1_561' title='bbox 2568 3530 2864 3586; x_wconf 89' lang='lat' dir='ltr'><strong>electorum</strong></span> <span class='ocrx_word' id='word_1_562' title='bbox 2889 3541 3053 3596; x_wconf 88' lang='lat' dir='ltr'><strong>super</strong></span> <span class='ocrx_word' id='word_1_563' title='bbox 3079 3522 3354 3580; x_wconf 79' lang='lat' dir='ltr'><strong>excrescit</strong></span> <span class='ocrx_word' id='word_1_564' title='bbox 3378 3535 3594 3575; x_wconf 84' lang='lat' dir='ltr'><strong>numerus</strong></span> <span class='ocrx_word' id='word_1_565' title='bbox 3612 3531 3724 3585; x_wconf 78' lang='lat' dir='ltr'><strong>repro-</strong></span> <span class='ocrx_word' id='word_1_566' title='bbox 3808 3519 3809 3570; x_wconf 61' lang='grc' dir='ltr'><strong>ἒ</strong></span> 
     </span>
    </p>
   </div>
   <div class='ocr_carea' id='block_1_80' title="bbox 2256 3615 3722 3692">
    <p class='ocr_par' dir='ltr' id='par_1_80' title="bbox 2256 3615 3722 3692">
     <span class='ocr_line' id='line_1_80' title="bbox 2256 3615 3722 3692; baseline -0.017 -2"><span class='ocrx_word' id='word_1_567' title='bbox 2256 3635 2472 3690; x_wconf 84' lang='lat' dir='ltr'><strong>borum.</strong></span> <span class='ocrx_word' id='word_1_568' title='bbox 2500 3632 2552 3686; x_wconf 89' lang='lat' dir='ltr'><strong>in</strong></span> <span class='ocrx_word' id='word_1_569' title='bbox 2585 3629 2825 3684; x_wconf 81' lang='lat' dir='ltr'><strong>Ecclesia</strong></span> <span class='ocrx_word' id='word_1_570' title='bbox 2853 3670 2866 3692; x_wconf 88' lang='lat'><strong>,</strong></span> <span class='ocrx_word' id='word_1_571' title='bbox 2900 3639 3132 3681; x_wconf 90' lang='lat' dir='ltr'><strong>numero</strong></span> <span class='ocrx_word' id='word_1_572' title='bbox 3153 3665 3168 3690; x_wconf 95' lang='lat'><strong>,</strong></span> <span class='ocrx_word' id='word_1_573' title='bbox 3199 3638 3308 3679; x_wconf 89' lang='lat' dir='ltr'><strong>non</strong></span> <span class='ocrx_word' id='word_1_574' title='bbox 3341 3619 3531 3684; x_wconf 88' lang='lat' dir='ltr'><strong>merito,</strong></span> <span class='ocrx_word' id='word_1_575' title='bbox 3567 3615 3722 3673; x_wconf 80' lang='lat' dir='ltr'><strong>nomine.</strong></span> 
     </span>
    </p>
   </div>
   <div class='ocr_carea' id='block_1_81' title="bbox 2257 3703 3721 3787">
    <p class='ocr_par' dir='ltr' id='par_1_81' title="bbox 2257 3703 3721 3787">
     <span class='ocr_line' id='line_1_81' title="bbox 2257 3703 3721 3787; baseline -0.017 -3"><span class='ocrx_word' id='word_1_576' title='bbox 2257 3745 2365 3785; x_wconf 87' lang='lat' dir='ltr'><strong>non</strong></span> <span class='ocrx_word' id='word_1_577' title='bbox 2395 3726 2618 3782; x_wconf 88' lang='lat' dir='ltr'><strong>numine</strong></span> <span class='ocrx_word' id='word_1_578' title='bbox 2643 3730 3050 3779; x_wconf 86' lang='lat' dir='ltr'><strong>contentorum.</strong></span> <span class='ocrx_word' id='word_1_579' title='bbox 3078 3717 3361 3787; x_wconf 81' lang='lat' dir='ltr'><strong>Nusquam</strong></span> <span class='ocrx_word' id='word_1_580' title='bbox 3385 3712 3554 3783; x_wconf 87' lang='lat' dir='ltr'><strong>quippe</strong></span> <span class='ocrx_word' id='word_1_581' title='bbox 3567 3703 3721 3763; x_wconf 68' lang='lat' dir='ltr'><strong>bonisnli</strong></span> 
     </span>
    </p>
   </div>
   <div class='ocr_carea' id='block_1_82' title="bbox 2261 3795 3722 3881">
    <p class='ocr_par' dir='ltr' id='par_1_82' title="bbox 2261 3795 3722 3881">
     <span class='ocr_line' id='line_1_82' title="bbox 2261 3795 3722 3881; baseline -0.014 -8"><span class='ocrx_word' id='word_1_582' title='bbox 2261 3828 2408 3881; x_wconf 89' lang='lat' dir='ltr'><strong>sunt,</strong></span> <span class='ocrx_word' id='word_1_583' title='bbox 2437 3816 2542 3872; x_wconf 92' lang='lat' dir='ltr'><strong>nisi</strong></span> <span class='ocrx_word' id='word_1_584' title='bbox 2573 3815 2627 3870; x_wconf 90' lang='lat' dir='ltr'><strong>in</strong></span> <span class='ocrx_word' id='word_1_585' title='bbox 2659 3813 2798 3869; x_wconf 65' lang='lat' dir='ltr'><strong>caalo</strong></span> <span class='ocrx_word' id='word_1_586' title='bbox 2829 3829 2842 3865; x_wconf 90' lang='lat'><strong>:</strong></span> <span class='ocrx_word' id='word_1_587' title='bbox 2877 3820 2933 3866; x_wconf 91' lang='lat' dir='ltr'><strong>et</strong></span> <span class='ocrx_word' id='word_1_588' title='bbox 2976 3823 3257 3880; x_wconf 86' lang='lat' dir='ltr'><strong>nusquam</strong></span> <span class='ocrx_word' id='word_1_589' title='bbox 3287 3806 3410 3862; x_wconf 85' lang='lat' dir='ltr'><strong>mati</strong></span> <span class='ocrx_word' id='word_1_590' title='bbox 3436 3803 3520 3858; x_wconf 90' lang='lat' dir='ltr'><strong>soli</strong></span> <span class='ocrx_word' id='word_1_591' title='bbox 3541 3810 3646 3863; x_wconf 86' lang='lat' dir='ltr'><strong>sunt,</strong></span> <span class='ocrx_word' id='word_1_592' title='bbox 3669 3795 3722 3848; x_wconf 53' lang='lat' dir='ltr'><strong>niti</strong></span> 
     </span>
    </p>
   </div>
   <div class='ocr_carea' id='block_1_83' title="bbox 2260 3887 3722 3966">
    <p class='ocr_par' dir='ltr' id='par_1_83' title="bbox 2260 3887 3722 3966">
     <span class='ocr_line' id='line_1_83' title="bbox 2260 3887 3722 3966; baseline -0.021 -1"><span class='ocrx_word' id='word_1_593' title='bbox 2260 3911 2314 3966; x_wconf 89' lang='lat' dir='ltr'><strong>in</strong></span> <span class='ocrx_word' id='word_1_594' title='bbox 2345 3909 2575 3964; x_wconf 87' lang='lat' dir='ltr'><strong>inferno.</strong></span> <span class='ocrx_word' id='word_1_595' title='bbox 2597 3905 2653 3960; x_wconf 92' lang='lat' dir='ltr'><strong>In</strong></span> <span class='ocrx_word' id='word_1_596' title='bbox 2684 3903 2886 3958; x_wconf 90' lang='lat' dir='ltr'><strong>mundo</strong></span> <span class='ocrx_word' id='word_1_597' title='bbox 2915 3916 3046 3956; x_wconf 86' lang='lat' dir='ltr'><strong>vero</strong></span> <span class='ocrx_word' id='word_1_598' title='bbox 3067 3900 3243 3955; x_wconf 87' lang='lat' dir='ltr'><strong>voluit</strong></span> <span class='ocrx_word' id='word_1_599' title='bbox 3267 3897 3508 3952; x_wconf 89' lang='lat' dir='ltr'><strong>Dominus</strong></span> <span class='ocrx_word' id='word_1_600' title='bbox 3527 3887 3722 3960; x_wconf 73' lang='lat' dir='ltr'><strong>perutisnn</strong></span> 
     </span>
    </p>
   </div>
   <div class='ocr_carea' id='block_1_84' title="bbox 2258 3978 3724 4066">
    <p class='ocr_par' dir='ltr' id='par_1_84' title="bbox 2258 3978 3724 4066">
     <span class='ocr_line' id='line_1_84' title="bbox 2258 3978 3724 4066; baseline -0.022 -5"><span class='ocrx_word' id='word_1_601' title='bbox 2258 4020 2380 4060; x_wconf 89' lang='lat' dir='ltr'><strong>esse</strong></span> <span class='ocrx_word' id='word_1_602' title='bbox 2409 4005 2581 4058; x_wconf 91' lang='lat' dir='ltr'><strong>bonos</strong></span> <span class='ocrx_word' id='word_1_603' title='bbox 2610 4008 2666 4054; x_wconf 92' lang='lat' dir='ltr'><strong>et</strong></span> <span class='ocrx_word' id='word_1_604' title='bbox 2696 3996 2866 4052; x_wconf 89' lang='lat' dir='ltr'><strong>malos</strong></span> <span class='ocrx_word' id='word_1_605' title='bbox 2901 3994 3098 4066; x_wconf 92' lang='lat' dir='ltr'><strong>triplici</strong></span> <span class='ocrx_word' id='word_1_606' title='bbox 3128 3993 3346 4048; x_wconf 85' lang='lat' dir='ltr'><strong>ratione</strong></span> <span class='ocrx_word' id='word_1_607' title='bbox 3371 4009 3383 4045; x_wconf 88' lang='lat'>:</span> <span class='ocrx_word' id='word_1_608' title='bbox 3415 3987 3626 4059; x_wconf 85' lang='lat' dir='ltr'><strong>quoniam</strong></span> <span class='ocrx_word' id='word_1_609' title='bbox 3654 3978 3724 4033; x_wconf 71' lang='lat' dir='ltr'><strong>mali</strong></span> 
     </span>
    </p>
   </div>
   <div class='ocr_carea' id='block_1_85' title="bbox 2257 4077 3726 4160">
    <p class='ocr_par' dir='ltr' id='par_1_85' title="bbox 2257 4077 3726 4160">
     <span class='ocr_line' id='line_1_85' title="bbox 2257 4077 3726 4160; baseline -0.016 -7"><span class='ocrx_word' id='word_1_610' title='bbox 2257 4107 2383 4153; x_wconf 90' lang='lat' dir='ltr'><strong>sunt</strong></span> <span class='ocrx_word' id='word_1_611' title='bbox 2414 4110 2537 4151; x_wconf 93' lang='lat' dir='ltr'><strong>cum</strong></span> <span class='ocrx_word' id='word_1_612' title='bbox 2570 4092 2732 4148; x_wconf 91' lang='lat' dir='ltr'><strong>bonis</strong></span> <span class='ocrx_word' id='word_1_613' title='bbox 2763 4089 2831 4144; x_wconf 89' lang='lat' dir='ltr'><strong>ad</strong></span> <span class='ocrx_word' id='word_1_614' title='bbox 2862 4088 3282 4160; x_wconf 77' lang='lat' dir='ltr'><strong>purgationem,</strong></span> <span class='ocrx_word' id='word_1_615' title='bbox 3324 4085 3389 4137; x_wconf 89' lang='lat' dir='ltr'><strong>ad</strong></span> <span class='ocrx_word' id='word_1_616' title='bbox 3424 4077 3726 4152; x_wconf 76' lang='lat' dir='ltr'><strong>probationem.</strong></span> 
     </span>
    </p>
   </div>
   <div class='ocr_carea' id='block_1_86' title="bbox 2257 4166 3727 4249">
    <p class='ocr_par' dir='ltr' id='par_1_86' title="bbox 2257 4166 3727 4249">
     <span class='ocr_line' id='line_1_86' title="bbox 2257 4166 3727 4249; baseline -0.02 -4"><span class='ocrx_word' id='word_1_617' title='bbox 2257 4190 2328 4245; x_wconf 90' lang='lat' dir='ltr'><strong>ad</strong></span> <span class='ocrx_word' id='word_1_618' title='bbox 2358 4183 2870 4242; x_wconf 87' lang='lat' dir='ltr'><strong>manifestationem.</strong></span> <span class='ocrx_word' id='word_1_619' title='bbox 2900 4180 2980 4234; x_wconf 88' lang='lat' dir='ltr'><strong>Ex</strong></span> <span class='ocrx_word' id='word_1_620' title='bbox 3005 4177 3392 4249; x_wconf 89' lang='lat' dir='ltr'><strong>persecutione</strong></span> <span class='ocrx_word' id='word_1_621' title='bbox 3414 4172 3540 4230; x_wconf 92' lang='lat' dir='ltr'><strong>enim</strong></span> <span class='ocrx_word' id='word_1_622' title='bbox 3559 4166 3727 4224; x_wconf 81' lang='lat' dir='ltr'><strong>malorum</strong></span> 
     </span>
    </p>
   </div>
   <div class='ocr_carea' id='block_1_87' title="bbox 2257 4264 3809 4349">
    <p class='ocr_par' dir='ltr' id='par_1_87' title="bbox 2257 4264 3809 4349">
     <span class='ocr_line' id='line_1_87' title="bbox 2257 4264 3809 4349; baseline -0.02 -13"><span class='ocrx_word' id='word_1_623' title='bbox 2257 4281 2386 4336; x_wconf 88' lang='lat' dir='ltr'><strong>boni</strong></span> <span class='ocrx_word' id='word_1_624' title='bbox 2438 4282 2743 4349; x_wconf 84' lang='lat' dir='ltr'><strong>purgantur</strong></span> <span class='ocrx_word' id='word_1_625' title='bbox 2799 4289 2829 4327; x_wconf 89' lang='lat' dir='ltr'><strong>a</strong></span> <span class='ocrx_word' id='word_1_626' title='bbox 2887 4272 3148 4342; x_wconf 89' lang='lat' dir='ltr'><strong>peccatis.</strong></span> <span class='ocrx_word' id='word_1_627' title='bbox 3205 4267 3362 4324; x_wconf 89' lang='lat' dir='ltr'><strong>Unde</strong></span> <span class='ocrx_word' id='word_1_628' title='bbox 3407 4264 3622 4332; x_wconf 86' lang='lat' dir='ltr'><strong>scriptum</strong></span> <span class='ocrx_word' id='word_1_629' title='bbox 3657 4266 3724 4308; x_wconf 74' lang='lat' dir='ltr'><strong>est;</strong></span> 
     </span>
    </p>
   </div>
   <div class='ocr_carea' id='block_1_88' title="bbox 2259 4354 3727 4442">
    <p class='ocr_par' dir='ltr' id='par_1_88' title="bbox 2259 4354 3727 4442">
     <span class='ocr_line' id='line_1_88' title="bbox 2259 4354 3727 4442; baseline -0.018 -12"><span class='ocrx_word' id='word_1_630' title='bbox 2259 4375 2413 4442; x_wconf 85' lang='lat' dir='ltr'><strong>Quod</strong></span> <span class='ocrx_word' id='word_1_631' title='bbox 2460 4373 2698 4427; x_wconf 83' lang='lat' dir='ltr'><strong>caminus</strong></span> <span class='ocrx_word' id='word_1_632' title='bbox 2751 4384 2907 4434; x_wconf 90' lang='lat' dir='ltr'><strong>auro,</strong></span> <span class='ocrx_word' id='word_1_633' title='bbox 2953 4367 3051 4420; x_wconf 84' lang='lat' dir='ltr'><strong>hoc</strong></span> <span class='ocrx_word' id='word_1_634' title='bbox 3097 4364 3307 4434; x_wconf 77' lang='lat' dir='ltr'><strong>confert</strong></span> <span class='ocrx_word' id='word_1_635' title='bbox 3364 4359 3597 4415; x_wconf 84' lang='lat' dir='ltr'><strong>tribulatio</strong></span> <span class='ocrx_word' id='word_1_636' title='bbox 3627 4354 3727 4424; x_wconf 64' lang='lat' dir='ltr'><strong>justo.</strong></span> 
     </span>
    </p>
   </div>
   <div class='ocr_carea' id='block_1_89' title="bbox 2258 4441 3726 4538">
    <p class='ocr_par' dir='ltr' id='par_1_89' title="bbox 2258 4441 3726 4538">
     <span class='ocr_line' id='line_1_89' title="bbox 2258 4441 3726 4538; baseline -0.019 -17"><span class='ocrx_word' id='word_1_637' title='bbox 2258 4467 2446 4538; x_wconf 87' lang='lat' dir='ltr'><strong>(Prov.</strong></span> <span class='ocrx_word' id='word_1_638' title='bbox 2483 4463 2646 4535; x_wconf 81' lang='lat' dir='ltr'><strong>xvu).</strong></span> <span class='ocrx_word' id='word_1_639' title='bbox 2679 4461 2759 4516; x_wconf 88' lang='lat' dir='ltr'><strong>Ex</strong></span> <span class='ocrx_word' id='word_1_640' title='bbox 2787 4459 3094 4515; x_wconf 86' lang='lat' dir='ltr'><strong>tentatione</strong></span> <span class='ocrx_word' id='word_1_641' title='bbox 3127 4472 3352 4528; x_wconf 86' lang='lat' dir='ltr'><strong>quoque</strong></span> <span class='ocrx_word' id='word_1_642' title='bbox 3387 4453 3635 4512; x_wconf 88' lang='lat' dir='ltr'><strong>malorum,</strong></span> <span class='ocrx_word' id='word_1_643' title='bbox 3653 4441 3726 4515; x_wconf 74' lang='lat' dir='ltr'><strong>justi</strong></span> 
     </span>
    </p>
   </div>
   <div class='ocr_carea' id='block_1_90' title="bbox 565 4537 3730 4636">
    <p class='ocr_par' dir='ltr' id='par_1_90' title="bbox 565 4537 3730 4636">
     <span class='ocr_line' id='line_1_90' title="bbox 565 4537 3730 4636; baseline -0.009 -16"><span class='ocrx_word' id='word_1_644' title='bbox 565 4564 936 4636; x_wconf 88' lang='lat' dir='ltr'><strong>exemplorum</strong></span> <span class='ocrx_word' id='word_1_645' title='bbox 984 4549 1451 4622; x_wconf 79' lang='lat' dir='ltr'><strong>informationem,</strong></span> <span class='ocrx_word' id='word_1_646' title='bbox 1484 4565 1702 4620; x_wconf 91' lang='lat' dir='ltr'><strong>tauros,</strong></span> <span class='ocrx_word' id='word_1_647' title='bbox 1734 4557 1785 4610; x_wconf 84' lang='lat' dir='ltr'><strong>id</strong></span> <span class='ocrx_word' id='word_1_648' title='bbox 1811 4563 1894 4609; x_wconf 86' lang='lat' dir='ltr'><strong>est</strong></span> <span class='ocrx_word' id='word_1_649' title='bbox 1933 4564 2154 4609; x_wconf 85' lang='lat' dir='ltr'><strong>sanctos</strong></span> <span class='ocrx_word' id='word_1_650' title='bbox 2179 4566 2235 4627; x_wconf 79' lang='grc' dir='ltr'><strong>ι)</strong></span> <span class='ocrx_word' id='word_1_651' title='bbox 2262 4560 2314 4615; x_wconf 80' lang='lat' dir='ltr'><strong>in</strong></span> <span class='ocrx_word' id='word_1_652' title='bbox 2344 4556 2630 4630; x_wconf 79' lang='lat' dir='ltr'><strong>patientia,</strong></span> <span class='ocrx_word' id='word_1_653' title='bbox 2660 4553 2986 4623; x_wconf 56' lang='lat' dir='ltr'><strong>exterisque</strong></span> <span class='ocrx_word' id='word_1_654' title='bbox 3013 4551 3315 4606; x_wconf 79' lang='lat' dir='ltr'><strong>virtutibus</strong></span> <span class='ocrx_word' id='word_1_655' title='bbox 3344 4546 3618 4618; x_wconf 88' lang='lat' dir='ltr'><strong>probantur.</strong></span> <span class='ocrx_word' id='word_1_656' title='bbox 3642 4537 3730 4593; x_wconf 71' lang='lat' dir='ltr'><strong>Unde</strong></span> 
     </span>
    </p>
   </div>
   <div class='ocr_carea' id='block_1_91' title="bbox 565 4645 2156 4718">
    <p class='ocr_par' dir='ltr' id='par_1_91' title="bbox 565 4645 2156 4718">
     <span class='ocr_line' id='line_1_91' title="bbox 565 4645 2156 4718; baseline -0.008 -4"><span class='ocrx_word' id='word_1_657' title='bbox 565 4659 758 4714; x_wconf 89' lang='lat' dir='ltr'><strong>Patres</strong></span> <span class='ocrx_word' id='word_1_658' title='bbox 785 4655 998 4712; x_wconf 81' lang='lat' dir='ltr'><strong>Veteris</strong></span> <span class='ocrx_word' id='word_1_659' title='bbox 1026 4651 1360 4709; x_wconf 88' lang='lat' dir='ltr'><strong>Testamenti</strong></span> <span class='ocrx_word' id='word_1_660' title='bbox 1383 4691 1397 4716; x_wconf 95' lang='lat'><strong>,</strong></span> <span class='ocrx_word' id='word_1_661' title='bbox 1429 4649 1521 4718; x_wconf 88' lang='lat' dir='ltr'><strong>qui</strong></span> <span class='ocrx_word' id='word_1_662' title='bbox 1554 4663 1723 4701; x_wconf 88' lang='lat' dir='ltr'><strong>cornu</strong></span> <span class='ocrx_word' id='word_1_663' title='bbox 1756 4647 1972 4701; x_wconf 90' lang='lat' dir='ltr'><strong>talionis</strong></span> <span class='ocrx_word' id='word_1_664' title='bbox 2014 4645 2156 4702; x_wconf 81' lang='lat' dir='ltr'><strong>refe-</strong></span> 
     </span>
    </p>
   </div>
   <div class='ocr_carea' id='block_1_92' title="bbox 570 4741 2154 4818">
    <p class='ocr_par' dir='ltr' id='par_1_92' title="bbox 570 4741 2154 4818">
     <span class='ocr_line' id='line_1_92' title="bbox 570 4741 2154 4818; baseline -0.006 -10"><span class='ocrx_word' id='word_1_665' title='bbox 570 4755 824 4818; x_wconf 90' lang='lat' dir='ltr'><strong>riehant,</strong></span> <span class='ocrx_word' id='word_1_666' title='bbox 885 4761 940 4804; x_wconf 91' lang='lat' dir='ltr'><strong>et</strong></span> <span class='ocrx_word' id='word_1_667' title='bbox 990 4749 1192 4813; x_wconf 89' lang='lat' dir='ltr'><strong>altilia,</strong></span> <span class='ocrx_word' id='word_1_668' title='bbox 1255 4748 1306 4800; x_wconf 89' lang='lat' dir='ltr'><strong>id</strong></span> <span class='ocrx_word' id='word_1_669' title='bbox 1357 4754 1439 4800; x_wconf 93' lang='lat' dir='ltr'><strong>est</strong></span> <span class='ocrx_word' id='word_1_670' title='bbox 1495 4750 1714 4798; x_wconf 90' lang='lat' dir='ltr'><strong>sanctos</strong></span> <span class='ocrx_word' id='word_1_671' title='bbox 1778 4741 1967 4798; x_wconf 88' lang='lat' dir='ltr'><strong>Patres</strong></span> <span class='ocrx_word' id='word_1_672' title='bbox 2018 4742 2154 4798; x_wconf 84' lang='lat' dir='ltr'><strong>Novi</strong></span> 
     </span>
    </p>
   </div>
   <div class='ocr_carea' id='block_1_93' title="bbox 569 4833 2154 4910">
    <p class='ocr_par' dir='ltr' id='par_1_93' title="bbox 569 4833 2154 4910">
     <span class='ocr_line' id='line_1_93' title="bbox 569 4833 2154 4910; baseline -0.009 -9"><span class='ocrx_word' id='word_1_673' title='bbox 569 4841 902 4900; x_wconf 80' lang='lat' dir='ltr'><strong>&#39;I‘cstamenti</strong></span> <span class='ocrx_word' id='word_1_674' title='bbox 921 4881 937 4906; x_wconf 95' lang='lat'><strong>,</strong></span> <span class='ocrx_word' id='word_1_675' title='bbox 959 4840 1047 4910; x_wconf 90' lang='lat' dir='ltr'><strong>qui</strong></span> <span class='ocrx_word' id='word_1_676' title='bbox 1079 4836 1408 4909; x_wconf 86' lang='lat' dir='ltr'><strong>pinguedine</strong></span> <span class='ocrx_word' id='word_1_677' title='bbox 1432 4834 1732 4906; x_wconf 87' lang='lat' dir='ltr'><strong>gratiarum</strong></span> <span class='ocrx_word' id='word_1_678' title='bbox 1759 4833 1872 4900; x_wconf 89' lang='lat' dir='ltr'><strong>alti,</strong></span> <span class='ocrx_word' id='word_1_679' title='bbox 1900 4843 1954 4888; x_wconf 91' lang='lat' dir='ltr'><strong>et</strong></span> <span class='ocrx_word' id='word_1_680' title='bbox 1977 4847 2154 4904; x_wconf 89' lang='lat' dir='ltr'><strong>penna</strong></span> 
     </span>
    </p>
   </div>
   <div class='ocr_carea' id='block_1_94' title="bbox 569 4925 2154 5004">
    <p class='ocr_par' dir='ltr' id='par_1_94' title="bbox 569 4925 2154 5004">
     <span class='ocr_line' id='line_1_94' title="bbox 569 4925 2154 5004; baseline -0.008 -13"><span class='ocrx_word' id='word_1_681' title='bbox 569 4931 1044 5004; x_wconf 90' lang='lat' dir='ltr'><strong>contemplationis</strong></span> <span class='ocrx_word' id='word_1_682' title='bbox 1104 4928 1172 4984; x_wconf 88' lang='lat' dir='ltr'><strong>ad</strong></span> <span class='ocrx_word' id='word_1_683' title='bbox 1223 4925 1422 4982; x_wconf 63' lang='lat' dir='ltr'><strong>caelum</strong></span> <span class='ocrx_word' id='word_1_684' title='bbox 1483 4925 1854 4992; x_wconf 90' lang='lat' dir='ltr'><strong>sublevantur,</strong></span> <span class='ocrx_word' id='word_1_685' title='bbox 1921 4940 2154 4996; x_wconf 92' lang='lat' dir='ltr'><strong>quorum</strong></span> 
     </span>
    </p>
   </div>
   <div class='ocr_carea' id='block_1_95' title="bbox 569 5019 2156 5091">
    <p class='ocr_par' dir='ltr' id='par_1_95' title="bbox 569 5019 2156 5091">
     <span class='ocr_line' id='line_1_95' title="bbox 569 5019 2156 5091; baseline -0.005 -10"><span class='ocrx_word' id='word_1_686' title='bbox 569 5028 819 5084; x_wconf 88' lang='lat' dir='ltr'><strong>videlicet</strong></span> <span class='ocrx_word' id='word_1_687' title='bbox 848 5021 1109 5091; x_wconf 86' lang='lat' dir='ltr'><strong>exemplis</strong></span> <span class='ocrx_word' id='word_1_688' title='bbox 1136 5029 1192 5075; x_wconf 92' lang='lat' dir='ltr'><strong>et</strong></span> <span class='ocrx_word' id='word_1_689' title='bbox 1222 5019 1406 5074; x_wconf 91' lang='lat' dir='ltr'><strong>verbis</strong></span> <span class='ocrx_word' id='word_1_690' title='bbox 1441 5029 1815 5090; x_wconf 87' lang='lat' dir='ltr'><strong>pascerentur.</strong></span> <span class='ocrx_word' id='word_1_691' title='bbox 1847 5019 2156 5090; x_wconf 87' lang='lat' dir='ltr'><strong>Apponitur</strong></span> 
     </span>
    </p>
   </div>
   <div class='ocr_carea' id='block_1_96' title="bbox 570 5108 2153 5182">
    <p class='ocr_par' dir='ltr' id='par_1_96' title="bbox 570 5108 2153 5182">
     <span class='ocr_line' id='line_1_96' title="bbox 570 5108 2153 5182; baseline -0.006 -8"><span class='ocrx_word' id='word_1_692' title='bbox 570 5128 752 5174; x_wconf 89' lang='lat' dir='ltr'><strong>autem</strong></span> <span class='ocrx_word' id='word_1_693' title='bbox 775 5117 831 5170; x_wconf 91' lang='lat' dir='ltr'><strong>in</strong></span> <span class='ocrx_word' id='word_1_694' title='bbox 855 5115 940 5168; x_wconf 90' lang='lat' dir='ltr'><strong>his</strong></span> <span class='ocrx_word' id='word_1_695' title='bbox 960 5113 1166 5182; x_wconf 89' lang='lat' dir='ltr'><strong>nuptiis</strong></span> <span class='ocrx_word' id='word_1_696' title='bbox 1183 5111 1250 5166; x_wconf 88' lang='lat' dir='ltr'><strong>ad</strong></span> <span class='ocrx_word' id='word_1_697' title='bbox 1272 5109 1591 5166; x_wconf 89' lang='lat' dir='ltr'><strong>imitandum</strong></span> <span class='ocrx_word' id='word_1_698' title='bbox 1618 5111 1926 5166; x_wconf 89' lang='lat' dir='ltr'><strong>innocentia</strong></span> <span class='ocrx_word' id='word_1_699' title='bbox 1947 5108 2153 5177; x_wconf 82' lang='lat' dir='ltr'><strong>Abelis,</strong></span> 
     </span>
    </p>
   </div>
   <div class='ocr_carea' id='block_1_97' title="bbox 565 5201 2156 5284">
    <p class='ocr_par' dir='ltr' id='par_1_97' title="bbox 565 5201 2156 5284">
     <span class='ocr_line' id='line_1_97' title="bbox 565 5201 2156 5284; baseline -0.007 -18"><span class='ocrx_word' id='word_1_700' title='bbox 565 5208 776 5284; x_wconf 85' lang='lat' dir='ltr'><strong>justitia</strong></span> <span class='ocrx_word' id='word_1_701' title='bbox 825 5205 967 5272; x_wconf 79' lang='lat' dir='ltr'><strong>Noe,</strong></span> <span class='ocrx_word' id='word_1_702' title='bbox 1022 5203 1153 5260; x_wconf 87' lang='lat' dir='ltr'><strong>tides</strong></span> <span class='ocrx_word' id='word_1_703' title='bbox 1180 5204 1414 5259; x_wconf 70' lang='lat' dir='ltr'><strong>Abrahae</strong></span> <span class='ocrx_word' id='word_1_704' title='bbox 1437 5244 1452 5270; x_wconf 94' lang='lat'><strong>,</strong></span> <span class='ocrx_word' id='word_1_705' title='bbox 1481 5203 1704 5258; x_wconf 89' lang='lat' dir='ltr'><strong>castitas</strong></span> <span class='ocrx_word' id='word_1_706' title='bbox 1729 5201 1959 5272; x_wconf 85' lang='lat' dir='ltr'><strong>Joseph,</strong></span> <span class='ocrx_word' id='word_1_707' title='bbox 2004 5201 2156 5256; x_wconf 89' lang='lat' dir='ltr'><strong>miti-</strong></span> 
     </span>
    </p>
   </div>
   <div class='ocr_carea' id='block_1_98' title="bbox 570 5293 2158 5372">
    <p class='ocr_par' dir='ltr' id='par_1_98' title="bbox 570 5293 2158 5372">
     <span class='ocr_line' id='line_1_98' title="bbox 570 5293 2158 5372; baseline -0.006 -15"><span class='ocrx_word' id='word_1_708' title='bbox 570 5303 704 5358; x_wconf 92' lang='lat' dir='ltr'><strong>tudo</strong></span> <span class='ocrx_word' id='word_1_709' title='bbox 741 5299 943 5372; x_wconf 84' lang='lat' dir='ltr'><strong>Moysi,</strong></span> <span class='ocrx_word' id='word_1_710' title='bbox 976 5296 1334 5352; x_wconf 83' lang='lat' dir='ltr'><strong>mansuetudo</strong></span> <span class='ocrx_word' id='word_1_711' title='bbox 1365 5295 1555 5361; x_wconf 90' lang='lat' dir='ltr'><strong>David,</strong></span> <span class='ocrx_word' id='word_1_712' title='bbox 1583 5294 1844 5365; x_wconf 88' lang='lat' dir='ltr'><strong>patientia</strong></span> <span class='ocrx_word' id='word_1_713' title='bbox 1875 5293 1998 5360; x_wconf 86' lang='lat' dir='ltr'><strong>Job,</strong></span> <span class='ocrx_word' id='word_1_714' title='bbox 2031 5308 2158 5363; x_wconf 91' lang='lat' dir='ltr'><strong>per-</strong></span> 
     </span>
    </p>
   </div>
   <div class='ocr_carea' id='block_1_99' title="bbox 572 5387 2159 5463">
    <p class='ocr_par' dir='ltr' id='par_1_99' title="bbox 572 5387 2159 5463">
     <span class='ocr_line' id='line_1_99' title="bbox 572 5387 2159 5463; baseline -0.003 -17"><span class='ocrx_word' id='word_1_715' title='bbox 572 5392 738 5449; x_wconf 83' lang='lat' dir='ltr'><strong>fectio</strong></span> <span class='ocrx_word' id='word_1_716' title='bbox 760 5389 1151 5463; x_wconf 90' lang='lat' dir='ltr'><strong>apostolorum,</strong></span> <span class='ocrx_word' id='word_1_717' title='bbox 1175 5388 1511 5445; x_wconf 89' lang='lat' dir='ltr'><strong>conscientia</strong></span> <span class='ocrx_word' id='word_1_718' title='bbox 1535 5396 1856 5457; x_wconf 83' lang='lat' dir='ltr'><strong>martyrum,</strong></span> <span class='ocrx_word' id='word_1_719' title='bbox 1888 5387 2159 5442; x_wconf 86' lang='lat' dir='ltr'><strong>sobrietas</strong></span> 
     </span>
    </p>
   </div>
   <div class='ocr_carea' id='block_1_100' title="bbox 571 5481 2160 5554">
    <p class='ocr_par' dir='ltr' id='par_1_100' title="bbox 571 5481 2160 5554">
     <span class='ocr_line' id='line_1_100' title="bbox 571 5481 2160 5554; baseline -0.004 -9"><span class='ocrx_word' id='word_1_720' title='bbox 571 5487 977 5554; x_wconf 89' lang='lat' dir='ltr'><strong>confessorum,</strong></span> <span class='ocrx_word' id='word_1_721' title='bbox 1033 5483 1298 5541; x_wconf 90' lang='lat' dir='ltr'><strong>munditia</strong></span> <span class='ocrx_word' id='word_1_722' title='bbox 1354 5481 1648 5553; x_wconf 85' lang='lat' dir='ltr'><strong>virginum.</strong></span> <span class='ocrx_word' id='word_1_723' title='bbox 1706 5481 1787 5537; x_wconf 86' lang='lat' dir='ltr'><strong>Ad</strong></span> <span class='ocrx_word' id='word_1_724' title='bbox 1840 5481 1941 5538; x_wconf 85' lang='lat' dir='ltr'><strong>has</strong></span> <span class='ocrx_word' id='word_1_725' title='bbox 1994 5482 2160 5552; x_wconf 84' lang='lat' dir='ltr'><strong>igitur</strong></span> 
     </span>
    </p>
   </div>
   <div class='ocr_carea' id='block_1_101' title="bbox 572 5577 2214 5654">
    <p class='ocr_par' dir='ltr' id='par_1_101' title="bbox 572 5577 2214 5654">
     <span class='ocr_line' id='line_1_101' title="bbox 572 5577 2214 5654; baseline -0.005 -13"><span class='ocrx_word' id='word_1_726' title='bbox 572 5584 790 5654; x_wconf 90' lang='lat' dir='ltr'><strong>nuptias</strong></span> <span class='ocrx_word' id='word_1_727' title='bbox 832 5590 970 5638; x_wconf 90' lang='lat' dir='ltr'><strong>teste</strong></span> <span class='ocrx_word' id='word_1_728' title='bbox 995 5579 1247 5646; x_wconf 90' lang='lat' dir='ltr'><strong>Domino,</strong></span> <span class='ocrx_word' id='word_1_729' title='bbox 1281 5577 1433 5633; x_wconf 87' lang='lat' dir='ltr'><strong>multi</strong></span> <span class='ocrx_word' id='word_1_730' title='bbox 1463 5583 1588 5631; x_wconf 88' lang='lat' dir='ltr'><strong>sunt</strong></span> <span class='ocrx_word' id='word_1_731' title='bbox 1617 5577 1819 5642; x_wconf 87' lang='lat' dir='ltr'><strong>vocati,</strong></span> <span class='ocrx_word' id='word_1_732' title='bbox 1853 5578 2010 5646; x_wconf 85' lang='lat' dir='ltr'><strong>pauci</strong></span> <span class='ocrx_word' id='word_1_733' title='bbox 2039 5593 2158 5632; x_wconf 86' lang='lat' dir='ltr'><strong>vero</strong></span> <span class='ocrx_word' id='word_1_734' title='bbox 2203 5585 2214 5595; x_wconf 84' lang='lat'><strong><em>°</em></strong></span> 
     </span>
    </p>
   </div>
   <div class='ocr_carea' id='block_1_102' title="bbox 572 5668 2162 5738">
    <p class='ocr_par' dir='ltr' id='par_1_102' title="bbox 572 5668 2162 5738">
     <span class='ocr_line' id='line_1_102' title="bbox 572 5668 2162 5738; baseline -0.003 -7"><span class='ocrx_word' id='word_1_735' title='bbox 572 5677 744 5734; x_wconf 83' lang='lat' dir='ltr'><strong>electi.</strong></span> <span class='ocrx_word' id='word_1_736' title='bbox 786 5673 922 5730; x_wconf 83' lang='lat' dir='ltr'><strong>Nam</strong></span> <span class='ocrx_word' id='word_1_737' title='bbox 962 5671 1119 5729; x_wconf 91' lang='lat' dir='ltr'><strong>multi</strong></span> <span class='ocrx_word' id='word_1_738' title='bbox 1167 5677 1297 5728; x_wconf 90' lang='lat' dir='ltr'><strong>sunt</strong></span> <span class='ocrx_word' id='word_1_739' title='bbox 1329 5668 1540 5723; x_wconf 91' lang='lat' dir='ltr'><strong>invitati</strong></span> <span class='ocrx_word' id='word_1_740' title='bbox 1588 5677 1644 5724; x_wconf 91' lang='lat' dir='ltr'><strong>et</strong></span> <span class='ocrx_word' id='word_1_741' title='bbox 1672 5681 1817 5738; x_wconf 67' lang='lat' dir='ltr'><strong>sazpe</strong></span> <span class='ocrx_word' id='word_1_742' title='bbox 1861 5668 2058 5737; x_wconf 88' lang='lat' dir='ltr'><strong>vocati,</strong></span> <span class='ocrx_word' id='word_1_743' title='bbox 2103 5676 2162 5726; x_wconf 89' lang='lat' dir='ltr'><strong>et</strong></span> 
     </span>
    </p>
   </div>
   <div class='ocr_carea' id='block_1_103' title="bbox 574 5761 2162 5833">
    <p class='ocr_par' dir='ltr' id='par_1_103' title="bbox 574 5761 2162 5833">
     <span class='ocr_line' id='line_1_103' title="bbox 574 5761 2162 5833; baseline -0.004 -9"><span class='ocrx_word' id='word_1_744' title='bbox 574 5781 758 5826; x_wconf 86' lang='lat' dir='ltr'><strong>tamen</strong></span> <span class='ocrx_word' id='word_1_745' title='bbox 795 5783 906 5824; x_wconf 88' lang='lat' dir='ltr'><strong>non</strong></span> <span class='ocrx_word' id='word_1_746' title='bbox 944 5765 1190 5822; x_wconf 90' lang='lat' dir='ltr'><strong>veniunt.</strong></span> <span class='ocrx_word' id='word_1_747' title='bbox 1240 5761 1394 5818; x_wconf 80' lang='lat' dir='ltr'><strong>Multi</strong></span> <span class='ocrx_word' id='word_1_748' title='bbox 1446 5776 1661 5833; x_wconf 91' lang='lat' dir='ltr'><strong>quoque</strong></span> <span class='ocrx_word' id='word_1_749' title='bbox 1702 5770 1829 5817; x_wconf 89' lang='lat' dir='ltr'><strong>sunt</strong></span> <span class='ocrx_word' id='word_1_750' title='bbox 1869 5763 2047 5818; x_wconf 84' lang='lat' dir='ltr'><strong>vocati</strong></span> <span class='ocrx_word' id='word_1_751' title='bbox 2104 5769 2162 5818; x_wconf 89' lang='lat' dir='ltr'><strong>et</strong></span> 
     </span>
    </p>
   </div>
   <div class='ocr_carea' id='block_1_104' title="bbox 576 5854 2158 5927">
    <p class='ocr_par' dir='ltr' id='par_1_104' title="bbox 576 5854 2158 5927">
     <span class='ocr_line' id='line_1_104' title="bbox 576 5854 2158 5927; baseline -0.003 -10"><span class='ocrx_word' id='word_1_752' title='bbox 576 5855 821 5927; x_wconf 74' lang='lat' dir='ltr'><strong>veniunt,</strong></span> <span class='ocrx_word' id='word_1_753' title='bbox 850 5859 945 5915; x_wconf 91' lang='lat' dir='ltr'><strong>sed</strong></span> <span class='ocrx_word' id='word_1_754' title='bbox 970 5866 1150 5914; x_wconf 88' lang='lat' dir='ltr'><strong>tamen</strong></span> <span class='ocrx_word' id='word_1_755' title='bbox 1176 5855 1486 5926; x_wconf 82' lang='lat' dir='ltr'><strong>ejiciuntur.</strong></span> <span class='ocrx_word' id='word_1_756' title='bbox 1522 5854 1684 5910; x_wconf 87' lang='lat' dir='ltr'><strong>Pauci</strong></span> <span class='ocrx_word' id='word_1_757' title='bbox 1725 5870 1852 5910; x_wconf 85' lang='lat' dir='ltr'><strong>vero</strong></span> <span class='ocrx_word' id='word_1_758' title='bbox 1891 5865 2013 5910; x_wconf 88' lang='lat' dir='ltr'><strong>sunt</strong></span> <span class='ocrx_word' id='word_1_759' title='bbox 2045 5871 2158 5912; x_wconf 90' lang='lat' dir='ltr'><strong>res-</strong></span> 
     </span>
    </p>
   </div>
   <div class='ocr_carea' id='block_1_105' title="bbox 2258 4636 3728 4722">
    <p class='ocr_par' dir='ltr' id='par_1_105' title="bbox 2258 4636 3728 4722">
     <span class='ocr_line' id='line_1_105' title="bbox 2258 4636 3728 4722; baseline -0.013 -14"><span class='ocrx_word' id='word_1_760' title='bbox 2258 4653 2518 4722; x_wconf 88' lang='lat' dir='ltr'><strong>scriptum</strong></span> <span class='ocrx_word' id='word_1_761' title='bbox 2565 4657 2672 4714; x_wconf 90' lang='lat' dir='ltr'><strong>est,</strong></span> <span class='ocrx_word' id='word_1_762' title='bbox 2727 4645 2927 4701; x_wconf 85' lang='lat' dir='ltr'><strong>Beatus</strong></span> <span class='ocrx_word' id='word_1_763' title='bbox 2974 4645 3054 4699; x_wconf 89' lang='lat' dir='ltr'><strong>vir</strong></span> <span class='ocrx_word' id='word_1_764' title='bbox 3099 4649 3195 4716; x_wconf 81' lang='lat' dir='ltr'><strong>qut</strong></span> <span class='ocrx_word' id='word_1_765' title='bbox 3231 4642 3418 4712; x_wconf 77' lang='lat' dir='ltr'><strong>sulfert</strong></span> <span class='ocrx_word' id='word_1_766' title='bbox 3466 4636 3728 4693; x_wconf 63' lang='lat' dir='ltr'><strong>tentatum.</strong></span> 
     </span>
    </p>
   </div>
   <div class='ocr_carea' id='block_1_106' title="bbox 2256 4729 3730 4817">
    <p class='ocr_par' dir='ltr' id='par_1_106' title="bbox 2256 4729 3730 4817">
     <span class='ocr_line' id='line_1_106' title="bbox 2256 4729 3730 4817; baseline -0.016 -17"><span class='ocrx_word' id='word_1_767' title='bbox 2256 4746 2506 4817; x_wconf 86' lang='lat' dir='ltr'><strong>quoniam</strong></span> <span class='ocrx_word' id='word_1_768' title='bbox 2554 4759 2672 4796; x_wconf 89' lang='lat' dir='ltr'><strong>cum</strong></span> <span class='ocrx_word' id='word_1_769' title='bbox 2696 4741 2944 4808; x_wconf 86' lang='lat' dir='ltr'><strong>probatus</strong></span> <span class='ocrx_word' id='word_1_770' title='bbox 2996 4738 3154 4807; x_wconf 79' lang='lat' dir='ltr'><strong>fuerit</strong></span> <span class='ocrx_word' id='word_1_771' title='bbox 3185 4736 3404 4805; x_wconf 85' lang='lat' dir='ltr'><strong>accipiet</strong></span> <span class='ocrx_word' id='word_1_772' title='bbox 3434 4746 3633 4789; x_wconf 78' lang='lat' dir='ltr'><strong>coronant</strong></span> <span class='ocrx_word' id='word_1_773' title='bbox 3665 4729 3730 4777; x_wconf 68' lang='lat' dir='ltr'><strong>nn</strong></span> 
     </span>
    </p>
   </div>
   <div class='ocr_carea' id='block_1_107' title="bbox 2261 4816 3727 4908">
    <p class='ocr_par' dir='ltr' id='par_1_107' title="bbox 2261 4816 3727 4908">
     <span class='ocr_line' id='line_1_107' title="bbox 2261 4816 3727 4908; baseline -0.012 -18"><span class='ocrx_word' id='word_1_774' title='bbox 2261 4816 2403 4908; x_wconf 84' lang='lat' dir='ltr'><strong>(Jac.</strong></span> <span class='ocrx_word' id='word_1_775' title='bbox 2449 4835 2512 4904; x_wconf 86' lang='grc' dir='ltr'><strong>ι).</strong></span> <span class='ocrx_word' id='word_1_776' title='bbox 2543 4832 2622 4888; x_wconf 90' lang='lat' dir='ltr'><strong>Ex</strong></span> <span class='ocrx_word' id='word_1_777' title='bbox 2650 4830 3062 4904; x_wconf 86' lang='lat' dir='ltr'><strong>comparatione</strong></span> <span class='ocrx_word' id='word_1_778' title='bbox 3105 4827 3403 4892; x_wconf 89' lang='lat' dir='ltr'><strong>malorum,</strong></span> <span class='ocrx_word' id='word_1_779' title='bbox 3431 4822 3640 4879; x_wconf 81' lang='lat' dir='ltr'><strong>sanctitas</strong></span> <span class='ocrx_word' id='word_1_780' title='bbox 3662 4816 3727 4884; x_wconf 44' lang='lat' dir='ltr'><strong>ius</strong></span> 
     </span>
    </p>
   </div>
   <div class='ocr_carea' id='block_1_108' title="bbox 2259 4904 3731 4989">
    <p class='ocr_par' dir='ltr' id='par_1_108' title="bbox 2259 4904 3731 4989">
     <span class='ocr_line' id='line_1_108' title="bbox 2259 4904 3731 4989; baseline -0.014 -7"><span class='ocrx_word' id='word_1_781' title='bbox 2259 4904 2437 4984; x_wconf 81' lang='lat' dir='ltr'><strong>torum</strong></span> <span class='ocrx_word' id='word_1_782' title='bbox 2459 4924 2839 4980; x_wconf 87' lang='lat' dir='ltr'><strong>manifestatur</strong></span> <span class='ocrx_word' id='word_1_783' title='bbox 2852 4921 3086 4987; x_wconf 88' lang='lat' dir='ltr'><strong>clarius;</strong></span> <span class='ocrx_word' id='word_1_784' title='bbox 3125 4921 3273 4976; x_wconf 93' lang='lat' dir='ltr'><strong>unde</strong></span> <span class='ocrx_word' id='word_1_785' title='bbox 3289 4931 3507 4989; x_wconf 88' lang='lat' dir='ltr'><strong>sponsus</strong></span> <span class='ocrx_word' id='word_1_786' title='bbox 3524 4915 3567 4969; x_wconf 89' lang='lat' dir='ltr'><strong>in</strong></span> <span class='ocrx_word' id='word_1_787' title='bbox 3582 4904 3731 4968; x_wconf 70' lang='lat' dir='ltr'><strong>Cautius</strong></span> 
     </span>
    </p>
   </div>
   <div class='ocr_carea' id='block_1_109' title="bbox 2259 5003 3809 5082">
    <p class='ocr_par' dir='ltr' id='par_1_109' title="bbox 2259 5003 3809 5082">
     <span class='ocr_line' id='line_1_109' title="bbox 2259 5003 3809 5082; baseline -0.008 -12"><span class='ocrx_word' id='word_1_788' title='bbox 2259 5016 2627 5071; x_wconf 87' lang='lat' dir='ltr'><strong>canticorum:</strong></span> <span class='ocrx_word' id='word_1_789' title='bbox 2657 5013 2814 5070; x_wconf 88' lang='lat' dir='ltr'><strong>Sicut</strong></span> <span class='ocrx_word' id='word_1_790' title='bbox 2840 5013 3013 5068; x_wconf 86' lang='lat' dir='ltr'><strong>lilium</strong></span> <span class='ocrx_word' id='word_1_791' title='bbox 3035 5014 3173 5066; x_wconf 86' lang='lat' dir='ltr'><strong>inter</strong></span> <span class='ocrx_word' id='word_1_792' title='bbox 3198 5011 3407 5082; x_wconf 80' lang='lat' dir='ltr'><strong>spinas,</strong></span> <span class='ocrx_word' id='word_1_793' title='bbox 3429 5010 3498 5063; x_wconf 85' lang='lat' dir='ltr'><strong>sic</strong></span> <span class='ocrx_word' id='word_1_794' title='bbox 3524 5003 3729 5059; x_wconf 76' lang='lat' dir='ltr'><strong>autin</strong></span> <span class='ocrx_word' id='word_1_795' title='bbox 3808 5003 3809 5078; x_wconf 64' lang='lat' dir='ltr'><strong>l</strong></span> 
     </span>
    </p>
   </div>
   <div class='ocr_carea' id='block_1_110' title="bbox 2257 5093 3562 5178">
    <p class='ocr_par' dir='ltr' id='par_1_110' title="bbox 2257 5093 3562 5178">
     <span class='ocr_line' id='line_1_110' title="bbox 2257 5093 3562 5178; baseline -0.003 -15"><span class='ocrx_word' id='word_1_796' title='bbox 2257 5108 2387 5164; x_wconf 80' lang='lat' dir='ltr'><strong>inter</strong></span> <span class='ocrx_word' id='word_1_797' title='bbox 2415 5107 2556 5178; x_wconf 76' lang='lat' dir='ltr'><strong>ﬁlias</strong></span> <span class='ocrx_word' id='word_1_798' title='bbox 2585 5105 2770 5178; x_wconf 84' lang='lat' dir='ltr'><strong>(Cant.</strong></span> <span class='ocrx_word' id='word_1_799' title='bbox 2802 5107 2888 5178; x_wconf 87' lang='lat' dir='ltr'><strong>It).</strong></span> <span class='ocrx_word' id='word_1_800' title='bbox 3558 5093 3562 5102; x_wconf 59' lang='grc'>’</span> 
     </span>
    </p>
   </div>
   <div class='ocr_carea' id='block_1_111' title="bbox 2331 5183 3728 5273">
    <p class='ocr_par' dir='ltr' id='par_1_111' title="bbox 2331 5183 3728 5273">
     <span class='ocr_line' id='line_1_111' title="bbox 2331 5183 3728 5273; baseline -0.013 -15"><span class='ocrx_word' id='word_1_801' title='bbox 2331 5203 2648 5273; x_wconf 88' lang='lat' dir='ltr'><strong>Pr0pterea,</strong></span> <span class='ocrx_word' id='word_1_802' title='bbox 2679 5200 2878 5257; x_wconf 85' lang='lat' dir='ltr'><strong>fratres</strong></span> <span class='ocrx_word' id='word_1_803' title='bbox 2911 5201 3040 5267; x_wconf 92' lang='lat' dir='ltr'><strong>mei,</strong></span> <span class='ocrx_word' id='word_1_804' title='bbox 3066 5200 3341 5271; x_wconf 89' lang='lat' dir='ltr'><strong>patienter</strong></span> <span class='ocrx_word' id='word_1_805' title='bbox 3361 5183 3728 5253; x_wconf 68' lang='lat' dir='ltr'><strong>sustinetemalos,</strong></span> 
     </span>
    </p>
   </div>
   <div class='ocr_carea' id='block_1_112' title="bbox 2261 5282 3733 5368">
    <p class='ocr_par' dir='ltr' id='par_1_112' title="bbox 2261 5282 3733 5368">
     <span class='ocr_line' id='line_1_112' title="bbox 2261 5282 3733 5368; baseline -0.015 -14"><span class='ocrx_word' id='word_1_806' title='bbox 2261 5297 2517 5368; x_wconf 88' lang='lat' dir='ltr'><strong>quoniam</strong></span> <span class='ocrx_word' id='word_1_807' title='bbox 2570 5302 2787 5366; x_wconf 89' lang='lat' dir='ltr'><strong>oportet</strong></span> <span class='ocrx_word' id='word_1_808' title='bbox 2836 5293 3014 5364; x_wconf 84' lang='lat' dir='ltr'><strong>justus</strong></span> <span class='ocrx_word' id='word_1_809' title='bbox 3078 5307 3299 5364; x_wconf 90' lang='lat' dir='ltr'><strong>semper</strong></span> <span class='ocrx_word' id='word_1_810' title='bbox 3347 5290 3533 5347; x_wconf 85' lang='lat' dir='ltr'><strong>habere</strong></span> <span class='ocrx_word' id='word_1_811' title='bbox 3579 5282 3672 5340; x_wconf 76' lang='lat' dir='ltr'><strong>Cain</strong></span> <span class='ocrx_word' id='word_1_812' title='bbox 3703 5283 3733 5330; x_wconf 82' lang='lat' dir='ltr'><strong>et</strong></span> 
     </span>
    </p>
   </div>
   <div class='ocr_carea' id='block_1_113' title="bbox 2261 5382 3731 5458">
    <p class='ocr_par' dir='ltr' id='par_1_113' title="bbox 2261 5382 3731 5458">
     <span class='ocr_line' id='line_1_113' title="bbox 2261 5382 3731 5458; baseline -0.001 -15"><span class='ocrx_word' id='word_1_813' title='bbox 2261 5403 2427 5443; x_wconf 92' lang='lat' dir='ltr'><strong>unum</strong></span> <span class='ocrx_word' id='word_1_814' title='bbox 2484 5385 2703 5442; x_wconf 83' lang='lat' dir='ltr'><strong>Judam.</strong></span> <span class='ocrx_word' id='word_1_815' title='bbox 2736 5386 2870 5442; x_wconf 83' lang='lat' dir='ltr'><strong>Abel</strong></span> <span class='ocrx_word' id='word_1_816' title='bbox 2909 5386 3110 5458; x_wconf 90' lang='lat' dir='ltr'><strong>quippe</strong></span> <span class='ocrx_word' id='word_1_817' title='bbox 3156 5400 3278 5443; x_wconf 88' lang='lat' dir='ltr'><strong>esse</strong></span> <span class='ocrx_word' id='word_1_818' title='bbox 3321 5399 3425 5440; x_wconf 89' lang='lat' dir='ltr'><strong>non</strong></span> <span class='ocrx_word' id='word_1_819' title='bbox 3451 5386 3602 5453; x_wconf 74' lang='lat' dir='ltr'><strong>potest</strong></span> <span class='ocrx_word' id='word_1_820' title='bbox 3635 5382 3731 5441; x_wconf 49' lang='lat' dir='ltr'><strong>illi“</strong></span> 
     </span>
    </p>
   </div>
   <div class='ocr_carea' id='block_1_114' title="bbox 2262 5479 3044 5538">
    <p class='ocr_par' dir='ltr' id='par_1_114' title="bbox 2262 5479 3044 5538">
     <span class='ocr_line' id='line_1_114' title="bbox 2262 5479 3044 5538; baseline -0.005 0"><span class='ocrx_word' id='word_1_821' title='bbox 2262 5480 2471 5538; x_wconf 86' lang='lat' dir='ltr'><strong>malitia</strong></span> <span class='ocrx_word' id='word_1_822' title='bbox 2501 5479 2636 5536; x_wconf 89' lang='lat' dir='ltr'><strong>Cain</strong></span> <span class='ocrx_word' id='word_1_823' title='bbox 2664 5495 2771 5536; x_wconf 91' lang='lat' dir='ltr'><strong>non</strong></span> <span class='ocrx_word' id='word_1_824' title='bbox 2801 5487 3044 5536; x_wconf 90' lang='lat' dir='ltr'><strong>exercet.</strong></span> 
     </span>
    </p>
   </div>
   <div class='ocr_carea' id='block_1_115' title="bbox 2333 5562 3729 5644">
    <p class='ocr_par' dir='ltr' id='par_1_115' title="bbox 2333 5562 3729 5644">
     <span class='ocr_line' id='line_1_115' title="bbox 2333 5562 3729 5644; baseline -0.009 -17"><span class='ocrx_word' id='word_1_825' title='bbox 2333 5572 2563 5628; x_wconf 86' lang='lat' dir='ltr'><strong>Intravit</strong></span> <span class='ocrx_word' id='word_1_826' title='bbox 2585 5581 2785 5640; x_wconf 87' lang='lat' dir='ltr'><strong>autem,</strong></span> <span class='ocrx_word' id='word_1_827' title='bbox 2807 5573 3004 5644; x_wconf 89' lang='lat' dir='ltr'><strong>inquit,</strong></span> <span class='ocrx_word' id='word_1_828' title='bbox 3037 5589 3132 5630; x_wconf 76' lang='lat' dir='ltr'><strong>rex</strong></span> <span class='ocrx_word' id='word_1_829' title='bbox 3148 5581 3205 5628; x_wconf 88' lang='lat' dir='ltr'><strong>ut</strong></span> <span class='ocrx_word' id='word_1_830' title='bbox 3225 5572 3421 5628; x_wconf 85' lang='lat' dir='ltr'><strong>videret</strong></span> <span class='ocrx_word' id='word_1_831' title='bbox 3435 5562 3729 5624; x_wconf 60' lang='lat' dir='ltr'><strong>discentium-</strong></span> 
     </span>
    </p>
   </div>
   <div class='ocr_carea' id='block_1_116' title="bbox 2262 5649 3732 5736">
    <p class='ocr_par' dir='ltr' id='par_1_116' title="bbox 2262 5649 3732 5736">
     <span class='ocr_line' id='line_1_116' title="bbox 2262 5649 3732 5736; baseline -0.009 -12"><span class='ocrx_word' id='word_1_832' title='bbox 2262 5665 2399 5734; x_wconf 86' lang='lat' dir='ltr'><strong>Iloc,</strong></span> <span class='ocrx_word' id='word_1_833' title='bbox 2421 5665 2623 5723; x_wconf 87' lang='lat' dir='ltr'><strong>fratres</strong></span> <span class='ocrx_word' id='word_1_834' title='bbox 2653 5666 2792 5733; x_wconf 89' lang='lat' dir='ltr'><strong>mei,</strong></span> <span class='ocrx_word' id='word_1_835' title='bbox 2827 5665 3067 5736; x_wconf 91' lang='lat' dir='ltr'><strong>quotidie</strong></span> <span class='ocrx_word' id='word_1_836' title='bbox 3095 5667 3221 5723; x_wconf 89' lang='lat' dir='ltr'><strong>facit</strong></span> <span class='ocrx_word' id='word_1_837' title='bbox 3250 5666 3415 5723; x_wconf 92' lang='lat' dir='ltr'><strong>Deus.</strong></span> <span class='ocrx_word' id='word_1_838' title='bbox 3442 5660 3562 5733; x_wconf 84' lang='lat' dir='ltr'><strong>Quia</strong></span> <span class='ocrx_word' id='word_1_839' title='bbox 3583 5657 3674 5714; x_wconf 86' lang='lat' dir='ltr'><strong>dum</strong></span> <span class='ocrx_word' id='word_1_840' title='bbox 3703 5649 3732 5703; x_wconf 67' lang='lat' dir='ltr'><strong>it</strong></span> 
     </span>
    </p>
   </div>
   <div class='ocr_carea' id='block_1_117' title="bbox 2263 5757 3728 5833">
    <p class='ocr_par' dir='ltr' id='par_1_117' title="bbox 2263 5757 3728 5833">
     <span class='ocr_line' id='line_1_117' title="bbox 2263 5757 3728 5833; baseline -0.012 -14"><span class='ocrx_word' id='word_1_841' title='bbox 2263 5761 2509 5819; x_wconf 90' lang='lat' dir='ltr'><strong>Ecclesia</strong></span> <span class='ocrx_word' id='word_1_842' title='bbox 2537 5760 2789 5818; x_wconf 90' lang='lat' dir='ltr'><strong>sedemus</strong></span> <span class='ocrx_word' id='word_1_843' title='bbox 2810 5801 2825 5828; x_wconf 90' lang='lat'><strong>,</strong></span> <span class='ocrx_word' id='word_1_844' title='bbox 2872 5760 3002 5816; x_wconf 91' lang='lat' dir='ltr'><strong>dum</strong></span> <span class='ocrx_word' id='word_1_845' title='bbox 3029 5776 3222 5833; x_wconf 91' lang='lat' dir='ltr'><strong>corpus</strong></span> <span class='ocrx_word' id='word_1_846' title='bbox 3254 5771 3314 5818; x_wconf 92' lang='lat' dir='ltr'><strong>et</strong></span> <span class='ocrx_word' id='word_1_847' title='bbox 3338 5757 3618 5830; x_wconf 84' lang='lat' dir='ltr'><strong>sanguinem</strong></span> <span class='ocrx_word' id='word_1_848' title='bbox 3636 5757 3728 5803; x_wconf 59' lang='lat' dir='ltr'><strong>suum</strong></span> 
     </span>
    </p>
   </div>
   <div class='ocr_carea' id='block_1_118' title="bbox 2264 5848 3733 5929">
    <p class='ocr_par' dir='ltr' id='par_1_118' title="bbox 2264 5848 3733 5929">
     <span class='ocr_line' id='line_1_118' title="bbox 2264 5848 3733 5929; baseline -0.001 -17"><span class='ocrx_word' id='word_1_849' title='bbox 2264 5866 2570 5928; x_wconf 74' lang='lat' dir='ltr'><strong>caeteraque</strong></span> <span class='ocrx_word' id='word_1_850' title='bbox 2646 5865 2986 5913; x_wconf 85' lang='lat' dir='ltr'><strong>sacramenta</strong></span> <span class='ocrx_word' id='word_1_851' title='bbox 3047 5858 3463 5929; x_wconf 85' lang='lat' dir='ltr'><strong>participamus.</strong></span> <span class='ocrx_word' id='word_1_852' title='bbox 3532 5848 3635 5922; x_wconf 76' lang='lat' dir='ltr'><strong>qui.</strong></span> <span class='ocrx_word' id='word_1_853' title='bbox 3671 5851 3733 5910; x_wconf 50' lang='grc' dir='ltr'><strong>(με)</strong></span> 
     </span>
    </p>
   </div>
  </div>
