3896 6320
177 293 296 350 2097
761 281 1067 342 HOMILIIE
1106 283 1176 340 IN
1205 280 1425 340 EPIST.
1466 281 1556 340 ET
1594 280 1850 340 EVANG.
1879 281 2182 340 DOMINIC.
2223 310 2293 320 —
2329 279 2512 364 PARS
2542 280 2604 336 ll.
3254 281 3398 340 2098

177 410 350 469 animo,
397 416 491 474 qua
537 401 829 456 devotione
863 417 962 456 nos
998 402 1297 458 habeamus
1343 401 1606 458 discernit
1652 410 1707 459 et
1732 401 2106 469 Asecundum
2136 398 2420 470 passiones
2449 411 2599 462 suas,
2646 396 2890 453 caecitate
2943 411 2999 454 et
3056 398 3398 469 ignorantia,

173 494 472 570 speculatur,
501 490 651 560 juxta
685 490 842 556 illud,
894 510 913 542 ι
943 489 1263 561 Speculator
1293 500 1436 548 astat
1476 493 1708 565 desuper
1813 493 2149 552 conscientia
2180 492 2323 548 mala
2343 501 2398 547 et
2425 489 2748 563 poenitentia
2781 493 2980 560 inutili,
3014 493 3197 550 dolore
3225 504 3281 550 et
3301 511 3402 566 pu-

172 590 250 662 qui
273 603 358 644 nos
379 585 549 641 diebus
573 582 845 649 omnibus,
866 593 1129 655 actusque
1152 585 1703 655 nostrosurospicit.)
1814 587 1968 652 dore,
2004 586 2083 641 ira
2113 593 2168 640 et
2222 585 2426 640 invidia
2484 583 2774 639 vexabitur
2816 585 2869 639 in
2921 594 3203 640 aeternum.
3256 584 3402 640 Inter

181 680 337 749 Vidit,
374 681 558 751 inquit,
591 678 853 733 hominem
898 694 1000 733 non
1027 679 1266 733 vestitum
1296 687 1430 734 reste
1457 680 1707 750 nuptiali.
1815 679 1931 753 haec
1959 688 2014 734 et
2045 687 2195 734 tanta
2221 678 2386 743 mala,
2417 686 2476 732 ut
2508 677 2672 732 tradit
2695 675 2933 734 Joannes
2962 679 3016 734 in
3054 676 3402 749 Apocalypsi,

169 776 326 833 Vestis
353 770 614 843 nuptialis,
637 785 744 840 qua
773 769 1161 824 discernuntur
1182 770 1331 842 digni
1356 771 1424 826 ab
1450 770 1709 840 indignis,
1815 775 2078 844 Optabunt
2133 772 2320 827 miseri
2381 781 2640 837 mortem,
2679 781 2735 829 et
2781 788 2931 830 mors
2992 773 3160 844 fugiet
3208 773 3276 828 ab
3320 773 3403 827 eis

167 878 242 926 est
286 865 518 922 Charitas.
550 861 681 930 Qum
715 860 915 915 dicitur
943 861 1144 927 vestis,
1175 859 1299 932 quia
1330 877 1492 917 omne
1541 860 1712 931 frigus
1818 865 2002 934 (Apoc.
2034 863 2135 934 ιχ).
2185 863 2349 918 Pauci
2394 879 2524 919 vero
2558 873 2683 921 sunt
2741 865 2922 929 electi,
2967 865 3059 934 qui
3107 865 3161 918 in
3206 864 3407 933 nuptiis

166 959 278 1016 mali
321 955 582 1020 excludit,
637 963 692 1008 et
749 952 948 1012 retinet
996 969 1215 1008 omnem
1267 953 1500 1008 calorem
1561 953 1709 1007 boni.
1819 956 2022 1011 Christi
2066 957 2120 1010 in
2169 965 2433 1012 aeternum
2481 958 2867 1027 epulabuntur.
2903 957 2980 1011 De
3021 955 3218 1024 quibus
3256 955 3409 1010 Psal-

166 1053 354 1109 Dicitur
401 1047 664 1119 nuptialis,
720 1046 845 1115 quia
898 1047 1147 1103 Christus
1203 1062 1432 1118 sponsus
1487 1045 1736 1100 veniens
1820 1050 2004 1116 mista,
2035 1048 2232 1114 Nimis,
2257 1051 2455 1120 inquit,
2482 1051 2728 1106 honorati
2781 1059 2902 1104 sunt
2931 1048 3088 1104 amici
3115 1048 3212 1112 tui,
3243 1046 3406 1112 Deus,

164 1145 252 1200 sibi
287 1141 594 1211 conjungere
623 1137 955 1204 Ecclesiam,
990 1139 1091 1193 hac
1123 1139 1346 1194 indutus
1381 1139 1552 1193 venit.
1586 1137 1712 1191 llaec
1822 1143 1978 1195 nimis
2062 1143 2389 1212 confortatus
2465 1151 2541 1197 est
2593 1143 2920 1213 principatus
2987 1156 3167 1196 eorum
3231 1138 3407 1208 (Psal.

164 1245 232 1292 est
260 1234 423 1290 tunica
448 1233 640 1288 Christi
669 1231 1031 1299 inconsutilis,
1061 1248 1164 1288 non
1198 1232 1372 1287 divisa
1403 1247 1500 1301 per
1530 1230 1714 1285 odium
1822 1237 2107 1305 cxxxvut).
2163 1235 2271 1291 Sed
2312 1251 2434 1292 cum
2473 1236 2830 1307 subjungatur
2868 1255 2882 1290 :
2913 1233 3270 1289 Dinumerabo
3299 1249 3409 1298 eos,

160 1329 236 1384 vel
274 1327 512 1382 invidiam
533 1367 547 1391 ,
589 1340 688 1380 nec
719 1325 890 1381 scissa
923 1339 1019 1396 per
1050 1324 1300 1380 haeresim
1335 1323 1420 1378 vel
1452 1323 1711 1378 schisma.
1825 1335 1875 1382 et
1905 1343 2060 1397 super
2105 1345 2324 1384 arenam
2356 1330 2852 1399 multiplicabuntur
2891 1325 3104 1400 [Ibid.],
3143 1327 3413 1397 quomodo

164 1418 276 1474 llrcc
302 1427 378 1474 est
412 1425 581 1472 tunica
619 1415 824 1486 Ioseph
859 1415 1076 1484 talaris,
1111 1416 1164 1470 id
1193 1425 1298 1482 est,
1332 1429 1713 1486 perseverans,
1826 1426 1956 1473 sunt
1986 1421 2143 1487 pauci
2168 1422 2192 1474 ?
2216 1421 2342 1490 quia
2387 1422 2569 1489 electi,
2613 1423 2738 1492 quia
2785 1419 3038 1492 pretiosi,
3071 1418 3200 1488 quia
3235 1416 3409 1472 chari.

158 1511 272 1582 quia
303 1511 528 1565 Charitas
557 1523 831 1578 nunquam
862 1507 1064 1563 excidit
1117 1505 1168 1579 (I
1209 1505 1332 1561 Cor.
1365 1505 1504 1576 xm).
1541 1506 1636 1561 Est
1664 1513 1719 1560 et
1825 1509 1999 1565 Eleoti
2031 1511 2097 1565 de
2120 1512 2466 1569 multitudine
2498 1513 2764 1568 malorum
2789 1514 2931 1568 sicut
2955 1525 3125 1581 grana
3179 1509 3246 1563 de
3275 1506 3417 1562 mul-

157 1601 396 1672 polymita
443 1609 660 1670 propter
687 1599 952 1654 virtutum
987 1598 1307 1653 varietatem
1334 1637 1350 1664 ,
1389 1612 1509 1668 quae
1542 1596 1597 1650 in
1653 1611 1717 1653 ea
1824 1603 2054 1658 titudine
2075 1603 2372 1674 palearum,
2402 1621 2592 1661 aurum
2625 1607 2692 1662 de
2713 1605 3061 1661 multitudine
3089 1615 3412 1665 arenarum,

155 1696 498 1750 continentur.
535 1692 659 1748 H330
687 1701 742 1747 et
773 1693 964 1747 eadem
997 1703 1082 1747 est
1115 1691 1295 1746 tunica
1327 1706 1569 1762 SpOIlSiB,
1599 1705 1719 1761 qua:
1766 1767 1770 1768 ν
1826 1697 2125 1768 margarita
2155 1698 2223 1753 de
2275 1697 2623 1754 multitudine
2653 1698 2917 1767 lapidum,
2951 1694 3209 1758 Preliosi,
3239 1691 3416 1763 pretio

155 1785 572 1840 astititadextris
589 1784 843 1856 sponsiin
860 1784 1057 1839 vestitu
1074 1783 1334 1839 deaurato
1352 1781 1715 1855 (Psal.xuv).
1749 1767 1800 1828 Β
1827 1767 2117 1856 virtutum,
2150 1790 2328 1860 pretio
2358 1797 2673 1845 sanctorum
2707 1803 2954 1857 Operum,
2984 1786 3163 1857 pretio
3189 1794 3419 1840 aeterno-

152 1878 277 1947 Quia
306 1894 429 1934 vera
459 1879 700 1934 charitas
742 1877 956 1945 fulgore
983 1878 1267 1949 sapientia:
1293 1889 1377 1934 est
1415 1888 1631 1945 ornata,
1664 1885 1720 1952 et
1822 1897 1946 1936 rum
1975 1881 2322 1951 praemiorum
2350 1899 2364 1936 :
2399 1880 2579 1946 chari,
2624 1879 2750 1949 quia
2781 1877 2970 1942 amici,
3001 1878 3129 1946 quia
3151 1876 3265 1940 lilii,
3293 1874 3416 1944 quia

152 1970 467 2026 circumdata
490 1970 755 2026 varietate
783 1971 1072 2025 virtutum.
1102 1970 1202 2037 Qui
1228 1971 1368 2026 hanc
1394 1978 1599 2026 vestem
1626 1970 1720 2024 ha-
1823 1975 2068 2032 han-edes
2084 1976 2525 2040 Dei,coh;eredes
2557 1982 2738 2029 autem
2753 1971 2981 2040 Christi,
3012 1969 3323 2026 cohaeredes
3343 1967 3422 2020 vi-

147 2062 252 2127 bet,
285 2077 501 2117 securus
533 2062 586 2116 in
619 2063 822 2134 nuptiis
846 2063 1160 2118 discumbit.
1191 2061 1306 2118 Non
1335 2063 1561 2118 habenti
1587 2079 1718 2119 vero
1825 2067 2027 2122 delicet
2056 2067 2257 2122 Christi
2283 2067 2489 2139 gloria,
2529 2065 2734 2122 Christi
2762 2063 3009 2130 honoris,
3040 2061 3244 2125 Christi
3295 2061 3424 2115 hea-

149 2154 266 2209 dicil
294 2153 450 2218 Deus,
479 2153 563 2208 vel
597 2170 693 2226 per
723 2154 1040 2225 Scripturas
1071 2155 1154 2210 vel
1184 2169 1282 2226 per
1310 2155 1718 2226 prmdicatorcs,
1827 2162 2099 2228 titudiuis,
2123 2173 2177 2218 et
2197 2162 2402 2219 Christi
2433 2162 2637 2232 gaudii.
2682 2159 2793 2217 Nos
2829 2175 2983 2232 ergo,
3014 2160 3243 2224 fratres,
3273 2156 3424 2212 labo-

147 2245 222 2301 vel
254 2247 563 2302 interiorem
592 2250 897 2304 rationem:
925 2248 1200 2314 Quomodo
1227 2250 1327 2302 huc
1356 2249 1567 2303 intrasti
1596 2267 1721 2305 cum
1827 2271 2015 2310 remus
2038 2272 2158 2311 esse
2189 2257 2254 2311 de
2285 2271 2515 2312 numero
2547 2270 2846 2327 paucorum
2882 2253 3203 2312 electorum,
3234 2247 3426 2304 Imma.

146 2339 511 2411 lidelibus,qui
537 2341 605 2395 ab
628 2345 708 2398 eis
737 2357 798 2398 es
841 2343 1078 2399 discolor
1101 2359 1198 2414 per
1220 2343 1502 2411 malitiam,
1528 2353 1582 2400 et
1608 2346 1722 2399 dis-
1821 2349 1952 2403 ‘mus
1980 2347 2306 2404 cbaritatem
2349 2348 2446 2403 Dei
2494 2356 2550 2404 et
2583 2348 2862 2418 proximi:
2907 2347 3166 2402 uniamur
3213 2340 3424 2398 ctelesti

141 2447 258 2487 cors
273 2448 370 2502 per
386 2434 594 2502 odium,
610 2444 663 2490 et
691 2435 984 2490 invidiam?
1004 2435 1286 2504 Quomodo
1302 2436 1424 2491 talis
1443 2445 1498 2492 et
1515 2437 1638 2493 talis
1657 2437 1726 2491 ad
1827 2456 2032 2512 Sponso
2051 2449 2102 2496 et
2117 2456 2328 2512 sponsae
2343 2442 2963 2497 sicutsacramentorum
2978 2436 3422 2510 participatione,

136 2541 370 2580 mensam
407 2525 624 2589 altaris.
656 2539 709 2584 Cl
733 2529 799 2584 ad
844 2538 1044 2586 caetera
1092 2541 1434 2586 sacramenta
1463 2532 1727 2588 accedere

127 2619 404 2690 praesumis
420 2619 442 2673 ?
461 2619 532 2672 At
552 2620 653 2674 ille
669 2621 948 2677 obmutuit.
963 2621 1299 2679 Ohmutescit
1323 2639 1483 2694 quem
1507 2626 1727 2694 propria

131 2711 456 2767 conscientia
491 2713 804 2784 redarguit.
836 2714 1176 2772 Ohmutescit
1205 2717 1299 2786 qui
1329 2716 1454 2772 silet
1482 2732 1511 2771 a
1533 2731 1728 2786 pecca-

131 2817 302 2862 torum
330 2822 553 2861 suorum
603 2807 945 2865 confessione
971 2817 1026 2893 et
1061 2794 1461 2866 emendatione.
1496 2808 1564 2864 Et
1594 2812 1728 2866 dixit

125 2915 214 2952 rex
255 2899 515 2953 ministris
545 2901 690 2965 suis,
723 2900 932 2956 scilicet
961 2902 1208 2972 angelis:
1242 2901 1447 2974 Ligatis
1485 2904 1728 2959 manibus

123 3001 168 3044 et
190 2990 431 3060 pellibus,
464 2991 669 3046 mittite
697 3008 814 3046 eum
843 2992 895 3044 in
925 2994 1163 3048 tenebras
1198 2995 1503 3049 exteriores.
1531 2994 1598 3048 Et
1626 2995 1731 3049 hoc

122 3083 337 3149 merito,
395 3085 528 3154 quia
557 3083 746 3139 moluit
794 3085 968 3140 vitare
995 3085 1302 3140 interiores.
1334 3083 1422 3138 Ibi
1449 3087 1544 3140 erit
1573 3088 1728 3156 ﬂetus

118 3179 166 3228 et
198 3175 398 3229 stridor
440 3177 716 3231 dentiant.
751 3174 904 3232 Sicut
946 3175 1158 3248 singula
1191 3178 1460 3244 membra,
1493 3176 1728 3246 singulis

115 3268 256 3323 vitiis
281 3269 562 3324 delectata
621 3278 763 3334 sunt,
791 3269 864 3324 ita
911 3269 1137 3337 singulis
1167 3269 1345 3340 poenis
1393 3270 1728 3325 cruciantur.

112 3359 285 3418 Pedes
329 3362 537 3434 quippe
608 3361 700 3430 qui
762 3362 830 3415 ad
888 3360 1091 3416 malum
1145 3363 1470 3427 currebant,
1522 3372 1578 3417 et
1617 3376 1732 3417 ma-

112 3470 216 3510 nus
282 3470 408 3524 quae
475 3453 703 3511 scelera
751 3453 1036 3524 patrabant
1067 3495 1083 3521 ,
1133 3453 1305 3526 igneis
1352 3454 1562 3511 catenis
1615 3455 1732 3509 vin-

118 3547 363 3603 ciuntur.
396 3549 592 3616 Oculi,
632 3547 726 3619 qui
772 3547 894 3604 luce
940 3547 1122 3602 divina
1169 3549 1237 3604 ad
1288 3549 1428 3604 male
1446 3548 1734 3620 .agendum

113 3641 529 3708 abluebantur,
605 3641 846 3697 exterius
930 3641 1173 3697 tenebris
1240 3650 1618 3710 excmcautur,
1679 3650 1736 3699 et

113 3735 204 3806 qui
236 3735 292 3790 in
322 3735 549 3792 visione
597 3732 1033 3792 desiderabilium
1070 3735 1388 3807 gaudebant,
1416 3743 1470 3790 et
1497 3734 1737 3789 delecta-

1829 2534 1903 2588 ita
1960 2533 2272 2590 dilectionis
2320 2543 2377 2589 et
2426 2535 2684 2605 puritatis
2733 2534 2976 2589 unione:
3029 2539 3299 2602 quatenus
3346 2526 3415 2582 ad

1829 2633 2064 2680 aeternas
2092 2625 2309 2696 nuptias
2331 2626 2508 2682 securi
2535 2641 2748 2696 semper
2779 2625 3100 2682 recumbere
3124 2622 3424 2686 valeamus,

1831 2713 2099 2786 largiente
2129 2717 2239 2773 Deo
2269 2727 2323 2774 et
2348 2718 2578 2774 Domino
2607 2725 2792 2773 nostro
2810 2716 2940 2772 Jesu
2957 2715 3197 2780 Christo,
3228 2713 3316 2769 cui
3341 2719 3429 2767 est

1832 2807 2009 2864 honor
2025 2817 2081 2866 et
2101 2809 2296 2881 gloria,
2319 2826 2418 2881 per
2433 2811 2613 2866 omnia
2637 2809 2834 2865 saecula
2863 2808 3208 2865 saeculorum.
3237 2804 3426 2859 Amen.

2367 2900 2657 2958 HOMILIA
2697 2899 2883 2956 XLIV.

2089 2997 2359 3052 Dommcs
2389 3010 2638 3051 vrcssnu
2669 3010 2801 3050 pos'r
2839 2994 3206 3048 Tntmrsrsu.

1908 3086 2300 3156 Confortamini
2345 3089 2402 3140 in
2437 3086 2687 3152 Domino,
2715 3093 2766 3139 et
2817 3085 2876 3139 in
2936 3085 3169 3154 potentia
3223 3081 3432 3136 uirtutis

1834 3183 1951 3253 ejus
1975 3181 2190 3254 (Ephes.
2219 3181 2321 3253 vt).
2355 3181 2411 3235 In
2445 3181 2547 3234 hac
2577 3180 2833 3244 lectione,
2865 3179 3064 3234 fratres
3094 3176 3432 3242 charissimi,

1837 3284 2021 3330 monet
2050 3283 2108 3329 et
2136 3275 2298 3329 docet
2323 3287 2426 3327 nos
2460 3272 2753 3341 Apostolus
2778 3271 3050 3340 quomodo
3073 3267 3308 3324 inimicis
3334 3281 3430 3322 no-

1837 3367 1966 3425 stris
1990 3367 2246 3423 resistere
2270 3368 2549 3423 valeamus
2577 3383 2591 3430 ;
2635 3375 2692 3421 et
2719 3366 2823 3421 hoc
2862 3368 3060 3421 modo:
3089 3363 3276 3418 Primo
3317 3375 3434 3417 mo-

1840 3469 1936 3517 net
1963 3475 2063 3517 nos
2083 3460 2383 3516 confortari
2410 3462 2465 3515 in
2490 3458 2621 3522 Deo,
2653 3467 2710 3513 et
2735 3458 2939 3514 armari
2973 3465 3249 3511 armatura
3295 3451 3434 3522 ejus.

1840 3553 2094 3611 Secundo
2115 3554 2353 3611 ostendit
2380 3563 2568 3610 contra
2593 3567 2730 3623 quos
2757 3552 2941 3607 hostes
2966 3562 3206 3622 pugnare
3237 3547 3438 3602 debea-

1841 3663 1984 3703 mus.
2020 3646 2208 3704 Tertio
2233 3647 2475 3704 ostendit
2503 3647 2703 3716 quibus
2733 3646 2901 3700 armis
2924 3658 3215 3716 possumus
3244 3641 3325 3696 eis
3354 3653 3436 3695 re-

1843 3742 2040 3797 sistere
2063 3749 2119 3797 et
2142 3756 2238 3798 eos
2260 3743 2596 3812 impugnare.
2627 3739 2812 3794 Primo
2842 3753 2975 3808 ergo
3014 3739 3268 3794 hortatur
3303 3747 3438 3788 con-

108 3827 334 3896 bantur,
371 3828 728 3884 aeternaliter
747 3829 974 3886 ﬂebunt.
1004 3829 1202 3884 Dentes
1229 3843 1464 3899 quoque,
1490 3830 1583 3899 qui
1611 3829 1738 3884 eda-

110 3922 280 3976 citate
312 3921 672 3993 gaudebant,
700 3938 813 3992 prae
844 3921 1128 3977 nimietate
1154 3920 1374 3992 frigoris
1405 3920 1736 3976 stridebunt.

104 4013 325 4084 Lingua
357 4015 570 4078 etiam,
607 4029 728 4083 qua:
768 4015 1062 4070 detrahere
1090 4023 1143 4069 et
1171 4013 1494 4069 maledicere
1538 4014 1742 4084 gaude-

99 4106 221 4172 bat,
255 4106 411 4162 sicut
441 4107 516 4162 de
545 4105 720 4162 divite
747 4115 1042 4178 purpurato
1060 4107 1216 4177 legis,
1251 4105 1306 4160 in
1330 4115 1596 4166 aeternum
1620 4107 1736 4161 sine

93 4200 208 4256 ullo
248 4201 577 4272 refrigerio
613 4200 844 4256 ardebit.
889 4199 1095 4260 Gustus
1133 4215 1372 4271 quoque,
1401 4201 1495 4270 qui
1540 4201 1596 4256 in
1643 4215 1738 4255 co-

94 4295 564 4352 messationibus
591 4302 648 4350 et
675 4293 1432 4360 ebrietatibusdelectabatur,
1460 4292 1656 4350 famem
1685 4301 1740 4349 et
1847 4294 1902 4350 in
1932 4295 2200 4367 sapientia
2227 4312 2326 4353 sua
2350 4297 2650 4363 confidunt,
2677 4304 2735 4352 et
2760 4296 2882 4351 ideo
2911 4295 3255 4363 decipiuntur
3273 4297 3329 4343 et
3349 4301 3445 4357 pe-

87 4387 276 4455 sitim,
335 4389 503 4445 sicut
545 4388 612 4443 in
657 4387 972 4460 Evangelia,
1024 4394 1079 4443 et
1132 4387 1185 4440 in
1219 4385 1544 4456 Apocalypsi
1582 4384 1738 4454 legis,
1847 4395 2030 4443 reunt.
2065 4388 2174 4443 Vos
2201 4397 2404 4455 autem,
2428 4388 2645 4454 fratres,
2687 4389 2731 4443 si
2765 4385 2880 4441 veri
2937 4381 3234 4438 Christiani
3288 4376 3442 4441 estis,

89 4483 461 4538 :eternaliter
484 4483 766 4554 patietur.
797 4481 970 4536 Nares
997 4493 1214 4552 quoque
1250 4480 1341 4550 qui
1367 4480 1422 4534 in
1447 4478 1740 4534 luxuriosis
1769 4488 1822 4550 ι)
1849 4477 1904 4534 in
1953 4479 2084 4546 Deo,
2118 4495 2226 4535 non
2276 4481 2404 4546 alio,
2427 4495 2576 4550 spem
2603 4477 2868 4540 habeatis,
2913 4491 3022 4531 non
3057 4471 3343 4528 conﬁdatis
3388 4469 3445 4523 in

79 4577 372 4634 odoribus
425 4576 885 4640 delectabantur,
919 4573 1108 4630 fetore
1149 4572 1478 4629 intolerabili
1504 4571 1559 4626 in
1591 4579 1742 4627 arter-
1851 4568 2062 4624 viribus
2094 4570 2320 4627 vestris.
2378 4569 2654 4639 Scriptum
2693 4575 2780 4622 est
2817 4567 3006 4621 enim:
3048 4562 3210 4634 Gigas
3266 4559 3445 4616 salua-

82 4685 223 4724 num
251 4669 638 4724 amcicntur.
665 4666 722 4722 In
753 4666 1077 4738 Apocalypsi
1111 4665 1257 4721 enim
1285 4664 1419 4735 legis
1455 4663 1520 4718 de
1549 4671 1743 4734 stagno
1849 4661 1989 4717 bitur
2022 4662 2076 4716 in
2104 4662 2444 4718 multitudine
2470 4662 2683 4716 uirtutis
2730 4675 2840 4715 suae
2883 4656 3060 4731 (Psal.
3088 4655 3287 4724 xxx").
3323 4648 3444 4709 Non

72 4764 230 4834 ignis
261 4775 325 4821 et
358 4762 702 4836 sulphuris,
732 4763 788 4818 in
837 4777 944 4833 quo
993 4761 1210 4832 reprobi
1246 4758 1520 4829 jacientur
1557 4757 1742 4828 (Apoc.
1851 4754 2136 4810 contidatis
2181 4755 2233 4810 in
2261 4754 2529 4824 sapientia
2585 4761 2786 4819 vestra,
2825 4752 2954 4822 quia
3007 4749 3268 4818 scriptum
3310 4755 3434 4811 est;

71 4866 201 4930 xx).
235 4861 445 4916 Aures
479 4871 884 4928 quoque,quae
933 4856 1000 4911 ad
1047 4870 1238 4911 sonum
1295 4853 1640 4925 cythararum
1692 4855 1749 4904 et
1852 4845 2089 4902 Perdam
2123 4847 2437 4917 sapientiam
2467 4845 2786 4916 sapientium
2827 4852 2876 4899 et
2924 4839 3259 4912 prudentiam
3308 4853 3438 4930 pru-

65 4928 549 5008 lusuriosarum
618 4948 1012 5004 cantilenarum
1048 4945 1482 5012 delectabantur,
1511 4942 1749 4999 stridore
1855 4941 2091 4996 dentiant
2121 4940 2411 5010 reprobabo
2437 4938 2489 5006 (Ι
2525 4937 2647 4996 Cor.
2679 4939 2744 5009 ι).
2769 4934 2886 4991 Νοιι
2916 4931 3201 4989 contidatis
3229 4931 3281 4985 in
3308 4928 3446 4986 divi-

67 5035 432 5115 pmnarum,
457 5042 672 5116 rugitu
696 5043 1107 5107 daamoniorum,
1127 5040 1399 5097 etulutatu
1424 5037 1750 5094 miserorum
1858 5035 1952 5090 tiis
1981 5035 2199 5102 vestris,
2229 5035 2359 5104 quia
2386 5034 2649 5104 scriptum
2671 5039 2787 5088 est:
2825 5029 2929 5096 Qui
2963 5028 3180 5097 conﬁdit
3212 5025 3266 5079 in
3317 5024 3449 5116 divi—

59 5141 502 5206 vexabuntur,
545 5115 703 5192 sicut
732 5138 784 5193 in
822 5136 1102 5207 prophetis
1139 5142 1194 5190 et
1233 5134 1288 5189 in
1325 5129 1654 5202 Apocalypsi
1678 5128 1753 5185 le-
1837 5125 1950 5180 .tiis
1973 5126 2083 5180 suis
2113 5135 2320 5180 corruet
2351 5124 2535 5196 (Prov.
2574 5138 2660 5194 Il).
2690 5121 2808 5177 Non
2854 5120 3147 5176 conﬁdatis
3177 5119 3232 5173 in
3276 5115 3447 5172 homi-

59 5235 181 5305 gis.
219 5234 514 5290 Membra
555 5231 735 5288 etiam
767 5247 887 5301 qtae
914 5229 1204 5285 luxuriosis
1227 5238 1282 5283 et
1313 5227 1572 5283 suavibus
1619 5241 1754 5281 con-
1859 5235 1932 5276 ne
1959 5237 1972 5274 :
2003 5233 2129 5274 nam
2167 5220 2428 5290 scriptum
2481 5220 2596 5273 esti:
2631 5215 2948 5271 Maledictus
2982 5215 3145 5305 homo
3184 5209 3271 5282 qui
3325 5225 3452 5305 con-

52 5298 338 5386 {actibus
359 5298 1151 5390 delectabantur,v0rmibus
1169 5330 1224 5377 et
1245 5321 1501 5377 incendio
1524 5320 1576 5375 in
1599 5328 1757 5375 :eter-
1859 5311 1976 5380 ﬁdit
2006 5311 2063 5365 in
2085 5310 2314 5376 homine,
2345 5320 2394 5365 et
2421 5310 2564 5380 ponit
2608 5323 2819 5362 carnem
2843 5304 3113 5360 brachium
3131 5318 3283 5357 suum
3313 5298 3449 5371 (Jer.

52 5437 206 5475 num
245 5421 648 5491 punientur.
686 5416 838 5472 Unde
869 5417 922 5472 in
961 5415 1226 5486 propheta
1269 5421 1323 5470 et
1367 5414 1420 5470 in
1464 5411 1759 5481 Evangelio
1861 5407 2017 5468 xvu).
2046 5403 2164 5460 Non
2209 5403 2497 5459 confidatis
2535 5401 2596 5495 in
2640 5399 2857 5495 viribus
2895 5397 3051 5495 liberi
3103 5392 3450 5495 arbitrii.vos

44 5510 212 5582 legis
247 5489 268 5566 ξ
325 5510 499 5578 Quia
542 5507 769 5562 vermis
822 5522 1010 5563 eorum
1053 5523 1164 5563 non
1207 5506 1460 5570 moritur,
1505 5513 1562 5561 et
1619 5503 1762 5574 ignis
1864 5511 2028 5569 posse
2056 5495 2313 5552 mandata
2340 5495 2436 5549 Dei
2480 5492 2800 5563 adimplere.
2824 5489 3096 5582 Scriptum
3127 5494 3216 5542 est
3259 5489 3446 5582 enim:

49 5573 179 5662 non
238 5573 699 5672 exs-tinguitur
725 5600 887 5670 (Isai.
911 5599 1282 5666 va1;Marc.
1308 5601 1410 5668 ix),
1440 5606 1496 5653 et
1516 5598 1594 5654 sic
1635 5573 1760 5652 cor-
1862 5590 2051 5646 Juraui
2090 5599 2137 5644 et
2157 5588 2320 5644 statui
2343 5586 2611 5641 custodire
2655 5582 2864 5650 judicia
2904 5573 3452 5650 justitiaztqu’sal.

38 5718 201 5772 pora
248 5699 629 5769 impiorum
673 5694 972 5750 secundum
1011 5707 1203 5748 omnes
1258 5706 1451 5748 sensus
1498 5700 1553 5746 et
1608 5697 1764 5746 actus
1865 5685 2081 5755 cxvut).
2111 5683 2220 5739 Sed
2246 5696 2382 5740 sem
2412 5681 2515 5736 hoc
2559 5676 2976 5750 praesumpsisse
3026 5671 3282 5772 ost-endit,
3309 5685 3452 5772 cum

41 5763 199 5854 buos
241 5763 759 5865 torqueliuntur.
805 5786 1170 5844 Nihilominus
1201 5795 1258 5845 et
1306 5786 1488 5842 anima
1535 5785 1764 5842 interius
1853 5778 2087 5840 (subdit:
2119 5776 2450 5835 Humiliatus
2481 5793 2602 5832 sum
2649 5787 3017 5846 usquequaque
3066 5765 3276 5841 (lbid.).
3308 5763 3453 5820 Idem

1841 3831 2036 3888 fortari
2065 3848 2167 3888 nos
2198 3833 2252 3888 in
2276 3833 2410 3900 Deo,
2437 3847 2561 3887 cum
2590 3832 2704 3886 ait:
2738 3828 3129 3900 Confortamini
3170 3828 3228 3880 in
3254 3823 3438 3880 Domi-

1843 3940 1934 3979 no.
1958 3924 2038 3980 Ac
2067 3925 2114 3982 si
2137 3926 2380 3982 diceret:
2420 3925 2666 3990 Fratres,
2695 3923 2864 3979 nolite
2905 3922 3180 3978 conlidere
3202 3918 3256 3974 in
3282 3915 3436 3972 vobis

1844 4032 1948 4074 nec
1975 4019 2032 4073 in
2060 4018 2241 4090 aliqua
2267 4034 2327 4075 re
2356 4018 2639 4089 temporali
2666 4035 2682 4085 ;
2709 4017 2806 4073 sed
2834 4017 2887 4071 in
2915 4014 3033 4071 solo
3060 4013 3193 4068 Deo.
3221 4011 3280 4066 In
3302 4025 3433 4081 quo,

1844 4110 2068 4178 fratres,
2112 4111 2396 4168 confundit
2441 4112 2747 4168 mundanas
2773 4110 3048 4175 homines,
3081 4106 3177 4178 qui
3229 4104 3285 4160 in
3326 4103 3444 4158 suis

1847 4203 1934 4259 vel
1977 4203 2278 4261 amicorum
2319 4219 2546 4260 suorum
2567 4203 2802 4270 viribus,
2829 4202 2913 4258 vel
2964 4203 3018 4256 in
3065 4197 3296 4262 divitiis,
3352 4194 3439 4250 vel

123 5978 182 6002 ο
