3896 6320
559 363 704 424 2099

559 492 776 549 quoque
829 478 945 531 ait:
1000 472 1115 543 Ego
1170 471 1283 528 dixi
1343 475 1400 528 in
1453 473 1782 527 abundantia
1827 489 1982 527 mea:
2025 470 2150 526 Non

561 571 806 624 movebar
823 569 879 621 in
906 577 1182 622 wternum.
1206 565 1312 621 Sed
1341 567 1572 620 avertisti
1596 565 1786 634 {aciem
1804 575 1949 618 tuam
1977 583 2008 618 a
2045 581 2148 632 me,

557 673 608 718 et
633 664 805 731 [actus
833 675 949 715 sum
983 660 1321 714 conturbatus
1369 658 1542 720 (Psal.
1571 659 1743 730 XXIX).
1794 658 1986 713 Petrus
2018 672 2152 726 ιιιιοσ

561 771 668 826 que
701 754 860 808 nimis
891 754 956 809 de
986 767 1044 808 se
1079 753 1442 824 praesumpsit,
1476 752 1704 808 dicens:
1738 751 1806 806 Et
1842 753 1890 806 si
1911 747 2156 820 oportue-l

559 848 628 900 rit
652 863 732 901 me
755 846 890 900 mori
911 857 1101 911 tecum,
1120 863 1222 900 non
1244 853 1292 898 te
1312 845 1508 914 negabo
1536 843 1756 916 (Matth.
1783 859 1944 910 niti;
1977 841 2150 896 Mare.

560 938 714 1001 xw):
745 940 839 992 sed
871 947 1048 992 tamen
1081 935 1315 1005 negavit.
1352 932 1518 988 ludas
1566 949 1780 1004 quoque
1807 933 2154 988 Machabaeus

561 1027 690 1080 dum
713 1028 764 1080 in
789 1028 906 1082 solo
939 1027 1048 1081 Deo
1076 1025 1318 1080 conﬁsus
1345 1032 1452 1088 est,
1481 1037 1694 1093 semper
1718 1024 1891 1078 victor
1911 1022 2150 1088 exstitit;

557 1126 619 1174 ut
632 1126 815 1174 autem
840 1117 1061 1174 conlidit
1082 1117 1134 1172 in
1156 1115 1440 1182 Romanis,
1457 1116 1688 1172 corruit.
1705 1115 1909 1184 Itaque.
1930 1113 2151 1181 fratres,

559 1209 618 1267 in
647 1210 765 1266 solo
794 1211 900 1266 Deo
930 1224 1078 1281 spem
1110 1219 1165 1264 et
1188 1207 1646 1264 conl'ortationem
1672 1216 1916 1262 nostram
1949 1205 2154 1260 habea-

563 1318 706 1361 mus.
738 1314 794 1360 et
825 1317 949 1360 cum
987 1303 1253 1372 Propheta
1283 1304 1567 1366 dicamus;
1603 1300 1836 1370 Diligam
1861 1311 1928 1365 te,
1973 1299 2155 1353 Domi-

561 1411 648 1460 ne,
674 1403 838 1451 virtus
861 1411 998 1460 mea,
1018 1395 1275 1450 Dominus
1293 1394 1682 1463 ﬁrmamentum
1714 1408 1906 1456 meum,
1931 1398 1981 1445 et
2010 1390 2154 1460 refu-

566 1489 713 1558 gium
761 1504 956 1551 meum,
987 1498 1034 1544 et
1061 1488 1308 1543 liberator
1327 1504 1472 1542 meus
1494 1485 1667 1559 (Psal.
1694 1488 1850 1555 xvu).
1889 1485 1953 1539 Et
1975 1484 2104 1538 illud
2135 1500 2150 1537 :

564 1579 705 1634 Mihi
732 1590 910 1634 autem
939 1580 1210 1635 adhtersre
1237 1579 1346 1633 Deo
1399 1579 1590 1633 bonum
1623 1589 1720 1643 est,
1773 1587 1820 1631 et
1871 1592 2062 1646 ponere
2096 1575 2154 1628 in

562 1672 791 1727 Domino
818 1671 924 1726 Deo
946 1688 1086 1740 spem
1115 1686 1282 1725 meam
1320 1669 1493 1739 (Eccl.
1525 1671 1606 1739 ιι),
1640 1670 1920 1739 quoniam,
1944 1677 2002 1721 ιιι
2021 1667 2156 1722 scri-

559 1765 743 1821 bitur:
780 1764 912 1831 Quis
931 1764 1162 1834 speravit
1179 1765 1234 1816 in
1256 1762 1499 1824 Domino,
1528 1773 1575 1816 et
1600 1763 1851 1829 confusus
1880 1770 1952 1814 est
1975 1761 1998 1812 ?
2023 1758 2154 1826 Spes

559 1857 865 1928 enitnjttxta
884 1855 1224 1926 ApOstolum,
1249 1871 1352 1909 non
1370 1855 1642 1923 confundit
1668 1852 1848 1914 (Rom.
1873 1861 1948 1920 v).
1973 1851 2154 1918 Quare

565 1957 747 2002 autem
787 1948 839 2001 itt
879 1947 1108 2001 Domino
1140 1961 1362 2016 sperare
1402 1955 1458 1999 et
1494 1944 1785 1999 conl'ortari
1821 1941 2113 1995 debeamus
2135 1981 2151 2005 ,

563 2039 805 2096 ostendit
843 2038 1136 2108 Apostolus
1169 2053 1292 2092 cum
1329 2036 1532 2100 subdit,
1567 2047 1612 2089 et
1646 2036 1699 2088 in
1723 2033 1954 2102 potentia
1979 2033 2154 2085 virtu—

562 2133 634 2190 tis
677 2131 811 2201 ejus.
844 2131 1090 2186 Potentia
1122 2139 1205 2186 est
1229 2131 1282 2184 in
1326 2129 1708 2191 exterioribus,
1734 2129 1905 2182 virtus
1935 2140 2061 2181 vero
2097 2126 2150 2181 in

563 2221 937 2279 interioribus.
969 2221 1028 2276 In
1058 2222 1166 2275 Deo
1197 2236 1328 2276 vero
1363 2221 1502 2276 idem
1541 2231 1624 2274 est
1657 2219 1897 2289 potentia
1943 2229 1999 2272 et
2045 2217 2153 2270 vir-

563 2324 674 2369 tus.
707 2313 888 2381 Quare
917 2329 1045 2384 ergo
1069 2315 1163 2378 ait,
1194 2316 1250 2367 in
1288 2323 1517 2382 potentia
1551 2313 1757 2366 virtutis
1806 2312 1970 2382 ejus?
2001 2310 2146 2376 Quo-

562 2403 712 2460 niam
737 2404 892 2458 multi
923 2405 1123 2459 habent
1157 2406 1450 2474 potentiam
1497 2403 1616 2457 sine
1665 2403 1886 2456 virtute.
1941 2400 2154 2456 Habent

565 2494 864 2564 potentiam
892 2494 1151 2557 exterius,
1186 2493 1279 2548 sed
1328 2509 1435 2548 non
1478 2494 1727 2547 interius.
1776 2491 2028 2546 Exterius
2055 2493 2153 2544 do-

563 2583 839 2638 minantur
866 2583 1196 2644 ltontinibus,
1227 2583 1319 2639 sed
1363 2584 1591 2638 interius
1642 2582 1742 2634 sibi
1781 2598 1885 2635 non
1918 2589 2147 2649 possunt

563 2676 856 2733 dominari.
881 2674 1022 2732 Sunt
1067 2677 1307 2733 exterius
1340 2676 1546 2732 domini
1576 2674 1880 2738 hominum,
1930 2676 2022 2730 sed
2068 2675 2152 2728 itt-

562 2771 734 2828 terius
757 2778 886 2826 sunt
909 2772 1054 2827 servi
1106 2771 1384 2825 vitiorum.
1425 2770 1659 2824 Vincunt
1699 2770 1941 2824 exterius
1973 2768 2152 2823 homi-

561 2879 682 2928 nes,
721 2864 818 2919 sed
845 2862 1134 2917 vincuntur
1181 2862 1408 2917 interius
1456 2861 1524 2916 ab
1571 2862 1676 2926 ira,
1707 2876 1734 2912 τι
1763 2861 2077 2928 cupiditate,
2119 2872 2151 2912 a

563 2957 841 3027 superbia,
869 2964 924 3012 et
954 2971 984 3009 a
1016 2955 1227 3011 caeteris
1259 2954 1424 3009 vitiis.
1456 2955 1583 3009 lude
1623 2960 1705 3008 est
1731 2969 1838 3023 quo
1862 2953 2151 3007 dominano

563 3061 652 3106 tur
693 3049 955 3117 exterius,
995 3048 1092 3104 sed
1119 3049 1236 3103 sine
1293 3048 1504 3103 ratione
1535 3064 1550 3112 ;
1577 3046 1844 3114 judicant,
1887 3048 1980 3101 sed
2033 3047 2153 3102 sine

556 3141 804 3214 justitia;
838 3142 1124 3210 imperant,
1161 3140 1253 3194 sed
1281 3141 1398 3194 sine
1420 3139 1783 3204 discretione;
1830 3140 2152 3207 patestative

563 3243 756 3306 agunt,
783 3233 878 3289 sed
913 3231 1032 3288 sine
1061 3231 1344 3287 modestia.
1399 3229 1476 3284 Ne
1505 3245 1636 3283 vero
1665 3228 1865 3297 aliquid
1899 3228 2003 3283 tale
2030 3244 2151 3284 sus-

565 3328 846 3398 picaretur
871 3327 938 3381 de
975 3325 1369 3396 omnipotentia
1422 3324 1540 3391 Dei,
1601 3324 1868 3394 adjnnxit,
1917 3325 2144 3391 virtutis,

562 3419 823 3490 quoniam
850 3419 1244 3488 omnipotentia
1262 3419 1380 3488 ejus
1405 3419 1576 3472 virtus
1593 3424 1695 3470 est.
1711 3417 1980 3486 Qttidquid
2002 3417 2148 3472 enim

564 3513 702 3581 agit,
751 3512 1050 3581 sapienter,
1096 3510 1264 3578 iuste,
1312 3511 1547 3575 fortiter,
1606 3523 1660 3564 et
1715 3509 1960 3565 modeste
2011 3509 2146 3579 agit.

567 3605 848 3673 Quomodo
864 3616 1041 3659 autem
1071 3603 1126 3658 in
1159 3603 1268 3658 Deo
1294 3601 1465 3657 fortes
1493 3617 1615 3657 esse
1639 3603 1929 3671 possimus,
1965 3611 2150 3660 osten-

565 3699 648 3753 dit
673 3714 797 3752 cum
820 3697 1003 3753 subdit
1033 3713 1047 3749 :
1080 3693 1148 3749 Et
1177 3696 1377 3750 induite
1402 3705 1728 3750 armaturam
1763 3695 1876 3750 Dei.

639 3789 900 3860 Sequitur
922 3801 1048 3856 pars
1075 3785 1336 3852 secunda,
1370 3785 1424 3840 in
1450 3801 1557 3855 qua
1577 3786 1819 3842 ostendit
1860 3785 2150 3855 Apostolus

567 3894 756 3943 contra
786 3897 923 3957 quos
947 3882 1132 3938 hostes
1155 3895 1397 3952 pugnare
1417 3881 1736 3945 debeamus,
1767 3896 1891 3935 cum
1923 3880 2149 3935 subdit:

567 3983 832 4036 Adversus
855 3978 1081 4034 insidias
1117 3976 1334 4031 diaboli.
1363 3974 1486 4031 Non
1505 3986 1578 4030 est
1609 3977 1746 4030 enint
1776 3974 1926 4032 nobis
1955 3973 2153 4028 colluc-

567 4077 698 4129 tatio
728 4076 979 4128 adversus
1015 4086 1230 4126 carnem
1254 4079 1304 4125 et
1347 4072 1673 4141 sanguinem,
1719 4069 1978 4125 subaudis
2029 4077 2151 4123 tan-

568 4178 702 4223 tum.
736 4168 874 4224 Sunt
899 4166 1046 4221 enim
1081 4165 1235 4221 nobis
1265 4173 1374 4220 tres
1395 4163 1624 4232 inimici,
1659 4173 1850 4219 contra
1876 4176 2014 4232 quos
2055 4177 2154 4217 no-

567 4263 656 4318 bis
673 4271 756 4318 est
787 4261 1166 4333 pugnandum;
1195 4275 1326 4315 caro
1355 4269 1559 4325 nostra,
1590 4260 1847 4324 mundus,
1877 4268 1933 4313 et
1966 4259 2154 4314 diabo-

567 4356 675 4411 lus.
720 4355 796 4409 De
837 4368 1000 4410 carne
1062 4353 1197 4409 dicit
1251 4353 1586 4422 Apostolus:
1642 4352 1782 4405 Caro
1830 4351 2154 4421 concupiscit

567 4448 818 4503 adversus
843 4447 1084 4516 spiritum
1109 4443 1253 4518 (Gal.
1281 4445 1357 4514 ν).
1391 4444 1483 4498 Est
1514 4443 1678 4512 igitur
1707 4441 2018 4496 colluctatio
2058 4457 2156 4497 no-

568 4537 678 4606 bis,
713 4553 822 4593 non
855 4538 1119 4593 adversus
1148 4545 1426 4601 naturam,
1458 4534 1552 4588 sed
1579 4532 1842 4588 adversus
1873 4534 2003 4588 vitta
2034 4549 2157 4589 car-

571 4631 658 4684 nis
688 4639 744 4684 et
775 4632 1078 4700 sanguinis.
1102 4627 1360 4683 Naturam
1390 4625 1536 4681 enim
1586 4633 1827 4680 nostram
1879 4641 1986 4680 non
2028 4626 2155 4682 des-

573 4729 781 4785 truere,
809 4721 904 4776 sed
937 4722 1146 4776 nutrire
1167 4719 1447 4782 debemus,
1471 4718 1587 4772 sive
1609 4717 1662 4770 in
1687 4731 1917 4784 persona
1947 4729 2155 4786 nostra,

569 4815 688 4868 sive
724 4812 780 4868 in
833 4817 1104 4881 proximo.
1148 4807 1302 4863 Unde
1347 4807 1678 4877 Apostolus:
1736 4805 1905 4862 Nemo
1945 4826 2157 4863 carnem

567 4922 722 4962 suam
748 4906 870 4960 odio
898 4904 1102 4970 habuit,
1138 4901 1229 4955 sed
1256 4900 1417 4954 nutrit
1437 4909 1487 4956 et
1515 4902 1652 4971 fovet
1685 4919 1801 4956 eum
1825 4901 2042 4971 (Ephes.
2074 4905 2154 4975 v).

569 5000 630 5056 In
667 5014 776 5070 quo
799 4995 1207 5054 confunduntur
1235 4993 1310 5048 illi
1342 4993 1433 5064 qui
1461 5003 1734 5061 naturam,
1766 4995 1848 5051 vel
1872 4995 1924 5050 itt
1956 5012 2034 5059 se,
2060 5011 2158 5065 per

569 5093 798 5148 nimiam
825 5087 1274 5150 macerationem,
1316 5085 1398 5141 vel
1431 5086 1487 5141 ιιι
1535 5089 1785 5160 proximo
1828 5102 1924 5157 per
1972 5087 2155 5142 odium

568 5191 994 5257 persequuntur,
1039 5180 1120 5236 vel
1153 5180 1244 5251 qui
1281 5186 1591 5237 econtrario
1627 5191 1850 5251 propter
1881 5190 2154 5248 naturam,

569 5277 656 5333 vel
687 5276 803 5331 suis
835 5273 918 5330 vel
938 5274 1132 5330 alienis
1162 5275 1312 5331 vitiis
1340 5276 1503 5332 nimis
1531 5275 1835 5344 indulgent.
1867 5273 1958 5329 Sic
1983 5275 2156 5339 enim,

567 5367 776 5424 fratres
819 5368 955 5434 mei,
992 5367 1263 5439 diligenda
1305 5377 1359 5424 et
1403 5367 1690 5423 nutrienda
1719 5375 1804 5420 est
1839 5374 2051 5432 natura,
2100 5373 2160 5420 ut

568 5460 706 5520 Vitia
738 5462 1112 5525 destruantur,
1137 5469 1195 5518 et
1219 5461 1299 5518 sic
1349 5469 1475 5517 sunt
1522 5459 1653 5514 vitia
1696 5461 2040 5525 destruenda,
2103 5466 2161 5515 ut

570 5563 774 5610 natura
806 5555 1099 5611 nutriatur.
1131 5554 1274 5610 Vitia
1309 5569 1438 5608 vero
1467 5553 1650 5607 carnis
1696 5560 1751 5606 et
1778 5552 2056 5624 sanguinis
2071 5552 2157 5622 je-

565 5646 832 5718 junando,
868 5646 1168 5704 laborando
1197 5656 1252 5704 et
1275 5646 1554 5717 operando
1581 5660 1918 5716 superamus.
1952 5645 2158 5702 Secun-

575 5741 679 5796 dus
709 5741 884 5797 hostis
911 5741 1246 5798 estmundus
1267 5781 1282 5806 ,
1317 5740 1369 5795 id
1397 5747 1481 5795 est
1513 5739 1726 5794 malitia
1757 5739 2158 5794 mundanorum

575 5831 876 5893 hominum.
901 5832 977 5890 De
1000 5846 1110 5905 quo
1136 5832 1395 5892 Dominus
1414 5845 1432 5887 :
1451 5829 1514 5888 Si
1534 5830 1761 5891 mundus
1786 5845 1873 5918 uos
1901 5829 2012 5886 odit
2057 5828 2160 5885 sci-
2193 5896 2200 5902 ο

1452 361 1460 366 ’
1535 356 1886 415 ᾹυΒΕΝῡᾹ.
1921 359 1991 400 -έ
2020 353 2370 413 RADULPHI
2407 355 2756 413 ABDENTIS

2177 477 2227 535 Α
2255 481 2357 526 tote
2381 475 2505 540 quia
2529 487 2608 526 me
2629 473 2859 541 priorem
2874 471 3013 525 vobis
3036 471 3152 526 odio
3164 470 3328 527 habuit
3347 474 3586 552 (humu).
3597 488 3678 546 ειςί

2257 567 2322 619 de
2343 573 2438 618 hoc
2453 565 2647 618 mundo
2667 565 2872 626 essetis,
2887 562 3114 617 mundus
3131 567 3261 632 quod
3274 582 3402 621 suum
3415 583 3501 625 erat
3510 576 3679 651 diligeret.

2259 657 2351 710 sed
2372 656 2496 727 quia
2518 657 2580 709 de
2598 657 2697 709 hoc
2715 655 2911 709 mundo
2927 671 3030 708 non
3041 655 3160 709 estis
3177 669 3412 725 propterea
3429 665 3512 716 odit
3523 684 3684 726 νοιιιιιιι.

2263 747 2361 800 dus
2397 745 2580 814 (Ioan.
2607 746 2720 815 xv).
2753 745 2816 800 Et
2842 744 3080 800 Joannes
3113 761 3125 798 :
3161 746 3345 812 Nolite,
3369 749 3520 822 inquit,
3543 758 3683 830 diligat

2258 844 2512 897 mundum
2548 857 2710 914 neque
2732 858 2793 896 ea
2819 857 2938 912 quia
2971 841 3026 895 in
3056 842 3243 896 mundo
3266 853 3390 912 sunt,
3405 849 3503 915 quia
3521 853 3684 923 quidquid

2256 947 2329 990 est
2359 938 2412 990 in
2438 937 2634 990 mundo
2664 945 2756 989 aut
2801 945 2880 990 est
2926 934 3330 1004 concupiscentia
3376 939 3596 1006 oculorum,
3632 961 3686 1004 an

2257 1026 2676 1095 concupiscentia
2725 1025 2901 1080 carnis
2947 1031 3044 1078 aut
3068 1024 3302 1092 superbia
3326 1026 3686 1100 simulantia}.

2257 1118 2416 1175 Hunc
2447 1119 2658 1173 hostem
2687 1127 2842 1173 notat
2868 1117 2958 1172 hic
2981 1117 3288 1186 Apostolus,
3311 1133 3418 1174 cum
3442 1120 3557 1189 dicit,
3578 1103 3690 1181 eam.

2256 1227 2347 1266 sus
2371 1210 2533 1279 hujus
2563 1210 2748 1264 mundi
2785 1219 3037 1276 rectores,
3084 1224 3181 1279 per
3205 1209 3339 1266 hunc
3373 1215 3572 1269 mundum
3599 1221 3691 1274 mali-

2259 1304 2390 1358 tiam
2435 1302 2833 1358 mundanorum
2868 1303 3178 1365 hominum,
3209 1318 3324 1374 qua
3358 1319 3384 1358 a
3409 1306 3615 1364 daemoniis
3643 1329 3693 1367 u-

2259 1395 2404 1466 gitur
2425 1395 2749 1466 intelligens.
2773 1395 2980 1450 Contra
3004 1395 3189 1449 mundi
3219 1395 3446 1450 malitiam
3464 1405 3692 1470 pugnandum

2257 1496 2342 1542 est
2366 1503 2459 1558 per
2486 1487 2829 1557 patientiam,
2857 1502 2956 1557 per
2985 1495 3343 1558 contemptum
3369 1491 3533 1554 mundi,
3555 1497 3695 1549 etdesi-

2258 1577 2467 1634 derium
2529 1579 2768 1634 ccclestis
2832 1580 3009 1651 regni.
3067 1579 3279 1636 Tertius
3334 1596 3446 1636 vero
3495 1583 3614 1640 hostis
3647 1599 3694 1643 est

2260 1672 2624 1741 malignorum
2655 1673 2948 1743 spirituum
2991 1673 3286 1739 exercitus,
3322 1682 3482 1728 contra
3505 1692 3613 1746 quem
3642 1696 3697 1736 nos

2261 1774 2445 1819 monet
2469 1765 2760 1836 Apostolus
2789 1763 2990 1820 Petrus
3018 1765 3247 1826 dicens:
3276 1767 3438 1821 Estote
3454 1771 3696 1837 prudentes,tt

2257 1858 2464 1928 vigilate
2489 1861 2542 1912 in
2573 1862 2924 1926 orationibus;
2955 1862 3087 1933 quia
3117 1862 3430 1915 adversarius
3456 1872 3579 1917 vester
3592 1866 3699 1917 diabo-

2254 1948 2358 2016 lus,
2385 1963 2633 2023 tanquam
2656 1954 2734 2009 leo
2757 1957 2968 2023 rugiens
2991 1957 3179 2010 circuit
3201 1971 3419 2026 quarens
3436 1959 3695 2026 quemderoret,

2255 2042 2342 2094 cui
2374 2044 2597 2097 resistite
2618 2044 2777 2114 fortes
2819 2047 2873 2100 in
2918 2047 3028 2116 ﬁde
3077 2045 3130 2117 (1
3165 2043 3302 2100 Petr.
3333 2048 3423 2116 Iv).
3467 2045 3525 2099 De
3559 2061 3626 2115 quo
3650 2048 3700 2102 hic

2254 2135 2550 2203 Apostolus
2577 2135 2780 2206 largius
2807 2138 3164 2208 prosequitur
3185 2140 3383 2204 dicens,
3412 2138 3702 2203 Advertit:an-

2254 2227 2460 2293 cipatus
2495 2237 2545 2282 et
2589 2241 2893 2297 potestates,
2925 2235 3183 2287 adversus
3228 2232 3382 2302 hujus
3406 2233 3552 2285 mundi
3572 2247 3703 2288 rectores
3739 2301 3741 2303 ι

2253 2319 2586 2372 tenebrarum
2607 2321 2795 2375 harum
2820 2333 3007 2376 contra
3043 2323 3304 2392 spiritalia
3329 2323 3536 2391 nequitia
3565 2324 3600 2375 itt
3622 2326 3706 2375 ιωιι.

2253 2411 2441 2464 stibus.
2478 2411 2572 2467 His
2607 2413 2809 2482 verbis,
2839 2413 3040 2469 fratres
3093 2415 3226 2478 mei,
3273 2415 3510 2469 malitiam
3545 2413 3707 2483 maligno-

2255 2520 2374 2560 rum
2429 2505 2720 2575 spirituum
2784 2515 3087 2576 exaggerat
3145 2505 3464 2576 Apostolus,
3505 2515 3548 2558 ttt
3587 2516 3707 2572 quanto

2259 2596 2444 2652 hOstes
2479 2599 2650 2653 nostri
2674 2606 2800 2653 sunt
2821 2597 3034 2666 pejores
3066 2598 3139 2652 ad
3166 2600 3470 2664 nocendum,
3498 2607 3604 2650 tanto
3641 2597 3708 2649 dti-

2255 2689 2467 2742 eiamur
2498 2690 2862 2759 promptiores
2885 2691 2950 2744 ad
2976 2691 3364 2745 resistendum.
3404 2687 3544 2744 Vocat
3557 2705 3708 2759 ergoet:

2253 2781 2605 2850 principatus,
2631 2781 2758 2850 quia
2790 2797 2890 2836 nec
2923 2782 3148 2850 singuli,
3180 2798 3279 2837 nec
3307 2781 3451 2836 diVisi
3491 2796 3567 2837 nos
3595 2795 3708 2851 perse-

2254 2882 2514 2941 quuntur.
2545 2873 2638 2926 sed
2661 2873 2728 2926 ad
2749 2872 3062 2942 exemplum
3109 2882 3420 2928 sanctorum
3441 2872 3710 2942 angeloruud

2255 2965 2735 3034 archangelorum,
2759 2964 2850 3018 alii
2874 2973 3004 3018 sunt
3033 2963 3302 3031 majores,
3325 2964 3410 3018 alii
3434 2975 3540 3018 sunt
3567 2965 3712 3018 minores

2253 3056 2523 3124 principes
2547 3055 2638 3125 qui
2670 3071 2793 3111 cum
2817 3057 3070 3111 omnibus
3099 3057 3218 3110 suis
3265 3057 3519 3126 subjectis,
3540 3071 3609 3110 nos
3633 3071 3711 3108 una-

2178 3175 2224 3237 c
2256 3149 2476 3202 ttitniter
2525 3157 2947 3218 persequuntur.
2978 3147 3156 3203 Vocat
3210 3148 3370 3202 etiam
3394 3161 3480 3201 eos
3521 3157 3712 3215 potestates,

2253 3240 2510 3310 quoniam
2560 3255 2629 3293 ex
2676 3248 2868 3293 natura
2901 3255 3012 3293 sua:
3041 3238 3301 3308 originis,
3331 3239 3491 3310 magni
3519 3239 3660 3308 vigoris
3685 3246 3716 3289 et

2251 3329 2538 3400 potestatis
2559 3339 2706 3394 sunt,
2735 3345 2834 3384 nec.
2861 3329 3025 3384 homo
3054 3332 3142 3384 eis
3188 3331 3437 3385 resistere
3478 3337 3629 3399 posset,
3658 3326 3717 3381 nisi

2253 3423 2396 3478 Deus
2425 3423 2687 3477 malitiam
2714 3436 2903 3478 eorum
2954 3421 3292 3478 refrenaret.
3340 3423 3478 3479 Unde
3506 3432 3549 3477 et
3580 3423 3720 3491 legimus

2252 3518 2396 3587 quod
2425 3516 2647 3588 angelus
2671 3532 2777 3571 una
2816 3525 2973 3572 nocte
3003 3518 3372 3588 primogenita
3395 3516 3578 3588 Egypti
3600 3513 3722 3568 occulit

2253 3610 2454 3682 (Exod.
2483 3613 2606 3679 ιιι).
2636 3609 2744 3666 Sed
2773 3619 2831 3665 ut
2861 3611 2936 3664 ait
2979 3611 3125 3666 idem
3164 3611 3463 3683 Apostolus,
3497 3612 3602 3665 Deus
3621 3607 3723 3662 ﬁdelis

2253 3710 2363 3764 est,
2394 3716 2494 3756 nec
2506 3701 2748 3770 patietur
2770 3701 3007 3770 aliquem
3032 3703 3242 3756 tentari
3286 3704 3354 3755 ab
3380 3703 3469 3762 eis,
3514 3700 3721 3765 ultraquae

2252 3800 2432 3860 potest
2460 3792 2508 3860 (l
2543 3789 2669 3845 Cor.
2694 3790 2776 3861 ι).
2814 3787 2984 3846 Vocat
3006 3791 3178 3846 etiam
3208 3807 3305 3847 eos
3320 3803 3521 3846 rectores
3541 3787 3666 3842 mundi
3683 3796 3723 3836 a-

2255 3882 2536 3936 nebrarum
2582 3882 2772 3937 harum
2799 3923 2815 3948 ,
2845 3897 2952 3936 non
2985 3883 3213 3952 quidem
3249 3884 3512 3937 mundanae
3536 3878 3722 3937 machth

2254 3985 2418 4042 quam
2446 3971 2595 4026 solus
2635 3971 2779 4026 Deus
2806 3981 2862 4028 et
2892 3973 3140 4027 condidit
3167 3983 3223 4028 et
3263 3973 3438 4045 regit;
3466 3972 3544 4026 sed
3570 3969 3725 4023 tenebra-

2254 4077 2378 4117 rum
2410 4062 2570 4118 istius
2604 4061 2810 4128 ntundi,
2849 4064 2901 4117 id
2927 4073 3011 4118 est
3038 4065 3334 4119 mundanae
3375 4058 3725 4124 malitiam”—

2257 4155 2330 4212 tis
2354 4164 2411 4210 et
2440 4156 2780 4228 ignorantiae,
2807 4172 2970 4226 quam
3008 4156 3063 4211 in
3100 4158 3412 4212 hominibus
3436 4167 3484 4210 et
3520 4168 3595 4224 per
3627 4149 3728 4204 boni-

2257 4264 2355 4306 nes
2381 4265 2580 4320 pravos
2610 4261 2849 4307 exercet.
2879 4251 2934 4305 ln
2959 4267 3068 4320 quo
3114 4253 3454 4306 demonstrat
3494 4246 3659 4301 nimiam
3677 4254 3726 4293 ea

2259 4359 2377 4398 rum
2413 4344 2764 4400 calliditatem
2800 4385 2816 4410 ,
2842 4346 3103 4416 quoniam
3148 4353 3268 4399 tum
3317 4358 3385 4398 ex
3427 4335 3642 4410 spirituali
3675 4346 3728 4386 sui

2257 4437 2486 4508 ονίεῑηε,
2514 4447 2626 4492 tum
2647 4453 2716 4493 ex
2741 4455 2840 4494 usu
2873 4439 3043 4510 longae
3061 4437 3428 4508 experientia;
3452 4431 3594 4486 vivaci
3610 4426 3728 4480 callent

2182 4525 2234 4586 D
2261 4531 2532 4595 acumine,
2586 4546 2682 4601 per
2727 4531 2873 4602 quod
2925 4533 3170 4601 magicas
3213 4540 3378 4592 artes,
3424 4520 3728 4580 inmutatione.

2258 4621 2479 4677 fraudes
2503 4633 2559 4677 et
2580 4621 2802 4677 insidias
2831 4623 3116 4677 inveniunt
3139 4622 3209 4676 ad
3250 4618 3607 4688 decipiendum.
3633 4609 3730 4662 Vocat

2259 4716 2424 4770 etiam
2447 4716 2851 4785 eos'spirituatia
2876 4715 3142 4786 nequitite,
3161 4715 3216 4770 id
3233 4726 3320 4770 est
3338 4710 3542 4783 spiritus
3559 4701 3730 4772 necuim-

2260 4826 2402 4864 rum.
2429 4809 2567 4876 Quia
2596 4811 2741 4863 enim
2768 4811 2991 4879 spiritus
3026 4817 3154 4863 sunt
3181 4807 3480 4862 invisibiles
3507 4800 3640 4861 nobis.
3660 4794 3728 4847 id“

2260 4897 2477 4955 facilius
2512 4916 2610 4955 nos
2633 4901 2888 4970 decipere
2927 4909 3196 4970 possunt,
3229 4900 3357 4970 quia
3385 4897 3557 4954 melius
3578 4885 3730 4945 visibilﬁ

2260 5007 2422 5062 quam
2458 4993 2755 5047 invisibiles
2784 4994 2968 5047 hostes
2999 5007 3285 5048 cavemus.
3313 4991 3370 5046 In
3393 5005 3455 5046 eo
3477 4995 3620 5043 autem
3644 4975 3728 5048 (μηδ

2260 5086 2337 5141 ait
2365 5085 2631 5156 nequitiis,
2659 5087 2896 5140 innatam
2920 5085 3228 5141 daemonum
3265 5093 3415 5141 notat
3428 5077 3730 5150 malignitatem.

2260 5176 2504 5249 Nequam
2533 5180 2678 5233 enim
2714 5188 2823 5244 est,
2864 5177 2959 5248 qui
3003 5179 3333 5232 naturaliter
3390 5172 3642 5230 malitiosus
3669 5169 3727 5215 est

2260 5271 2530 5343 Nonquia
2560 5271 2765 5326 malitia
2799 5271 3062 5328 naturalis
3087 5273 3178 5335 sit,
3207 5271 3308 5325 sed
3337 5269 3459 5340 quia
3493 5263 3644 5320 vilium
3675 5265 3733 5322 pm

2260 5377 2458 5422 natura
2491 5364 2740 5422 inolevit.
2770 5364 3028 5419 Diabolus
3056 5373 3238 5419 autem
3269 5359 3584 5430 exigentibus
3602 5343 3732 5406 meridi
3808 5407 3809 5430 1

2262 5459 2399 5522 suis,
2430 5458 2504 5512 ita
2529 5457 2583 5512 itt
2611 5456 2817 5512 malitia
2844 5471 2941 5511 sua
2971 5467 3056 5512 est
3108 5457 3430 5526 obstinatus,
3463 5459 3516 5505 ut
3559 5460 3640 5501 non
3673 5435 3731 5493 υἰέ

2261 5552 2462 5607 malum
2493 5552 2624 5608 velit
2662 5559 2717 5606 et
2766 5555 2959 5620 possit.
2998 5550 3230 5619 Semper
3268 5547 3429 5603 enim
3455 5542 3550 5598 volt
3578 5542 3732 5620 ηοεεηξ

2259 5659 2368 5699 ιιοιι
2397 5644 2543 5714 quod
2585 5645 2712 5700 inde
2758 5617 2862 5701 sibi
2908 5643 3112 5713 aliquid
3132 5617 3426 5698 commodi
3475 5637 3637 5706 speret.
3679 5617 3733 5677 εεδ

2260 5736 2387 5806 quia
2409 5751 2627 5808 semper
2655 5751 2851 5792 nocere
2878 5735 3179 5792 consuevit.
3232 5733 3606 5790 Conversantur
3620 5728 3732 5774 am

2260 5831 2534 5909 “mones
2564 5833 2622 5890 in
2649 5830 2957 5900 caestibus,
3000 5829 3057 5889 id
3083 5826 3246 5888 estin
3292 5840 3442 5904 aere,
3466 5830 3589 5879 unde
3607 5822 3648 5872 et
3679 5821 3730 5880 μ’·
