3896 6320
136 377 269 441 Sibi

134 586 300 661 aquis,
321 583 409 641 alii
434 583 490 641 in
509 585 843 654 nemoribus,
868 585 960 642 alii
986 588 1132 646 inter
1157 604 1262 647 nos
1286 601 1701 658 conversantur,

136 681 223 752 qui
247 686 443 751 quanto
478 686 607 735 sunt
653 680 814 738 nobis
861 680 983 739 loco
1037 686 1211 757 magis
1254 686 1513 757 proximi,
1552 695 1704 743 tanto

132 770 296 843 magis
320 769 562 827 timendi.

201 859 454 932 Sequitur
482 877 611 933 pars
647 863 833 934 tertia,
883 866 938 921 in
985 882 1092 938 qua
1123 870 1361 927 ostendit
1410 870 1703 936 Apostolus

129 954 317 1027 quibus
343 955 512 1013 armis
536 958 812 1028 pmdictis
856 961 1105 1020 hostibus
1137 964 1395 1022 resistere
1420 965 1703 1022 valeamus

128 1054 183 1102 et
208 1059 302 1101 eos
344 1061 677 1118 expugnare.
720 1049 1025 1122 Propterea,
1072 1054 1273 1126 inquit,
1319 1057 1568 1114 assumite
1605 1074 1701 1112 ar-

127 1145 383 1192 maturam
410 1136 536 1206 Dei,
577 1155 701 1211 quae
747 1140 870 1198 ideo
904 1143 1107 1201 dicitur
1150 1146 1270 1214 Dei,
1305 1148 1430 1221 quia
1471 1164 1579 1205 non
1630 1149 1701 1206 ab

125 1225 357 1295 homine,
382 1227 479 1283 sed
509 1243 541 1285 a
567 1230 684 1287 solo
706 1230 818 1287 Deo
842 1234 1001 1291 nobis
1027 1236 1327 1295 confertur.
1365 1237 1439 1295 Ut
1462 1241 1699 1311 possitis,

124 1315 312 1387 inquit,
343 1318 580 1375 resistere
605 1322 659 1377 in
688 1322 774 1377 die
819 1324 985 1393 malo,
1016 1326 1070 1383 id
1099 1337 1185 1385 est
1236 1328 1454 1387 malitia:
1504 1346 1700 1402 pravo-

123 1424 260 1477 rum,
286 1410 375 1480 qui
413 1427 559 1469 nunc
587 1412 789 1472 habent
832 1417 977 1474 diem
1023 1434 1204 1477 suum.
1246 1418 1317 1475 Et
1356 1420 1411 1476 in
1457 1422 1698 1477 omnibus

120 1500 331 1572 perfecti
352 1510 517 1571 stare,
546 1504 599 1561 id
626 1516 709 1563 est
735 1508 976 1580 undique
996 1510 1189 1568 muniti
1210 1510 1277 1567 ad
1307 1511 1693 1569 resistendum.

121 1593 264 1683 Sicut
286 1604 468 1652 autem
506 1598 821 1670 spirituales
849 1614 981 1661 sunt
1035 1606 1239 1673 hostes,
1274 1609 1348 1661 ita
1398 1607 1699 1678 spiritualis

121 1688 411 1745 essedebet
434 1701 736 1750 armatura.
775 1694 996 1768 Maligni
1031 1698 1234 1770 quippe
1252 1700 1479 1771 spiritus
1527 1704 1701 1775 sagit-

118 1778 185 1834 tis
205 1777 462 1836 vitiorum
498 1784 885 1843 machinantur
905 1796 1153 1845 nostram
1180 1790 1376 1848 vitiare
1405 1800 1461 1851 et
1505 1792 1697 1850 vulne-

117 1884 238 1927 rare
279 1880 529 1930 naturam
559 1890 576 1942 ;
609 1884 665 1932 et
695 1893 795 1934 nos
840 1888 1152 1939 econtrario
1192 1885 1493 1942 munimine
1524 1888 1698 1943 virtu-
1723 1858 1775 1920 Β

115 1972 223 2019 tum
248 1977 369 2020 eam
417 1968 638 2026 munire
666 1970 953 2041 debemus,
1010 1975 1120 2047 ipsi
1161 1979 1307 2035 enim
1356 1981 1698 2040 invisibiliter

114 2056 424 2148 impugnant
451 2075 551 2118 nos
580 2063 666 2120 vel
691 2079 793 2137 per
822 2066 1069 2126 illicitam
1098 2070 1449 2143 voluptatem,
1483 2075 1566 2131 vel
1597 2092 1698 2148 per

112 2147 351 2207 illicitum
381 2154 792 2226 cogitationem.
823 2161 1007 2218 Primo
1029 2163 1176 2220 enim
1200 2180 1301 2221 nos
1322 2180 1419 2237 per
1445 2147 1692 2226 illicitum

52 2326 55 2331 ὗ
110 2241 433 2333 voluptatem
462 2248 812 2322 impugnant.
844 2269 968 2313 cum
1010 2255 1306 2329 voluptate,
1358 2260 1597 2333 ingluvie
1638 2273 1697 2321 et

108 2331 323 2427 libidine
347 2352 450 2395 nos
477 2341 712 2413 cupiunt
743 2344 1054 2404 vulnerare.
1083 2349 1286 2406 Contra
1314 2331 1441 2423 quae
1457 2354 1696 2427 Aposto-

102 2422 183 2479 lus
243 2439 427 2485 monet
478 2431 694 2490 habere
744 2436 1130 2496 abstinentiam
1179 2452 1235 2499 et
1301 2422 1692 2505 continentiam

98 2533 219 2577 cum
264 2521 342 2577 ait
370 2539 387 2579 :
420 2521 621 2582 Estote
666 2526 870 2587 lumbos
904 2543 1099 2589 vestros
1135 2537 1423 2607 prmeiucti,
1474 2540 1527 2595 in
1557 2539 1696 2598 lum-

97 2608 178 2668 bis
209 2611 352 2668 enim
390 2612 573 2671 libido
592 2615 921 2677 dominatur.
964 2620 1120 2680 Unde
1154 2625 1416 2683 Dominus
1456 2628 1695 2702 loquens

95 2702 159 2793 ad
196 2702 293 2758 Job
325 2703 393 2760 de
440 2705 531 2760 dia
551 2706 674 2764 bolo
699 2709 820 2766 ait:
862 2709 1042 2768 Virtus
1080 2716 1197 2786 ejus
1241 2717 1297 2771 in
1341 2717 1535 2776 lumbis
1574 2723 1693 2793 ejus

94 2791 490 2867 (Jobxxxvul).
520 2797 603 2854 Et
646 2799 701 2855 in
744 2801 1041 2874 Evangelia
1089 2820 1106 2861 :
1153 2805 1277 2864 seu
1324 2809 1491 2866 lumbi
1535 2791 1694 2870 vestri

89 2888 356 2957 praeiucti
378 2890 551 2962 (Luc-
600 2896 738 2967 xix).
778 2896 914 2953 Cum
949 2916 1081 2972 ergo
1130 2904 1378 2975 pracipit
1418 2923 1519 2965 nos
1548 2908 1692 2966 lum-

89 2976 183 3033 bos
204 2979 515 3053 accingere,
552 2982 709 3053 jubet
735 3003 836 3044 nos
875 3005 974 3061 per
998 2993 1382 3054 abstinentiam
1410 3007 1469 3056 et
1515 3002 1694 3058 conti-

87 3072 326 3130 nentiam
369 3074 662 3135 luxuriam
704 3079 1005 3141 refrenare.
1049 3084 1330 3159 Sagittant
1372 3091 1539 3149 etiam
1590 3109 1692 3151 nos

86 3165 592 3276 maligniuspirittas
644 3174 1052 3276 tentationibus,
1083 3187 1145 3235 ut
1177 3180 1252 3236 ita
1300 3181 1555 3255 malignis
1592 3199 1690 3241 co-
1717 3211 1765 3276 ο

83 3257 438 3326 gitatiouibus
463 3275 582 3318 nos
614 3262 919 3322 vulnerent.
962 3266 1165 3325 Contra
1214 3286 1351 3342 quas
1374 3282 1557 3330 monet
1589 3291 1689 3334 nos

82 3348 393 3420 Apostolus,
424 3360 488 3407 ut
517 3354 824 3412 induamur
853 3357 1020 3415 lorica
1061 3357 1311 3429 justitite,
1338 3379 1461 3435 qua:
1509 3376 1691 3424 custo-

81 3439 192 3497 diat
212 3457 336 3512 nos,
369 3459 443 3499 ne
467 3444 646 3502 malis
668 3448 1096 3520 cogitationibus
1122 3452 1492 3513 vulneremur.
1515 3456 1690 3517 Porro

81 3541 267 3590 contra
287 3534 411 3592 hac
428 3536 557 3594 duo
570 3537 701 3594 vitia
725 3539 985 3612 praecepit
1009 3541 1272 3600 Dominus
1284 3560 1380 3616 per
1395 3543 1615 3619 Moysen
1632 3560 1692 3605 ut

75 3628 336 3684 sacerdos
355 3627 595 3686 lumbos
621 3630 866 3688 candidis
877 3632 1293 3693 femoraiibuset
1313 3647 1506 3708 pectus
1519 3641 1699 3697 ratio-~

78 3718 190 3773 nali
220 3720 573 3777 muniretur.
607 3720 797 3779 Solent
832 3724 978 3781 enim
1006 3740 1109 3782 nos
1149 3727 1411 3800 sagittare
1448 3731 1503 3786 in
1538 3733 1691 3802 pedi-

77 3808 200 3880 bus,
228 3811 297 3883 lid
339 3821 432 3869 est
464 3812 524 3868 in
569 3812 886 3884 aliectibus,
925 3826 985 3873 ut
1010 3818 1222 3876 scilicet
1269 3820 1403 3878 solis
1455 3826 1689 3883 tcrreuis

77 3920 184 3961 non
233 3906 574 3965 caelestibus
603 3908 810 3966 faciant
840 3925 941 3966 nos
986 3911 1275 3969 inhaerere.
1298 3914 1500 3974 Contra
1540 3919 1689 3991 quod

74 3996 235 4056 docet
278 4015 390 4058 nos
434 4000 741 4073 Apostolus
785 4003 1051 4061 sandaliis
1077 4004 1334 4076 caiceari,
1380 4018 1440 4065 ut
1480 4010 1691 4070 scilicet

72 4096 333 4169 exemplo
364 4105 719 4153 mortuorum
760 4095 1030 4168 justorum
1060 4099 1282 4168 muniti,
1311 4117 1421 4159 non
1454 4105 1689 4162 terrenis

67 4187 483 4257 inhaereamus,
516 4190 617 4247 sed
643 4190 711 4246 ad
741 4190 983 4247 cmlestia
1015 4191 1328 4261 tendamus,
1356 4210 1479 4253 cum
1510 4198 1685 4266 dixit,

67 4282 295 4338 calceati
344 4284 518 4355 pedes
569 4283 627 4337 in
658 4286 1044 4353 praeparatione
1071 4282 1348 4361 Evangelii
1391 4294 1557 4362 pacis.
1608 4290 1688 4349 Illi

63 4375 271 4447 quippe
296 4376 407 4434 soli
425 4375 815 4447 evangelizare
836 4386 965 4435 sunt
985 4384 1297 4454 praeparati,
1310 4384 1406 4457 qui
1427 4385 1689 4455 praedicto

61 4470 228 4524 modo
281 4479 423 4525 sunt
455 4468 716 4525 calceati.
753 4470 943 4529 Solent
969 4476 1137 4531 etiam
1168 4492 1269 4534 nos
1300 4477 1523 4549 maligni
1576 4478 1689 4548 spi-

831 376 1141 439 BOMILIE
1180 378 1252 440 IN
1286 378 1505 445 EPIST.
1543 384 1634 445 ET
1662 384 1695 446 Ε

1794 384 1923 446 ιΝῦο
1959 385 2261 448 ΒΟΠῙΝΙΟ.
2290 415 2364 437 --
2398 386 2580 448 PARS
2615 389 2680 449 ll.

138 495 563 588 testates___aerite
604 496 1062 588 vocantur._dSed
1117 499 1336 571 quidam
1389 516 1579 558 eorum
1650 502 1706 559 in
1733 502 1960 571 Adere,
2001 503 2098 562 sed
2141 504 2307 561 etiam
2349 503 2568 562 hostem
2616 504 2882 574 impetere
2914 501 3222 573 valeamus,
3269 522 3392 565 eum
3429 532 3469 588 ﬂ:

3254 386 3401 455 1101

1804 596 1967 654 docet
2009 612 2109 654 nos
2138 612 2416 655 assumere
2450 595 2689 669 gladium
2714 595 2961 666 spiritus.
2994 596 3046 651 id
3078 609 3185 663 est,
3233 599 3397 668 spiri-
3438 595 3474 694 ξ

1804 687 2032 751 tualem.
2075 687 2218 758 quod
2255 696 2340 745 est
2380 687 2607 743 verbum
2663 683 2771 740 dei.
2812 685 3045 742 Gladius
3085 687 3234 743 enim
3286 704 3395 759 quo

1804 777 1951 836 Deus
1989 778 2157 837 Pater
2192 780 2373 837 aerias
2418 786 2715 849 potestates
2745 780 3096 849 expugnavit,
3131 779 3396 837 Christus

1802 880 1908 936 est,
1955 872 2046 943 qui
2096 880 2312 928 constat
2360 885 2430 926 ex
2469 868 2757 926 titanubrio
2795 877 2853 924 et
2878 867 3052 935 ferro,
3097 871 3149 927 id
3193 879 3278 928 est
3322 886 3392 928 ex

1802 965 2163 1035 humanitate,
2210 980 2310 1038 per
2342 980 2504 1035 quam
2560 963 2665 1020 ﬁde
2713 971 2933 1020 tenetur
2986 972 3042 1018 et
3084 965 3393 1033 divinitate,

1802 1072 1923 1129 qua:
1949 1058 2165 1131 quidem
2191 1073 2259 1114 ex
2283 1067 2514 1129 utraque
2535 1065 2692 1127 parte
2725 1056 2941 1123 incidit,
2963 1056 3090 1128 quia
3110 1070 3308 1130 corpus
3335 1065 3395 1115 et

1801 1149 2042 1206 animam
2092 1160 2279 1223 potest
2316 1149 2594 1207 occidere.
2631 1147 2760 1208 Haec
2795 1157 2883 1204 est
2918 1149 3128 1205 securis
3157 1164 3279 1221 qua:
3320 1148 3393 1208 ad

1802 1242 2047 1298 radicem
2079 1241 2295 1298 arboris
2324 1240 2501 1315 posita
2532 1248 2639 1304 est,
2670 1253 2792 1310 quae
2817 1252 2928 1296 non
2960 1239 3132 1294 solum
3178 1237 3389 1297 infruc-

1804 1341 1990 1389 tuosos
2021 1334 2290 1399 homines,
2314 1332 2409 1390 sed
2431 1333 2598 1388 etiam
2621 1332 2895 1388 daemones
2919 1330 3159 1387 damnat.
3183 1331 3397 1390 Nihilo-

1800 1422 1984 1477 minus
2031 1432 2089 1479 et
2116 1424 2342 1480 verbum
2374 1422 2651 1496 Evangelii
2682 1422 2895 1496 gladius
2944 1422 3163 1479 dicitur.
3211 1425 3389 1493 Quem

1800 1515 1845 1571 si
1879 1525 2164 1571 teneamus
2188 1531 2374 1584 manu,
2407 1518 2460 1574 id
2491 1527 2600 1580 est.
2626 1515 2974 1587 operatione,
3009 1529 3301 1586 possumus
3332 1515 3391 1571 in

1799 1609 1967 1664 verbo
2012 1617 2071 1665 et
2106 1608 2163 1665 in
2212 1611 2435 1669 nomine
2458 1610 2663 1691 Christi
2704 1610 2981 1667 damones
3024 1609 3392 1666 exorciaando

1799 1700 2054 1772 dejicere.
2086 1711 2141 1757 et
2170 1702 2435 1759 malitiam
2463 1717 2656 1759 eorum
2684 1700 3045 1760 mortiﬁcare.
3078 1701 3188 1758 Sed
3218 1702 3388 1758 etiam

1799 1793 1976 1851 malos
1997 1793 2249 1852 homines
2272 1795 2807 1851 excommunicando
2826 1794 3103 1859 occidere,
3129 1793 3214 1849 vel
3236 1801 3391 1851 certe

1800 1900 1990 1943 eorum
2045 1886 2309 1942 malitiam
2360 1887 2652 1952 occidere,
2702 1889 2830 1945 dum
2888 1905 2985 1961 per
3034 1886 3388 1959 Evangelium

1798 1975 2035 2033 facimus
2087 1992 2214 2042 eos.
2255 1986 2481 2049 peccato
2521 1978 2699 2044 mori,
2751 1989 2808 2035 et
2860 1981 2972 2037 Deo
3021 1980 3227 2033 vivere.
3293 1974 3391 2032 Sic

1800 2068 2005 2140 itaque,
2022 2068 2225 2126 fratres
2244 2069 2374 2128 mei.
2392 2068 2439 2124 si
2464 2069 2660 2125 talibus
2681 2074 2852 2127 armis
2875 2068 3069 2126 muniti
3091 2067 3389 2133 fuerimus,

1799 2164 2104 2234 poterimus
2136 2179 2243 2219 non
2275 2162 2450 2219 solum
2483 2163 2664 2219 securi
2699 2164 2902 2229 vivere,
2944 2162 3039 2219 sed
3067 2160 3232 2218 etiam
3265 2174 3392 2216 ma-

1796 2254 1948 2311 litias
1978 2256 2286 2313 damonum
2316 2270 2616 2320 evacuare,
2641 2265 2697 2312 et
2736 2271 2766 2310 a
2810 2254 3058 2311 faucibus
3096 2253 3218 2323 ejus
3257 2266 3394 2323 cap-

1798 2348 1939 2404 tivos
1960 2348 2195 2421 eripere.
2220 2349 2372 2417 Quod
2401 2349 2666 2407 concedat
2689 2348 2849 2406 nobis
2872 2348 3015 2404 Deus
3033 2355 3090 2403 et
3120 2344 3393 2403 Dominus

1797 2450 1987 2499 noster
2012 2442 2105 2513 qui
2133 2442 2186 2497 in
2213 2441 2485 2499 Trinitate
2504 2441 2747 2514 perfecta
2771 2441 2903 2496 vivit
2918 2447 2975 2495 et
2991 2447 3184 2511 regnat
3203 2436 3387 2506 Deus,

1796 2550 1895 2608 per
1922 2534 2104 2592 omnia
2133 2536 2328 2593 saecula
2355 2536 2699 2594 saculorum.
2730 2537 2920 2592 Amen.

2332 2626 2619 2686 HOMILIA
2658 2625 2822 2685 XLV.

1858 2715 1867 2722 ’
1936 2735 2195 2777 nouiutca
2232 2735 2477 2778 vtcsslua
2519 2736 2683 2776 ratus
2720 2735 2855 2777 ros'r
2894 2734 3252 2777 ratur-ranas.

1869 2810 2004 2867 Erat
2057 2814 2274 2884 quidam
2329 2813 2579 2883 regulus,
2626 2811 2779 2884 cujus
2830 2811 2975 2882 ﬁlius
3013 2811 3389 2882 inﬁrmabatur

1796 2902 2138 2977 Capitamttm
2173 2906 2354 2979 (Joan.
2382 2906 2481 2979 tv).
2508 2907 2588 2963 Ex
2616 2908 2722 2963 hac
2747 2906 2923 2963 sancti
2952 2905 3231 2978 Evangelii
3279 2906 3389 2962 Iec-

1796 2998 1975 3065 tione,
2008 2998 2206 3056 fratres
2241 3000 2586 3066 charissimi,
2628 3000 2915 3056 advertere
2946 2998 3174 3068 potestis
3216 3014 3385 3070 quam

1794 3090 1870 3147 sit
1924 3091 2129 3147 homini
2175 3092 2482 3148 necessaria
2529 3091 2837 3147 adversitas
2886 3089 3219 3161 temporalis.
3270 3087 3386 3145 Nisi

1793 3181 1939 3237 enim
1982 3181 2125 3239 ﬁlius
2153 3182 2311 3238 istius
2352 3182 2523 3253 reguli
2554 3180 2953 3248 infirmaretur,
3000 3181 3068 3237 ad
3106 3180 3385 3237 Christum

1793 3272 2059 3329 accedere
2105 3289 2213 3330 non
2264 3282 2569 3346 cogeretur.
2618 3273 2800 3329 Voluit
2841 3287 2974 3342 ergo
3027 3272 3293 3344 benignus
3326 3280 3387 3328 et

1791 3364 2103 3421 misericors
2126 3364 2389 3422 Dominus
2418 3368 2520 3422 hac
2547 3367 2613 3423 de
2636 3381 2800 3423 causa
2829 3364 2998 3422 ﬁlium
3026 3366 3195 3436 reguli
3222 3366 3380 3423 inﬁr-

1792 3455 1957 3520 mari,
1998 3463 2059 3510 ut
2087 3455 2168 3511 sic
2191 3471 2314 3511 eum
2341 3458 2410 3511 ad
2433 3473 2492 3513 se
2515 3456 2703 3514 venire
2726 3465 2967 3528 cogeret.
2994 3454 3266 3526 Scriptum
3294 3464 3386 3514 est

1790 3549 1934 3605 enim
1965 3566 1980 3604 :
2016 3548 2149 3604 Cum
2180 3549 2436 3605 occideret
2464 3566 2552 3606 eos
2570 3590 2585 3615 ,
2616 3548 2925 3621 qurerebaut
2950 3564 3095 3614 eum,
3120 3556 3175 3604 et
3204 3564 3385 3604 reuer-

1792 3640 2038 3698 tebautur
2062 3642 2081 3712 (
2102 3640 2249 3697 I’saI.
2284 3644 2525 3711 Lxxvu).
2558 3642 2696 3699 Sunt
2726 3652 2909 3698 autem
2940 3639 3101 3711 hujus
3130 3640 3385 3699 lectionis

1791 3739 1905 3789 tres
1936 3744 2137 3805 partes.
2167 3733 2353 3789 Primo
2375 3733 2520 3789 enim
2551 3731 2768 3805 regulus
2795 3733 3089 3804 postulata
3123 3730 3378 3801 Domino,

1790 3828 1887 3885 sed
1933 3827 2245 3884 indiscrete.
2277 3823 2530 3883 Secundo
2560 3822 2852 3895 corripitur
2872 3821 2905 3878 ὲ
2946 3823 3178 3881 Domino
3207 3822 3378 3895 juste.

1791 3917 1976 3976 Tertio
2016 3917 2306 3974 exauditur
2332 3916 2587 3986 benigne.
2620 3914 2905 3972 Accedens
2934 3915 3120 3986 itaque
3159 3908 3384 3987 regulus

1788 4010 1858 4068 ad
1889 4009 2208 4077 Dominum,
2248 4017 2472 4081 propter
2499 4006 2871 4063 inﬁrmitatem
2914 4005 3011 4063 ﬁlii
3039 4006 3277 4078 postulat
3308 4008 3383 4065 ab

1788 4117 1874 4169 eo,
1917 4103 2027 4159 sed
2052 4101 2369 4159 indiscrete.
2402 4100 2471 4157 Et
2510 4099 2806 4157 indiscrete
2844 4099 3062 4173 quidem
3100 4100 3379 4172 postulat,

1788 4195 2026 4268 primum
2072 4194 2126 4251 in
2178 4195 2283 4250 hoc
2315 4193 2484 4265 quod,
2527 4192 2893 4265 praetermissa
2934 4192 3110 4251 salute
3147 4193 3377 4261 anima.

1789 4285 1963 4343 solam
2001 4284 2247 4357 corporis
2296 4282 2409 4340 ﬁlio
2449 4297 2551 4340 suo
2592 4284 2729 4356 petit
2768 4283 3085 4342 sanitatem.
3124 4284 3184 4341 Si
3226 4286 3378 4342 enim

1790 4376 2026 4434 discreta
2070 4384 2299 4448 peteret,
2345 4375 2523 4448 primo
2559 4376 2755 4432 animo
2783 4391 2897 4433 sua:
2934 4384 2991 4433 et
3035 4377 3233 4433 animae
3280 4378 3379 4434 ﬁlii

1788 4467 1875 4524 sui
1904 4467 2134 4524 salutem
2159 4466 2481 4539 postularet.
2510 4466 2786 4537 Scriptum
2807 4477 2891 4524 est
2914 4467 3099 4525 enim:
3131 4466 3379 4524 Primum

59 4560 203 4616 ritus
250 4575 360 4632 per
391 4559 845 4617 incredulitatem
875 4563 1165 4623 vulnerare
1190 4605 1208 4634 ,
1241 4575 1303 4623 ut
1328 4567 1541 4624 scilicet
1588 4584 1689 4626 nos

1794 4559 2013 4630 querite
2038 4574 2254 4630 regnum
2284 4558 2380 4613 Dei
2410 4556 2543 4629 (Luc
2593 4559 2717 4626 xu).
2748 4557 3002 4614 Secundo
3022 4574 3155 4615 vero
3182 4557 3237 4615 in
3270 4563 3379 4616 hoc

54 4649 293 4717 faciant,
350 4650 445 4707 vel
474 4651 552 4705 de
578 4651 758 4722 poenis
787 4654 1171 4722 reproborum,‘
1194 4656 1281 4715 vel
1307 4657 1374 4713 de
1414 4657 1685 4730 gloriﬁca-

54 4743 209 4800 tione
230 4744 543 4815 justorum
568 4741 840 4813 dubitare,
870 4755 928 4801 ut
953 4746 1030 4803 ita
1060 4762 1159 4804 uos
1181 4746 1391 4804 faciant
1415 4748 1469 4804 in
1496 4748 1688 4805 labore

40 4836 288 4905 iustitiae
312 4837 668 4892 lassescere.
693 4837 896 4893 Contra
919 4842 1063 4909 quod
1088 4856 1186 4897 nos
1208 4840 1371 4897 docet
1394 4840 1687 4912 Apostolus

43 4924 265 4982 habere
285 4934 534 4982 scutum
554 4925 699 4992 ﬁdei,
712 4926 767 4983 in
782 4943 890 5000 quo
903 4930 1176 5001 possimus
1189 4930 1562 5004 inimiciiguea
1582 4932 1686 4991 tela

38 5020 467 5093 exstinguere;
496 5019 764 5077 fortitudo
782 5022 981 5093 quippe
1005 5024 1151 5091 ﬁdei,
1175 5040 1281 5097 qua
1309 5025 1543 5084 ﬁrmiter
1566 5042 1687 5085 cre-

39 5114 237 5170 dimus
269 5113 467 5171 Deum
503 5125 976 5172 remuneratorem
1002 5116 1287 5183 bonorum,
1320 5129 1378 5177 et
1416 5120 1686 5178 vindicem

32 5207 361 5274 malorum,
381 5205 775 5280 exstinguitin
799 5207 956 5266 nobis
970 5209 1156 5281 jacula
1177 5208 1462 5267 libidinum
1485 5219 1543 5268 et
1554 5227 1686 5269 con-

32 5300 583 5374 cupiscentiarum.
608 5301 715 5358 Sed
747 5302 924 5359 solent
945 5303 1123 5360 adhuc
1147 5302 1378 5362 ﬁrmiter
1399 5305 1687 5363 credentes

22 5392 228 5462 jacqu
296 5393 479 5451 nimii
553 5393 763 5451 timoris
810 5404 866 5452 et
913 5396 1313 5469 desperationis
1370 5399 1682 5457 vulnerare.

27 5486 255 5544 Contra
285 5486 457 5558 quod
481 5500 596 5542 nos
610 5497 792 5543 monet
807 5488 1096 5560 Apostolus
1117 5489 1329 5561 galeam
1351 5491 1465 5563 spei
1492 5490 1687 5547 salutis

25 5592 373 5643 assumere,
409 5591 542 5647 quo
575 5586 738 5647 caput
766 5588 1011 5636 nostrum
1031 5619 1047 5646 ,
1080 5579 1134 5635 id
1163 5592 1267 5647 est,
1305 5580 1440 5637 ﬁdes
1473 5579 1682 5637 Christi

26 5668 85 5725 in
118 5669 340 5737 nobis,
380 5677 449 5725 et
475 5666 701 5736 justitia
745 5670 1004 5727 inviolata
1063 5680 1335 5727 servetur.
1386 5671 1682 5742 Postquam

18 5769 230 5819 autem
286 5757 629 5833 Apostolus
675 5760 905 5818 munivit
958 5776 1059 5819 nos
1092 5760 1263 5817 armis
1307 5762 1680 5832 protectionis,

18 5858 224 5915 munit
253 5870 453 5913 etiam
490 5869 603 5913 nos
637 5855 849 5928 gladio,
876 5871 986 5929 quo
1019 5870 1129 5915 non
1157 5853 1335 5917 solum
1364 5870 1466 5920 nos
1495 5853 1684 5919 dolens

1788 4650 2083 4709 indiscrete
2123 4649 2382 4721 postulat,
2416 4654 2558 4721 quod
2608 4650 2895 4707 Dominum
2938 4650 3269 4707 descendere
3306 4649 3376 4706 ad

1787 4745 2091 4803 sanandum
2119 4745 2290 4800 liliqu
2318 4760 2474 4800 suum
2508 4754 2680 4815 rogat,
2722 4744 2878 4815 quasi
2909 4742 3169 4799 Dominus
3194 4742 3373 4813 impo-

1789 4848 1913 4898 tens
1941 4849 2086 4896 esset
2113 4839 2274 4895 alicui
2317 4836 2571 4895 conferre
2605 4838 2929 4903 sanitatem,
2959 4837 3068 4894 nisi
3113 4850 3381 4908 corpora-

1787 4932 1916 4990 liter
1940 4946 2182 5005 praesens
2207 4941 2373 4989 esset.
2401 4932 2459 4988 lu
2495 4947 2605 5003 quo
2643 4940 2831 5004 aperte
2856 4932 3196 4987 demonstrat
3229 4929 3375 4999 quod

1788 5042 1914 5084 eum
1944 5041 2134 5083 verum
2164 5026 2337 5083 Deum
2364 5038 2488 5081 esse
2518 5039 2625 5081 non
2657 5024 2935 5082 credebat.
2962 5022 3021 5080 Si
3055 5023 3201 5080 enim
3246 5036 3373 5078 eum

1789 5132 1982 5176 verum
2008 5117 2178 5174 Deum
2211 5132 2335 5174 esse
2367 5116 2635 5182 crederet,
2663 5131 2787 5173 eum
2819 5114 3019 5189 ubique
3034 5130 3144 5187 per
3170 5113 3375 5171 divini.

1788 5220 1958 5268 tatem
1993 5220 2318 5283 prasentem
2360 5224 2484 5268 esse
2519 5209 2706 5267 sciret.
2735 5207 2923 5266 Tertio
2958 5208 3124 5266 etiam
3167 5207 3224 5265 in
3272 5206 3378 5264 hoc

1788 5302 2086 5361 indiscrete
2120 5302 2382 5373 postulat,
2417 5302 2563 5374 quod
2608 5309 2893 5374 postquam
2941 5315 2975 5355 a
3026 5299 3258 5357 Domino
3304 5300 3374 5354 de

1787 5392 2172 5451 incredulitate
2200 5404 2484 5466 correptus
2516 5401 2623 5459 est,
2656 5400 2839 5449 tamen
2866 5392 3044 5450 adhuc
3083 5392 3139 5449 in
3178 5391 3373 5448 eodem

1785 5497 2011 5563 perstat,
2029 5487 2245 5545 dicens:
2261 5485 2503 5554 Domine,
2519 5485 2773 5541 descende
2789 5484 3099 5557 priusquam
3110 5485 3373 5540 moriatur

1785 5579 1929 5651 ﬁlius
1961 5596 2131 5644 meus.
2156 5593 2222 5635 ac
2242 5578 2288 5635 si
2316 5578 2579 5635 Dominus
2599 5588 2872 5634 mortuum
2900 5577 3230 5633 resuscitare
3259 5588 3371 5632 non

1785 5671 2014 5728 valeret.
2062 5670 2356 5744 Propterea
2396 5688 2428 5727 a
2466 5670 2694 5727 Domino
2724 5669 2871 5739 juste
2904 5670 3220 5740 corripatur.
3274 5668 3372 5724 Est

1785 5771 1969 5818 autem
1999 5762 2115 5819 haec
2141 5778 2269 5834 pars
2301 5763 2564 5830 secunda,
2595 5763 2646 5818 in
2674 5778 2779 5834 qua
2822 5761 3081 5817 Dominus
3112 5759 3367 5815 increduo

1787 5852 2001 5918 iitatem
2041 5852 2161 5927 ejus
2189 5856 2416 5929 corripit
2445 5857 2631 5916 dicens
2660 5874 2674 5913 :
2711 5855 2833 5913 Nisi
2874 5856 3022 5929 signa
3050 5865 3097 5909 et
3123 5854 3369 5927 prodigia

3438 560 3466 622 is
