3896 6320
568 351 714 424 stos

1539 341 1888 402 ADDENDA.
1924 369 1997 384 σ-
2029 340 2400 410 ΒΔΒυιιΡΗΙ,
2420 340 2770 406 mm

3599 363 3688 426 iiii

567 465 825 530 uideritis,
871 479 976 518 non
1020 462 1265 516 credetis.
1308 457 1448 518 Hinc
1484 467 1569 514 est
1611 460 1756 529 quod
1804 459 1931 516 alibi
1967 461 2039 517 ab
2089 475 2156 518 eo
2183 463 2230 524 Α
2256 476 2385 526 rem,
2413 459 2500 516 cui
2524 459 2784 514 tributum
2811 458 3406 534 tributum,¢uivectigat
3427 473 3688 543 κνήμη,

567 558 784 626 signum
813 554 1087 625 postulant
1110 553 1226 610 ﬁeri
1253 552 1422 608 Judaei
1455 553 1696 609 dicentes
1719 571 1732 606 :
1765 552 1919 620 Quod
1941 554 2152 623 signum

569 649 702 719 facis
730 656 786 702 ut
806 648 1075 702 videamus
1098 656 1150 701 et
1174 647 1448 702 credamus
1477 646 1612 700 tibi?
1658 645 1840 716 (Joan.
1871 657 1958 717 ιι.)
1982 647 2154 705 Porro

569 759 692 796 cum
743 741 930 796 eadem
962 743 1170 811 possint
1199 755 1321 796 esse
1360 739 1604 810 prodigia
1646 747 1702 795 et
1738 739 2152 809 signa,-tamen

573 837 728 903 signa
761 851 790 888 a
835 836 1265 906 signiﬁcatione,
1295 842 1352 889 et
1400 833 1643 904 prodigia
1679 834 1746 888 ab
1786 833 2156 889 admiratione

567 929 839 984 dicuntur.
891 929 966 984 Ea
1004 932 1199 999 quippe
1240 941 1408 996 opera
1449 927 1566 982 ﬁeri
1619 943 1649 981 a
1697 927 1925 983 Domino
1963 936 2154 997 postu-

565 1017 774 1085 labant,
800 1038 918 1090 qua:
936 1033 1115 1078 essent
1138 1022 1404 1092 prodigia,
1426 1021 1480 1076 id
1500 1029 1586 1076 est
1610 1030 1808 1091 praeter
1829 1027 2155 1076 consuetum

565 1125 776 1168 natura:
821 1132 1038 1169 cursum
1090 1115 1465 1179 admirabilia,
1514 1125 1569 1170 et
1603 1114 1755 1186 signa
1779 1155 1796 1174 .
1832 1113 1885 1170 id
1914 1123 2000 1170 est
2027 1129 2155 1170 eum

564 1203 737 1258 Deum
793 1220 914 1260 esse
948 1207 1334 1276 signiﬁcantia.
1373 1207 1548 1261 Erant
1594 1211 1740 1262 enim
1789 1207 1962 1262 Judaai
2008 1207 2152 1272 duri,

563 1303 621 1348 et
659 1297 724 1350 de
765 1313 992 1352 numero
1047 1315 1235 1354 eorum
1303 1301 1396 1369 qui
1447 1299 1672 1356 difﬁcile
1731 1309 2151 1356 convertuntur.

564 1385 808 1451 Quatuor
838 1390 1036 1461 quippe
1061 1392 1203 1447 modi
1229 1402 1375 1457 sunt,
1405 1394 1601 1463 quibus
1630 1393 1813 1448 divina
1840 1393 2152 1450 misericor-

563 1483 650 1537 dia
697 1487 762 1539 ad
803 1501 863 1541 se
911 1489 1078 1544 trahit
1104 1499 1435 1557 peccatores.
1471 1489 1649 1544 Alium
1683 1491 1825 1544 enim
1862 1499 2022 1544 vocat
2065 1505 2154 1544 so-

563 1583 842 1637 lummodo
874 1597 971 1652 per
1003 1582 1320 1636 interiorem
1341 1582 1757 1652 inspirationem
1797 1593 1857 1638 ut
1884 1582 2154 1651 Magdale-

564 1691 691 1730 natn
721 1685 775 1728 et
802 1675 1068 1728 latronem
1094 1673 1260 1728 alium
1276 1689 1372 1744 per
1385 1673 1849 1744 praedicationem,
1878 1687 1935 1730 ut
1957 1675 2152 1730 Sama-

561 1769 812 1834 ritanam,
847 1768 1008 1822 alium
1045 1783 1143 1838 per
1179 1769 1564 1824 miraculorum
1617 1771 1983 1826 ostensionem
2010 1810 2026 1835 ,
2093 1779 2153 1824 ut

2253 553 2434 625 ceptio
2487 568 2617 624 ergo
2639 568 3004 623 personarum
3054 564 3138 610 est
3180 557 3364 616 abusus
3385 572 3690 636 reverentiae;

2254 647 2465 718 privata
2488 662 2674 711 causa,
2694 656 2755 702 ut
2781 649 2997 716 quando
3024 649 3148 720 quis
3181 650 3390 709 honorat
3412 657 3594 728 aliquam
3613 683 3691 736 ρετ.

2256 755 2444 796 sonam
2476 755 2582 795 non
2612 750 2838 812 propter
2868 741 3167 808 Deum,sed
3194 751 3591 823 propteraliqnam
3612 771 3693 818 tem.

2253 833 2498 905 poralem
2527 849 2770 890 causam.
2798 834 2990 905 Itaque
3011 851 3197 893 omnes
3217 839 3504 907 bornines,in
3520 863 3691 916 quantum

2254 936 2386 984 sunt
2413 925 2686 991 homines,
2711 926 2997 997 aequaliter
3028 936 3154 983 sunt
3177 931 3442 988 venerandi
3463 943 3508 989 et
3531 945 3691 999 amandi.

2254 1018 2392 1078 Boni
2441 1034 2571 1074 vero
2600 1018 2778 1089 magis
2828 1018 3137 1075 honorandi
3163 1031 3282 1074 sunt
3309 1037 3449 1091 quam
3471 1027 3580 1081 mali.
3598 1029 3694 1088 Sicut

2257 1128 2390 1170 vero
2422 1113 2674 1188 homines
2701 1129 2807 1168 non
2839 1122 2967 1168 sunt
2993 1122 3214 1184 propter
3238 1113 3433 1173 divitias
3455 1127 3499 1174 et
3517 1128 3694 1190 potentias

2258 1207 2585 1273 honorandi,
2601 1205 2695 1262 sed
2714 1217 2945 1277 propter
2966 1207 3159 1272 Deum,
3179 1207 3252 1262 ita
3269 1224 3359 1264 nec
3379 1220 3484 1265 sunt
3499 1221 3692 1283 spernendi

2257 1309 2478 1372 propter
2507 1308 2882 1370 paupertatem
2930 1315 3112 1366 suam,
3147 1299 3241 1356 sed
3264 1301 3523 1360 honorandi
3555 1322 3696 1379 propter

2258 1391 2448 1448 Deum.
2476 1391 2532 1448 Si
2555 1402 2735 1448 autem
2768 1392 3169 1449 declinaverint
3193 1393 3325 1463 apud
3353 1410 3427 1450 me
3453 1412 3560 1453 unus
3584 1401 3690 1469 dites,

2258 1493 2316 1539 et
2342 1499 2478 1540 unus
2499 1500 2706 1556 pauper
2724 1484 2968 1553 ejusdem
2991 1485 3488 1554 bonitatis,debeone
3505 1505 3572 1547 eos
3587 1507 3697 1564 aqua

2258 1575 2385 1631 liter
2410 1577 2691 1632 venerari?
2720 1577 2932 1648 utique,
2985 1577 3033 1633 si
3061 1577 3180 1634 ﬁeri
3215 1589 3382 1648 potest
3419 1583 3515 1637 sine
3535 1587 3698 1642 seandalo

2258 1668 2462 1726 divitis.
2523 1670 2632 1726 Sed
2693 1671 2824 1743 quia
2881 1670 3082 1730 «ﬁvites
3137 1671 3343 1729 facilius
3392 1675 3698 1736 scandalizatur

2258 1775 2424 1832 quam
2451 1776 2741 1832 pauperes,
2772 1772 2849 1831 et,
2895 1774 2959 1821 ut
2986 1766 3068 1820 ait
3108 1776 3325 1822 sanctus
3347 1767 3698 1841 Benedictus.ipse

569 1863 976 1922 centurionem;
1032 1861 1195 1915 alium
1230 1875 1326 1929 per
1355 1862 1700 1918 adversitatis
1746 1863 2153 1928 necessitatem,
2191 1842 2237 1898 Β
2261 1855 2427 1911 timor
2445 1865 2726 1926 potentum
2760 1857 2864 1915 sibi
2898 1859 3070 1931 exigit
3102 1862 3377 1930 honorem,
3417 1863 3473 1917 ad
3497 1864 3700 1922 evitandum

560 1963 623 2007 ut
651 1953 894 2007 Paulum.
921 1951 1122 2006 Omnes
1155 1959 1333 2006 tamen
1374 1967 1476 2021 per
1512 1952 1830 2007 interiorem
1883 1952 2155 2007 illumina-

567 2047 764 2100 tionem
806 2046 872 2099 ad
903 2061 961 2099 se
1015 2045 1204 2109 trahit,
1239 2044 1534 2102 secundum
1570 2045 1697 2099 illud
1734 2065 1746 2098 :
1801 2044 1972 2100 Nemo
2015 2049 2155 2101 venit

562 2139 631 2191 ad
657 2155 754 2202 me,
783 2139 882 2192 nisi
906 2136 1069 2191 Pater
1085 2154 1230 2192 meus
1257 2140 1478 2192 traxerit
1501 2155 1618 2192 eum
1644 2138 1828 2202 (Joan.
1855 2140 1954 2209 vr).
1985 2139 2151 2195 Istum

564 2236 748 2281 autem
778 2227 1106 2296 regnlumad
1131 2245 1189 2284 se
1225 2230 1442 2284 vocavit
1472 2245 1568 2301 per
1597 2234 1975 2286 necessitatem
1998 2232 2152 2302 pari-

565 2326 648 2376 ter
675 2327 726 2373 et
757 2319 1097 2374 miraculum.
1133 2319 1236 2376 Per
1279 2322 1683 2389 necessitatem,
1717 2323 1844 2391 quia
1877 2323 1978 2379 nisi
2009 2324 2153 2380 ﬁlius

559 2412 678 2481 ejus
731 2414 1124 2480 inﬁrmaretnr,
1181 2418 1250 2470 ad
1295 2415 1567 2471 Christum
1618 2432 1721 2471 non
1778 2417 2005 2473 veniret.
2051 2417 2156 2474 Per

560 2506 905 2572 miraculum,
951 2508 1102 2576 quia,
1147 2517 1207 2562 ut
1246 2509 1360 2578 ipse
1387 2509 1484 2573 ait,
1519 2509 1620 2563 nisi
1656 2510 1876 2579 regulus
1904 2511 2056 2580 signa
2097 2519 2168 2574 et_

558 2596 804 2666 prodigia
830 2598 1074 2664 vidisset,
1105 2615 1211 2653 non
1260 2600 1599 2656 credidisset.
1637 2601 1910 2671 Contingit
1949 2612 2152 2671 tamen,

560 2689 704 2757 quod
738 2689 813 2744 illi
845 2690 938 2760 qui
969 2688 1191 2746 fuerunt
1220 2693 1289 2746 ad
1337 2694 1762 2748 convertendum
1795 2692 2151 2764 difﬁciliores,

561 2786 672 2842 sint
704 2789 759 2842 in
792 2789 896 2845 ﬁde
921 2789 1212 2856 ﬁrmiores,
1243 2801 1297 2847 et
1323 2801 1529 2862 quanto
1559 2793 1831 2848 diﬁicilius
1859 2801 2153 2864 potuerunt

488 2916 496 2924 .
559 2882 826 2934 removeri
886 2883 953 2937 ab
1004 2883 1340 2951 inﬁdelitate,
1387 2895 1537 2941 tanto
1597 2887 1871 2942 difﬁcilius
1927 2894 2153 2957 possunt

557 2975 829 3029 removeri
856 2991 885 3029 a
913 2976 1039 3043 ﬁde,
1070 2988 1129 3032 ut
1159 2977 1212 3032 in
1236 2978 1405 3034 Paulo
1430 2991 1701 3051 apparet.-

637 3063 895 3134 Sequitur
939 3083 1069 3136 pars
1106 3072 1290 3140 tertia,
1326 3072 1377 3126 in
1433 3089 1538 3142 qua
1583 3074 1802 3144 regulus
1843 3073 2078 3143 benigna
2122 3088 2153 3127 a

561 3157 794 3212 Domino
822 3163 1132 3229 exauditur,
1163 3181 1285 3220 cum
1309 3165 1359 3221 ei
1383 3166 1582 3220 dicitur
1616 3183 1629 3219 :
1676 3166 1838 3233 Vade,
1867 3168 1989 3234 quia
2008 3167 2152 3235 ﬁlius

2259 1954 2550 2016 peccatum
2571 1949 2818 2005 scandali
2842 1949 3189 2021 praeferimus
3215 1952 3419 2009 divitem
3434 1957 3616 2024 pauperi,
3630 1972 3698 2012 cum

2262 2048 2444 2097 tamen
2467 2041 2523 2097 in
2555 2050 2740 2099 mente
2767 2040 2874 2099 non
2915 2045 3101 2101 minus
3124 2059 3405 2116 pauperem
3437 2047 3702 2119 diligatiset

2257 2148 2510 2192 seorsum
2561 2152 2669 2192 non
2718 2139 2898 2193 minus
2933 2141 2985 2195 ei
3038 2139 3366 2195 deferamus.
3399 2139 3565 2211 Itaque,
3583 2142 3704 2195 intra

2258 2227 2404 2292 mei,
2452 2237 2718 2297 quantum
2768 2244 3067 2300 possumus
3125 2230 3510 2302 Redemptorem
3555 2241 3705 2288 nostrum

2261 2318 2562 2386 imitemur,
2620 2335 3094 2392 personarumque
3140 2324 3487 2392 acceptionem
3523 2323 3703 2390 evitents,

2259 2427 2530 2484 pauperes
2555 2414 2912 2480 honoremus,
2953 2423 3009 2469 et
3035 2414 3285 2469 inﬁrmos
3315 2414 3487 2470 devote
3509 2414 3705 2469 visitenus

2258 2503 2316 2559 In
2368 2519 2479 2574 quo
2507 2503 2724 2574 regulus
2762 2505 2933 2570 bene,
2965 2513 3023 2559 et
3064 2504 3112 2558 si
3145 2519 3254 2558 non
3302 2503 3466 2574 plene,
3507 2503 3706 2574 postularit,

2258 2611 2384 2658 eum
2405 2596 2672 2653 Dominus
2698 2595 2912 2666 plenius
2931 2611 3098 2666 quam
3126 2596 3479 2667 postulaverat
3519 2595 3636 2651 audit.
3659 2595 3708 2653 ille

2258 2689 2402 2744 enim
2429 2689 2601 2744 solam
2633 2688 2922 2745 sanitatem
2951 2689 3049 2743 ﬁlii
3077 2688 3411 2760 corporalem
3433 2687 3668 2757 postulabat,
3680 2698 3710 2742 et

2257 2781 2523 2838 Dominus
2551 2781 2832 2838 datetiant
2864 2783 2913 2837 ei
2946 2781 3184 2837 salutem
3219 2780 3423 2844 animas,
3450 2779 3492 2833 id
3513 2789 3576 2834 est
3602 2779 3708 2834 ﬁdem.

2255 2876 2325 2932 Et
2354 2892 2460 2932 non
2509 2875 2684 2933 solum
2735 2876 2833 2943 illi,
2866 2877 2960 2932 sed
3009 2877 3180 2931 etiam
3232 2876 3329 2946 ipsi
3375 2875 3498 2944 patri
3519 2883 3562 2928 et
3583 2870 3711 2926 familia

2258 2970 2379 3024 toti.
2411 2969 2542 3025 Viso
2569 2969 2715 3024 enim
2749 2969 2958 3039 triplici
2986 2967 3279 3031 miraculo,
3309 2966 3532 3022 videlicet
3553 2964 3713 3034 quiaDo-

2256 3064 2441 3120 minus
2468 3062 2753 3119 absentem
2810 3073 3123 3128 sanaverat,
3158 3071 3216 3117 et
3260 3061 3382 3131 quia
3424 3061 3523 3116 solo
3542 3060 3713 3121 verbo,et

2259 3154 2385 3226 quia
2410 3155 2466 3210 in
2498 3155 2689 3210 eodem
2731 3165 2934 3224 puncto
2967 3155 3022 3208 in
3049 3169 3164 3224 quo
3189 3153 3262 3208 ibi
3289 3152 3438 3218 dixit,
3464 3161 3511 3207 et
3541 3150 3654 3204 ﬁlium
3667 3163 3716 3201 SI-

561 3258 684 3304 tuus
717 3252 863 3306 nirit.
897 3252 1039 3309 Sane
1065 3257 1171 3311 duo
1201 3259 1570 3327 postulaverat
1599 3217 2148 3328 regulus'a’Dou'tino,
2180 3217 2227 3282 ρ
2259 3248 2429 3311 nam,
2458 3247 2681 3302 ονεάίάίε
2714 3248 2824 3316 ip“
2851 3256 2899 3301 ει
2923 3246 3112 3300 dom”
3144 3244 3265 3315 91"“
3287 3254 3414 3299 εοια·
3456 3243 3716 3298 credamus“

556 3353 612 3398 ct
641 3356 699 3398 ut
721 3345 1096 3413 descenderet,
1118 3360 1172 3406 et
1201 3359 1260 3404 ut
1291 3352 1454 3405 ﬁlium
1489 3368 1644 3406 suum
1669 3361 1905 3407 sanaret.
1943 3353 2000 3406 In
2050 3354 2153 3408 hoc

559 3449 712 3506 ergo,
751 3438 801 3490 in
829 3455 936 3508 quo
963 3456 1068 3495 non
1093 3440 1232 3496 bene
1256 3443 1642 3514 postulaverat,
1664 3458 1766 3498 non
1784 3445 2007 3501 exaudit
2024 3459 2152 3500 eum

559 3526 840 3584 Dominus.
884 3531 939 3585 In
973 3549 1082 3603 quo
1106 3550 1233 3589 vero
1257 3537 1413 3599 bene,
1445 3544 1499 3590 et
1540 3537 1585 3591 si
1626 3552 1730 3591 non
1760 3537 1936 3607 plene,
1963 3546 2151 3608 postu-

558 3619 712 3681 lavit.
747 3639 869 3678 eum
904 3626 1113 3694 plenius
1142 3629 1312 3681 audit.
1348 3629 1682 3684 Descendere
1713 3631 1912 3701 quippe
1941 3631 1994 3685 in
2047 3632 2150 3686 do-

560 3728 708 3768 mum
737 3716 853 3786 ejus
873 3717 1065 3782 noluit,
1081 3720 1149 3772 ob
1170 3729 1280 3775 tres
1295 3735 1510 3787 causas,
1531 3722 1854 3778 utvidelicet
1871 3723 2073 3794 ubique
2089 3739 2150 3780 se

559 3819 682 3861 esse
697 3809 1105 3878 perdivinitatis
1129 3812 1420 3879 potentiam
1439 3813 1858 3880 demonstraret,
1877 3826 1936 3870 ut
1951 3815 2148 3872 absen-

556 3900 665 3946 tem
683 3894 956 3950 inﬁrmum
972 3898 1272 3953 mirabilius
1284 3910 1532 3956 sanaret:
1552 3910 1609 3955 ut
1621 3917 1680 3957 se
1694 3918 1800 3958 non
1818 3918 1938 3959 esse
1952 3917 2151 3976 accep-

561 3996 732 4041 torem
757 4004 1111 4058 personarum
1135 3992 1554 4050 demonstraret.
1573 3995 1798 4066 Propter
1819 3998 1920 4054 hoc
1947 3998 2146 4069 quippe

557 4080 622 4132 ad
649 4079 815 4132 ﬁlium
844 4083 1014 4152 reguli
1047 4084 1211 4139 etiam
1242 4095 1466 4156 rogatus
1489 4088 1570 4144 ire
1596 4088 1792 4155 noluit,
1819 4090 1912 4159 qui
1958 4099 2141 4145 tamen

558 4173 626 4226 ad
655 4187 871 4228 servum
900 4179 1237 4234 centurionis
1260 4191 1450 4250 sponte
1474 4198 1533 4238 se
1560 4184 1764 4239 iturum
1789 4186 2066 4255 promisit.
2085 4186 2145 4240 In

559 4276 688 4346 quo,
720 4263 920 4320 fratres
951 4270 1080 4335 mei,
1111 4272 1396 4329 confundit
1417 4279 1834 4345 perversitatem
1874 4287 2142 4343 nostram,

559 4356 649 4424 qui
703 4357 896 4414 divites
952 4371 1175 4434 propter
1227 4367 1445 4423 divitias
1502 4385 1628 4425 snas
1690 4373 2056 4436 honoramus,
2088 4382 2146 4426 et

557 4463 824 4520 pauperes
853 4464 1077 4528 propter
1122 4470 1500 4530 paupertatem
1559 4477 1714 4516 suam
1757 4479 2134 4534 aspernamur,

2256 3354 2357 3395 nos
2376 3339 2432 3394 in
2456 3353 2584 3392 eum
2609 3338 2866 3402 ﬁrmiter,
2881 3336 3083 3392 fratres
3111 3337 3250 3401 mei,
3273 3335 3375 3390 ﬁde
3400 3350 3486 3405 per
3502 3332 3716 3388 chariuten

2254 3438 2518 3500 operante
2568 3427 2714 3500 (Cal.
2747 3429 2824 3498 ν),
2861 3421 3008 3484 θυιιι’
3042 3436 3158 3483 tota
3207 3426 3480 3483 devotione
3519 3425 3718 3494 diligentes,

2255 3521 2591 3578 voluntatem
2636 3521 2756 3592 ejus
2777 3530 2980 3577 nostra:
3007 3531 3410 3591 praeponentes,
3433 3518 3533 3590 ejus
3560 3515 3718 3572 mandata

2254 3614 2546 3682 facientes,
2589 3631 2690 3670 nos
2717 3615 3097 3671 immaculatos
3125 3615 3504 3680 custodientes,
3539 3612 3719 3682 proximos

2253 3719 2475 3766 nostros
2497 3711 2552 3765 in
2571 3711 2700 3777 Deo,
2725 3720 2782 3766 et
2803 3711 3058 3765 inimicos
3084 3720 3317 3780 propter
3342 3707 3495 3763 Dequ
3519 3705 3716 3776 diligentes,

2252 3817 2522 3874 pauperes
2551 3817 2651 3874 per
2676 3803 3112 3874 compassionem
3162 3810 3223 3858 et
3274 3801 3618 3870 eleemosynam
3647 3793 3720 3847 tisi-

2252 3903 2454 3963 tantes,
2497 3903 2714 3950 terrena
2757 3894 2945 3950 omnia
2996 3894 3411 3964 vilipendentes,
3461 3891 3520 3945 ad
3557 3885 3713 3944 celestit

2252 3996 2368 4044 toto
2415 3987 2690 4044 desiderio
2733 3988 3083 4053 festinantes,
3139 3989 3264 4057 ipso
3289 3987 3529 4056 largiente
3549 3982 3618 4052 qui
3649 3992 3717 4034 cui

2251 4079 2420 4136 Patre
2437 4090 2492 4135 et
2522 4079 2731 4150 Spiritu
2760 4088 2953 4136 sancto
2982 4079 3118 4135 vivit
3147 4087 3207 4135 et
3225 4075 3719 4150 regnatDeuspcronr

2251 4172 2343 4228 nia
2370 4173 2571 4230 saecula
2603 4173 2950 4229 saeculorum.
2978 4173 3178 4227 Amen.

2785 4265 3067 4323 HOMILIA
3105 4264 3296 4321 XLVI.

2358 4376 2614 4416 DOIlNlCL
2648 4376 2897 4416 γιιιεειιιΑ
2933 4374 3173 4416 εεουιιιιι
3213 4373 3343 4415 ιιοθτ
3373 4365 3662 4416 τιιιιιιτιτει.

2325 4454 2552 4525 Con/ida
2582 4455 2648 4508 de
2672 4454 2817 4508 robis
2851 4455 2907 4508 in
2931 4452 3180 4519 Domino,
3205 4452 3334 4524 quia
3370 4449 3454 4520 qui
3478 4446 3599 4514 capit
3617 4443 3654 4495 in
3672 4457 3718 4492 ιο-

557 4543 653 4610 qui
689 4546 806 4613 plus
832 4563 1123 4617 pensamus
1163 4554 1214 4606 in
1239 4554 1494 4607 omnibus
1527 4555 1786 4608 honorem
1819 4557 2139 4612 saecularem
2169 4577 2227 4638 ο
2253 4549 2333 4604 bis
2354 4566 2484 4620 opus
2507 4550 2724 4617 bonum,
2747 4548 2980 4620 perﬁciet
3007 4564 3173 4619 usque
3211 4549 3270 4602 in
3315 4546 3446 4601 diem
3472 4541 3580 4638 lett:

557 4647 719 4703 quam
753 4646 1024 4696 naturam.
1054 4641 1228 4711 Super
1257 4642 1360 4696 hoc
1406 4642 1598 4696 eodem
1638 4658 1737 4698 nos
1780 4646 1961 4717 arguit
1983 4646 2170 4704 Jacor

557 4725 678 4790 bus,
714 4728 941 4784 dicens:
979 4728 1183 4794 Nolite,
1221 4731 1432 4798 fratres,
1459 4733 1650 4787 habere
1691 4735 1749 4788 in
1788 4741 2143 4808 acceptionem

556 4835 899 4887 personarum
949 4824 1108 4892 [idem
1137 4825 1320 4895 gloria:
1367 4826 1494 4880 Jesu
1524 4827 1723 4883 Christi
1753 4829 1896 4902 (Jac.
1931 4834 2012 4902 ιι).
2049 4835 2143 4890 Et-

557 4912 704 4966 enim
746 4913 790 4966 si
816 4914 939 4982 quis
972 4915 1056 4968 vir
1085 4916 1138 4969 in
1161 4917 1358 4971 vestitu
1417 4920 1647 4976 candido
1678 4936 1904 4979 aureum
1937 4924 2143 4982 habens

558 5007 820 5061 annulum
850 5008 1120 5064 introierit
1158 5010 1211 5063 in
1260 5022 1582 5068 conventum
1613 5024 1879 5084 vestrum,
1910 5020 2138 5078 dicetis:

559 5094 701 5152 Sede
726 5097 812 5151 hic
845 5097 1002 5152 bene.
1029 5098 1087 5154 Si
1117 5108 1299 5155 autem
1327 5103 1598 5160 introierit
1618 5121 1825 5179 pauper
1847 5111 1902 5166 in
1922 5112 2142 5168 sordido

561 5189 773 5255 habitu,
807 5190 1045 5246 dicetis:
1083 5192 1178 5249 Sta
1229 5194 1340 5252 illic
1385 5207 1480 5252 aut
1526 5200 1657 5254 sede
1702 5201 1804 5256 sub
1846 5203 2140 5259 scabellnm

558 5279 758 5349 pedum
788 5297 1054 5338 meorum.
1089 5284 1194 5342 Sed
1227 5288 1270 5342 si
1307 5289 1412 5345 hoc
1438 5302 1716 5360 peccatum
1758 5301 1864 5362 est,
1893 5295 2024 5366 quid
2061 5304 2144 5352 est

560 5370 704 5438 quod
728 5370 858 5426 dicit
896 5372 1095 5430 Paulus
1125 5389 1141 5430 :
1175 5376 1278 5431 Cui
1299 5379 1548 5436 honorem
1575 5383 1849 5452 honorem,
1881 5388 1967 5439 cui
1990 5391 2146 5443 uecti-

558 5462 646 5532 gal
676 5467 934 5535 vectigal?
959 5466 1139 5538 (Rom.
1183 5472 1334 5540 xm.)
1368 5473 1434 5527 Et
1485 5475 1610 5530 alibi
1638 5494 1651 5529 :
1685 5475 1991 5549 Presbyteri
2021 5481 2142 5536 boni

559 5557 757 5626 duplici
805 5559 1000 5617 honore
1030 5573 1155 5616 sunt
1196 5566 1345 5635 digni
1375 5565 1428 5633 (Ι
1457 5565 1594 5622 Tim.
1624 5570 1698 5640 ν’).
1753 5571 1858 5628 Sed
1890 5573 2035 5629 aliud
2061 5585 2142 5630 est

555 5647 893 5718 iustiﬁcatio,
922 5655 1068 5710 aliud
1107 5672 1471 5726 personarum
1513 5662 1779 5732 acceptio.
1810 5661 2143 5721 Justiﬁcatio

557 5746 702 5800 enim
725 5758 839 5803 est:
866 5747 1110 5804 Reddere
1135 5752 1426 5818 unicuique
1453 5755 1595 5824 quod
1626 5772 1781 5811 suum
1809 5767 1890 5812 est
1915 5768 2140 5827 propter

564 5831 751 5907 Deum,
784 5847 861 5910 ut,
885 5839 1026 5896 sicut
1047 5841 1337 5912 Apostolus
1359 5841 1532 5912 jubet,
1573 5849 1659 5900 cui
1688 5846 1937 5901 honorem
1972 5848 2140 5902 hono-

2249 4640 2512 4716 (Philipp.
2535 4645 2599 4714 ι),
2621 4652 2730 4699 etc.
2765 4642 2821 4697 In
2856 4643 2958 4698 hac
2986 4641 3250 4706 lectione,
3279 4639 3470 4696 fratres
3495 4625 3716 4689 charissim.

2249 4735 2355 4790 tria
2387 4733 2520 4790 facit
2551 4733 2846 4805 Apostolus
2873 4751 2887 4787 :
2925 4733 3113 4788 Primo
3133 4730 3450 4788 ostendit-se
3475 4719 3717 4784 conﬁderet"

2247 4827 2364 4884 Deo
2395 4829 2463 4883 de
2489 4827 2665 4884 salute
2699 4836 2924 4893 nostra;
2953 4830 3199 4883 secundo
3251 4824 3484 4880 ostendit
3501 4812 3716 4892 quentia-

2249 4931 2396 4976 ctum
2429 4921 2628 4978 habeat
2651 4936 2782 4992 erga
2807 4935 2940 4987 nos;
2978 4922 3138 4979 tertio
3156 4930 3285 4977 orat
3304 4936 3402 4978 nos
3423 4915 3641 4991 proﬁcere
3659 4921 3718 4961 nt

2248 5013 2354 5084 gis,
2391 5022 2450 5068 ut
2503 5014 2571 5068 ad
2629 5013 2840 5084 praemii
2886 5016 3076 5068 aeterni
3128 5014 3368 5070 fructum
3426 5006 3716 5081 perveniamus

2247 5101 2556 5159 Ostendens
2590 5119 2721 5175 ergo
2761 5119 2823 5160 se
2865 5103 3146 5159 conﬁdere
3181 5107 3249 5160 de
3277 5105 3448 5161 salute
3465 5110 3627 5163 nostra,
3648 5093 3717 5146 ait:

2247 5199 2472 5265 Conﬁdo
2491 5201 2556 5254 de
2577 5200 2721 5254 vobis
2739 5203 2796 5256 in
2817 5200 3068 5256 Domino.
3094 5199 3208 5256 Non
3235 5208 3414 5256 autem
3437 5197 3503 5252 ait
3515 5188 3676 5249 Conﬁdo
3688 5183 3717 5235 l9
3808 5231 3809 5236 η

2247 5295 2422 5361 vobis,
2451 5294 2579 5364 quia
2619 5294 2942 5352 maledictus
2980 5295 3074 5366 qui
3095 5293 3322 5352 conﬁdit
3345 5292 3397 5348 in
3424 5278 3715 5348 homine,nt'n
3808 5307 3809 5310 η

2247 5387 2576 5456 praecedenti
2635 5389 2912 5445 Dominica
2943 5389 3313 5461 exposuimus.
3339 5384 3629 5441 Demonstrat
3661 5385 3716 5423 att-
3808 5384 3809 5456 ξ

2249 5489 2359 5536 tem
2385 5481 2440 5535 in
2478 5497 2587 5552 quo
2611 5481 2850 5538 conﬁdat
2875 5492 2930 5537 et
2957 5483 3025 5538 de
3072 5498 3200 5554 quo.
3226 5481 3283 5536 In
3333 5477 3468 5551 quo?
3493 5477 3536 5530 in
3808 5473 3809 5552 ξ

2250 5575 2399 5646 quo?
2427 5575 2495 5630 de
2525 5576 2681 5630 vobis
2715 5576 3082 5645 perﬁciendis.
3106 5575 3164 5630 In
3197 5590 3304 5646 quo
3338 5575 3446 5637 dat,
3464 5569 3623 5623 fratres
3639 5568 3713 5654 net.

2249 5663 2554 5734 exemplum
2583 5667 2760 5732 nobis,
2790 5675 2849 5720 ut
2873 5681 3148 5737 nunquam
3181 5663 3504 5721 conﬁdamus
3528 5655 3571 5710 in
3594 5657 3716 5705 annos

2249 5755 2473 5819 nostris,
2498 5755 2593 5809 sed
2620 5755 2674 5809 in
2706 5756 2836 5811 Deo.
2865 5758 2941 5812 De
2963 5757 3154 5822 amicis
3177 5755 3375 5810 nostris
3398 5757 3626 5818 nunquam
3637 5747 3714 5791 σοι’

2250 5847 2480 5905 ﬁdamus
2509 5849 2563 5905 in
2586 5851 2765 5906 nobis.
2789 5851 2884 5908 sed
2909 5851 2962 5907 in
2985 5851 3097 5908 Deo
3120 5851 3190 5909 de
3211 5850 3366 5908 nobis
3421 5847 3619 5905 dicentes
3639 5839 3713 5890 ωε
