3896 6320
157 407 293 467 9105

912 377 1218 464 nomine:
1247 403 1316 464 ιιι
1352 376 1569 462 srisr.
1603 401 1694 460 er
1728 357 1982 460 avsus.
2021 383 2417 460 nomnic—
2453 395 2655 456 PARS.
2691 397 2758 454 ιι.

3251 393 3395 454 2106

154 522 430 584 Psalmista
458 534 476 574 :
503 519 638 576 Milli
678 527 858 578 autem
900 523 1170 578 adhaerere
1216 521 1326 578 Deo
1377 520 1569 576 bonum
1616 528 1718 589 est,
1746 521 1797 586 Α
1824 518 1910 576 lus
1955 515 2208 576 affectum
2253 532 2410 575 suum
2441 529 2569 587 erga
2621 515 2762 592 illos,
2787 517 2978 585 probat
3008 513 3394 586 quia‘acquum

155 626 210 676 et
231 630 418 687 ponere
454 614 513 670 in
551 612 782 670 Domino
807 613 917 670 Deo
951 631 1092 686 spem
1127 630 1296 670 meam
1326 612 1498 685 (Psal.
1522 614 1718 684 um).

155 712 229 768 De
251 722 374 777 quo,
401 703 591 772 Paule,
621 705 675 766 in
700 707 812 764 Deo
841 707 1108 764 conﬁdis?
1137 707 1278 774 Quia
1312 706 1405 776 qui
1447 706 1597 777 carpit
1624 706 1716 760 ba-

155 816 272 855 num
299 813 428 868 opus
456 796 514 851 in
538 796 700 860 vobis,
724 799 955 868 perficiet
975 814 1138 869 usque
1157 799 1212 854 in
1239 799 1376 855 diem
1396 798 1526 854 Jesu
1566 798 1720 852 Chriv

153 892 237 948 sti.
266 889 390 946 Tria
416 889 569 959 ponit
604 889 912 961 Apostolus,
941 892 1097 962 cupit
1125 890 1315 948 bonum
1355 908 1484 962 opus
1538 891 1594 944 in
1630 906 1720 945 uo-

151 985 246 1049 bis,
273 991 331 1038 et
355 983 586 1053 perﬁcit,
625 993 681 1040 et
721 985 778 1041 in
828 984 967 1042 diem
1012 983 1143 1041 Jesu
1193 980 1406 1040 Christi.
1457 983 1564 1040 Per
1599 997 1720 1052 qua

154 1077 250 1131 tria
279 1082 533 1132 notantur
556 1084 668 1134 tres
713 1075 923 1148 gratiae.
969 1075 1150 1132 Prima
1180 1084 1276 1132 est
1319 1075 1604 1146 incipiens,
1631 1088 1710 1130 se-

153 1166 318 1224 cunda
349 1166 660 1238 perﬁciens,
717 1168 880 1225 tertia
925 1168 1145 1226 salvans
1187 1181 1245 1225 et
1291 1182 1579 1225 coronans.
1612 1166 1719 1222 Per

153 1257 374 1331 primam
426 1258 657 1329 gratiam
713 1258 979 1330 justifieat
1037 1259 1177 1316 Deus
1229 1259 1402 1332 gratis
1454 1257 1714 1328 impium,

149 1348 357 1421 quando
386 1348 482 1404 dat
526 1349 579 1406 ei
603 1351 784 1408 cordis
817 1353 1235 1420 contritionem,
1267 1369 1366 1424 per
1417 1350 1716 1408 secundam

145 1453 264 1496 eum
292 1439 504 1512 perﬁcit
531 1443 586 1500 in
628 1444 854 1513 bonum,
885 1461 984 1516 per
1021 1446 1242 1502 tertiam
1297 1445 1477 1500 reddit
1499 1443 1548 1500 ei
1578 1456 1718 1513 prte-

143 1531 330 1587 mium.
361 1531 544 1591 Prima
573 1537 774 1594 dicitur
800 1539 977 1610 gratia
1012 1552 1265 1608 operans.
1300 1536 1460 1594 Unde
1480 1538 1717 1607 Aposto-

141 1622 224 1680 lus
277 1640 292 1677 :
343 1624 486 1682 Deus
515 1637 767 1698 aperatur
807 1630 865 1684 in
901 1629 1052 1686 nobis
1096 1642 1146 1686 et
1197 1629 1324 1685 velle
1376 1637 1425 1684 et
1469 1629 1717 1700 perﬁcere

138 1713 400 1808 (Philipp.
458 1718 544 1791 ιι).
601 1719 854 1808 Secunda
922 1721 1148 1778 dicitur.
1177 1735 1496 1792 cooperans.
1561 1719 1717 1777 Unde

137 1806 280 1862 idem
309 1821 326 1861 :
351 1807 614 1880 Nomego,
647 1806 843 1883 inquit,
859 1811 1028 1879 solus,
1057 1811 1152 1867 sed
1187 1812 1363 1883 gratia
1397 1812 1492 1868 Dei
1514 1827 1715 1867 mecum

1819 620 2055 669 esteum
2098 611 2374 669 conlidere
2404 611 2470 668 de
2497 607 2670 665 salute
2715 609 2950 676 illorum,
2974 623 3074 680 per
3114 608 3221 664 duo
3249 623 3265 663 :
3293 623 3395 674 per

1817 705 1959 773 haec,
2009 706 2138 778 quia
2190 719 2284 762 eos
2322 703 2521 775 diligit,
2571 710 2626 777 et
2652 701 2780 772 quia
2811 702 2977 760 habet
3006 716 3100 758 eos
3127 701 3305 758 socios
3335 701 3391 758 in

1818 799 2136 856 defensione
2153 807 2210 856 et
2237 797 2650 854 conﬁrmatione
2684 795 2984 868 Evangelii.
3016 797 3092 852 De
3137 796 3219 852 eis
3241 795 3389 850 enim

1817 906 1956 962 quos
1982 891 2259 962 diligimus
2293 901 2349 945 et
2389 904 2528 961 quos
2559 889 2612 944 in
2656 887 2800 945 bono
2847 897 2990 944 statu
3026 889 3296 964 videmus,
3326 888 3393 944 de

1817 998 2006 1041 eorum
2029 982 2432 1055 perseverantia
2460 989 2516 1037 et
2538 981 2713 1038 salute
2745 981 2799 1036 in
2822 981 2934 1038 Deo
2954 981 3294 1037 conﬁdimus.
3324 978 3394 1035 Et

1818 1076 1922 1132 hoc
1943 1075 2194 1145 estquod
2225 1073 2392 1130 dicit:
2417 1071 2588 1140 Sicut,
2611 1073 2805 1143 inquit,
2830 1089 3035 1145 (equum
3065 1082 3140 1127 est
3167 1089 3248 1126 me
3269 1089 3390 1127 sen-

1817 1167 1916 1221 tire
1941 1182 2038 1236 pro
2069 1167 2312 1222 omnibus
2335 1165 2498 1229 vobis,
2528 1157 2588 1220 eo
2617 1163 2758 1234 quod
2787 1163 3006 1218 habeam
3037 1178 3124 1218 vos
3153 1161 3210 1216 in
3237 1161 3392 1217 corde

1815 1274 1950 1324 meo,
1975 1260 2032 1314 in
2057 1259 2280 1314 vinculis
2303 1259 2452 1324 meis,
2484 1267 2534 1312 et
2585 1257 2643 1312 in
2691 1258 2993 1327 defensione
3020 1256 3390 1327 et‘conﬁrma-

1816 1349 1962 1404 tione
1994 1348 2272 1420 Evangelii
2308 1350 2479 1404 socios
2504 1348 2687 1420 gaudii
2723 1348 2824 1403 mei
2852 1348 3097 1403 omnibus
3125 1364 3212 1402 vos
3257 1363 3388 1402 esse.

1813 1440 1896 1496 Ac
1919 1441 1964 1496 si
1988 1441 2136 1497 dicat
2177 1442 2310 1499 :Sic
2353 1443 2419 1500 de
2442 1431 2592 1498 vobis
2633 1442 2688 1498 in
2712 1441 2822 1498 Deo
2844 1442 3080 1509 conﬁdo,
3124 1441 3264 1498 sicut
3307 1450 3392 1498 est

1815 1547 2031 1602 aequum
2054 1548 2140 1588 me
2169 1533 2372 1590 sentire
2420 1549 2518 1604 pro
2568 1533 2820 1590 omnibus
2848 1533 3025 1602 vobis,
3068 1533 3138 1589 id‘
3168 1542 3274 1601 est,
3306 1549 3392 1590 me

1813 1623 2099 1681 sentiendo
2129 1623 2196 1680 de
2246 1625 2496 1682 omnibus
2532 1626 2709 1693 vobis,
2738 1624 3012 1682 conﬁdere
3059 1639 3250 1680 omnes
3295 1640 3392 1680 vos

1816 1731 1946 1777 esse
1971 1717 2153 1773 socios
2183 1718 2366 1788 gaudii
2391 1719 2521 1785 mei,
2546 1719 2630 1775 vel
2658 1718 2878 1787 :eterni,
2923 1718 3008 1774 vel
3055 1723 3218 1774 etiam
3250 1733 3394 1774 nunc

1814 1809 2134 1877 spiritualis.
2165 1808 2234 1864 Et
2257 1823 2431 1880 quare
2451 1809 2532 1865 sic
2561 1810 2628 1864 de
2663 1811 2821 1866 nobis
2844 1806 3111 1868 conﬁdis?
3141 1809 3222 1863 Eo
3253 1809 3392 1880 quod

134 1897 188 1968 (1
213 1897 338 1954 Cor.
367 1903 484 1968 xv).
505 1878 688 1958 fertis
719 1878 921 1960 dicitur
941 1878 1354 1962 salvansIUnde
1376 1904 1519 1960 idem
1544 1921 1558 1958 :
1590 1903 1714 1960 Non
1745 1878 1789 1936 Β
1814 1900 2037 1956 habeam
2060 1917 2146 1956 vos
2167 1901 2226 1956 in
2255 1878 2412 1957 corde
2446 1916 2562 1956 meo
2603 1916 2698 1971 per
2726 1917 2992 1969 amorem,
3023 1913 3079 1960 et
3103 1899 3206 1959 hoc
3228 1878 3392 1957 etiam

133 2006 196 2046 ea;
227 1991 492 2060 operibus,
544 1994 746 2066 inquit,
784 1995 1015 2066 justitia:
1059 2011 1178 2067 quae
1209 1996 1426 2066 fecimus
1459 2012 1574 2064 nos,
1620 1995 1712 2051 sed

127 2085 419 2139 secundum
453 2103 606 2142 suam
638 2089 1057 2145 misericordiam
1081 2087 1254 2144 salvos
1292 2104 1386 2144 nos
1431 2088 1555 2159 fecit
1576 2087 1710 2158 (Tit.

127 2175 233 2245 ιιι).
262 2174 482 2245 Itaque,
518 2178 735 2248 fratres,
780 2187 891 2235 tam
919 2180 1119 2251 prima,
1153 2194 1314 2250 quam
1360 2179 1617 2244 secunda,
1657 2186 1714 2236 et

123 2280 286 2335 quam
313 2266 484 2333 tertia
505 2268 706 2326 dicitur
729 2270 931 2340 gratia.
959 2269 1086 2340 quia
1108 2270 1282 2339 gratis
1305 2269 1455 2325 data.
1478 2269 1587 2324 Sed
1611 2285 1710 2340 per

124 2355 362 2426 primam
391 2358 508 2429 agit
533 2357 675 2416 Deus
700 2359 756 2415 in
778 2361 937 2417 nobis
959 2361 1078 2416 sine
1106 2360 1283 2426 nobis,
1299 2374 1396 2431 per
1415 2361 1711 2416 secundam

119 2447 231 2516 agit
259 2449 580 2518 nobiscum,
600 2467 696 2524 per
724 2453 938 2508 tertiam
962 2461 1278 2510 remunerat
1303 2453 1444 2509 Deus
1467 2453 1521 2509 in
1553 2454 1712 2511 nobis

117 2540 262 2611 quod
279 2550 404 2597 erat
437 2542 494 2599 in
520 2544 675 2600 nobis
699 2560 770 2602 ex
798 2547 933 2614 Deo,
957 2562 1066 2604 non
1090 2561 1160 2604 ex
1189 2547 1370 2604 nobis.
1401 2546 1555 2604 Unde
1575 2546 1713 2604 Gre-

115 2635 304 2706 gorius
337 2652 352 2690 :
389 2654 413 2689 ι
461 2637 669 2706 Primo,
719 2638 918 2711 inquit,
967 2641 1080 2712 agit
1124 2640 1270 2698 Deus
1316 2641 1372 2696 in
1406 2641 1564 2698 nobis
1593 2643 1711 2701 sine

114 2728 295 2796 nobis,
329 2737 393 2784 ut
418 2740 613 2802 postea
646 2741 770 2802 agat
821 2733 1127 2801 nobiscum,
1153 2741 1207 2788 et
1250 2747 1345 2804 per
1386 2733 1708 2790 immensam

114 2822 566 2882 misericordiam
594 2835 910 2882 remunerat
935 2826 988 2881 in
1003 2827 1160 2883 nobis
1188 2825 1343 2892 illud,
1361 2841 1427 2882 ac
1450 2827 1497 2883 si
1525 2826 1705 2883 solum

111 2917 494 2986 processisset
523 2934 594 2980 ex
634 2919 812 2976 nobis.
853 2939 875 2973 ι
899 2918 1126 2976 Multum
1170 2933 1322 2991 ergo,
1366 2917 1586 2988 fratres,
1617 2934 1708 2976 er-

113 3016 236 3062 rant
259 3009 355 3078 qui
408 3020 610 3080 putant
630 3026 689 3067 se
712 3020 993 3080 peccatum
1017 3026 1175 3069 suum
1208 3027 1368 3082 posse
1397 3027 1496 3082 per
1521 3028 1581 3068 se
1607 3012 1707 3068 de~

104 3116 320 3168 serere,
351 3103 455 3172 qui
480 3111 672 3178 putant
693 3119 754 3160 se
773 3105 977 3175 aliquid
999 3105 1129 3166 boni
1160 3120 1318 3176 posse
1343 3104 1586 3175 incipere
1608 3120 1706 3174 per

105 3207 184 3249 se.
209 3193 429 3252 Contra
456 3196 558 3252 hos
583 3195 823 3267 loquitur
862 3195 1096 3256 Jacobus
1141 3197 1328 3254 dicens
1356 3211 1372 3252 :
1401 3195 1540 3252 Ecce
1569 3198 1706 3252 dici-

103 3286 172 3340 tis
198 3299 217 3338 :
243 3284 387 3342 Cras
437 3287 629 3343 ibimus
658 3288 714 3343 in
748 3288 952 3354 uillam,
990 3298 1038 3346 et
1086 3288 1158 3344 ibi
1198 3289 1453 3359 faciemus
1483 3305 1706 3346 annum.

103 3379 173 3433 Et
199 3397 324 3448 quae
351 3390 441 3437 est
485 3383 592 3437 vita
621 3383 839 3438 nostra?
878 3381 1053 3454 Vapor
1076 3385 1144 3439 ad
1187 3384 1454 3440 modicum
1493 3398 1706 3453 parens,

98 3491 196 3546 pro
251 3490 316 3530 eo
362 3482 427 3528 ut
485 3473 673 3530 dicatis
713 3489 734 3530 :
780 3472 838 3529 Si
873 3473 1092 3530 uoluerit
1120 3473 1408 3540 Dominus,
1452 3473 1708 3544 faciemus

101 3566 251 3629 (Jac.
279 3565 389 3638 tv).
417 3562 789 3622 Nihilominus
802 3575 860 3622 et
884 3565 963 3622 illi
987 3566 1133 3623 stulti
1166 3574 1315 3634 sunt,
1345 3565 1438 3636 qui
1475 3565 1530 3621 in
1563 3566 1708 3622 bono

94 3661 202 3716 sibi
236 3659 460 3716 collato
488 3672 549 3716 se
572 3673 672 3730 per
723 3671 782 3715 se
804 3665 996 3729 putant
1043 3667 1193 3716 stare
1220 3646 1405 3730 posse,
1436 3657 1520 3714 vel
1541 3656 1706 3728 proﬁ-

97 3768 250 3809 cere.
279 3752 456 3810 Unde
475 3761 533 3808 et
557 3749 724 3807 David
747 3765 764 3807 :
789 3748 1138 3821 Ego,inquit,
1159 3749 1274 3806 dixi
1298 3749 1353 3806 in
1375 3747 1708 3805 abundantia

93 3861 217 3900 mea
247 3860 270 3900 .'
307 3843 452 3900 Non
480 3842 720 3898 movebar
764 3842 822 3897 in
865 3853 1116 3898 internum
1141 3840 1319 3912 (Psal.
1344 3843 1521 3913 xxix).
1553 3839 1709 3908 Quod

94 3935 228 3992 inde
255 3949 322 3991 se
348 3932 767 4005 reprehendens
810 3933 927 3988 ait:
957 3932 1200 3990 Avertisti
1228 3932 1439 3999 ’faciem
1491 3941 1635 3987 tuam
1663 3948 1699 3986 a

90 4043 201 4095 me,
235 4036 294 4084 et
325 4027 514 4098 factus
541 4041 658 4081 sum
679 4025 1044 4082 conturbatus.
1085 4024 1168 4080 Ad
1211 4035 1280 4092 te,
1311 4026 1557 4092 Domine,
1597 4023 1709 4079 cla-

93 4123 261 4178 mabo
293 4122 512 4194 (ibim),
533 4129 643 4178 etc.
689 4120 908 4180 Similes
932 4120 1080 4176 enim
1107 4134 1316 4186 sumus,
1347 4117 1546 4174 fratres
1579 4116 1706 4185 mei,

89 4230 274 4287 puero
296 4212 566 4284 parvulo,
588 4212 681 4283 qui
716 4225 942 4284 surgere
965 4226 1065 4282 per
1103 4225 1295 4268 senon
1321 4217 1517 4280 potest,
1547 4209 1646 4264 nisi
1674 4223 1707 4264 a

89 4307 420 4379 paedagogo
461 4305 718 4376 erigatur.
745 4305 971 4360 Erectus
1000 4304 1166 4360 etiam
1216 4319 1317 4358 nec
1341 4311 1488 4358 stare
1531 4307 1709 4371 potest

83 4418 191 4473 per
219 4415 313 4468 se,
355 4413 470 4456 nec
491 4397 784 4470 proﬁcisci,
809 4397 915 4452 nisi
947 4411 1112 4452 manu
1141 4395 1415 4468 padagogi
1440 4403 1709 4450 sustente-

93 4505 217 4550 tur.
249 4493 360 4550 Sic
417 4505 657 4563 quoque,
693 4490 916 4556 fratres,
962 4488 1126 4545 homo
1152 4486 1340 4556 iacens
1380 4486 1436 4542 in
1464 4494 1705 4557 peccato,

1815 1994 1873 2048 in
1891 1993 2022 2064 ipsis
2055 1992 2298 2049 vinculis.
2330 1992 2390 2048 In
2411 2007 2519 2064 quo
2539 1993 2778 2050 ostendit
2823 2009 2883 2050 se
2906 1994 3043 2050 adeo
3071 1995 3298 2064 diligere
3327 1993 3392 2048 il-

1814 2089 1918 2158 los,
1943 2089 2086 2161 quod
2111 2103 2212 2145 nec
2237 2086 2404 2144 etiam
2455 2087 2510 2142 in
2539 2087 2781 2143 adversis
2820 2095 3001 2158 potest
3043 2101 3232 2143 eorum
3255 2087 3394 2143 obli-

1814 2181 1981 2247 visci;
2017 2181 2318 2238 adversitas
2345 2179 2488 2237 enim
2520 2193 2712 2236 verum
2748 2192 2995 2235 amorem
3046 2177 3394 2250 exsﬁnguere

1820 2288 1928 2327 non
1959 2279 2160 2342 potest.
2188 2271 2270 2328 Eo
2290 2271 2458 2329 etiam
2483 2270 2626 2342 quod
2667 2271 2899 2330 habeam
2930 2285 3025 2327 vos
3047 2270 3102 2326 in
3131 2270 3393 2336 vinculis,

1813 2381 1916 2440 per
1943 2366 2400 2436 compassionem,
2423 2375 2475 2423 et
2503 2365 2560 2420 in
2590 2365 2892 2434 defensione
2914 2373 2964 2420 et
2993 2356 3394 2435 confirmatione

1815 2455 2114 2529 Evangelii,
2149 2452 2276 2527 quia
2305 2457 2518 2514 scilicet
2552 2470 2766 2512 mecum
2814 2454 3104 2521 defenditis
3147 2454 3394 2527 Evange-

1813 2545 1944 2602 lium
1968 2555 2159 2604 contra
2210 2546 2475 2612 infideles,
2507 2554 2696 2603 contra
2738 2545 3044 2615 haereticos,
3077 2554 3268 2602 contra
3299 2560 3392 2601 so-

1811 2637 2074 2707 phisticas
2092 2636 2489 2704 cavillationes,
2506 2646 2565 2693 et
2596 2652 2808 2692 mecum
2837 2637 3002 2710 etiam
3024 2637 3388 2694 conﬁrmatis.

1811 2729 2206 2800 Prophetarum
2253 2732 2599 2798 auctoritate,
2638 2731 2908 2786 rationum
2940 2730 3191 2798 veritate,
3227 2729 3395 2810 mira:-

1813 2822 2062 2880 culorum
2089 2822 2465 2888 attestatione,
2496 2831 2552 2878 et
2592 2821 2720 2878 boni
2766 2821 2998 2891 exempli
3032 2821 3392 2878 exhibitione.

1809 2913 2050 2984 Equum
2075 2914 2262 2985 utique
2285 2923 2391 2980 est,
2419 2915 2615 2970 fratres
2640 2913 2970 2979 charissimi,
3011 2923 3072 2969 ut
3095 2914 3187 2984 qui
3217 2914 3270 2968 in
3306 2913 3394 2966 via

1810 3007 1942 3063 socii
1975 3016 2104 3064 sunt
2152 3006 2464 3074 charitatis,
2496 3003 2923 3076 persecutionis,
2961 2996 3390 3075 praedicationis,

1809 3098 1944 3162 socii
1963 3098 2129 3152 etiam
2164 3097 2276 3153 siut
2299 3097 2355 3151 in
2380 3098 2560 3168 patria
2588 3097 2780 3152 aeterni
2816 3095 3021 3166 gaudii.
3048 3092 3186 3148 Hinc
3210 3108 3422 3148 sumo--

1809 3203 1933 3244 mus
1971 3187 2284 3258 exemplum
2333 3195 2390 3244 et
2415 3201 2517 3243 nos
2558 3185 2968 3258 praedicatores,
2990 3185 3158 3241 etiam
3207 3194 3262 3241 et
3294 3199 3394 3240 vos

1810 3279 2036 3336 subditi.
2083 3278 2395 3334 Habeamus
2423 3293 2524 3334 nos
2549 3292 2680 3348 erga
2710 3292 2806 3334 vos
2833 3277 2974 3332 sicut
3019 3275 3221 3330 Paulus
3265 3291 3394 3346 erga

1809 3372 2104 3448 discipulos
2146 3387 2298 3428 suos.
2329 3371 2528 3426 Paulus
2579 3371 2744 3426 etiam
2798 3370 2853 3425 in
2882 3368 3115 3424 vinculis
3142 3368 3195 3423 in
3229 3368 3395 3424 corde

1807 3489 1910 3534 suo
1934 3472 2169 3530 habebat
2203 3470 2501 3543 discipulos
2537 3487 2636 3542 per
2682 3483 2955 3538 amorem;
3016 3484 3116 3526 nos
3153 3484 3392 3540 quoque,

1808 3566 2030 3632 fratres,
2062 3565 2324 3621 debemus
2355 3579 2454 3619 vos
2481 3563 2684 3619 habere
2723 3561 2776 3616 in
2807 3561 2972 3618 corde
3014 3571 3203 3618 nostro
3249 3575 3392 3615 sem-

1807 3673 1923 3732 per,
1951 3658 2068 3714 sive
2091 3657 2310 3727 quando
2336 3671 2584 3721 oramus,
2621 3655 2737 3711 sive
2757 3653 2972 3724 quando
2995 3653 3392 3722 eleemosynam

1809 3749 2025 3816 damus,
2051 3749 2167 3804 sive
2211 3747 2426 3820 quando
2454 3748 2520 3804 ad
2567 3746 2897 3804 sacriﬁcium
2927 3744 3116 3801 altaris
3172 3744 3391 3801 accedi-

1809 3845 1954 3897 mus’.
1987 3839 2127 3897 Hinc
2154 3848 2238 3896 est
2267 3839 2410 3911 quod
2440 3839 2700 3896 Dominus
2723 3839 2981 3910 pracepit
3028 3839 3174 3910 quod
3203 3839 3388 3908 ponti~

1808 3933 1896 3992 fer
1920 3933 2111 4004 legalis
2141 3933 2371 3989 haberet
2396 3932 2448 3988 in
2487 3943 2710 4002 pectore
2758 3931 3023 3987 rationale
3066 3930 3386 4002 inscriptum

1808 4025 2123 4082 nominibus
2146 4024 2431 4081 duodecim
2465 4023 2695 4078 ﬁliorum
2725 4021 2910 4090 Israel,
2937 4021 3152 4102 quando
3179 4020 3382 4078 sacriﬁ-

1811 4118 1972 4173 cabat
1998 4113 2437 4188 (Exod.xxvttt).
2471 4114 2582 4171 Nos
2608 4130 2845 4186 quoque,
2879 4100 3096 4186 quando
3120 4113 3268 4170 Patri
3302 4113 3392 4169 Fi-

1808 4205 1942 4260 lium
1987 4207 2386 4271 sacriﬁcamus,
2435 4207 2659 4261 nomina
2689 4214 2875 4261 nostra
2917 4206 2970 4261 in
3004 4205 3168 4262 corde
3209 4214 3394 4262 nostro

1809 4300 2016 4370 scripta
2048 4301 2256 4354 habere
2289 4297 2572 4364 debentes,
2605 4309 2828 4354 orantes
2860 4299 3020 4354 fidem
3067 4298 3394 4370 inperfecto-

1809 4410 1930 4451 rum
1964 4393 2300 4458 confirmari,
2324 4391 2699 4450 fortitudinem
2745 4404 3063 4467 sanctorum
3099 4396 3276 4466 magis
3299 4412 3393 4450 au-

1808 4490 1945 4561 geri,
1977 4490 2176 4546 delicta
2207 4499 2557 4560 peccatorum
2607 4487 2828 4542 dimitti.
2862 4487 3098 4558 Econlra
3144 4488 3390 4559 discipuli

79 4602 340 4660 surgere
372 4601 410 4641 a
446 4592 671 4655 peccato
691 4599 798 4640 non
827 4581 1144 4654 potest,nisi
1173 4595 1206 4635 a
1235 4578 1412 4650 gratia
1443 4577 1536 4634 Dei
1568 4592 1705 4647 prae-
1733 4581 1786 4644 D
1810 4580 2038 4637 Paulum
2073 4590 2330 4652 tanquam
2353 4588 2564 4650 patrem
2593 4577 3048 4650 diligebant,etei
3079 4577 3133 4656 in
3160 4580 3388 4636 vinculis

78 4682 368 4738 veniente
432 4677 700 4749 erigatur.
744 4675 974 4732 Erectus
1023 4673 1186 4730 etiam
1239 4685 1276 4726 a
1331 4676 1576 4740 peccato,
1608 4683 1708 4726 nec

73 4784 246 4839 stare
275 4787 395 4829 nec
431 4770 702 4840 proﬁcere
730 4767 792 4823 in
803 4767 944 4824 bono
967 4763 1283 4838 potest,nisi
1311 4762 1488 4835 gratia
1511 4775 1710 4830 coope-

74 4876 254 4923 rante
287 4871 666 4923 sustentetur.
697 4863 915 4934 Itaque,
937 4861 1151 4917 fratres
1180 4859 1309 4925 mei,
1341 4869 1588 4914 nostram
1626 4856 1710 4913 iu-

69 4961 450 5018 flrmitatem
487 4969 904 5029 cognoscamus,
937 4962 993 5009 et
1017 4952 1094 5008 nil
1127 4966 1288 5023 posse
1308 4965 1408 5007 nos
1437 4965 1505 5005 ex
1530 4947 1708 5015 nobis,

67 5054 196 5111 nisi
235 5060 582 5126 peccatum,
630 5049 1032 5119 intelligamus,
1080 5055 1136 5101 et
1171 5060 1392 5102 oremus
1419 5044 1705 5100 dicentes:

69 5146 204 5203 Tua
243 5161 388 5212 nos,
407 5142 675 5209 .Domine,
700 5140 885 5212 gratia
924 5153 1127 5211 semper
1153 5147 1203 5192 et
1228 5139 1514 5208 preueniat
1539 5144 1592 5191 et
1626 5151 1710 5191 se.

61 5249 319 5311 queatur,
354 5243 413 5290 et
445 5234 811 5289 misericordia
845 5241 938 5288 tua
964 5231 1312 5301 subsequatur
1348 5247 1440 5286 me
1467 5229 1706 5286 omnibus

56 5332 282 5388 diebus
311 5330 458 5384 vita:
483 5344 611 5384 mere
640 5325 816 5400 (Psal.
847 5327 1026 5398 Lvm).
1041 5325 1108 5380 Et
1126 5326 1194 5381 ad
1222 5325 1392 5396 quid?
1413 5322 1478 5380 Ut
1506 5323 1709 5379 inhabi-

55 5429 182 5477 tem
207 5422 276 5477 in
289 5420 480 5474 domo
499 5417 711 5474 Domini
728 5418 784 5473 in
804 5417 1181 5490 longitudinem
1196 5416 1400 5471 dierum
1424 5415 1624 5487 (ibist).
1639 5414 1706 5471 Et

50 5513 178 5571 hoc
203 5509 492 5582 estquod
517 5511 608 5567 hic
628 5510 848 5578 dicitur,
870 5511 927 5566 in
947 5511 1087 5565 diem
1105 5507 1237 5564 Jesu
1258 5505 1473 5563 Christi.
1498 5506 1707 5563 Dicitur

48 5618 274 5664 autem
310 5605 460 5660 dies
478 5603 666 5671 iudicii
687 5641 705 5669 ,
736 5603 856 5659 dies
886 5601 1092 5658 Christi
1112 5642 1131 5668 ,
1171 5601 1299 5669 quia
1326 5611 1452 5656 tunc
1477 5598 1705 5670 gloriam

45 5715 236 5758 suam
267 5692 708 5762 manifestabit,
733 5697 866 5768 quia
896 5705 1024 5752 tunc
1048 5693 1260 5752 occulta
1282 5691 1524 5750 cordium
1551 5705 1706 5746 revec

44 5791 234 5858 labit,
274 5788 437 5861 quia
465 5793 596 5842 tunc
616 5786 806 5844 ﬁdeles
833 5802 963 5845 suos
989 5795 1192 5843 aeterna
1211 5783 1332 5841 iuce
1359 5783 1701 5857 gloriﬁcabit.

131 5882 461 5955 Sequitur
478 5894 605 5950 pars
632 5881 892 5952 secunda,
920 5881 978 5939 in
1017 5895 1125 5952 qua
1145 5879 1440 5938 ostendens
1470 5880 1700 5950 Aposto-

1810 4673 2137 4731 assistebant
2154 4689 2253 4746 per
2268 4673 2725 4744 compassionem,
2738 4680 2794 4729 et
2813 4672 3389 4741 subministrationem,

1809 4772 1865 4820 et
1891 4781 2041 4834 eum,
2067 4772 2332 4836 quantum
2357 4771 2634 4835 poterant,
2668 4763 2720 4817 in
2771 4762 3086 4820 defensioue
3111 4771 3165 4816 ct
3196 4764 3393 4818 confir-

1809 4859 2048 4916 matione
2070 4855 2350 4926 Evangelii
2393 4854 2677 4926 juvabant.
2718 4853 2800 4910 Ita
2832 4865 2886 4910 et
2937 4853 3389 4922 vos,_fratres,in

1809 4951 2150 5011 orationibus
2206 4963 2262 5007 et
2293 4949 2658 5021 eleemosynis
2696 4947 2896 5005 vestris
2925 4947 3134 5004 debetis
3177 4963 3272 5004 vos
3298 4947 3392 5002 ha-

1807 5043 1961 5110 bere,
1988 5041 2191 5099 nostris
2214 5041 2630 5115 inﬁrmitatibus
2661 5040 2920 5112 compati,
2954 5051 3009 5096 et
3044 5039 3243 5095 nostris
3269 5054 3393 5109 pro-

1808 5135 2162 5207 speritatibus
2179 5134 2546 5206 congaudere,
2573 5142 2632 5190 et
2677 5141 2920 5189 nostram
2955 5130 3390 5202 praedicationem

1808 5230 1977 5287 verbo
2003 5239 2058 5284 et
2094 5228 2346 5298 exemplo
2385 5227 2679 5284 defendere
2722 5236 2778 5284 et
2807 5225 3150 5284 conﬁrmare.
3178 5224 3256 5281 Ne
3297 5240 3393 5280 au-

1811 5331 1919 5380 tem
1950 5321 2147 5392 aliquis
2181 5329 2401 5393 putaret
2446 5320 2791 5392 Apostolum,
2835 5336 2944 5376 non
2983 5335 3081 5389 per
3108 5318 3389 5373 veritatem

1808 5416 1922 5472 haec
1942 5415 2172 5482 dixisse,
2196 5415 2292 5470 sed
2323 5429 2423 5486 per
2449 5415 2898 5480 assentationem,
2944 5412 3195 5484 producit
3225 5411 3390 5466 Deum

1805 5506 1863 5564 in
1909 5515 2098 5564 testem
2130 5507 2318 5569 dicens
2358 5523 2372 5560 :
2418 5505 2585 5562 Testis
2632 5517 2705 5562 est
2733 5507 2863 5561 mini
2916 5505 3092 5573 Deus,
3133 5500 3392 5575 quomoda

1809 5597 2024 5668 cupiam
2046 5613 2136 5653 vos
2161 5599 2217 5652 in
2247 5597 2533 5654 visceribus
2553 5597 2684 5653 Jesu
2709 5596 2930 5662 Christi,
2946 5597 3000 5652 id
3022 5605 3119 5666 rest
3145 5594 3198 5650 in
3235 5590 3393 5649 Chri-

1807 5699 1916 5746 sto.
1941 5689 1999 5746 ln
2033 5691 2340 5747 visceribus
2373 5690 2642 5762 siquidem
2682 5690 2922 5758 estvita,
2958 5697 3016 5745 et
3043 5689 3158 5769 ipsa
3180 5688 3389 5745 viscera

1803 5784 1997 5842 intima
2026 5793 2174 5850 sunt,
2214 5796 2271 5840 et
2319 5785 2373 5840 in
2401 5785 2614 5841 viscera
2651 5791 2840 5862 nostra
2857 5780 3384 5850 cibumtrajicimus.

1803 5874 1898 5933 llle
1925 5891 2056 5948 ergo
2092 5875 2150 5933 in
2193 5874 2496 5935 visceribus
2531 5872 2736 5934 Christi
2768 5879 2878 5944 est,
2913 5870 3012 5948 qui
3047 5870 3106 5930 in
3140 5883 3208 5930 eo
3228 5868 3384 5948 vivit,
