3896 6320
531 400 672 460 2107

1517 387 1860 448 ADDENDA.
1898 413 1968 432 -ι
1993 381 2345 441 ηλῡυιιιιιι
2393 376 2740 437 ABDENTIS

3566 402 3657 463 Im

533 519 625 587 qui
653 523 700 572 et
726 530 823 586 per
847 514 1176 572 charitatem
1209 510 1434 567 intimus
1463 516 1568 575 est,
1595 518 1651 564 et
1681 507 1773 578 qui
1833 521 1931 577 per
1961 504 2120 559 unio-
2146 508 2195 566 Α
2226 507 2367 565 rent,
2393 506 2449 556 et
2472 514 2626 555 suam
2654 496 2905 553 facerent
2938 496 3277 554 voluntatem.
3309 500 3364 558 Hi
3386 516 3521 565 autem
3536 530 3658 581 omne,

532 626 658 665 nem
680 610 731 665 ei
765 610 1167 679 incorporatur,
1206 606 1349 678 quod
1383 606 1619 658 maxime
1653 598 1989 672 significatur
2028 612 2124 667 per

534 703 971 759 communionem
1008 700 1373 757 eucharistize.
1425 696 1652 763 Quando
1699 693 1845 748 enim
1887 705 2122 760 corpore

535 794 737 850 Christi
774 794 1271 857 communicamus,
1342 805 1449 845 non
1512 787 1763 843 Christus
1820 784 1997 851 nobis,
2029 783 2124 840 sed

536 902 636 942 nos
664 886 887 944 Christo
915 888 1348 956 incorporamur.

609 976 876 1047 Sequitur
928 991 1054 1047 pars
1084 973 1262 1034 tertia,
1300 971 1353 1025 in
1402 986 1507 1039 qua
1557 978 1679 1025 orat
1710 968 2001 1038 Apostolus
2030 984 2127 1025 eos

534 1069 804 1141 proficere
830 1083 1000 1137 usque
1028 1066 1094 1121 ad
1119 1065 1325 1135 praemii
1358 1063 1764 1133 perceptionem
1792 1062 1982 1117 dicens
2007 1079 2020 1116 :
2057 1060 2126 1116 Et

534 1159 632 1214 hoc
660 1176 774 1226 ora,
806 1170 861 1212 ut
889 1157 1125 1212 charitas
1174 1164 1344 1209 vestra
1372 1154 1540 1223 magis
1583 1169 1644 1206 ac
1671 1151 1838 1221 magis
1872 1151 2125 1206 abundet.

536 1252 788 1308 Charitas
819 1250 964 1305 enim
996 1249 1170 1304 otiosa
1199 1255 1253 1302 et
1298 1246 1491 1317 frigida
1516 1258 1637 1300 esse
1678 1259 1782 1298 non
1808 1251 2005 1313 potest,
2031 1241 2127 1297 sed

536 1357 690 1398 more
737 1340 879 1411 ignis
912 1341 963 1394 in
1003 1340 1172 1394 altum
1216 1346 1272 1392 et
1325 1339 1377 1392 in
1405 1344 1755 1407 augmentum
1797 1350 1855 1389 se
1912 1349 2129 1403 semper

538 1433 729 1487 tendit.
764 1429 1145 1500 Sedqusniam
1174 1429 1397 1498 quidam
1428 1428 1629 1482 habent
1658 1425 2009 1489 charitatem,
2033 1424 2127 1479 sed

538 1538 645 1577 non
672 1523 970 1577 secundum
1009 1520 1331 1584 scientiam,
1370 1533 1493 1573 cum
1542 1518 1799 1572 videlicet
1850 1516 2125 1571 hominem

538 1613 789 1683 diligunt,
820 1613 871 1667 in
900 1629 1008 1683 quo
1035 1626 1159 1667 eum
1197 1610 1422 1679 diligere
1446 1624 1549 1663 non
1575 1607 1857 1674 deberent,
1884 1606 2131 1678 adjungit

538 1708 595 1761 in
615 1708 853 1771 scientia,
878 1706 1088 1762 scilicet
1127 1704 1486 1777 spiritualium
1516 1702 1903 1759 beneﬁciorum
1925 1711 1980 1757 et
2006 1715 2129 1756 cor-

539 1800 834 1869 poralium,
862 1800 987 1870 quia
1029 1800 1081 1855 in
1125 1801 1389 1871 utrisque,
1432 1799 1526 1871 qui
1574 1799 1749 1870 diligit
1790 1814 1917 1853 vere
1947 1796 2129 1867 prosi-

540 1906 710 1957 mum,
745 1891 906 1947 debet
938 1907 1062 1946 eum
1099 1890 1312 1959 juvare.
1348 1890 1416 1947 Ut
1455 1893 1605 1955 sitis,
1636 1891 1833 1961 inquit,
1860 1890 2052 1949 sinceri
2081 1896 2131 1943 et

538 1980 651 2033 sine
678 1979 901 2050 offensa.
929 1982 1141 2038 Sinceri
1165 1991 1291 2037 sunt
1315 1998 1545 2052 quorum
1577 1983 1744 2035 vitam
1785 1979 1930 2034 nulla
1961 1979 2134 2033 admi-

539 2070 648 2126 stio
673 2087 823 2127 vanae
850 2073 1035 2145 gloriae
1064 2076 1147 2130 vel
1174 2076 1408 2130 sinistra:
1450 2074 1771 2130 intentionis
1802 2072 2128 2142 corrumpit.

542 2162 672 2219 Sine
690 2164 892 2222 ofiensa
922 2175 1049 2222 sunt
1088 2168 1177 2237 qui
1206 2168 1438 2237 proximi
1480 2166 1879 2229 infirmitatem,
1906 2179 2009 2219 nec
2035 2176 2133 2233 per

540 2267 845 2323 peccatum,
893 2273 993 2313 nec
1040 2273 1135 2328 per
1182 2259 1535 2315 indiscretum
1573 2259 1774 2314 bonum
1825 2256 2127 2313 offendunt.

540 2346 686 2401 Idem
717 2363 845 2419 ergo
871 2358 955 2404 est
990 2350 1134 2419 quod
1168 2352 1243 2405 ait
1294 2350 1492 2405 sinceri
1531 2358 1586 2404 et
1622 2350 1740 2407 sine
1763 2347 1969 2403 offensa
1995 2347 2127 2411 illic,

542 2441 685 2510 quod
715 2441 841 2496 alibi
872 2442 950 2496 ait
983 2460 997 2496 :
1027 2440 1371 2498 Providentes
1400 2444 1554 2508 bona,
1579 2459 1681 2496 non
1709 2451 1920 2495 tantum
1952 2457 2133 2496 coram

542 2533 672 2600 Deo,
699 2535 789 2589 sed
810 2535 969 2589 etiam
991 2552 1170 2589 coram
1194 2536 1437 2589 omnibus
1460 2534 1761 2588 hominibus
1790 2533 1972 2602 (Rom.
2008 2535 2129 2604 su).

542 2626 609 2682 Et
639 2628 734 2693 ita,
787 2627 1007 2695 fratres,
1057 2630 1305 2684 viventes
1331 2669 1345 2694 ,
1375 2628 1605 2684 venietis
1637 2642 1830 2683 secure
1879 2628 1931 2682 in
1982 2627 2129 2682 diem

537 2718 751 2788 judicii,
776 2729 830 2775 et
863 2730 988 2776 tunc
1016 2722 1172 2776 eritis
1222 2722 1411 2793 repleti
1443 2721 1622 2777 fructu
1661 2719 1891 2789 justitize
1919 2735 2017 2788 per
2042 2717 2133 2773 Je-

543 2827 663 2866 snm
694 2812 972 2868 Christum
1016 2814 1067 2869 in
1108 2814 1323 2869 laudem
1354 2825 1406 2870 et
1437 2814 1661 2885 gloriam
1696 2813 1812 2868 Dei.
1851 2812 2003 2866 Sicut
2032 2812 2131 2866 sti-

542 2904 737 2973 pendia
765 2906 973 2974 peccati
1006 2922 1170 2970 mors,
1201 2908 1274 2959 ita
1308 2904 1517 2960 fructus
1545 2904 1773 2973 justitia:
1813 2913 1894 2959 est
1918 2903 2026 2956 vita
2056 2918 2133 2957 a3-

545 3004 723 3064 terna,
749 3013 853 3067 qua
884 2998 1016 3067 justi
1053 2999 1105 3053 in
1137 2998 1317 3053 futuro
1337 3008 1501 3053 erunt
1536 2999 1753 3068 repleti,
1774 2997 1898 3067 quia
1942 3013 2137 3051 unum-

544 3103 817 3159 quemque
843 3089 1171 3145 suﬂlcienter
1202 3090 1437 3161 replebit
1486 3090 1615 3145 illud
1674 3090 1947 3145 modicum
1990 3087 2136 3159 quod

544 3183 1104 3253 babebit,prmsertim
1137 3200 1259 3239 cum
1288 3184 1459 3254 gloria
1490 3183 1829 3255 singulorum
1859 3198 1956 3254 per
1984 3198 2137 3240 amo-

546 3290 664 3331 rem
708 3275 1113 3331 sitcommunis
1140 3279 1518 3331 universorum
1557 3293 1570 3329 :
1607 3286 1661 3330 et
1699 3278 1802 3331 hoc
1829 3291 1927 3347 per
1951 3275 2135 3332 Jesum

548 3364 824 3422 Christum
849 3377 1129 3423 auctorem
1154 3378 1209 3423 et
1240 3378 1731 3432 remuneratorem,
1758 3368 1810 3422 in
1838 3369 2054 3423 laudem
2080 3377 2133 3423 et

548 3458 779 3531 gloriam
808 3460 925 3526 Dei,
958 3460 1043 3515 vel
1094 3475 1199 3531 qua
1248 3460 1389 3515 Deus
1420 3460 1744 3531 glorificabit
1773 3461 1827 3515 in
1857 3461 2039 3515 anima
2079 3471 2136 3516 et

550 3565 803 3621 corpore,
835 3564 889 3608 et
920 3552 1160 3608 laudabit
1186 3568 1338 3626 suos,
1364 3569 1567 3609 vocans
1587 3569 1679 3609 eos
1711 3555 2054 3620 henedictos,
2081 3563 2139 3610 et

551 3645 716 3698 etiam
754 3644 1012 3711 filios,vel
1036 3660 1141 3714 qna
1165 3644 1320 3699 electi
1347 3644 1731 3715 glorificabunt
1756 3655 1810 3701 et
1842 3645 2139 3702 laudabunt

555 3736 723 3792 Deum
756 3736 809 3792 in
835 3748 1117 3803 aeternum,
1138 3736 1293 3806 juxta
1317 3738 1445 3793 illud
1476 3756 1488 3792 :
1521 3739 1673 3793 Beati
1697 3738 1787 3809 qui
1816 3738 2056 3792 habitant
2082 3740 2140 3791 in

560 3830 715 3883 domo
742 3840 834 3884 tua
864 3829 1108 3895 Domine,
1136 3829 1193 3885 in
1248 3830 1443 3886 stecula
1469 3830 1785 3885 sweulorum
1834 3830 2127 3883 laudabunt

553 3932 603 3977 te
636 3922 807 3994 (Psal.
834 3923 975 3994 vttt).
1006 3922 1174 3995 Cujus
1205 3924 1566 3980 beatitudinis
1600 3934 1655 3980 et
1686 3923 2017 3979 laudationis
2062 3921 2135 3976 fa-

553 4018 663 4071 ciat
694 4034 791 4073 nos
824 4018 1135 4088 participes,
1183 4018 1277 4087 qui
1349 4018 1401 4071 in
1432 4016 1702 4072 Trinitate
1732 4015 1976 4087 perfecta
2004 4014 2139 4069 vivit

554 4121 609 4167 et
657 4123 851 4183 regnat
902 4113 1073 4179 Deus,
1135 4127 1231 4183 per
1286 4110 1466 4166 omnia
1531 4110 1728 4167 stecula
1792 4108 2138 4166 saeculorum.

555 4206 747 4260 Amen.

1092 4293 1368 4351 HOMILIA
1409 4294 1612 4351 XLVII.

638 4391 918 4443 ὐοιιιιηιοι
956 4403 1205 4445 νιοεειιιλ
1242 4404 1478 4445 SECUNDA
1508 4402 1636 4444 POST
1677 4402 2035 4443 TRINITATEH.

630 4480 819 4536 Simile
846 4493 920 4536 est
953 4498 1167 4552 regnum
1192 4482 1439 4535 Helorum
1460 4479 1662 4533 homini
1690 4480 1818 4549 regi,
1858 4480 1949 4551 qui
1982 4477 2142 4533 voluit

557 4574 811 4629 rationem
840 4591 1029 4644 ponere
1050 4592 1168 4629 eum
1200 4575 1361 4629 servis
1399 4572 1511 4626 suis
1550 4570 1768 4642 (Matth.
1800 4572 1982 4639 xvm).
2008 4570 2141 4637 Quis

557 4679 643 4724 est
677 4670 776 4723 iste
807 4684 924 4733 rex,
957 4669 1156 4724 fratres
1196 4665 1537 4728 cltarissimi,
1573 4665 1676 4719 nisi
1714 4664 1827 4718 Rex
1864 4681 2048 4734 regum
2084 4672 2139 4718 et

559 4762 821 4817 Dominus
859 4759 1383 4829 dominantium,qui
1410 4757 1662 4812 universa
1689 4766 1865 4823 creat,
1901 4758 2143 4827 possidet

558 4861 615 4907 et
650 4850 1079 4922 gubernationi
1139 4859 1288 4905 recte
1341 4865 1435 4903 rex
1469 4848 1692 4913 dicitur,
1742 4849 1999 4918 quoniam
2062 4849 2137 4905 ita

559 4952 752 4996 cuncta
784 4942 944 5013 regit,
972 4940 1115 5010 quod
1150 4938 1281 4993 nihil
1311 4938 1676 4993 inordinatum
1708 4939 1949 5009 reliquit.
1994 4939 2058 4994 Et
2094 4940 2143 4995 si

558 5034 703 5087 enim
747 5032 885 5087 mala
916 5031 998 5086 vel
1055 5030 1106 5084 in
1139 5029 1361 5095 mundo,
1394 5030 1477 5086 vel
1515 5031 1568 5086 in
1616 5030 1828 5087 inferno
1862 5030 1981 5087 fieri
2013 5045 2141 5100 per-

561 5124 752 5187 mittit,
784 5132 963 5177 tamen
981 5121 1047 5175 ad
1074 5120 1261 5189 finem,
1295 5121 1376 5177 vel
1418 5122 1837 5188 misericordiae,
1870 5125 1954 5177 vel
1982 5121 2144 5193 justi-

562 5216 652 5268 tiae
681 5228 813 5278 sure,
842 5226 904 5265 ea
938 5210 1141 5282 dirigit.
1175 5210 1327 5279 Quod
1352 5213 1748 5285 euim‘legitur,
1786 5214 1929 5283 quod
1968 5216 2019 5270 in
2056 5215 2140 5268 in-

564 5304 718 5358 ferno
741 5301 920 5357 nullus
948 5311 1030 5357 est
1057 5302 1212 5369 ordo,
1240 5304 1305 5358 de
1333 5304 1525 5360 ordine
1553 5304 1920 5360 renovationis
1951 5304 2146 5360 intelli-

564 5393 797 5464 gendum
820 5403 920 5449 est.
940 5393 1056 5450 Non
1078 5396 1222 5450 enim
1241 5396 1382 5452 sicut
1399 5396 1451 5451 in
1471 5396 1689 5461 mundo,
1710 5395 1849 5451 itaet
1863 5396 1913 5450 in
1933 5396 2144 5452 inferno

565 5485 809 5543 laborum
844 5487 1062 5563 [labori]
1092 5491 1336 5547 succedit
1375 5489 1606 5559 requies,
1633 5490 1865 5545 miseriae
1894 5489 2142 5557 felicitas,

565 5580 714 5636 nocti
742 5581 879 5646 dies,
914 5581 1085 5639 dolori
1116 5581 1480 5653 refrigerium,
1507 5583 1600 5637 sed
1645 5581 1936 5636 continuus
1970 5580 2143 5647 labor,

566 5673 820 5729 continua
848 5675 1086 5739 miseria,
1122 5675 1375 5731 continua
1404 5690 1533 5739 nos,
1562 5673 1851 5729 continuus
1880 5674 1951 5728 ibi
1982 5674 2145 5728 habe-

573 5777 661 5820 tur
689 5768 979 5823 cruciatus.
1013 5766 1184 5837 Hujus
1221 5776 1401 5823 autem
1425 5764 1625 5822 summi
1653 5765 1799 5837 regis
1846 5766 1988 5822 servi
2020 5773 2147 5821 sunt

570 5858 843 5930 homines,
883 5860 1141 5934 quoniam
1177 5859 1246 5917 ad
1271 5859 1376 5919 hoc
1406 5874 1501 5921 cos
1546 5859 1776 5930 creavit,
1802 5867 1865 5917 ut
1891 5858 1945 5918 ei
1973 5859 2146 5918 servi-

2230 592 2375 648 illius
2397 600 2525 647 sunt
2552 591 2849 651 debitores.
2877 588 3135 659 quoniam
3174 590 3225 646 in
3253 594 3411 653 multis
3437 596 3661 673 omnm“

2226 699 2417 742 omnes
2448 683 2591 755 (Jac.
2624 680 2731 753 ιιι).
2762 681 2893 749 Quae
2922 680 3142 751 quidem
3194 682 3355 740 debita
3377 690 3500 749 nobis
3532 698 3662 762 dimiui

2227 790 2502 848 rogamus,
2535 789 2660 830 cum
2682 773 2929 846 quotidie
2970 774 3025 828 in
3070 770 3313 833 Oratione
3338 781 3553 844 Dominica
3579 768 3664 851 dici-

2228 884 2348 923 mus
2377 884 2393 923 :
2424 868 2642 922 Dimitte
2665 866 2812 921 nobis
2835 866 3011 921 debita
3042 877 3219 923 nostra
3244 869 3433 939 (Matth.
3452 879 3666 949 Yl).0$leu.

2228 963 2430 1017 duntur
2445 962 2612 1032 igitur
2635 961 2690 1014 in
2715 960 2817 1017 hac
2842 959 3076 1018 lectione
3096 961 3246 1018 nobis
3262 975 3477 1034 quatuor:
3488 984 3666 1041 quomodo

2229 1057 2371 1112 Dens
2397 1057 2549 1127 ponit
2574 1057 2840 1113 rationem
2868 1072 2990 1112 cum
3032 1058 3202 1113 servis
3225 1061 3329 1116 suis
3351 1072 3399 1117 et
3436 1067 3499 1123 eis
3523 1078 3669 1131 comm].

2238 1156 2418 1213 natur,
2449 1148 2721 1218 quomodo
2772 1148 3215 1218 promittentibus
3260 1156 3599 1217 emendationem
3620 1166 3669 1221 fa.

2232 1241 2338 1297 cile
2361 1243 2670 1309 miseretur,
2692 1252 2746 1298 et
2775 1253 2978 1313 quanta
3003 1245 3077 1299 sit
3116 1244 3519 1306 immisericordim
3539 1268 3667 1316 nostr;

2232 1335 2546 1401 crudelitas,
2569 1345 2624 1390 et
2651 1345 2855 1407 quanta
2894 1337 2967 1391 sit
3011 1346 3203 1393 contra
3232 1354 3323 1395 nos
3349 1342 3507 1399 divina:
3528 1332 3672 1416 iustitia

2232 1429 2515 1483 severitas.
2567 1428 2727 1483 Ponit
2781 1428 2945 1499 igitur
2976 1428 3119 1484 Deus
3166 1431 3407 1487 rationem
3450 1451 3541 1492 cum
3578 1444 3674 1500 nobis

2232 1521 2406 1576 servis
2432 1521 2570 1585 suis,
2601 1521 2821 1590 quando
2855 1536 2952 1577 nos
2975 1519 3233 1589 dijudicat
3258 1533 3310 1579 et
3348 1525 3569 1585 discernit.
3593 1533 3676 1589 Sunt

2234 1620 2414 1667 autem
2446 1614 2552 1666 duo
2584 1611 2786 1681 judicia
2833 1610 2970 1665 Dei:
3006 1627 3173 1667 unum
3212 1612 3510 1672 discretionis
3532 1621 3674 1678 merito-

2232 1716 2376 1767 rum,
2405 1702 2633 1757 alterum
2656 1702 3007 1758 discretionis
3027 1704 3579 1772 przemiorum.Primutn
3596 1728 3677 1781 quo-

2235 1794 2365 1850 tidie
2390 1794 2451 1849 fit
2477 1794 2532 1848 in
2561 1795 2825 1861 Ecclesia,
2856 1796 2984 1849 dum
3014 1795 3161 1851 Deus
3202 1797 3339 1852 hunc
3371 1813 3455 1867 per
3478 1801 3679 1859 misericor-

2164 1859 2208 1920 Β
2237 1887 2381 1943 diam
2423 1886 2715 1955 illuminat,
2743 1859 2893 1944 illum
2928 1904 3027 1959 per
3070 1888 3331 1959 justitiam
3370 1859 3676 1957 excaecauit:

2235 1977 2367 2033 facit
2398 1979 2467 2033 de
2521 1979 2724 2035 virtute
2761 1979 2816 2034 in
2867 1981 3127 2037 virtutem
3157 1982 3448 2048 ascendere,
3489 1985 3593 2039 illum
3609 2002 3681 2056 per-

2236 2073 2404 2128 mittit
2429 2072 2495 2127 de
2522 2072 2655 2129 vitio
2687 2074 2739 2127 in
2772 2072 2961 2127 vitium
2998 2087 3179 2129 ruere.
3209 2073 3488 2130 Secundum
3514 2078 3681 2147 judiciun

2236 2165 2329 2219 fiet
2354 2164 2405 2219 in
2443 2164 2726 2230 extremis,
2754 2164 2970 2233 quando
2995 2165 3128 2219 mali
3160 2165 3309 2219 ibunt
3353 2164 3401 2218 in
3431 2167 3569 2235 ignem
3588 2178 3684 2223 ater-

2236 2271 2364 2311 nmn
2384 2298 2398 2321 ,
2428 2254 2558 2325 justi
2585 2270 2715 2311 vero
2744 2256 2797 2310 in
2824 2255 2989 2310 vitam
3021 2264 3284 2311 aeternam
3312 2255 3501 2328 (Matth.
3524 2260 3687 2327 milia

2235 2350 2412 2421 primo
2442 2348 2643 2404 dicitur
2680 2367 2694 2403 :
2723 2348 2920 2404 Judica
2953 2366 3055 2417 me,
3084 2349 3249 2417 Deus,
3268 2357 3321 2405 et
3341 2350 3689 2405 discernerentur

2235 2457 2406 2495 meam
2436 2437 2609 2510 (Psal.
2642 2440 2890 2505 sut).De
2911 2441 3159 2497 secundo
3191 2451 3365 2497 autem
3391 2438 3554 2497 dicitur
3574 2460 3585 2497 :
3604 2442 3691 2499 Deus

2238 2533 2291 2588 in
2318 2531 2523 2601 judicio
2536 2531 2723 2587 reddet
2744 2531 3037 2602 unicuique
3065 2536 3363 2588 secundum
3389 2548 3523 2602 opera
3542 2532 3691 2588 snazilt

2238 2624 2443 2683 oblatus
2473 2635 2571 2689 est,
2608 2624 2803 2694 inquit,
2834 2642 2969 2680 unus
3004 2627 3100 2696 qui
3129 2625 3344 2682 debebat
3370 2628 3411 2681 ei
3434 2628 3569 2681 decent
3588 2628 3693 2681 isillis

2239 2717 2459 2771 talenta.
2488 2718 2681 2771 Decem
2722 2717 2886 2771 millia
2918 2717 3125 2773 talenta
3158 2719 3270 2774 Deo
3291 2719 3456 2785 debet,
3480 2718 3553 2788 qui
3572 2719 3616 2771 de
3639 2719 3695 2772 De-

2238 2809 2428 2880 calogo
2454 2824 2559 2865 non
2591 2808 2817 2878 impleto
2838 2809 3273 2865 satisfactionem
3302 2810 3406 2865 Deo
3430 2808 3699 2880 debet,qualet

2238 2915 2426 2955 sumus
2449 2914 2549 2955 nos
2572 2898 2685 2955 fere
2711 2914 2921 2964 omnes,
2953 2898 3157 2955 fratres
3187 2899 3313 2954 mei.
3340 2898 3460 2953 Nam
3489 2899 3582 2969 quis
3602 2898 3699 2951 audet

2239 2992 2421 3048 dicere
2453 3010 2465 3045 :
2498 2992 2610 3061 Ego
2639 2991 2813 3063 legem
2853 2992 3112 3062 implevi?
3150 2992 3251 3047 Hic
3282 2992 3399 3048 talis
3423 2990 3603 3048 offertur
3620 2990 3701 3054 Deo,

2238 3085 2323 3141 vel
2347 3101 2444 3157 per
2471 3085 2707 3156 angelos,
2724 3086 2815 3155 qui
2846 3084 3187 3155 singuiorum
3220 3086 3405 3140 merita
3424 3084 3517 3140 Deo
3541 3084 3704 3138 dicuntur

2164 3212 2207 3273 ο
2241 3178 2456 3244 offerre,
2503 3178 2590 3234 vel
2634 3192 2733 3247 per
2786 3176 3083 3273 clamorem
3119 3192 3447 3249 pauperum,
3473 3176 3704 3273 quibusom
3806 3236 3807 3273 ξ

2240 3279 2548 3326 cessaverat
2572 3268 2853 3337 injuriare.
2883 3266 2953 3322 Et
2986 3285 3111 3322 cum
3142 3286 3248 3323 non
3274 3270 3489 3332 haberet,
3514 3269 3616 3320 unde
3636 3263 3706 3318 red-
3806 3264 3807 3311 l

2238 3362 2401 3426 deret,
2435 3370 2540 3417 etc.
2580 3360 2724 3416 Nihil
2752 3360 2915 3416 habet
2969 3369 3234 3429 peccator
3272 3359 3408 3415 unde
3454 3357 3616 3421 reddat,
3653 3354 3707 3426 qui

2239 3456 2375 3510 nihil
2405 3454 2860 3526 compunctionis,
2915 3452 2998 3508 vel
3026 3452 3390 3508 correctionis
3430 3450 3475 3504 in
3517 3465 3561 3504 se
3593 3449 3709 3510 habet,

2239 3549 2382 3603 unde
2410 3548 2727 3603 satisfaciat.
2757 3547 2910 3603 Hunc
2942 3548 3107 3602 talem
3128 3546 3289 3616 jubet
3319 3544 3547 3600 Dominus
3561 3554 3712 3596 venum-

2240 3638 2378 3702 dari,
2410 3649 2463 3693 et
2491 3652 2742 3702 uxorem,
2772 3646 2826 3692 et
2857 3637 2996 3693 lilios
3022 3647 3080 3692 et
3102 3637 3359 3692 universa
3395 3649 3500 3704 quae
3534 3633 3715 3693 habet,et
3806 3633 3807 3695 ξ

2240 3728 2700 3795 reddi.Quoniam
2738 3727 2830 3797 qui
2867 3727 2934 3783 de
2955 3728 3291 3798 perpetratis
3317 3725 3533 3798 peccatis
3553 3736 3631 3777 nor.
3648 3718 3718 3771 vult

2241 3818 2575 3883 satisfacere,
2591 3820 2744 3889 jubet
2774 3818 2918 3875 Deus
2941 3828 2997 3874 et
3024 3819 3279 3891 spiritum
3312 3820 3443 3890 ejus,
3465 3825 3512 3873 et
3535 3827 3715 3873 uxorem.

2241 3907 2399 3963 idest
2435 3923 2658 3964 carnem
2704 3908 2882 3980 (cujus
2921 3909 3156 3965 mollitie
3202 3908 3468 3979 utebatur)
3489 3916 3537 3963 et
3554 3900 3717 3969 filios“

2242 4009 2326 4054 est
2353 4014 2565 4066 sensus,
2596 4000 2689 4071 qui
2717 4014 2785 4056 ex
2830 4001 3032 4072 spiritu
3060 4010 3117 4057 et
3140 4016 3313 4058 carne
3360 4001 3717 4071 procreantur.ct

2241 4093 2425 4149 omnia
2462 4093 2704 4148 membra
2748 4108 2849 4163 pro
2898 4094 3163 4164 peccatis,
3196 4104 3409 4150 eterna:
3454 4086 3718 4164 pmoctndi.

2244 4193 2298 4239 et
2326 4184 2397 4237 ita
2430 4183 2648 4254 dignam
2691 4184 2951 4240 ultionem
2998 4186 3064 4240 de
3114 4201 3187 4243 eo
3218 4187 3387 4247 reddi.
3418 4186 3554 4247 Ecce,
3577 4182 3719 4242 intres,

2246 4288 2407 4344 quam
2436 4273 2755 4331 terribiliter
2780 4274 2924 4332 Deus
2940 4276 3186 4332 minatur
3216 4276 3328 4333 illis
3348 4275 3433 4346 qui
3462 4288 3556 4329 non
3570 4282 3720 4327 cantet-

2246 4376 2457 4421 ιιιιιιιη.

2315 4458 2576 4530 Sequitur
2603 4478 2732 4535 pars
2781 4464 3041 4531 secunda,
3094 4464 3151 4521 in
3184 4480 3298 4537 qua
3335 4462 3721 4528 ostenditurun

2172 4568 2219 4625 ι)
2244 4551 2399 4609 facile
2431 4554 2573 4610 Deus
2596 4556 2986 4625 paenitentibus
3015 4557 3367 4623 misereatur,
3393 4571 3505 4612 eum
3530 4551 3723 4609 subditur:

2244 4647 2533 4706 Procidens
2571 4662 2749 4705 autem
2784 4668 2961 4707 servus
2992 4651 3082 4707 ille
3104 4692 3120 4716 ,
3166 4653 3389 4723 rogabat
3434 4664 3539 4703 eum
3574 4647 3723 4698 dicent:

2244 4742 2569 4797 Patientiam
2596 4744 2726 4797 habe
2760 4744 2818 4797 in
2842 4760 2943 4811 me,
2968 4753 3017 4799 et
3046 4745 3228 4798 omnia
3252 4743 3465 4797 reddam
3486 4740 3581 4793 tibi.
3604 4735 3728 4789 Μὶιιτ-
3806 4742 3807 4811 ι

2244 4843 2327 4888 tus
2367 4843 2544 4888 autem
2591 4836 2835 4890 dominus
2867 4837 3001 4890 servi
3039 4836 3208 4898 illius.
3239 4835 3437 4889 dimisit
3459 4849 3561 4886 eum
3583 4826 3725 4883 enitit-

2243 4936 2353 4981 tum
2381 4926 2582 4981 dimisit
2610 4926 2714 4982 illi.
2743 4925 2913 4982 Porro
2937 4936 3191 4998 peccator
3232 4926 3534 4997 intelligens
3552 4934 3628 4993 pro
3649 4931 3727 4987 Ρεεε

2244 5017 2384 5073 catis
2437 5016 2745 5075 commissis
2769 5018 2873 5073 sibi
2911 5018 3214 5089 gehennam
3271 5017 3480 5090 parari,
3506 5008 3682 5084 procidit
3698 5012 3729 5059 et

2245 5120 2401 5183 rogat
2443 5110 2747 5175 Dominum,
2783 5120 2840 5166 ut
2892 5111 3210 5183 patientiam
3264 5112 3321 5167 in
3374 5125 3493 5166 eum
3520 5107 3730 5166 habeats!

2243 5203 2425 5259 omnia
2456 5203 2631 5259 reddit
2655 5204 2705 5258 ei
2760 5203 2978 5274 quando
3030 5212 3315 5274 peccatum
3362 5215 3512 5257 suum
3548 5206 3731 5263 recogm'

2244 5298 2774 5363 scenssehumiliat,
2825 5308 2881 5355 et
2920 5299 3153 5368 spatium
3202 5294 3532 5367 paenitentia
3551 5290 3634 5348 sibi
3662 5285 3732 5340 dari

2245 5391 2501 5461 postulat,
2527 5399 2579 5445 et
2614 5390 2824 5460 plenam
2860 5389 3129 5460 promittit
3172 5385 3607 5444 satisfactionem.
3636 5374 3732 5444 Quod

2246 5481 2290 5536 si
2340 5480 2502 5537 fuerit
2526 5495 2653 5536 vera
2688 5480 2987 5546 humilitas,
3024 5487 3080 5536 et
3108 5494 3232 5535 vera
3267 5473 3615 5547 compunctio,
3647 5466 3736 5521 Dc“

2246 5574 2471 5629 dimittit
2492 5590 2638 5639 eum,
2662 5584 2721 5630 ut
2749 5574 2801 5629 in
2834 5574 3025 5630 melius
3060 5574 3220 5633 vivat,
3240 5580 3300 5626 et
3336 5577 3546 5640 peccata
3570 5559 3735 5626 indulget

2245 5667 2316 5729 ei,
2346 5665 2504 5736 juxta
2535 5667 2677 5735 quod
2725 5665 2841 5735 ipse
2873 5680 2969 5735 per
3022 5666 3345 5736 prophetam
3398 5662 3475 5715 ait
3506 5677 3518 5713 :
3547 5655 3664 5711 Nolo
3684 5662 3737 5717 est

2246 5769 2467 5815 martem
2506 5759 2819 5830 peccatoris,
2843 5758 2933 5812 sed
2956 5766 3012 5811 ut
3041 5758 3207 5827 magis
3246 5759 3573 5808 convertatur
3591 5754 3630 5800 et

2247 5852 2469 5927 (Ezech.
2497 5857 2676 5924 svnt}.
2700 5850 2835 5919 Quis
2874 5848 3107 5909 sulliciat
3159 5858 3391 5921 pensare
3460 5842 3637 5901 fratres
3658 5846 3738 5895 ιιιιιι
