3842 6308
121 355 203 414 ΞΜ

1047 336 1274 396 VETUS
1312 332 1568 394 AGANO.
1595 359 1665 374 -
1692 328 1822 390 LIB.
1863 331 1905 389 l.
1933 328 2252 416 'AGANUS.

3212 335 3323 392 202

120 485 214 528 runt
245 459 514 534 manipulos
562 457 847 514 sumimus.
881 453 1230 514 Terminatur
1277 451 1464 522 itaque
1514 448 1630 519 ipsa
1660 448 1708 508 Δ
1801 446 1994 505 Adhuc
2023 445 2076 504 in
2103 445 2380 504 territorio
2404 445 2637 516 comitis,
2662 463 2768 505 non
2795 449 2952 522 longe
2977 451 3044 506 ab
3075 449 3320 510 ateclesia

120 572 234 617 terra
259 552 444 611 duabus
476 548 572 606 viis
615 547 869 620 publicis,
902 548 971 603 ad
997 547 1247 602 dextram
1277 539 1636 614 pergentibus

116 648 167 704 ad
191 645 400 702 haecum.
430 652 532 694 non
551 635 727 693 solum
749 636 858 703 via,
882 643 966 692 set
989 634 1156 691 etiam
1201 630 1410 703 magnis
1438 627 1633 700 lapidi-

115 738 194 794 bus
217 732 410 790 aPaulo
448 731 710 788 monacho
737 727 850 802 (67)
894 727 1010 786 solo
1037 726 1247 785 inﬁxis.
1282 723 1364 779 Ad
1393 722 1638 778 orienta-

114 830 196 886 lem
227 839 420 898 quoque
454 823 660 896 plagam
695 823 1022 880 terminatur
1067 820 1229 877 terris
1262 819 1426 876 cultis
1463 826 1519 876 et
1549 817 1636 874 iu-

113 919 243 976 cultis
274 919 332 974 de
344 926 614 988 potestate
637 912 854 971 Sanctae
880 911 1084 970 Mariae.

163 1007 385 1079 Sequitur
409 1005 601 1062 Manus
624 1002 846 1070 Villare,
877 1003 1035 1075 cujus
1064 1000 1301 1058 maxima
1325 1013 1455 1072 pars
1478 1007 1640 1056 terrae

111 1100 325 1156 dividitur
358 1099 586 1169 quadam
612 1097 700 1154 via
728 1113 850 1169 quae
881 1105 1027 1154 meta
1072 1110 1193 1154 esse
1219 1095 1437 1152 videtur
1477 1103 1640 1151 terrae

109 1192 256 1249 Sancti
278 1191 412 1248 Petri
436 1201 702 1262 terraeque
721 1191 908 1252 Sancti
932 1190 1200 1247 Mauricii.
1221 1189 1302 1246 Ex
1330 1204 1436 1246 una
1460 1189 1641 1245 fronte

111 1287 382 1342 terminatur
408 1286 491 1342 via
519 1285 735 1357 publica
765 1299 888 1356 quae
913 1284 1091 1356 pergit
1118 1284 1186 1339 ad
1216 1291 1431 1355 portam
1459 1281 1640 1337 Perti-

110 1393 286 1444 canam;
313 1379 411 1433 alia
439 1377 638 1446 fronte,
664 1378 750 1433 via
777 1392 900 1448 quae
929 1377 1079 1433 ducit
1112 1375 1180 1431 ad
1215 1383 1432 1446 portam
1462 1372 1639 1430 sancti

107 1469 324 1545 Johannis
345 1470 558 1528 Valeiae.
600 1470 684 1528 Ad
713 1469 1040 1528 orientalem
1064 1470 1282 1542 plagam
1309 1468 1514 1542 colligit
1543 1467 1641 1522 do-

109 1578 220 1618 mum
245 1562 660 1628 aurifabrorutn;
701 1573 759 1620 et
783 1564 865 1620 sic
897 1577 997 1635 per
1036 1562 1246 1620 sulcum
1274 1563 1558 1618 vinearum
1585 1559 1639 1615 in

109 1662 419 1710 transversum
473 1670 583 1711 non
617 1653 786 1727 longe.
811 1654 880 1713 ab
929 1652 1177 1709 aacclesia
1209 1650 1397 1708 Sancti
1446 1647 1640 1705 Hilarii

107 1742 243 1814 pergit
277 1743 336 1798 ad
372 1742 513 1798 viam
561 1741 842 1814 publicam
869 1781 886 1810 ,
935 1742 1003 1798 de
1041 1755 1148 1812 qua
1194 1754 1342 1797 nunc
1387 1738 1639 1810 superius

109 1833 311 1904 diximus,
336 1843 495 1908 atque
529 1835 607 1892 ibi
641 1835 970 1892 terminatur
995 1849 1104 1891 non
1133 1832 1296 1906 longe
1332 1846 1364 1888 a
1402 1831 1639 1904 quodam

108 1926 238 1996 prelo.

157 2017 263 2073 item
294 2033 395 2073 xxx
418 2017 711 2092 agripenni
751 2017 1036 2075 vinearum
1074 2016 1132 2074 in
1171 2015 1411 2074 Luciaco
1447 2029 1642 2088 secun-

111 2115 191 2175 tur,
208 2123 325 2180 qua,
351 2124 454 2165 una
469 2109 687 2179 fronte,
708 2111 1070 2168 terminantur
1093 2109 1182 2166 via
1207 2123 1330 2181 quae
1357 2108 1426 2165 ab
1450 2106 1640 2164 aeccle-

114 2199 173 2255 sia
195 2199 382 2258 Luciaci
414 2202 484 2258 ad
514 2202 830 2261 ecclesiam
857 2201 1020 2259 Manu
1048 2201 1272 2259 Villaris
1301 2201 1506 2274 pergit;
1535 2199 1643 2255 alia

118 2286 259 2358 fronte,
279 2292 358 2347 via
377 2307 498 2364 quae
517 2293 678 2350 ducit
705 2292 773 2349 ad
801 2292 995 2360 Seras;
1023 2292 1191 2349 tercia
1206 2305 1423 2364 quoque
1442 2289 1640 2358 fronte,

121 2381 182 2435 ria
201 2397 286 2453 qua;
309 2385 571 2441 terminat
602 2384 824 2440 Manum
866 2385 1070 2442 Villare
1109 2384 1370 2441 terminat
1393 2392 1449 2440 et
1475 2383 1642 2453 ipsos.

115 2469 237 2529 Frons
260 2490 373 2532 vero
397 2493 520 2549 qua:
567 2477 831 2548 prospicit
863 2477 931 2532 ad
981 2476 1258 2533 civitatem
1309 2475 1431 2530 aliis
1471 2473 1644 2529 vineis

111 2567 382 2622 tenninatur.
430 2568 690 2624 Fuerunt
736 2579 954 2640 quoque
1004 2568 1116 2624 dati
1165 2567 1233 2623 ad
1291 2566 1644 2638 plantandum

107 2661 324 2717 monachis
374 2662 442 2718 ab
483 2663 756 2735 episcopo
813 2660 1184 2736 Ragenfredo,
1247 2667 1456 2717 remota
1497 2659 1645 2716 omni

101 2755 329 2813 exactione
357 2758 423 2814 ab
443 2757 563 2813 eis.
727 2757 736 2766 ’

151 2846 215 2902 Ad
249 2849 517 2906 meridiem
559 2848 780 2922 quidem
817 2857 901 2908 est
933 2849 1182 2922 quaedam
1213 2845 1463 2914 3180010553
1505 2845 1672 2923 ίυιθτ,

101 2938 267 3012 vineas,
297 2944 347 3000 in
376 2945 596 3001 honore
645 2942 822 2999 sancti
869 2936 1484 3007 Leobini'constructa,
1523 2952 1648 3010 quae

103 3031 201 3088 olim
238 3035 389 3095 fuisse
435 3039 667 3096 abbatia
729 3038 1051 3094 dinoscitur.
1105 3035 1282 3105 Quam
1335 3032 1644 3091 aecclesiam

1671 1800 1720 1859 Β

1739 554 1901 610 supra
1933 550 2256 610 memorata,
2311 542 2573 613 quasdam
2631 542 2820 601 vineas
2865 545 3159 616 habemus,
3188 547 3320 606 olitn

1735 633 1950 690 cuidam
1997 635 2050 690 in
2103 636 2366 693 beneﬁcio
2423 637 2600 703 datas,
2642 645 2830 707 postea
2872 653 3004 696 vero
3029 679 3044 707 ,
3096 640 3326 714 cogente

1738 725 1987 795 penuria,
2030 726 2205 784 Bertze
2229 728 2542 798 comitissze,
2557 743 2621 786 eo
2646 738 2854 798 tenore,
2869 742 3056 791 nostro
3069 747 3324 804 assensu,

1737 818 2005 883 venditas,
2038 829 2117 884 ut,
2150 829 2272 891 post
2302 823 2507 878 obitum
2550 825 2874 893 comitissae,
2917 827 2985 884 ab
3026 829 3175 886 omni
3225 844 3322 885 ex-

1547 945 1552 954 .
1635 935 1640 938 -
1739 909 1952 965 actione
1983 909 2202 979 liberas,
2229 913 2414 970 usibus
2433 915 2788 986 stipendiaris
2804 921 3058 992 prOpriis,
3085 938 3181 979 eas
3207 925 3326 980 sine

1740 999 1982 1070 qualibet
2057 1002 2419 1072 protelatione
2482 1007 2778 1064 reltabeant
2833 1013 3127 1081 monachi,
3179 1015 3326 1087 quod

1741 1101 1927 1162 postea
1975 1091 2148 1150 frater
2198 1095 2509 1164 comitissae,
2538 1113 2723 1156 comes
2782 1100 3112 1172 Tedbaldus,
3140 1119 3326 1162 coram

1739 1185 1854 1242 suis
1885 1186 2132 1244 ﬁdelibus
2168 1190 2398 1244 amnuit.

1780 1309 1782 1311 >
1812 1280 1968 1338 Nunc
2000 1283 2070 1338 ad
2099 1283 2575 1353 septentrionalem
2603 1287 2814 1358 plagam
2852 1297 3094 1346 vertatur
3123 1305 3326 1362 penna,

1743 1371 1930 1442 inqua
1958 1387 2121 1443 super
2147 1373 2370 1438 vallum,
2407 1389 2511 1429 non
2545 1377 2700 1448 longe
2741 1393 2770 1431 a
2827 1390 2980 1448 porta
3043 1381 3326 1448 Drrccnsi,’

1745 1469 1892 1518 tenet
1913 1463 1967 1519 in
1999 1464 2266 1521 beneﬁcio
2299 1466 2441 1523 ﬁlius
2471 1466 2688 1524 Geraldi
2715 1471 3080 1542 negociatoris
3105 1476 3171 1528 de
3200 1489 3329 1530 san-

1741 1561 1830 1610 cto
1857 1553 2020 1612 Petro
2048 1564 2249 1613 terram
2300 1559 2614 1615 reddentem
2665 1560 2867 1618 solidos
2894 1579 2926 1618 x
2951 1579 3324 1623 nummorum.

1813 1643 1873 1700 In
1904 1645 2026 1702 vico
2056 1662 2274 1718 quoque
2303 1649 2480 1705 sancti
2507 1651 2741 1708 Andreae
2762 1652 2816 1708 in
2848 1654 3179 1711 dominicatu
3200 1671 3328 1713 san-

1744 1745 1866 1794 ctus
1899 1735 2094 1794 Petrus
2136 1740 2378 1810 possidet
2423 1743 2558 1799 duos
2616 1742 2820 1801 solidos
2869 1762 3214 1804 nummorum
3264 1751 3332 1806 de

1743 1841 1908 1884 censu
1938 1870 1954 1896 ,
1983 1845 2091 1886 non
2138 1831 2299 1904 longe
2323 1848 2353 1888 a
2385 1843 2552 1906 ponte
2580 1835 2671 1906 qui
2725 1837 2946 1908 respicit
3005 1840 3074 1895 ad
3119 1851 3333 1912 portam

1743 1920 1996 1978 Ainboldi
2053 1922 2188 1997 (69).
2218 1925 2260 1980 Α
2291 1941 2398 1998 qua
2453 1935 2608 1998 porta
2662 1943 2771 1984 non
2815 1928 2974 2001 longe
3019 1941 3104 1987 est
3143 1933 3334 1990 domus

1742 2009 2008 2072 Johannis
2029 2027 2152 2071 cum
2204 2018 2354 2075 vinea
2407 2034 2530 2090 qua:
2577 2018 2777 2079 solidos
2820 2033 2929 2080 tres
2987 2041 3333 2083 nummorum

1746 2105 1945 2162 reddit.

1817 2199 2100 2268 Quomodo
2153 2211 2335 2259 autem
2369 2215 2592 2277 campus
2631 2205 2802 2262 Fauni
2857 2211 3200 2278 terminetur,
3237 2230 3335 2269 suo

1745 2289 1866 2348 loco
1893 2291 2126 2349 dicetur.
2186 2293 2342 2350 Nunc
2365 2287 2494 2353 vero
2540 2297 2607 2353 ad
2659 2313 2722 2354 ea
2755 2315 2878 2370 quae
2908 2302 3143 2374 capitula
3190 2320 3332 2376 pra:-

1753 2382 2014 2454 singnant
2040 2385 2347 2444 redeamus.

2303 2481 2703 2541 CAPITULUM
2730 2485 2791 2539 ll.

1749 2587 1824 2642 De
1851 2590 2404 2667 agripettuoterrmad
2429 2594 2777 2664 plantandum
2810 2600 3035 2667 vincant,
3055 2619 3087 2656 a
3122 2607 3337 2659 amomi

2096 2663 2175 2717 cis
2198 2663 2254 2718 in
2277 2663 2460 2720 clauso
2493 2667 2813 2723 dominicam
2843 2671 2989 2726 dato.
3022 2663 3031 2667 ⁷
3317 2681 3320 2686 ’

2307 2756 2356 2830 (ι
2391 2756 2614 2815 Octobr.
2643 2759 2794 2830 940.)
2995 2831 3000 2836 _

1823 2866 1842 2900 ε
1875 2863 1930 2902 nt
1970 2847 2188 2903 nomine
2228 2856 2430 2904 sanctae
2460 2856 2514 2905 et
2549 2850 2838 2932 individuus
2887 2852 3190 2914 Trinitatis.
3230 2854 3342 2913 Nos

1744 2939 1992 2997 canonici
2018 2957 2084 2998 ex
2113 2942 2443 2999 monasterio
2468 2945 2641 3000 sancti
2668 2943 2833 3012 Petri,
2861 2949 3110 3018 quodest
3141 2950 3192 3006 in
3216 2935 3345 3009 sub-

1751 3030 1910 3087 urbio
1957 3030 2209 3090 Carnotis
2246 3033 2506 3103 civitatis,
2556 3034 2752 3092 divinis
2801 3037 3345 3110 laudibus_insisten~

104 3133 302 3182 matrona
343 3129 623 3200 quaedam,
653 3127 1037 3184 Ermentrudis
1085 3127 1326 3194 nomine,
1355 3140 1497 3183 uxor
1545 3121 1646 3178 Ni-
1669 3151 1720 3213 ο
1755 3131 1853 3191 tes,
1882 3131 2070 3180 notum
2101 3124 2220 3183 ﬁeri
2241 3127 2490 3185 volumus
2535 3129 2746 3186 cunctis
2803 3139 3006 3188 sancta:
3037 3132 3130 3188 Dei
3157 3133 3346 3190 teoclc-

105 3216 302 3288 velonis,
349 3229 475 3277 voto
523 3221 737 3276 Sancto
781 3218 944 3276 Petro
997 3218 1207 3275 dimisit
1259 3218 1501 3273 moriens
1547 3230 1650 3287 pro

100 3308 242 3364 anima
264 3325 378 3380 sua,
420 3327 548 3368 cum
590 3311 758 3368 terris
796 3324 863 3368 ac
890 3309 1118 3368 decimis
1147 3307 1552 3381 pertinentibus
1581 3306 1649 3361 ad

101 3397 236 3466 ipsam
277 3403 610 3470 ecclesiam;
667 3403 808 3459 datis
855 3418 986 3459 vero
1035 3416 1167 3470 suo,
1198 3415 1299 3473 pro
1349 3411 1648 3464 consensu,

101 3493 344 3552 monilibus
371 3498 485 3554 suis
509 3509 569 3553 et
594 3496 828 3555 armillis
857 3496 1074 3563 aureis;
1117 3504 1237 3552 erat
1276 3494 1420 3552 enim
1460 3489 1652 3548 {eccle-

100 3584 162 3640 sia
193 3602 251 3643 ex
291 3591 626 3660 patrimonio
675 3605 796 3646 suo.
826 3589 964 3647 Cum
1005 3603 1136 3646 vero
1184 3587 1330 3644 viam
1385 3585 1655 3642 universae

103 3678 248 3736 carnis
275 3683 496 3751 abisset,
547 3684 638 3738 vir
669 3682 805 3755 ejus,
850 3681 1117 3754 petitione
1150 3679 1396 3753 conjugis
1439 3687 1656 3752 postpo-

101 3769 180 3826 sita
219 3783 373 3846 atque
422 3792 539 3834 suae
600 3776 987 3847 promissionis
1033 3775 1256 3841 oblitus,
1303 3772 1490 3830 omnia
1545 3773 1658 3827 suis

1752 3217 1848 3274 size
1872 3217 2117 3275 ﬁdelibus
2147 3220 2507 3290 prmsentibus
2524 3221 2732 3278 scilicet
2769 3230 2932 3294 atque
2973 3223 3190 3294 futuris,
3211 3227 3340 3298 quia

1756 3310 1980 3366 veniens
2021 3311 2242 3382 quidam
2284 3315 2473 3382 homo,
2551 3314 2770 3371 nomine
2821 3315 3169 3386 Tcodcricus,
3217 3329 3346 3376 ante

1755 3403 2100 3474 prmsentiam
2126 3415 2392 3473 nostram,
2415 3408 2728 3479 suppliciter
2753 3410 3048 3482 postulatit
3074 3420 3131 3466 ut
3153 3411 3258 3467 sibi
3293 3422 3350 3468 ct

1756 3494 1910 3550 uxori
1959 3506 2094 3560 suae,
2141 3495 2361 3552 nomine
2408 3498 2718 3569 Dominicre,
2764 3499 2887 3558 ﬁliae
2935 3515 3037 3557 nec
3083 3515 3193 3557 non
3235 3518 3349 3558 sua:

1757 3582 1971 3654 Gerois,
2001 3605 2168 3647 unum
2195 3591 2517 3662 aripennum
2546 3599 2703 3648 terrae
2727 3593 2830 3648 sub
2859 3607 3022 3649 manu
3047 3593 3203 3648 ﬁrma
3226 3608 3353 3650 ron-

1759 3678 2078 3736 cederemus
2104 3681 2171 3739 ad
2213 3681 2565 3753 plantandam
2615 3682 3017 3752 inibivineam,
3063 3685 3116 3740 in
3164 3684 3352 3742 clauso

1759 3765 2088 3826 dominicato
2115 3769 2366 3838 fratrum,
2411 3773 2480 3826 ab
2529 3772 2714 3828 usibus
2752 3788 2940 3830 eorum
2966 3770 3151 3832 multis
3178 3791 3350 3834 anno-

1765 3874 1882 3914 rnm
1910 3862 2192 3919 curriculis
2219 3862 2516 3932 abstracto,
2569 3880 2712 3921 nunc
2760 3881 2908 3933 vero,
2941 3867 3083 3923 sicut
3102 3867 3170 3924 ab
3205 3869 3352 3925 anti-

1764 3967 1891 4024 quo,
1911 3954 2058 4026 juste
2088 3956 2320 4024 reddito,
2351 3957 2440 4028 qui
2471 3972 2636 4030 prope
2665 3958 2838 4015 sancti
2868 3957 3146 4018 Michaelis
3165 3960 3356 4017 acele-

1765 4048 1902 4104 siam
1951 4049 2220 4106 consistit.
2281 4049 2390 4107 Nos
2439 4067 2588 4120 vero,
2649 4060 2822 4108 ratam
2876 4051 2994 4124 ejus
3034 4055 3354 4125 petitionem

1767 4140 2198 4212 considerantes,
2255 4145 2517 4215 quidquid
2565 4145 2719 4202 nobis
2771 4146 3097 4216 supplicavit
3125 4147 3358 4218 benigne

1769 4234 2102 4292 assensimus
2122 4247 2177 4291 et
2201 4237 2570 4294 concessimus
2630 4240 2888 4308 praedicto
2918 4240 3128 4297 scilicet
3151 4240 3359 4298 Teodc-

102 4335 292 4390 Inonuit.
331 4335 449 4404 Quo
508 4343 748 4403 mortuo,
793 4334 934 4390 ﬁlius
977 4335 1093 4404 ejus
1145 4319 1417 4405 Paganus,
1456 4331 1667 4389 modico
1774 4325 1906 4394 rico,
1936 4327 2204 4398 uxorique
2242 4344 2354 4386 sua:
2410 4329 2718 4396 Dominicat,
2753 4329 2986 4402 ﬁliaeque
3036 4347 3224 4390 eorum
3249 4333 3360 4389 Ge-

106 4427 328 4494 Iempore,
355 4427 531 4499 patris
559 4423 825 4482 beneflcio
877 4423 1146 4495 fungitur;
1179 4439 1304 4477 nam
1336 4437 1458 4477 cum
1482 4419 1670 4477 debel-
1704 4497 1716 4499 _
1775 4419 1953 4489 roisaz,
1977 4421 2207 4478 eundem
2267 4429 2426 4478 terrae
2472 4422 2788 4495 aripennum
2821 4425 2887 4480 ad
2916 4424 3263 4496 plantandam
3303 4435 3363 4485 et

105 4512 216 4570 latet
236 4497 472 4573 castrum
502 4517 654 4588 quod
680 4517 952 4570 vocitatur
1005 4515 1206 4570 Fracta
1247 4511 1435 4581 Vallis,
1467 4514 1667 4583 patria
1695 4497 1746 4560 Β
1773 4515 2192 4571 construendam
2233 4515 2364 4571 inibi
2418 4517 2791 4584 vineam,mta
2832 4533 2952 4573 cum
2995 4534 3260 4576 consensu
3308 4530 3364 4574 et

106 4603 362 4666 Gausfrido
390 4610 646 4666 biartello
683 4609 978 4676 sublatura,
1010 4609 1064 4664 in
1092 4608 1210 4680 ipso
1233 4601 1666 4674 castriitttt'oittt,
1699 4671 1703 4680 Ι
1773 4602 2038 4673 permissu
2073 4605 2253 4662 domni
2306 4607 2482 4680 Agani
2526 4609 2793 4678 praesulis,
2857 4614 2947 4682 qui
2994 4613 3046 4667 in
3099 4608 3363 4680 regimine

107 4699 159 4752 ab
184 4701 420 4760 hostibus
444 4703 648 4777 gladiis
675 4703 1026 4760 interimitur.
1080 4701 1190 4758 Pro
1221 4716 1328 4773 quo
1360 4701 1532 4757 frater
1555 4701 1648 4773 eju:

1776 4695 1991 4751 videtur
2017 4697 2218 4754 habere
2244 4698 2385 4755 idem
2417 4691 2754 4768 coenobium;
2784 4701 2877 4771 qui
2899 4702 3064 4757 etiam
3098 4699 3360 4756 termina-

108 4786 414 4860 l‘ulcltcrins,
475 4793 596 4864 jam
651 4793 904 4862 clericus,
969 4792 1258 4848 mundanis
1316 4790 1489 4848 armis
1540 4805 1676 4864 prae-
1776 4796 1869 4843 tur
1888 4787 1957 4843 ab
1983 4803 2088 4844 uno
2117 4788 2304 4858 latere,
2337 4799 2482 4847 terra
2536 4792 2709 4848 sancti
2749 4791 2912 4858 Piati,
2963 4799 3019 4848 et
3061 4791 3166 4846 alia
3187 4798 3362 4861 parte,

107 4883 308 4952 cinctus,
332 4885 641 4942 secularem
667 4884 925 4942 miliciam
978 4891 1063 4940 est
1089 4890 1330 4939 secutus.
1371 4880 1471 4938 Cui
1512 4895 1677 4938 vene-
1743 4942 1748 4947 _
1782 4888 1925 4936 terra
1953 4882 2126 4938 sancti
2151 4882 2333 4949 Petri;
2383 4886 2451 4942 ab
2500 4902 2607 4943 una
2646 4887 2846 4955 fronte,
2895 4885 2984 4942 via
3013 4884 3228 4958 publica
3248 4899 3368 4956 quae

113 4971 272 5029 rabilis
295 4976 473 5032 abbas
503 4973 834 5041 Landricus,
859 4984 985 5030 vota
1009 4972 1203 5028 matris
1247 4972 1679 5043 petitionemque
1781 4969 1932 5028 ducit
1969 4975 2037 5031 ad
2059 4978 2233 5032 sancti
2280 4977 2494 5034 Martini
2526 4979 2953 5046 monasterium;
3007 4979 3114 5035 alio
3154 4994 3371 5051 quoque

114 5068 256 5132 patris
289 5069 586 5140 replicans,
625 5067 933 5140 impetravit
963 5066 1032 5123 ab
1062 5081 1129 5123 eo
1151 5064 1456 5124 atcclesiam
1504 5065 1678 5122 sancti
1780 5068 1953 5125 latere
1987 5075 2041 5122 et
2088 5067 2291 5138 fronte,
2321 5077 2466 5126 terra
2513 5071 2682 5140 ipsius
2715 5071 2918 5138 clausi;
2941 5085 3006 5127 eo
3038 5069 3245 5128 sc'licet
3279 5085 3369 5126 τις

116 5153 307 5216 Leobini
356 5178 487 5218 cum
530 5162 854 5233 quibusdam
905 5161 1222 5232 agripennis
1269 5161 1574 5225 vinearum,
1617 5159 1682 5216 de
1786 5161 1946 5218 tionis
1972 5169 2158 5218 tenore
2187 5161 2432 5218 dedimus
2464 5162 2591 5228 illis,
2641 5173 2700 5218 ut
2744 5163 3026 5220 annuatim
3076 5162 3373 5221 festivitate

117 5253 286 5320 quibus
336 5256 612 5313 habemus
652 5271 876 5311 censum
921 5255 1282 5312 etdecimam.
1323 5251 1476 5309 Tunc
1515 5252 1682 5308 etiam
1789 5255 1974 5310 Sancti
2006 5254 2174 5320 Petri,
2205 5267 2323 5323 quae
2348 5255 2528 5308 evenit
2554 5268 2649 5308 νιιι
2674 5253 2933 5311 kalendas
2966 5259 3220 5326 marcias,
3245 5272 3374 5313 cen-

120 5357 315 5403 censum
341 5350 564 5406 remisit
613 5349 892 5404 vinearum
937 5347 1081 5404 beati
1139 5347 1444 5415 Siemundi,
1476 5345 1685 5402 decima
1788 5348 2013 5405 sualiter
2034 5347 2303 5403 solidumt
2334 5347 2542 5402 solvere
2570 5349 2822 5403 studeant
2844 5351 3091 5421 partibus
3119 5351 3152 5407 ft
3168 5362 3368 5408 atrum.

121 5440 460 5498 solaretenta.
1791 5439 1942 5509 Quod
1971 5440 2015 5495 si
2038 5454 2105 5494 ex
2131 5439 2235 5496 hoc
2284 5453 2450 5495 censu
2480 5439 2620 5495 tardi
2665 5451 2757 5497 aut
2805 5445 3138 5519 negligentes
3177 5443 3376 5500 extite-

99 3862 254 3921 ttsibus
305 3867 550 3924 retinere
606 3865 843 3934 maluit;
912 3876 1011 3934 et,
1071 3864 1313 3938 quandiu
1373 3862 1687 3942 mundanis

104 3954 234 4013 rebus
262 3960 336 4014 uti
379 3960 607 4032 potuit,
655 3975 933 4032 nunquam
984 3959 1484 4033 resipuit.Verutn,
1537 3971 1659 4014 cum

101 4058 148 4104 se
178 4050 371 4110 videret
426 4054 498 4110 ad
559 4061 806 4111 extrema
871 4039 1036 4120 duci',
1087 4047 1386 4110 monachus
1436 4052 1491 4108 in
1543 4063 1661 4107 cte—

103 4146 235 4204 nobio
277 4149 462 4208 Sancti
499 4150 652 4207 Petri
681 4148 817 4207 eﬁici
845 4150 1042 4218 voluit;
1079 4149 1226 4222 quod
1275 4158 1456 4205 autem
1496 4162 1662 4202 sanus

101 4233 252 4298 facere
302 4243 517 4312 noluit,
576 4257 738 4300 cassa
805 4243 1071 4315 petitione
1125 4241 1254 4298 ﬁliis
1305 4240 1419 4314 (68)
1484 4239 1667 4298 facere

181 5559 444 5637 (diiipsi;
483 5567 573 5637 est
603 5562 764 5637 hujus
797 5563 990 5637 ‘ope_ris
1041 5555 1382 5637 auctor;__t_le
1429 5561 1690 5637 quovide
1792 5553 1952 5637 haud,
1994 5549 2160 5608 fuisse
2210 5567 2378 5637 prope
2404 5561 2646 5637 ponlenL
2661 5554 2850 5614 Sancti
2887 5557 3373 5637 Andrezletpostea

125 5625 374 5688 romani
406 5625 760 5688 tmératre'de
787 5625 859 5688 ια’
883 5631 1130 5700 France,
1166 5645 1206 5691 t.
1235 5625 1366 5702 Vm,
1395 5625 1607 5704 ρ.’225.
1792 5625 2190 5708 dunMaggapre.
2224 5626 2368 5708 {pler
2394 5636 2576 5694 portas
2611 5627 2938 5686 Drocensem
2980 5637 3033 5684 ct
3072 5625 3373 5693 Guillelmi.

187 5700 640 5774 (38)_Correctutn
667 5719 796 5762 vero
819 5704 934 5774 ﬁlio
957 5722 1077 5762 suo.
1115 5695 1127 5700 ⁷
1352 5695 1363 5702 ’
1395 5695 1413 5704 ’
1796 5713 1825 5752 a
1869 5697 1930 5752 D.
1986 5695 2160 5768 Muley
2215 5695 2495 5755 discimus.
2898 5711 2904 5717 ·

185 5773 286 5844 (69)
301 5772 524 5832 Portant
547 5772 828 5849 antiquam
841 5793 964 5850 quae
991 5776 1288 5836 vocabatur
1315 5777 1366 5834 la
1396 5785 1540 5848 parte
1570 5777 1690 5833 Am-

457 5873 710 5934 Pnuoc
779 5873 960 5934 CLV.
2291 5929 2293 5932 .
3099 5855 3137 5915 ⁷
