3910 7336
138 319 283 379 2109

855 319 1158 378 HOMILLE
1196 319 1265 376 ιΝ
1292 317 1510 377 EPIST.
1543 317 1635 376 ΕΤ
1676 319 1721 375 Ε

1829 318 1925 376 NG.
1955 319 2255 378 DOMINIC.
2282 349 2353 360 —
2387 317 2569 375 PARS
2589 318 2634 375 ll

3259 315 3398 372 2110

137 438 347 492 viscera
391 434 586 492 divinae
638 434 1052 501 misericordiae,
1094 435 1189 506 qui
1235 434 1429 491 adhoc
1476 435 1796 497 minaturA
1822 435 1959 490 tales
2001 449 2129 506 erga
2175 434 2488 504 proximos,
2533 431 2710 503 qualis
2743 433 2890 490 Deus
2939 435 3226 490 exstiterat
3269 451 3398 508 erga

137 529 412 600 asperius,
443 535 502 582 ut
531 527 692 582 citius
730 535 936 597 parcat.
965 527 1067 594 Qui
1114 543 1240 584 mox
1268 535 1329 581 ut
1372 525 1717 581 emendatio-

139 637 270 678 nem
302 621 350 674 ei
381 620 767 689 promittimus,
799 620 914 688 ipse
937 619 1152 675 veniam
1179 618 1335 674 nobis
1356 625 1605 688 praestat.

213 711 477 780 Sequitur
500 726 628 781 pars
659 711 841 778 tertia,
863 711 915 765 iu
950 726 1055 781 qua
1079 719 1278 766 nostrae
1327 707 1720 765 misericordiae

139 804 434 861 crudelitas
481 805 915 866 demonstratur,
949 818 1073 859 cum
1123 801 1416 858 subditur:
1454 800 1716 872 Egressus

137 909 319 954 autem
349 914 528 953 servus
561 897 672 965 ille,
717 897 910 952 invenit
937 913 1103 951 unum
1150 897 1214 950 de
1270 896 1533 950 conservis
1581 895 1714 960 suis,

133 991 228 1062 qui
253 989 466 1044 debebat
491 989 538 1044 ei
561 997 766 1043 centum
802 988 1066 1054 denarios,
1099 998 1147 1043 et
1199 998 1378 1043 tenens
1423 987 1720 1058 stt/fucabat

135 1093 257 1134 eum
280 1079 458 1134 dicens
487 1095 508 1134 :
539 1079 716 1134 Redde
755 1081 896 1145 quod
920 1081 1092 1145 debes,
1125 1089 1230 1135 etc.
1263 1079 1439 1136 Porro
1461 1093 1719 1150 egressus

133 1179 396 1241 peccator
417 1171 483 1227 ab
504 1171 812 1227 humilitate
854 1172 1307 1241 compunctiouis,
1352 1181 1406 1227 et
1449 1171 1604 1242 quasi
1632 1186 1720 1226 se-

133 1277 304 1319 curus
333 1263 528 1332 factus,
578 1266 783 1320 invenit
819 1281 983 1320 unum
1034 1266 1102 1320 de
1147 1264 1425 1321 conservis
1455 1264 1588 1326 suis,
1623 1263 1719 1332 qui

135 1352 370 1410 debebat
417 1356 465 1411 ei
497 1366 715 1411 centum
745 1357 1016 1413 denarios.
1054 1357 1267 1425 Quanta
1297 1354 1598 1411 differentia
1629 1362 1716 1410 est

133 1445 282 1502 inter
308 1455 525 1502 centum
557 1449 831 1512 denarios,
879 1459 935 1505 et
961 1450 1150 1505 decem
1183 1449 1349 1504 millia
1405 1448 1632 1512 talenta,
1661 1455 1718 1502 et

137 1537 192 1590 in
223 1535 530 1607 quantitate
553 1540 694 1594 et'iu
725 1555 971 1604 numero,
1005 1548 1148 1594 tanta
1171 1548 1254 1595 est
1284 1537 1594 1594 differentia
1629 1536 1718 1591 in-

137 1636 222 1682 ter
250 1638 473 1698 peccata
517 1644 638 1698 quae
672 1628 901 1686 fecimus
931 1630 984 1684 in
1015 1629 1204 1695 Demu,
1243 1639 1300 1685 et
1325 1630 1466 1684 inter
1488 1637 1715 1698 peccata

134 1733 261 1788 qua:
305 1718 435 1775 fecit
492 1719 776 1792 proximus
820 1721 876 1775 in
913 1736 1032 1778 nos.
1063 1721 1201 1777 Fere
1229 1722 1373 1776 enim
1407 1720 1552 1774 nulla
1592 1725 1721 1774 sunt

130 1825 259 1882 quae
307 1809 436 1866 fecit
486 1810 764 1881 proximus
817 1813 870 1868 in
923 1829 1062 1878 nos,
1120 1813 1190 1866 ad
1252 1811 1716 1882 comparationem
1747 1795 1794 1857 Β

130 1917 324 1958 eorum
352 1917 472 1972 qua:
495 1903 722 1958 fecimus
759 1903 815 1958 in
846 1903 1036 1960 Deum.
1069 1903 1298 1969 Invenit,
1325 1903 1526 1974 inquit,
1555 1920 1720 1958 unum

129 1993 199 2048 de
240 1994 500 2050 conservis
526 1995 661 2052 suis.
693 1995 914 2054 Pondus
954 2005 1039 2051 est
1065 1996 1122 2050 in
1152 1994 1354 2062 verbis,
1384 1995 1540 2064 quasi
1565 1994 1720 2064 cujus

132 2083 364 2140 deberet
393 2086 568 2158 magis
609 2086 876 2152 misereri,
909 2087 1034 2158 quia
1087 2087 1206 2158 plus
1253 2101 1374 2144 esse
1405 2087 1720 2146 misericors

133 2175 303 2234 debet
331 2179 383 2233 in
409 2179 661 2246 miseros,
691 2181 785 2250 qui
818 2182 988 2252 ipsam
1022 2181 1294 2236 miseriam
1325 2191 1580 2250 expertus
1611 2190 1716 2237 est.

134 2267 213 2324 Et
239 2278 452 2336 contra,
482 2272 678 2344 dignus
697 2281 781 2328 est
813 2273 976 2328 miser
1007 2273 1176 2343 redigi
1199 2273 1252 2328 in
1282 2272 1590 2340 miseriam,
1623 2272 1718 2342 qui

131 2362 191 2420 in
226 2365 456 2421 miseros
485 2382 590 2422 non
617 2367 779 2422 habet
807 2367 1259 2423 misericordiam.
1291 2365 1361 2419 Et
1401 2377 1581 2420 tenens
1601 2365 1719 2434 suf-

131 2455 351 2526 focabat
375 2473 513 2523 eum,
541 2457 593 2514 id
621 2467 704 2515 est
729 2459 1021 2514 crudeliter
1066 2467 1122 2513 et
1143 2459 1414 2514 violenter
1440 2459 1738 2533 exigebat.)

132 2547 240 2614 Qui
263 2548 407 2602 enim
436 2547 602 2603 alium
649 2547 897 2616 suﬂocat,
919 2563 1110 2605 vocem
1141 2549 1188 2603 ei
1217 2548 1412 2610 aufert,
1449 2564 1517 2604 ne
1547 2548 1719 2619 possit

133 2657 332 2711 rogare
369 2642 454 2696 vel
502 2644 933 2700 misericordiam
983 2643 1298 2714 implorare.
1341 2641 1456 2721 Hoc
1507 2641 1716 2696 faciunt

134 2733 362 2804 quidam
388 2733 508 2788 duri
539 2743 593 2790 et
618 2734 1100 2802 immisericordes,
1146 2735 1240 2805 qui
1291 2735 1571 2806 iniuriosis
1607 2735 1721 2790 suis

131 2840 244 2880 non
285 2825 458 2880 solum
485 2826 700 2882 veniam
730 2825 1020 2898 denegant,
1061 2828 1158 2883 sed
1209 2828 1375 2882 etiam
1408 2843 1438 2882 a
1468 2828 1578 2883 Deo
1624 2827 1720 2882 de-

135 2915 328 2988 negari
353 2918 572 2985 vellent,
603 2919 855 2974 timentes
896 2934 965 2976 ne
992 2919 1285 2990 implorent
1309 2919 1394 2975 vel
1430 2919 1723 2989 impetrent

131 3007 242 3062 Dei
272 3008 726 3066 misericordiam.
759 3007 830 3062 Et
859 3010 1136 3080 procidens
1187 3026 1469 3064 conservus
1497 3009 1606 3076 ille,
1637 3025 1722 3063 ro-

1824 533 1991 602 ipsos;
2021 531 2138 586 haec
2162 531 2306 585 enim
2333 539 2386 586 et
2421 529 2618 584 similia
2649 529 2895 585 dicturus
2915 539 2999 585 est
3028 529 3292 586 Dominus
3311 546 3401 586 re-

1741 638 1749 647 ‘
1818 623 2004 696 probis
2036 625 2088 678 in
2107 621 2311 691 judicio
2341 639 2356 677 :
2389 621 2500 694 Ego
2521 621 2714 677 satiavi
2735 636 2854 689 vos,
2880 637 3052 692 quare
3075 632 3130 678 et
3162 637 3260 678 vos
3289 638 3396 678 non

1821 718 2060 774 satiastis
2084 733 2171 773 me
2216 718 2272 774 in
2319 719 2495 774 meis?
2518 733 2621 790 ego
2649 718 2841 774 vestiri
2871 735 2986 782 vos,
3016 734 3187 789 quare
3217 729 3274 774 et
3300 735 3398 775 vos

1821 824 1928 865 non
1954 810 2197 866 vestistis
2221 825 2308 866 me
2333 811 2385 864 in
2435 811 2608 866 meis?
2629 811 2742 881 Ego
2771 811 3028 868 misertus
3077 827 3196 867 sum
3220 812 3396 878 vobis,

1820 916 1989 972 quare
2011 911 2067 957 et
2092 918 2188 958 vos
2217 919 2321 958 nou
2352 903 2561 959 miserti
2590 903 2724 959 estis
2747 903 2880 958 mihi
2903 904 2956 958 in
2988 905 3162 960 meis?
3187 903 3256 958 Et
3284 905 3397 958 ira-

1821 1001 1929 1047 tus.
1967 993 2130 1062 jussit
2159 1009 2279 1048 eum
2327 993 2468 1048 tradi
2509 994 2796 1048 tortoribus
2852 1011 3122 1065 quousque
3159 995 3399 1049 redderet

1820 1083 2121 1137 universum
2150 1083 2399 1139 debitum.
2419 1083 2595 1138 iratus
2633 1083 2835 1141 dicitur
2858 1083 3019 1149 Deus,
3044 1085 3242 1140 fratres
3267 1085 3400 1139 cha-

1821 1175 2045 1240 rissimi,
2075 1191 2180 1231 non
2209 1192 2239 1230 a
2263 1177 2629 1232 commotione
2659 1177 2787 1241 iraa,
2813 1192 2934 1247 quae
2963 1177 3018 1232 iu
3059 1176 3230 1232 Deum
3259 1191 3400 1231 nun-

1821 1281 1983 1336 quam
2008 1267 2174 1333 cadit,
2201 1269 2295 1324 sed
2328 1285 2358 1323 a
2384 1284 2558 1338 preme
2588 1269 2936 1340 irrogatione.
2987 1269 3072 1325 ira
3103 1270 3264 1324 enim
3303 1271 3400 1326 Dei

1821 1358 2021 1414 dicitur
2047 1361 2308 1429 irrogatio
2332 1377 2527 1432 poenae,
2563 1372 2936 1436 traussumpto
2982 1363 3204 1419 nomine
3237 1373 3396 1419 aute-

1821 1447 2070 1505 cedentis
2095 1450 2163 1504 ad
2209 1464 2567 1520 consequens.
2595 1451 2792 1519 Jussit,
2844 1453 3042 1524 inquit,
3092 1469 3214 1508 eum
3257 1453 3398 1509 tradi

1823 1539 2141 1604 tortoribus,
2176 1541 2526 1612 quoadusque
2578 1544 2835 1600 redderet
2876 1544 3188 1600 universum
3247 1544 3400 1599 debi-

1821 1639 1959 1688 tum.
1995 1632 2109 1689 Hoc
2134 1632 2250 1699 flet,
2301 1633 2499 1690 fratres
2527 1636 2858 1702 charissimi,
2885 1640 3100 1708 quando
3138 1637 3402 1693 Dominus

1825 1725 2004 1781 tradet
2048 1725 2242 1797 impios
2283 1735 2492 1782 aeterno
2535 1728 2799 1798 supplicio
2831 1745 2952 1784 cum
2981 1727 3200 1784 diabolo
3222 1736 3277 1783 et
3306 1743 3404 1782 an-

1821 1815 1958 1888 gelis
2007 1813 2126 1883 ejus
2173 1816 2334 1871 simul
2369 1817 2716 1881 cruciandos,
2747 1832 3032 1888 quousque
3059 1818 3296 1873 reddant
3322 1816 3404 1872 di-

1824 1920 1985 1977 gnam
2017 1904 2274 1960 ultionem
2308 1906 2670 1974 proomnibus
2695 1907 3078 1978 iniquitatibus
3100 1921 3236 1976 quas
3256 1905 3406 1965 fece-

1823 2003 1970 2060 runt,
1997 1993 2048 2048 id
2089 1993 2248 2049 estin
2278 2004 2565 2048 aeternum.
2607 1994 2851 2061 Quorum
2881 1995 3026 2050 enim
3054 1994 3164 2050 vita
3192 2002 3406 2050 mortua
3481 1981 3490 1988 ’

1823 2087 1981 2142 estin
2005 2084 2186 2154 culpa,
2211 2099 2397 2140 eorum
2424 2101 2572 2142 mors
2596 2085 2741 2140 vivet
2771 2086 2825 2140 in
2849 2100 3030 2155 paena.
3059 2087 3174 2151 Sic,
3205 2086 3404 2156 inquit,

1825 2177 1991 2232 Pater
2023 2176 2240 2232 calcatis
2271 2177 2428 2248 faciet
2465 2177 2629 2242 vobis,
2659 2180 2707 2232 si
2749 2194 2853 2233 non
2879 2177 3186 2233 remiseritis
3220 2177 3406 2244 fratri-

1824 2269 1918 2323 bus
1955 2270 2136 2324 vestris
2162 2269 2226 2324 de
2254 2269 2498 2324 cordibus
2533 2270 2738 2324 vestris.
2773 2269 2882 2325 Sed
2930 2268 3117 2325 dices:
3145 2267 3407 2338 Nunquid

1823 2359 2086 2416 Dominus
2108 2359 2291 2429 justus
2313 2361 2504 2432 judex,
2528 2370 2751 2432 peccata
2783 2363 2836 2418 in
2867 2357 3137 2432 baptismo
3155 2360 3243 2416 vel
3270 2375 3404 2434 con-

1825 2450 2064 2508 fossione
2097 2453 2342 2518 dimissa,
2370 2454 2567 2508 iterum
2592 2453 2647 2508 in
2672 2453 2885 2510 inferno
2907 2454 3248 2522 exiget,cum
3272 2451 3409 2507 scri-

1824 2555 1977 2617 ptum
2017 2546 2089 2600 sit
2127 2563 2141 2600 :
2191 2543 2315 2600 Non
2336 2547 2604 2612 judicabit
2635 2547 2886 2601 Dominus
2911 2546 2989 2601 bis
3032 2547 3091 2600 in
3129 2545 3358 2614 idipsum
3381 2544 3409 2598 .’

1828 2636 2092 2709 (Nahum.
2133 2653 2175 2702 ι,
2204 2637 2260 2704 9,
2287 2638 2439 2708 juxta
2471 2637 2662 2710 LXX.)
2693 2639 2798 2694 Sed
2856 2639 3135 2695 sciendum
3164 2648 3266 2704 est,
3295 2636 3408 2692 fra-

1824 2739 1940 2789 tres
1966 2732 2291 2798 charissimi,
2318 2733 2463 2804 quod
2491 2742 2712 2803 peccata
2743 2747 2851 2788 non
2877 2734 3034 2803 plene
3059 2732 3408 2787 dimittuntur

1825 2824 1933 2880 nisi
1987 2825 2041 2878 in
2073 2825 2393 2894 paenitentia
2437 2835 2493 2881 et
2515 2827 2568 2880 in
2593 2825 2972 2881 emendatione
3008 2823 3410 2894 perseveranti-

1824 2915 1949 2972 bus.
1987 2916 2142 2972 Unde
2171 2917 2433 2986 scriptum
2462 2925 2578 2972 est:
2611 2915 2778 2982 Vade,
2814 2927 2862 2972 et
2903 2916 3128 2985 amplius
3159 2914 3267 2969 noli
3287 2930 3408 2984 pec-

1825 3024 1947 3072 care
1970 3008 2153 3083 (Joan.
2177 3007 2592 3080 v).Ptenitentia
2614 3010 2814 3079 quippe
2838 3018 2922 3064 est
2945 3007 3236 3064 commissa
3265 3005 3409 3062 mala

133 3099 298 3170 gabat
319 3117 436 3156 eum
474 3103 650 3157 dicens
677 3116 698 3157 :
726 3101 1053 3158 Patientiam
1091 3103 1225 3157 Imbe
1253 3103 1310 3158 in
1337 3120 1439 3168 me,
1469 3111 1520 3158 et
1541 3104 1723 3158 omnia
1751 3139 1799 3203 ϐ
1828 3099 2110 3172 plangere,
2140 3109 2196 3156 et
2245 3100 2549 3172 plangentia
2607 3116 2715 3156 non
2751 3099 3116 3156 committere.
3148 3096 3291 3201 Ergo
3328 3095 3411 3150 eis

140 3190 366 3245 reddam
391 3193 509 3246 tibi.
556 3192 612 3247 Si
638 3195 892 3249 omnibus
918 3195 1365 3251 malefactoribus
1412 3196 1615 3252 nostris
1639 3195 1724 3250 di-

138 3285 361 3337 mittere
391 3291 659 3350 tenemur,
698 3283 898 3341 fratres
917 3287 1047 3350 mei,
1071 3286 1306 3340 maxime
1327 3287 1644 3350 bumiliatis,
1669 3294 1728 3342 et

138 3374 358 3428 veniam
383 3373 781 3444 postulantibus
809 3385 864 3431 et
892 3377 1331 3432 emendationem
1357 3375 1727 3445 promittenti-

138 3466 244 3522 bus
277 3475 528 3520 tenemur
555 3467 846 3523 dimittere.
885 3467 1035 3524 Unde
1069 3469 1164 3538 qui
1191 3467 1391 3524 talibus
1411 3483 1518 3524 non
1558 3468 1722 3523 mise-

140 3566 318 3624 retur,
343 3557 776 3616 misericordiam
804 3559 993 3630 procul
1021 3560 1185 3616 dubio
1211 3577 1318 3616 non
1342 3568 1721 3631 consequetur.

143 3649 251 3706 Ille
278 3662 454 3706 autem
479 3649 776 3718 noluit,sed
799 3653 1015 3719 abiit,et
1042 3654 1183 3708 misit
1217 3671 1336 3709 eum
1364 3655 1722 3708 incarcerem.

137 3743 236 3802 ille
267 3745 431 3801 mittit
459 3745 756 3802 debitorem
785 3760 943 3800 suum
974 3745 1032 3800 in
1083 3761 1359 3803 carcerem
1381 3787 1396 3814 ,
1434 3745 1526 3816 qui
1577 3742 1725 3812 inju-

141 3837 348 3891 riosum
377 3851 534 3891 suum
565 3835 835 3893 desiderio
872 3836 1038 3892 mittit
1065 3837 1118 3892 in
1159 3838 1486 3908 gehennam.
1519 3835 1724 3904 Quales

142 3937 275 3987 sunt
309 3930 468 3986 hodie
511 3929 698 4000 plures
749 3929 914 4000 (unde
943 3931 1116 4001 magis
1163 3929 1454 3986 dolendum
1497 3927 1748 3999 est)qui'

142 4021 248 4078 etsi
277 4036 384 4077 non
414 4030 644 4092 possunt
669 4037 858 4093 opere,
883 4023 1075 4078 saltem
1127 4022 1266 4092 quod
1299 4030 1547 4090 possunt,
1579 4020 1727 4076 desi-

145 4113 299 4174 derio
319 4123 374 4168 et
406 4113 794 4184 imprecatione
827 4114 1046 4172 hesores
1062 4131 1191 4171 suos
1217 4115 1496 4170 damnant.
1533 4112 1730 4168 Viden-

145 4215 222 4258 les
249 4214 423 4258 autent
448 4205 680 4260 conservi
709 4206 870 4276 ejus,
897 4206 951 4260 id
979 4213 1064 4261 est
1088 4205 1302 4272 angeli,
1333 4205 1419 4260 vel
1475 4204 1727 4260 homines

145 4293 406 4366 religiosi,
466 4312 586 4366 quae
639 4295 866 4359 fiebant,
925 4296 1317 4351 nuntiaverunt
1369 4291 1732 4364 querimoniis

145 4387 377 4444 Domino
415 4405 512 4444 suo
538 4404 656 4459 quae
692 4387 833 4444 facta
865 4386 1100 4444 fuerant.
1130 4387 1280 4444 Nihil
1313 4397 1395 4443 est
1416 4387 1586 4452 enim,
1609 4386 1725 4440 fra-

1829 3194 2000 3263 quiin
2034 3194 2356 3262 paenitentia
2391 3208 2500 3249 non
2548 3191 3037 3262 perseveraverint,
3066 3188 3246 3243 omnia
3280 3202 3410 3258 pec-

1825 3296 1948 3342 cata
1984 3288 2236 3353 redeunt,
2260 3286 2346 3341 vel
2376 3293 2587 3340 tantum
2626 3297 2725 3353 pro
2757 3279 3148 3351 ingratitudine
3176 3289 3233 3334 et
3256 3279 3408 3334 incu-

1825 3376 1905 3431 ria
1933 3377 2251 3447 puniuntur,
2275 3391 2341 3431 ac
2389 3375 2434 3430 si
2487 3382 2802 3445 perpetrata
2855 3372 3096 3426 redirent
3126 3370 3403 3426 universa.

1827 3467 1944 3523 Hoc
1966 3468 2173 3538 itaque,
2202 3465 2402 3523 fratres
2430 3465 2557 3530 mei,
2592 3465 2918 3536 cogitemus,
2971 3463 3073 3519 hoc
3097 3461 3405 3517 timeamus.

1827 3554 2114 3628 Proposita
2145 3565 2229 3612 est
2255 3555 2413 3612 nobis
2461 3555 2632 3610 veniae
2677 3553 2935 3610 conditio.
2962 3552 3150 3608 Sinon
3177 3550 3408 3606 dimitti-

1828 3664 1976 3716 mus,
2007 3663 2115 3704 non
2137 3647 2440 3702 dimittetur
2465 3647 2646 3712 nobis,
2671 3646 2821 3718 quia,
2859 3653 2920 3700 ut
2939 3647 3014 3700 ait
3035 3643 3301 3711 Jacobus,
3316 3643 3412 3714 ju-

1827 3742 2027 3795 dicium
2054 3742 2166 3795 sine
2192 3741 2558 3795 misericordia
2592 3739 2682 3809 ﬁet
2731 3739 2781 3793 ei
2810 3738 2900 3808 qui
2929 3754 3033 3792 non
3055 3737 3180 3806 fecit
3207 3736 3415 3790 miseri-

1829 3831 2068 3888 cordiam
2101 3831 2246 3904 (Jac.
2288 3830 2372 3903 ιι).
2399 3830 2516 3887 Hoc
2548 3832 2714 3885 etiam
2756 3839 2914 3901 pacto
2951 3830 3006 3883 in
3029 3829 3276 3884 oratione
3298 3827 3406 3883 Do-

1829 3921 2030 3978 minica
2058 3921 2300 3992 quotidie
2353 3936 2452 3976 nos
2487 3921 2932 3990 constringimus,
2985 3933 3108 3974 cum
3136 3931 3358 3972 oramus
3389 3931 3408 3971 :

1831 4013 2052 4069 Dimitte
2076 4014 2219 4069 nobis
2248 4013 2422 4069 debita
2452 4024 2656 4079 nostra,
2683 4015 2819 4068 sicut
2866 4022 2915 4067 et
2965 4028 3058 4066 nos
3090 4012 3414 4065 dimittimus

1831 4105 2152 4162 debitoribus
2199 4105 2390 4160 nostris
2421 4104 2637 4175 (ΜαιιΙι.
2674 4107 2778 4175 vr).
2806 4103 3060 4175 Legimus
3107 4105 3176 4158 de
3221 4111 3412 4158 sancto

1831 4192 2063 4257 Joanne,
2092 4195 2405 4264 patriarcha
2450 4195 2812 4258 Alexandriae,
2839 4193 2981 4264 quod
3012 4208 3138 4248 cum
3188 4191 3411 4262 quidam

1837 4286 2070 4342 clericus
2097 4301 2220 4340 eum
2247 4283 2584 4351 offendisset,
2608 4286 2865 4341 cantabat
2887 4283 3120 4380 quadam
3153 4282 3240 4338 die
3283 4281 3414 4335 mis-

1836 4391 1978 4444 sam,
2011 4391 2244 4444 cumque
2280 4383 2506 4430 cantans
2527 4375 2826 4429 orationem
2856 4371 3192 4427 deiuicam
3220 4371 3290 4424 ad
3323 4385 3416 4424 su-

151 4486 263 4532 tres
287 4478 414 4541 mei,
433 4478 577 4547 quod
599 4477 720 4547 plus
745 4479 1035 4535 exacerbet
1065 4478 1286 4548 angelos
1308 4486 1362 4532 et
1391 4487 1608 4532 sanctos
1623 4474 1719 4531 Dei
1753 4490 1809 4552 ι)
1835 4468 2139 4540 pradictam
2161 4465 2475 4536 petitionem
2501 4465 2754 4529 venisset.
2771 4477 2977 4518 ηιθῐιιοΐ
2996 4460 3230 4532 querelae
3251 4474 3414 4530 quam

150 4569 208 4625 in
247 4584 360 4630 uos,
392 4583 552 4637 quam
610 4568 656 4622 si
689 4569 872 4624 odium
930 4568 1267 4625 obstinatum
1319 4567 1610 4622 habuimus
1666 4566 1721 4620 in

147 4661 427 4734 proximos
451 4669 682 4716 nostros.
1096 4707 1098 4710 ,

224 4755 482 4826 Sequitur
509 4770 636 4826 pars
663 4762 880 4825 quarta,
913 4757 964 4810 in
1012 4772 1118 4827 qua
1148 4755 1457 4813 ostenditur
1522 4763 1729 4824 quanta

153 4849 225 4906 sit
255 4859 443 4906 contra
471 4847 930 4904 immisericordes
964 4850 1158 4905 divinae
1184 4848 1412 4919 justitize
1437 4849 1725 4915 severitas,

153 4955 279 5000 cum
325 4940 615 4997 subditur:
662 4940 810 4996 Tunc
856 4943 1054 4996 vocavit
1108 4959 1227 4998 eum
1285 4943 1530 4997 dominus
1579 4958 1728 4997 suus.

155 5033 308 5091 'l’uuc
333 5041 492 5090 vocat
535 5033 794 5090 Dominus
840 5043 1208 5103 peccatorem,
1238 5049 1362 5090 eum
1390 5039 1460 5090 ab
1490 5035 1593 5090 hac
1621 5035 1731 5089 vita

161 5127 292 5182 facit
321 5141 443 5180 eum
481 5125 711 5180 transire
741 5126 807 5180 ad
835 5125 1022 5180 aliam.
1052 5125 1210 5180 Serve
1257 5143 1504 5198 nequam,
1530 5127 1728 5197 inquit,

161 5236 306 5276 omne
327 5219 557 5274 debitum
583 5218 760 5274 dimisi
781 5219 898 5284 tibi,
921 5233 1018 5288 per
1029 5217 1356 5288 baptismum
1380 5229 1436 5274 et
1459 5219 1730 5291 pmniten-

164 5313 311 5377 tiam,
341 5311 590 5382 quoniam
622 5309 817 5380 rogasti
860 5325 962 5373 me,
988 5309 1304 5366 humiliatus
1342 5323 1438 5380 per
1465 5324 1725 5379 compun-

162 5403 418 5458 ctiouem.
442 5399 631 5456 Nonne
665 5403 895 5470 oportuit
921 5411 966 5454 et
997 5412 1045 5456 te
1069 5401 1308 5455 misereri
1351 5402 1582 5456 conservi
1625 5401 1727 5468 tui,

162 5495 290 5546 sicut
315 5501 363 5546 et
390 5507 482 5562 ego
505 5491 584 5546 tui
605 5483 846 5546 misertus
873 5508 987 5546 sum
1007 5491 1033 5545 2‘
1057 5491 1194 5546 Nom
1223 5491 1368 5547 enim
1395 5493 1728 5562 impropera-

137 5585 242 5648 _bit
269 5584 529 5638 Dominus
585 5583 638 5638 in
683 5581 887 5651 judicio
924 5581 1191 5652 reprobis,
1221 5595 1316 5636 eos
1339 5582 1419 5637 sic
1447 5597 1729 5652 peccasse,

165 5673 254 5729 sed
291 5688 385 5729 eos
424 5673 874 5739 misericordiam,
918 5688 1014 5744 per
1045 5687 1210 5746 quam
1237 5680 1460 5744 peccata
1511 5687 1610 5728 sua
1639 5689 1727 5728 re-

167 5763 368 5822 dimere
387 5771 662 5835 poterant,
679 5779 790 5821 non
821 5763 1078 5823 habuisse
1108 5779 1124 5820 :
1149 5774 1202 5824 et
1217 5765 1344 5836 quia
1369 5780 1477 5824 non
1503 5764 1725 5825 fuerunt

1839 4560 2072 4616 habebat
2101 4559 2364 4614 adversus
2395 4557 2684 4622 clericum,
2711 4572 2834 4611 eum
2861 4555 3104 4618 mandat,
3124 4563 3178 4609 et
3203 4568 3299 4623 per
3330 4566 3422 4606 ve-

1839 4653 1986 4707 niam
2023 4667 2150 4707 eum
2181 4650 2285 4706 sibi
2335 4651 2608 4715 conciliat,
2633 4659 2687 4706 et
2713 4657 2844 4704 tunc
2875 4647 3090 4702 rediens
3118 4647 3186 4699 ad
3221 4661 3421 4718 propo-

1835 4746 2000 4801 situm
2031 4759 2188 4800 suum
2210 4743 2324 4802 ait..
2355 4743 2423 4796 Et
2463 4742 2666 4796 dimitte
2699 4742 2846 4796 nobis
2875 4740 3048 4794 debita
3072 4751 3277 4801 nostra,
3300 4742 3410 4792 sic-

1837 4847 1895 4892 ut
1955 4850 2006 4891 et
2046 4853 2139 4890 nos
2193 4836 2501 4890 dimittimus
2529 4831 3097 4890 debitoribus‘nostris.
3123 4829 3417 4896 Faciamus

1835 4938 1893 4984 et
1919 4943 2020 4984 nos
2041 4926 2310 4991 similiter,
2328 4925 2527 4981 fratres
2558 4925 2684 4980 mei.
2717 4923 3066 4978 Dimittamus
3091 4930 3150 4976 ut
3178 4920 3418 4976 dimitta-

1837 5029 1928 5075 tur
1949 5019 2128 5094 nopis.
2153 5016 2577 5073 Misericordiam
2595 5013 2877 5076 faciamus,
2894 5023 2954 5068 ut
2979 5011 3412 5068 misericordiam

1836 5111 2197 5168 inveniamus.
2229 5109 2412 5165 Simus
2459 5108 2534 5179 pii
2575 5117 2630 5164 et
2677 5107 2973 5163 clementes
3023 5119 3150 5176 erga
3179 5102 3416 5160 offensas

1836 5203 2235 5275 proximorum,
2252 5210 2308 5256 ut
2333 5217 2600 5256 summum
2624 5199 2883 5270 judicem,
2912 5199 3150 5269 pium,et
3178 5197 3418 5253 elemen-

1841 5301 1949 5348 tem
1987 5293 2142 5348 nobis
2174 5292 2418 5348 invenire
2464 5306 2774 5347 mereamur
2823 5291 3108 5346 Dominum
3164 5299 3414 5346 nostrum

1835 5385 2020 5442 Jesum
2071 5384 2372 5460 Christum,
2400 5384 2490 5454 qui
2539 5399 2660 5438 cum
2695 5381 2858 5439 Patre
2881 5393 2938 5440 et
2975 5381 3181 5455 Spiritu
3221 5386 3413 5436 sancto

1833 5477 1966 5534 vivit
1989 5485 2044 5535 et
2070 5484 2260 5546 regnat
2299 5475 2351 5530 in
2371 5484 2652 5530 aeternum.
2684 5475 2880 5529 Amen.

2335 5565 2610 5624 ιιοιιιιιΑ
2651 5566 2876 5624 XLVIII.

1851 5727 1854 5730 .
1942 5661 2196 5728 DOIINICA
2232 5680 2480 5723 VlGESlIA
2521 5680 2721 5720 TERTIA
2769 5678 2901 5719 POST
2943 5675 3299 5718 TBINI‘I‘ATEH.

1905 5763 2212 5821 Imitatom
2247 5757 2348 5816 mei
2369 5755 2552 5829 estote,
2579 5767 2631 5815 et
2657 5755 2922 5814 observate
2957 5770 3046 5812 eos
3068 5753 3160 5826 qui
3187 5757 3264 5808 tta
3293 5765 3406 5808 ant-

0 6313 3910 7284 -‘
