3896 6320
450 507 473 631 l

476 374 621 429 illi

1507 367 1851 427 ADDENDA.
1888 398 1960 411 —-
1983 364 2332 426 RADULPHI
2368 362 2712 422 ARDENTIS

3645 360 3750 419 illi

481 488 690 553 balant,
716 490 849 540 sicut
880 482 1062 538 videtis
1114 482 1341 553 formam
1395 492 1629 540 nostram
1679 486 1936 556 (Philipp.
1966 501 2051 555 ιιι,
2082 488 2131 547 Α
2156 500 2334 542 mores
2360 491 2572 539 vestros
2608 480 2833 553 regatis.
2880 479 2952 535 Et
3007 480 3059 535 si
3117 489 3281 532 nunc
3332 474 3565 545 aliquem
3598 494 3750 550 usque.

480 581 581 649 ιν),
606 587 711 633 etc.
738 575 851 631 Hac
874 576 927 630 in
958 575 1212 643 lectione,
1240 576 1441 634 fratres
1469 577 2060 649 charissimi,quinque

2173 591 2393 651 quaque
2427 576 2637 647 justum
2665 584 2720 631 et
2763 574 3064 629 honestum
3097 569 3366 627 invenire
3405 585 3509 625 non
3554 577 3752 641 potestis,

456 634 610 749 :facit
638 668 932 742 Apostolus
968 686 982 723 :
1011 634 1513 740 primo'moneteos
1541 670 1737 739 quibus
1761 634 1984 737 scribit:
2015 679 2073 727 et
2172 634 2354 727 tamen
2385 634 2531 740 quod
2560 670 2616 725 in
2647 683 2758 724 uno
2795 682 3019 739 quoque
3064 664 3357 722 laudabile
3384 664 3636 731 videritis,
3664 669 3757 723 imi-

478 778 579 821 nos
603 763 805 833 pariter
831 778 953 818 cum
1004 764 1105 829 eis,
1156 762 1224 818 ad
1264 762 1346 818 sui
1379 773 1435 817 et
1470 763 1554 818 sui
1583 764 1842 819 similium
1879 764 2061 820 imita-

480 858 741 923 tionem;
784 858 1020 914 secundo
1090 859 1157 913 ad
1220 858 1616 915 contrariorum
1683 860 2070 929 evitationem;

479 949 644 1006 tertio
669 950 915 1007 ostendit
960 966 1073 1020 quo
1097 952 1393 1008 debeamus
1420 952 1662 1019 tendere,
1698 962 1754 1008 et
1784 953 1911 1024 quid
1949 969 2075 1024 spe-

390 1110 393 1111 ν
482 1056 655 1110 rare;
712 1054 907 1114 quarto
960 1053 1146 1099 monet
1207 1044 1273 1099 ad
1319 1046 1785 1114 perseverantiam
1824 1062 1839 1113 ;
1886 1047 2077 1116 quinlo

474 5594 483 5681 l

482 1136 553 1189 ad
602 1134 883 1190 ferendum
908 1134 1169 1189 auxilium
1199 1135 1283 1190 his
1330 1138 1419 1207 qui
1472 1152 1569 1207 pro
1599 1137 1891 1209 Evangelio
1915 1138 2072 1196 labo-

481 1234 627 1280 rant.
660 1224 917 1294 Aitergo,
955 1223 1261 1280 Imitatores
1287 1228 1387 1281 mei
1405 1237 1585 1294 estote,
1621 1237 1672 1284 et
1692 1230 1961 1286 observate
1990 1248 2078 1287 eos

481 1315 573 1386 qui
596 1316 667 1369 ita
692 1314 989 1382 ambulant,
1013 1318 1147 1370 sicut
1179 1318 1371 1374 videtis
1402 1320 1628 1389 formam
1672 1332 1937 1389 nostram,
1962 1333 2074 1379 etc.

482 1405 543 1461 ιιι
596 1422 725 1478 quo,
754 1407 975 1473 fratres,
1026 1409 1127 1464 tria
1157 1411 1394 1466 notanda
1443 1422 1591 1479 sunt,
1623 1414 1868 1485 Apostoli
1901 1415 2077 1472 conli-

486 1496 689 1564 dentia,
715 1500 842 1568 quid
877 1498 1105 1557 imitatio
1134 1502 1399 1567 conferat,
1417 1512 1472 1559 et
1498 1504 1550 1558 in
1578 1519 1686 1574 quo
1714 1504 1833 1559 fieri
1864 1504 2079 1563 debeat.

488 1587 828 1645 Confidentia
882 1592 1083 1664 quippe
1112 1594 1354 1665 Apostoli
1408 1596 1460 1650 in
1514 1597 1616 1652 hoc
1675 1606 1901 1666 apparet
1933 1598 2081 1668 quod

487 1684 738 1752 praecipit
766 1694 825 1738 ut
858 1685 1138 1741 imitemur
1186 1703 1331 1742 eum.
1383 1686 1440 1741 In
1499 1704 1608 1759 quo
1650 1691 1994 1746 demonstrat
2020 1704 2082 1747 se

489 1768 800 1829 imitatione
828 1774 1073 1846 dignum.
1111 1778 1179 1832 Et
1201 1793 1347 1844 vere,
1384 1777 1611 1846 fratres,
1661 1780 1970 1836 imitatione
1994 1781 2080 1836 di-

2173 763 2395 831 tamini;
2438 763 2580 833 quod
2632 761 3089 833 reprehensibile,
3135 759 3409 819 devitate,
3446 774 3590 814 more
3624 761 3761 830 picto-

2186 858 2283 924 ris,
2308 856 2400 927 qni
2431 855 2631 911 multas
2654 855 3005 927 exemplares
3028 853 3250 910 formas
3290 860 3427 908 ante
3463 850 3633 907 oculos
3663 869 3761 909 suos

2174 949 2374 1005 habet:
2407 958 2463 1004 et
2492 948 2636 1018 quod
2670 947 2724 1003 in
2758 962 3094 1017 unaquaque
3137 944 3572 1002 convenientius
3604 948 3760 1011 celat,

2180 1042 2432 1097 assumit.
2474 1039 2745 1096 Debemus
2790 1050 2995 1107 autem,
3057 1040 3267 1095 fratres
3315 1038 3452 1103 mei,
3504 1037 3687 1093 imitari
3723 1042 3761 1096 in

2181 1132 2405 1199 sanctis,
2418 1147 2523 1187 non
2535 1132 2888 1188 excellentias
2905 1133 3176 1189 honorum
3201 1142 3263 1186 et
3286 1130 3635 1202 dignitatum,
3656 1133 3763 1188 sicut

2182 1220 2312 1276 fecit
2341 1220 2584 1287 Lucifer,
2604 1230 2658 1277 et
2682 1222 2894 1291 primus
2924 1222 3123 1286 homo,
3156 1221 3258 1292 qui
3290 1236 3398 1290 per
3436 1223 3669 1291 rapinam
3692 1239 3763 1278 vo-

2184 1310 2407 1365 luerunt
2436 1327 2627 1381 rapere
2662 1312 2899 1368 divinam
2930 1313 3313 1380 altitudinem,
3343 1319 3407 1367 et
3448 1312 3592 1367 sicut
3617 1313 3762 1370 Simon

2183 1402 2390 1471 Magus,
2423 1406 2515 1475 qui
2544 1405 2774 1474 pecunia
2817 1404 2984 1460 voluit
3018 1419 3209 1461 emere
3241 1390 3623 1475 apostolorum
3645 1416 3763 1475 pote-

2184 1505 2382 1552 statem
2412 1514 2425 1562 ;
2457 1496 2553 1553 sed
2578 1497 2759 1567 potius
2782 1498 3034 1565 virtutes,
3065 1506 3128 1553 ut
3159 1497 3569 1563 humilitatem,
3596 1499 3763 1567 patien‘

2186 1590 2343 1656 tiam,
2368 1589 2721 1656 charitatem,
2746 1598 3083 1659 caeterasque
3105 1588 3379 1657 virtutes,
3403 1603 3546 1658 quas
3566 1587 3766 1646 Christe:

2185 1682 2342 1739 nobis
2375 1682 2427 1737 in
2457 1682 2768 1752 exemplum
2800 1682 3040 1753 reliquit,
3073 1692 3132 1739 et
3166 1698 3318 1752 quas
3360 1681 3573 1737 Paulus
3600 1684 3766 1737 cateri-

2186 1789 2291 1845 que
2342 1774 2572 1845 apostoli
2602 1776 2657 1829 in
2703 1774 2921 1830 Christo
2966 1775 3163 1831 imitati
3214 1784 3379 1831 sunt.
3411 1773 3537 1828 Non
3566 1776 3690 1828 enim
3713 1777 3766 1828 ait

491 1880 628 1934 gnus
650 1876 791 1933 erat,
814 1868 1123 1939 quiChristi
1155 1884 1314 1927 verus
1339 1870 1583 1928 imitator
1611 1881 1748 1938 erat,
1770 1874 1915 1930 sicut
1936 1874 2080 1929 idem
2107 1858 2157 1921 Β
2184 1865 2489 1922 Dominus:
2524 1867 2728 1923 Discite
2762 1884 2792 1923 α
2827 1884 2914 1924 me
2956 1869 3140 1924 omnia
3187 1869 3371 1933 scire.
3419 1865 3514 1922 νει
3560 1869 3764 1921 "ﬁdum

491 1955 620 2010 alibi
649 1956 728 2010 ait
759 1975 771 2009 :
808 1955 1117 2012 Imitatores
1145 1960 1246 2014 mei
1292 1970 1475 2027 estote,
1511 1963 1648 2017 sicut
1677 1973 1724 2016 et
1751 1980 1844 2033 ego
1875 1963 2079 2020 Christi

420 2062 425 2065 ·
491 2046 543 2116 (Ι
586 2047 708 2103 Cor.
733 2065 817 2115 tv;
869 2048 895 2103 1
929 2048 1056 2105 Cor.
1088 2068 1174 2118 x1;
1208 2050 1402 2120 Ephes.
1444 2054 1522 2123 v).
1558 2054 1707 2110 Talis
1731 2056 1877 2111 enim
1922 2057 2083 2114 debet

492 2150 616 2193 esse
638 2140 984 2207 praedicator,
1006 2142 1114 2221 qui.
1142 2141 1418 2197 Christum
1449 2158 1705 2213 expresse
1738 2146 2001 2216 imitetur,
2026 2158 2083 2204 et

494 2244 658 2299 quem
684 2232 925 2288 minores
982 2232 1243 2290 inoffense
1306 2246 1624 2305 sequantur.
1650 2237 1707 2293 ln
1745 2254 1854 2309 quo
1880 2239 2082 2297 fratres

498 2318 668 2390 (quod
695 2320 812 2376 sine
864 2324 1065 2394 gemitu
1105 2325 1289 2380 dicere
1321 2326 1553 2396 nequeo)
1599 2330 1952 2399 praesumptio
1987 2346 2085 2386 no-

494 2421 610 2467 stra
642 2413 1014 2483 confunditur,
1062 2418 1153 2487 qui
1183 2429 1428 2488 pastores
1459 2419 1566 2475 dici
1599 2420 1872 2488 volumus,
1904 2434 1960 2478 et
1998 2434 2081 2478 ta-

495 2520 620 2561 men
650 2508 764 2562 veri
808 2510 1039 2579 pastoris
1089 2512 1392 2567 imitatores
1421 2528 1529 2568 non
1574 2530 1781 2571 sumus.
1810 2516 2082 2573 Honorem

497 2596 793 2669 diligimus,
822 2602 991 2657 vitam
1019 2620 1122 2659 non
1154 2613 1426 2662 tenemus.
1452 2606 1604 2663 Unde
1633 2609 1763 2678 quid
1791 2612 2083 2683 contingit,

498 2690 605 2745 nisi
627 2693 772 2761 quod
818 2710 941 2760 nos,
966 2706 1021 2751 et
1047 2700 1220 2753 nostri
1249 2700 1549 2758 imitatores
1591 2702 1794 2771 pariter
1819 2704 2086 2761 trahimus

498 2785 567 2839 ad
590 2786 846 2841 ruinam?
884 2786 1157 2859 Scriptum
1207 2801 1289 2848 est
1335 2796 1482 2851 enim
1513 2814 1526 2850 :
1556 2795 1617 2851 Si
1663 2812 1833 2853 cacus
1887 2813 2087 2853 ciccum

497 2876 736 2942 duxerit,
759 2896 928 2934 nonne
958 2882 1111 2936 ambo
1144 2885 1195 2937 in
1220 2884 1423 2954 foveam
1452 2888 1646 2943 cadunt
1669 2890 1695 2943 ?
1727 2890 1949 2958 (Matth.
1984 2905 2087 2957 xv;

499 2965 631 3023 Luc.
662 2971 759 3041 vt.)
794 2972 901 3028 Vos
931 2988 1082 3044 ergo,
1113 2975 1332 3041 fratres,
1364 2994 1461 3049 per
1490 2981 1844 3037 imitationem
1891 2984 2089 3049 nostri,

498 3060 667 3116 nolite
690 3063 908 3121 deviare
941 3083 955 3119 :
986 3069 1080 3122 sed
1102 3070 1248 3139 quod
1274 3070 1471 3127 videtis
1498 3072 1552 3127 in
1586 3075 1745 3129 nobis
1788 3077 2090 3145 reprehen-

500 3153 679 3219 sibile,
730 3156 967 3214 devitate
1023 3177 1035 3212 :
1078 3170 1132 3215 et
1183 3160 1328 3230 quod
1368 3162 1649 3227 imitabile,
1694 3166 1898 3222 imitari
1940 3178 2089 3223 sata-

500 3246 630 3316 gite.
659 3246 883 3306 Habetis
911 3252 1056 3307 enim
1083 3262 1245 3323 caput
1286 3264 1342 3309 et
1372 3255 1565 3312 ducem
1581 3254 1764 3313 Jesum
1787 3258 2088 3329 Christum,

500 3354 558 3401 et
610 3345 939 3403 imitatorem
995 3347 1114 3417 ejus
1151 3348 1375 3406 Paulum
1420 3369 1435 3406 :
1486 3367 1625 3423 quos
1664 3363 1956 3422 sequentes
1998 3370 2093 3410 ne-

501 3450 776 3507 quaquam
822 3440 1129 3496 deviabitis.
1172 3443 1267 3515 Est
1318 3454 1500 3500 autem
1569 3445 1803 3500 imitatio
1858 3446 2090 3501 multum

502 3528 717 3595 efﬁcax,
769 3531 886 3588 sive
932 3533 984 3587 in
1032 3534 1257 3601 bonum,
1300 3536 1416 3590 sive
1455 3538 1505 3590 in
1548 3538 1770 3592 malum.
1814 3538 1905 3595 Est
1943 3540 2091 3595 enim

506 3621 738 3680 imitatio
761 3640 829 3681 ex
856 3627 1217 3683 admiratione
1248 3637 1304 3683 et
1330 3629 1601 3686 desiderio
1635 3632 1968 3702 exemplaris
1995 3648 2095 3689 na-

505 3729 664 3770 scens
702 3716 1042 3775 assimilatio.
1078 3718 1337 3789 Primum,
1386 3722 1605 3789 fratres,
1633 3725 1968 3782 admiramur
1992 3727 2093 3782 ali-

502 3823 666 3877 quam
701 3810 952 3866 virtutem
991 3812 1045 3866 in
1078 3812 1293 3882 aliquo;
1327 3816 1523 3870 exinde
1579 3818 1971 3875 inardescimus
1996 3823 2093 3877 de-

504 3900 706 3957 siderio
741 3905 806 3957 ad
841 3919 960 3958 eam
1000 3906 1439 3975 adipiscendam;
1484 3918 1539 3963 et
1573 3908 1879 3980 incipimus,
1915 3914 2093 3983 quoad

503 4007 815 4062 possumus,
857 4011 980 4049 eum
1013 3995 1237 4052 imitari.
1272 3998 1370 4053 Est
1408 4008 1590 4055 autem
1637 4001 1869 4059 imitatio
1899 4012 2006 4059 tam
2040 4006 2095 4061 in

505 4083 649 4138 bono
671 4100 833 4154 quam
859 4088 910 4140 in
941 4088 1102 4142 malo.
1129 4088 1265 4143 Nam
1294 4091 1448 4146 multi
1487 4092 1826 4149 admirantur
1856 4095 2097 4164 divitias,

508 4175 767 4241 honores,
794 4188 850 4234 et
879 4179 1081 4249 glorias
1109 4182 1474 4252 saecularium,
1504 4196 1559 4241 et
1591 4187 1716 4242 inde
1748 4188 2097 4247 inardescen-

509 4276 593 4322 tes
632 4270 702 4325 ad
728 4270 833 4326 alia
880 4274 1249 4343 adipiscenda,
1284 4277 1567 4335 imitantur
1595 4282 1827 4338 malitias
1868 4285 2097 4340 saecula-

2117 3214 2164 3279 C

2183 1974 2393 2027 creare,
2429 1962 2528 2016 sed
2557 1960 2633 2015 ait
2664 1976 2677 2012 :
2715 1960 2913 2015 Discite
2950 1978 2980 2014 a
3029 1977 3114 2014 me
3147 1961 3282 2030 quia
3313 1960 3473 2013 mitis
3501 1975 3612 2012 sum
3636 1970 3675 2012 et
3697 1961 3766 2012 Ιιισ

2182 2054 2325 2109 milis
2352 2054 2509 2108 corde
2535 2052 2753 2125 (Matth.
2794 2055 2898 2122 ιι).
2933 2082 3005 2093 -
3032 2050 3102 2106 Et
3158 2053 3478 2117 observate,
3510 2052 3684 2121 inquit,
3707 2068 3766 2105 tu

2183 2150 2274 2218 qui
2332 2149 2409 2202 ita
2465 2147 2772 2212 ambulant,
2824 2148 2960 2201 sicut
3013 2147 3206 2202 videtis
3262 2147 3513 2216 formam
3564 2156 3767 2200 nostrast.

2185 2239 2380 2295 Forma
2398 2240 2785 2309 apostolicaest
2807 2250 2952 2295 recta
2977 2240 3136 2304 fides,
3160 2248 3221 2294 et
3244 2239 3397 2293 recti
3429 2253 3628 2295 mores.
3653 2240 3766 2305 Quos

2184 2345 2315 2401 ergo
2340 2332 2589 2387 videmus
2621 2341 2805 2387 tenere
2833 2331 3067 2385 formam
3095 2330 3505 2401 apostolicam,
3539 2332 3667 2385 idest
3690 2347 3772 2386 reo

2188 2434 2300 2480 tam
2318 2426 2503 2493 fidem,
2522 2435 2577 2481 et
2612 2436 2791 2482 rectos
2822 2441 3025 2491 mores,
3053 2440 3147 2481 eos
3162 2441 3506 2496 sequamur.
3541 2426 3675 2492 Quos
3699 2444 3768 2481 auc

2189 2527 2298 2574 tem
2330 2519 2573 2574 videmus
2603 2519 2948 2585 deviare,vel
2975 2533 3009 2573 a
3039 2529 3187 2575 recta
3235 2519 3373 2584 ﬁde,
3421 2528 3485 2573 ut
3511 2518 3769 2585 haereticos,

2186 2610 2271 2666 vel
2296 2626 2325 2665 a
2342 2612 2507 2667 rectis
2529 2612 2791 2679 moribus,
2818 2621 2876 2666 ut
2898 2612 3063 2667 falsos
3081 2611 3471 2677 Christianos,
3524 2613 3768 2668 evitemus.

2264 2706 2526 2776 Sequitur
2551 2722 2679 2777 pars
2700 2708 2959 2772 secunda,
2986 2707 3042 2762 in
3064 2721 3171 2776 qua
3195 2721 3304 2761 nos
3336 2706 3512 2761 docet
3533 2709 3773 2775 Aposlttltli

2189 2813 2327 2870 quos
2348 2800 2559 2855 evitare
2579 2801 2894 2866 debeamus,
2919 2800 3131 2855 dicens:
3157 2800 3325 2854 Multi
3349 2801 3497 2856 enim
3526 2801 3771 2865 ambulant,

2191 2892 2593 2963 subandis,jnon
2620 2894 2919 2948 secundum
2946 2892 3181 2948 formam
3208 2902 3495 2961 nostram,
3519 2896 3613 2948 sed
3642 2896 3771 2959 male,

2193 3001 2325 3055 quos
2365 3003 2501 3057 sepe
2544 2987 2780 3041 dicebam
2825 2987 2992 3051 vobis,
3040 2987 3263 3057 quando
3303 3001 3471 3042 eram
3512 2988 3770 3043 vobiscum.

2197 3074 2363 3138 Bene:
2386 3085 2567 3131 autem
2599 3078 2676 3131 ait
2721 3077 2941 3143 multos,
2979 3076 3244 3147 quoniam
3288 3078 3455 3133 multi
3489 3089 3630 3141 sunt,
3673 3094 3775 3149 quo-

2196 3184 2316 3224 rum
2344 3185 2527 3225 mores
2558 3171 2766 3226 evitare
2786 3171 3069 3226 debemus.
3112 3170 3282 3226 Pauci
3318 3185 3459 3227 vero
3481 3181 3606 3227 sunt
3629 3173 3773 3226 imita-

2196 3260 2345 3315 tione
2381 3260 2551 3331 digni.
2591 3259 2697 3315 Sed
2730 3271 2778 3315 et
2810 3278 2969 3326 nunc,
3007 3262 3204 3331 inquit,
3232 3263 3376 3331 ﬂens
3406 3263 3556 3317 dico.
3596 3263 3650 3317 lo
3674 3277 3774 3332 quo,

2196 3351 2420 3418 fratres,
2467 3364 2552 3409 est
2583 3354 2857 3410 notandus
2888 3355 3445 3421 mirabilis.aﬁ‘ectus,
3482 3366 3539 3411 et
3573 3358 3777 3411 Charitas

2193 3446 2448 3515 apostoli,
2482 3463 2646 3517 quam
2671 3447 2910 3503 habebat
2941 3463 3074 3521 erga
3106 3463 3325 3516 omnes,
3353 3451 3454 3519 qui
3489 3466 3596 3505 non
3624 3451 3770 3504 solum

2194 3538 2397 3595 fratres
2451 3540 2846 3610 delinquentes,
2893 3541 3004 3597 imo
3031 3542 3197 3598 etiam
3233 3544 3498 3598 inimicos
3523 3543 3775 3613 plorabat,,

2196 3633 2439 3690 imitator
2473 3632 2713 3703 Magistri
2748 3632 2834 3688 sui
2882 3632 3117 3689 dicentis
3150 3651 3163 3687 :
3214 3632 3407 3699 Pater,
3442 3635 3646 3687 dimitte
3674 3634 3774 3695 illis,

2195 3729 2321 3800 quia
2372 3729 2606 3783 nesciunt
2645 3728 2771 3799 quid
2806 3728 3012 3797 faciunt
3051 3728 3206 3799 (Luc.
3257 3729 3450 3791 nm).
3486 3726 3603 3783 Hoc
3632 3728 3773 3789 nobis,

2198 3819 2421 3885 fratres,
2464 3820 2518 3873 in
2566 3818 2875 3890 exemplum
2914 3818 3277 3889 reliquerunt,
3325 3819 3479 3888 quod
3521 3834 3623 3874 nos
3663 3818 3773 3871 male

2200 3922 2500 3976 servantes,
2551 3910 2789 3965 inimicis
2833 3910 3038 3966 nostris
3078 3908 3498 3976 maledicimus,
3545 3910 3774 3978 impreca-

2202 4020 2354 4071 mur;
2387 4013 2441 4060 et
2477 4004 2546 4059 de
2588 4003 2741 4058 ruina
2785 4019 2973 4058 eorum
3006 4003 3284 4069 latamur,
3326 4018 3457 4058 cum
3487 4001 3590 4058 Job
3620 4003 3769 4056 dicat:

2201 4092 2264 4151 Si
2288 4095 2497 4150 (celatus
2525 4109 2640 4148 sum
2679 4109 2834 4159 super
2864 4095 3078 4173 inimico
3110 4110 3246 4159 meo,
3268 4108 3334 4148 eo
3354 4095 3502 4163 quod
3532 4092 3773 4147 invenisset

2201 4205 2321 4243 eum
2351 4188 2568 4253 malum,
2612 4188 2764 4259 quasi
2804 4187 2903 4242 hoc
2948 4190 3123 4242 ethoc
3164 4188 3296 4243 mihi
3341 4189 3617 4258 contingat
3662 4186 3769 4255 (Ιώ

2203 4281 2378 4352 xxxi).
2411 4279 2563 4348 Quod
2608 4282 2654 4335 si
2708 4282 2813 4337 hoc
2852 4280 3100 4337 fecerunt
3150 4283 3403 4339 homines
3447 4282 3542 4351 qui
3586 4280 3769 4333 fuerunt

510 4360 673 4426 rium,
700 4378 797 4433 per
830 4381 965 4435 quas
992 4366 1210 4433 divitiae,
1243 4370 1503 4440 honores,
1526 4381 1581 4428 et
1602 4373 1787 4442 gloriae
1810 4377 2103 4435 smeulares
2205 4382 2333 4429 ante
2362 4372 2555 4444 legem,
2581 4374 2664 4428 vel
2701 4374 2803 4429 sub
2841 4372 2983 4445 lege,
3015 4374 3141 4445 quid
3178 4390 3278 4431 nos
3310 4374 3575 4429 debemus
3599 4372 3764 4430 facere.

507 4452 898 4524 adipiscuntur.
923 4461 1120 4517 Contra
1152 4477 1287 4533 quos
1316 4479 1415 4520 nos
1446 4466 1694 4520 hortatur
1720 4466 1923 4523 David:
1946 4468 2096 4538 Noli,

2205 4465 2299 4536 qui
2332 4465 2385 4520 in
2418 4475 2661 4537 tempore
2694 4469 2884 4539 gratia:
2915 4469 3136 4524 sumus?
3178 4469 3477 4524 Vincamus
3507 4484 3649 4539 ergo,
3676 4467 3768 4519 fra-

511 4545 709 4617 inquit,
735 4550 977 4607 cumulari
1004 4555 1059 4608 in
1086 4556 1516 4626 malignantibus,
1550 4574 1712 4628 neque
1734 4560 1983 4615 setaveris
2016 4562 2102 4631 fa—
2136 4589 2182 4647 ι)
2211 4566 2344 4624 tres,
2401 4559 2658 4615 duritiam
2691 4562 2871 4617 cordis
2907 4564 3103 4631 nostri,
3144 4571 3200 4617 et
3244 4563 3523 4617 discamus
3558 4562 3765 4615 inimicos

506 4642 1081 4716 cientes'iniquitatem,
1111 4651 1357 4717 quoniam
1381 4662 1631 4721 tanquam
1658 4651 1835 4717 fenum
1861 4654 2104 4711 velociter

514 4747 748 4793 arescent
783 4738 957 4809 (Psal.
988 4743 1197 4813 xxxvi),
1225 4749 1330 4797 etc.
1356 4744 1486 4797 Item
1510 4743 1672 4799 illud:
1706 4744 1835 4800 Noli
1860 4751 2102 4804 cumulari

514 4831 570 4885 in
592 4848 650 4886 eo
672 4833 763 4904 qui
781 4846 1121 4904 prosperalur
1140 4837 1196 4888 in
1220 4836 1301 4889 ria
1329 4852 1449 4902 sua,
1480 4847 1527 4891 et
1562 4838 1616 4889 in
1645 4839 1853 4894 homine
1880 4840 2104 4909 faciente

511 4924 805 4995 injustitias
837 4925 1011 4998 (Psal.
1040 4930 1254 4995 xxxvi),
1290 4938 1394 4984 etc.
1437 4929 1543 4986 Vos
1570 4946 1719 5003 ergo,
1755 4933 1975 5005 fratres,
2008 4952 2105 4993 no-

514 5016 610 5072 lite
643 5019 830 5073 mirari
861 5019 1186 5090 temporales
1212 5020 1449 5083 divitias.
1477 5023 1736 5091 honores,
1766 5026 1852 5081 vel
1881 5027 2101 5100 glorias.

517 5106 573 5161 Si
595 5111 863 5163 enimnon
884 5109 1246 5179 admiramini,
1268 5127 1372 5169 non
1392 5117 1746 5187 concupietis.
1765 5117 1904 5175 Hinc
1919 5130 2099 5189 poeta:

626 5221 723 5297 Q’il
746 5221 1003 5275 admirari
1033 5223 1143 5297 (63)
1172 5242 1328 5295 prope
1358 5246 1436 5283 res
1466 5239 1541 5285 est
1572 5249 1696 5286 una.
1741 5271 1758 5288 .
1804 5275 1816 5289 .
1863 5273 1877 5288 .
1918 5274 1933 5290 .
1979 5276 1995 5293 .

628 5292 877 5367 Solaque,
903 5309 1021 5364 qua
1042 5292 1218 5366 posset
1253 5292 1426 5367 facere
1447 5312 1494 5355 et
1531 5319 1737 5358 servare
1769 5292 1997 5360 beatum.

806 5363 1062 5435 (Horum,
1099 5363 1271 5439 Epist.
1306 5371 1398 5426 lib.
1433 5387 1472 5439 ι,
1505 5373 1662 5443 epist.
1696 5375 1751 5443 4,
1784 5391 1834 5429 v.
1868 5378 1920 5445 1,
1952 5379 2031 5451 2.)

520 5474 675 5532 Solas
709 5476 957 5545 virtutes,
998 5480 1193 5536 fratres
1233 5482 1563 5552 charissimi,
1607 5495 1663 5541 et
1700 5462 1873 5545 bonos
1903 5506 2104 5559 mores,

526 5580 583 5627 et
621 5572 761 5625 bona
793 5588 955 5642 opera
993 5584 1305 5629 sanctorum
1340 5576 1646 5631 imitamini.
1681 5579 1747 5635 Et
1776 5578 1931 5649 juxta
1965 5599 2108 5653 prre—

520 5673 735 5734 ceptum
778 5664 1232 5735 Philosophicum,
1275 5664 1562 5737 aliquando
1600 5670 1776 5726 virum
1820 5674 2106 5733 honestum

520 5756 677 5812 vobis
721 5757 773 5811 in
827 5756 1132 5827 exemplum
1178 5758 1462 5825 assumite,
1494 5760 1562 5816 ad
1608 5760 1764 5833 cujus
1800 5764 2108 5838 exemplum

600 5848 709 5925 (63)
748 5850 1024 5907 Subbaudi
1052 5849 1357 5921 temporale.

2208 4659 2425 4707 nostros
2455 4650 2702 4723 diligere,
2747 4668 2936 4708 eorum
2967 4648 3087 4710 dico
3120 4664 3400 4720 naturam,
3430 4670 3541 4711 non
3587 4653 3763 4713 vitium,

2205 4742 2361 4813 juxta
2406 4744 2548 4815 quod
2596 4745 2764 4801 David
2802 4747 2924 4801 ait:
2965 4746 3207 4818 Perfecto
3253 4748 3377 4802 odio
3425 4748 3627 4802 oderam
3666 4746 3761 4795 illas

2208 4832 2383 4905 (Psal.
2415 4836 2700 4909 cxxxvm).
2741 4836 3049 4893 Perfectum
3076 4840 3259 4894 odium
3288 4849 3373 4895 est
3409 4855 3516 4893 non
3552 4849 3759 4893 naturam

2208 4928 2409 4994 odisse,
2449 4931 2543 4986 sed
2574 4931 2787 4987 vitium.
2820 4932 3098 4999 Inimicos,
3138 4934 3337 5004 inquit,
3378 4935 3552 4988 crucis
3579 4932 3758 4986 Clu-isti.

2207 5022 2380 5077 Porro
2409 5022 2613 5079 inimici
2637 5025 2818 5079 crucis
2839 5023 3043 5080 Christi
3067 5034 3214 5092 sunt,
3238 5026 3333 5095 qui
3356 5041 3572 5081 crucem
3592 5022 3758 5077 Chrisu

2205 5116 2548 5184 scandalum,
2580 5126 2639 5173 ut
2666 5118 2859 5185 Judaei,
2893 5119 2979 5172 vel
3012 5118 3305 5174 stultitiam
3336 5129 3397 5175 ut
3419 5120 3631 5191 gentiles
3655 5118 3757 5186 opi-

2208 5218 2429 5265 nantur.
2457 5210 2662 5267 Inimici
2688 5214 2849 5267 etiam
2877 5214 3056 5269 crucis
3082 5213 3292 5269 Christi
3320 5214 3429 5269 dici
3458 5202 3755 5284 possuntqui

2209 5303 2311 5361 etsi
2342 5304 2570 5360 credunt
2595 5305 2796 5361 Christi
2830 5322 3046 5363 crucem
3075 5349 3091 5374 ,
3117 5317 3301 5362 tamen
3328 5324 3451 5363 eam
3474 5308 3605 5363 ferre
3626 5320 3757 5359 recu-

2210 5406 2355 5451 sant.
2386 5396 2583 5463 Quales
2615 5399 2781 5469 (unde
2810 5399 3099 5456 dolendum
3131 5410 3237 5471 est)
3267 5416 3458 5456 sumus
3486 5401 3628 5456 hodie
3650 5411 3752 5455 MS.

2209 5490 2325 5547 solo
2356 5492 2575 5547 nomine
2603 5492 2922 5560 Christiani,
2958 5495 3051 5567 qui
3080 5510 3301 5550 crucem
3327 5494 3673 5565 praedicamus,
3701 5499 3751 5542 et

2209 5597 2306 5653 per
2334 5598 2551 5639 crucem
2581 5584 2776 5640 salvari
2816 5584 3083 5652 volumus,
3114 5594 3168 5641 et
3202 5597 3383 5643 tamen
3411 5600 3609 5641 crucem
3632 5581 3752 5634 ferre

2210 5676 2483 5743 nolumus,
2515 5692 2733 5733 carnem
2756 5687 2996 5733 nostram
3021 5693 3144 5733 cum
3175 5679 3321 5734 vitiis
3339 5688 3396 5734 et
3413 5674 3749 5746 concupiscen-

2212 5770 2303 5828 tiis
2324 5785 2431 5827 non
2457 5772 2832 5844 crucifigimus
2880 5787 2986 5830 non
3018 5772 3113 5829 hic
3147 5788 3341 5829 amara
3370 5774 3499 5846 pati,
3523 5770 3603 5827 sed
3627 5765 3737 5822 ask:
