3896 6320
129 396 260 456 2115

133 511 428 586 quaarimus,
456 521 560 560 non
589 507 816 574 tristari,
840 508 931 563 sed
956 508 1299 578 prosperari;
1323 507 1552 579 injurias
1581 507 1699 563 illa-
1726 509 1774 568 Α

129 619 204 663 tas
228 601 489 675 patienter
527 613 634 654 non
679 598 923 665 ferimus,
977 600 1073 657 sed
1124 601 1302 672 potius
1349 600 1550 658 malum
1597 615 1698 674 pro

119 703 272 768 malo,
295 697 644 754 maledictum
671 713 770 768 pro
792 698 1080 775 maledicto
1102 699 1401 767 reddimus,
1430 715 1553 756 cum
1585 699 1698 756 Ma-

119 796 274 868 gister
298 799 480 847 noster
517 788 661 848 dicat
689 804 705 844 :
734 789 839 856 Qui
869 790 977 846 vult
1007 792 1182 848 uenire
1204 803 1321 864 post
1351 810 1454 862 me,
1483 793 1698 864 abneget

126 884 464 952 semetipsum,
509 891 559 936 et
604 881 755 938 tollat
793 899 1002 938 crucem
1043 901 1196 940 suam
1241 896 1288 940 et
1339 897 1590 959 sequatur
1615 905 1698 944 me

125 974 329 1046 (Matth,
358 972 501 1044 xvr),
529 978 611 1027 et:
640 971 746 1038 Qui
771 989 854 1028 me
881 975 1152 1030 erubuerit
1176 985 1225 1032 et
1253 993 1516 1033 sermones
1533 994 1694 1046 meos,

123 1068 251 1120 hunc
282 1063 425 1134 ﬁlius
452 1064 680 1122 hominis
718 1065 980 1122 erubescet
1020 1066 1175 1138 (Luc.
1212 1069 1313 1139 tr).
1342 1099 1411 1110 ——-
1434 1070 1694 1138 Quorum,

120 1156 304 1226 inquit,
325 1154 448 1224 ﬁnis
470 1157 744 1218 interitus,
774 1173 998 1227 quorum
1030 1163 1160 1216 deus
1184 1169 1364 1216 venter
1390 1171 1466 1215 est
1501 1171 1548 1216 et
1586 1161 1697 1232 glo-

123 1250 247 1301 riam
269 1247 323 1300 in
355 1247 661 1313 confusione
680 1264 862 1304 eorum
898 1250 988 1321 qui
1013 1259 1220 1306 terrena
1244 1250 1478 1321 sapiunt.
1503 1250 1648 1308 Ordo
1677 1269 1693 1307 :

119 1339 359 1396 inimicos
382 1340 583 1409 crucis,
622 1341 714 1414 qui
757 1351 973 1399 terrena
1006 1343 1246 1414 sapiunt,
1295 1361 1527 1416 quorum
1571 1346 1696 1403 linis

120 1431 382 1500 interitus,
406 1440 514 1488 etc.
539 1431 641 1502 Qui
661 1435 808 1490 enim
835 1450 1050 1500 crucem
1075 1436 1301 1504 Christi,
1325 1437 1408 1492 vel
1439 1452 1546 1493 non
1576 1453 1697 1494 cre-

115 1527 260 1592 dunt,
283 1525 366 1582 vel
392 1541 500 1582 non
524 1536 768 1596 portant,
788 1536 1007 1586 terrena
1030 1530 1269 1600 sapiunt,
1296 1546 1402 1586 non
1426 1530 1692 1599 ctelestia,

113 1628 163 1675 et
209 1619 327 1675 ideo
372 1619 589 1676 illorum
621 1619 746 1678 linis
784 1632 870 1678 est
919 1623 1192 1679 interitus.
1230 1621 1348 1679 Non
1387 1624 1531 1679 enim
1576 1639 1696 1681 cre-

111 1713 238 1769 dunt
275 1715 752 1782 resurrectionem,
783 1716 870 1772 vel
909 1716 1153 1772 futurum
1183 1715 1470 1786 judicium,
1503 1719 1596 1774 sed
1627 1718 1693 1772 fi-

109 1819 226 1859 nem
268 1805 550 1864 hominum
588 1809 819 1864 credunt
861 1823 982 1865 esse
1036 1810 1315 1865 interitum
1364 1811 1690 1866 animarum.

107 1897 350 1969 lnquiunt
386 1900 577 1957 enim:
618 1901 751 1970 Quis
791 1912 876 1959 est
919 1919 1204 1974 regressus
1238 1904 1306 1959 ab
1356 1903 1566 1972 inferis,
1599 1903 1693 1976 qui

105 1989 253 2044 nobis
273 1990 487 2048 nuntiet
521 1991 678 2048 aliam
705 2008 824 2050 esse
851 1993 1059 2049 vitam?
1086 1993 1396 2050 Moriuntur
1419 1997 1562 2051 enim
1593 1996 1694 2052 ho-

103 2083 290 2151 mines,
323 2098 428 2139 nec
458 2095 776 2158 resurgunt,
804 2086 884 2143 sic
909 2086 1035 2153 fuit,
1069 2089 1148 2143 sic
1184 2088 1289 2143 erit
1327 2103 1568 2160 semper;
1601 2090 1695 2147 alii

101 2177 420 2242 moriuntur,
453 2186 509 2233 et
539 2178 631 2233 alii
660 2189 982 2236 nascuntur.
1016 2179 1182 2234 Fallit
1213 2195 1311 2246 nos
1343 2179 1547 2248 littera,
1574 2197 1696 2252 pro-

99 2269 314 2324 mittens
355 2269 550 2326 nescio
581 2285 700 2341 qua:
727 2271 872 2326 bona
909 2271 1116 2326 futura.
1151 2270 1260 2329 Sed
1292 2279 1438 2327 certe
1469 2271 1692 2327 stultum

96 2370 176 2416 est
190 2361 418 2432 perdere
438 2363 735 2433 praesentia
757 2363 923 2429 bona,
941 2377 1060 2434 quae
1081 2363 1326 2421 videmus
1348 2371 1402 2418 et
1425 2373 1692 2432 tenemus,

95 2462 309 2524 propter
337 2454 597 2524 quaedam
638 2455 780 2510 bona
824 2454 967 2511 forte
1011 2471 1289 2527 nunquam
1319 2455 1522 2510 futura.
1555 2454 1695 2510 Dum

91 2562 216 2618 ergo
253 2547 535 2615 vivimus,
574 2548 921 2603 comedamus
962 2556 1018 2602 et
1067 2547 1343 2614 bibamus,
1385 2561 1508 2603 cras
1545 2545 1693 2602 enim

90 2640 408 2697 moriemur.
439 2639 626 2708 Quod,
678 2651 734 2695 et
778 2640 824 2695 si
861 2641 1081 2710 quidam
1117 2641 1221 2696 hoc
1259 2639 1443 2696 verbis
1479 2654 1587 2694 non
1615 2638 1697 2694 di-

87 2741 231 2800 cant,
261 2740 447 2788 tamen
503 2748 569 2789 se
620 2733 694 2787 ita
739 2734 964 2788 credere
1006 2732 1262 2804 operibus
1297 2733 1691 2799 demonstrant,

88 2827 213 2885 dum
241 2827 358 2884 sola
387 2835 622 2884 terrena
647 2835 898 2897 quaerunt
923 2835 981 2882 et
1017 2835 1225 2892 amant,
1254 2826 1392 2899 gula:
1426 2835 1483 2882 et
1515 2825 1694 2883 ventri

87 2922 519 2979 satisfacientes.
543 2919 804 2988 Quorum,
826 2919 1006 2990 inquit
1043 2919 1357 2989 Apostolus,
1410 2919 1540 2974 deus
1571 2935 1693 2974 ven-

86 3022 164 3069 ter
190 3022 289 3069 est.
317 3012 479 3082 Quod
513 3014 662 3068 enim
699 3013 824 3082 quis
855 3012 976 3083 plus
1016 3011 1216 3084 diligit,
1257 3013 1366 3068 hoc
1411 3027 1473 3068 se
1514 3011 1696 3069 colere

83 3108 343 3164 ostendit.
369 3107 599 3162 Avarus
627 3105 758 3162 colit
791 3120 1071 3160 nummum
1096 3121 1194 3176 pro
1216 3105 1351 3173 Deo,
1381 3106 1698 3164 luxuriosus

84 3213 365 3264 venerem,
381 3197 616 3268 gulosus
627 3205 896 3262 ventrem,
918 3196 1244 3266 etgebriosus
1265 3196 1474 3252 vinum.
1499 3195 1694 3254 Nonne
1719 3225 1768 3291 ο

81 3294 225 3349 enim
261 3300 526 3349 ventrem
565 3305 666 3362 pro
694 3289 806 3346 Deo
836 3287 984 3357 colit,
1030 3289 1122 3360 qui
1161 3289 1284 3360 plus
1319 3289 1497 3344 ventri
1529 3304 1694 3359 quam

83 3387 192 3455 Deo
219 3386 449 3444 obedit?
470 3385 570 3456 qui
599 3384 720 3454 plus
750 3397 850 3454 pro
872 3390 1062 3438 ventre
1083 3397 1246 3453 quam
1271 3397 1369 3453 pro
1392 3381 1505 3438 Deo
1526 3380 1698 3437 facit?

78 3481 170 3553 qui
212 3479 571 3552 frequentius
601 3478 785 3533 visitat
829 3475 1120 3546 coquinam
1160 3489 1328 3546 quam
1369 3473 1697 3531 ecclesiam?

80 3573 180 3640 Qui
209 3573 338 3643 plus
366 3569 681 3628 delectatur
703 3569 755 3622 in
780 3567 950 3624 odore
974 3566 1224 3622 carnium
1250 3580 1416 3637 quam
1442 3565 1696 3622 incenso-

78 3682 196 3722 rum
229 3675 289 3721 et
331 3661 693 3721 orationum?
730 3659 839 3716 Nos
885 3674 1038 3730 ergo,
1089 3657 1312 3714 fratres.
1357 3658 1462 3714 hoc
1492 3659 1696 3728 grande

76 3761 271 3817 vitium
320 3760 641 3832 fugiamus;
691 3770 800 3811 non
829 3755 987 3826 gulae,
1023 3753 1119 3808 sed
1141 3763 1351 3808 naturae
1381 3752 1692 3808 satisfacia-

73 3870 233 3921 mus,
259 3853 432 3924 juxta
465 3851 602 3908 illud
627 3847 934 3922 philosophi
967 3864 982 3902 :
1017 3845 1140 3902 Sint
1177 3845 1350 3917 epulae
1378 3845 1577 3903 vicisse
1605 3844 1692 3902 fa-

75 3961 248 4002 mem.
284 3943 359 3999 Et
383 3943 588 4016 gloria,
620 3941 814 4013 inquit,
840 3941 898 3993 in
929 3937 1236 4008 confusione
1259 3953 1462 4004 eorum,
1499 3936 1690 4008 supple

71 4039 272 4108 gloria,
300 4051 480 4110 quam
514 4048 660 4090 nunc
686 4033 907 4100 habent,
933 4030 1039 4087 erit
1064 4030 1118 4084 in
1149 4028 1488 4086 confusione.
1506 4029 1693 4086 Gloria

71 4133 280 4202 quippe
319 4145 500 4201 quam
543 4140 686 4182 nunc
721 4126 924 4182 habent
965 4125 1021 4180 in
1057 4123 1384 4197 pinguedine
1411 4132 1467 4180 et
1515 4123 1693 4178 nitore

67 4227 281 4291 carnis,
311 4232 373 4280 et
397 4221 744 4278 abundantia
779 4219 1128 4290 pulchrorum
1159 4227 1216 4274 et
1250 4217 1526 4282 suavium,
1565 4227 1692 4272 tunc

66 4321 176 4376 erit
198 4321 259 4375 in
285 4315 626 4374 confusione
651 4328 861 4369 eorum.
895 4311 1162 4381 Quoniam
1189 4310 1344 4382 juxta
1367 4309 1565 4366 librum
1593 4308 1693 4364 Sa-

64 4412 299 4483 pientiae
337 4409 555 4466 dicturi
585 4416 714 4480 sunt
739 4407 793 4462 in
831 4405 1074 4462 inferno:
1101 4402 1218 4460 Nos
1250 4405 1504 4460 insensati
1531 4404 1691 4458 vitam

62 4505 296 4559 illorum
330 4500 744 4558 wstimabamus
773 4499 1063 4564 insaniam,
1089 4507 1139 4553 et
1169 4513 1285 4555 ecce
1319 4496 1578 4568 quomodo
1606 4512 1692 4552 re-

1723 1871 1770 1932 B

822 388 1126 447 HOMILUE
1166 388 1236 444 IN
1271 387 1492 447 EPIST.
1533 386 1622 446 ΕΤ
1661 387 1920 448 EVANG.
1965 388 2270 448 DOMINIC.
2305 418 2378 430 —
2415 386 2598 449 PARS
2637 391 2706 448 ll.

3214 400 3388 462 2i“

1799 523 1985 579 opere,
2012 509 2078 563 ad
2114 507 2314 564 coelum
2349 508 2639 576 tendimus,
2673 519 2730 567 et
2774 512 2847 570 ibi
2881 515 3151 574 desiderio
3182 518 3391 578 habita-

1800 615 1965 666 mus;
2023 607 2078 654 et
2115 601 2366 670 quamvis
2395 616 2461 658 ex
2506 603 2834 660 necessitate
2867 606 3157 678 aliquando
3189 619 3390 670 tracte-

1799 705 1921 746 mus
1953 701 2192 757 terrena,
2225 699 2408 747 tamen
2445 707 2662 766 semper
2699 695 2766 750 ad
2795 698 3037 756 coelestia
3079 713 3263 759 mente
3304 720 3392 763 re-

1799 784 2088 852 vertimur,
2119 792 2175 840 et
2213 785 2265 838 in
2297 785 2378 840 eis
2409 800 2820 842 conversamur.
2850 787 2957 847 Per
2981 808 3140 864 quem
3174 809 3306 852 vero
3336 805 3392 854 et

1797 876 2070 946 quomodo
2091 879 2163 935 ad
2188 891 2250 932 ea
2280 879 2600 948 perventuri
2635 879 2828 950 simus,
2857 884 3094 940 ostendit
3117 885 3386 944 subdens:

1799 967 2132 1026 Salvatorem
2164 972 2302 1028 enim
2334 983 2696 1044 exspectamus
2727 967 3013 1031 Dominum
3037 967 3272 1034 nostrum
3296 980 3391 1036 Je-

1799 1079 1914 1118 sum
1939 1061 2230 1133 Christum,
2257 1067 2351 1138 qui
2385 1066 2693 1136 reformabit
2722 1085 2912 1138 corpus
2951 1069 3265 1125 humilitatis
3299 1090 3387 1127 no-

1797 1169 1942 1226 strte,
1991 1161 2382 1232 conﬁguratum
2420 1162 2631 1234 corpori
2681 1161 2943 1218 claritatis
2984 1181 3114 1220 sure.
3146 1163 3388 1234 Utinam,

1797 1247 2016 1317 fratres,
2048 1259 2104 1306 et
2135 1267 2236 1308 nos
2267 1267 2390 1307 cum
2417 1251 2677 1323 Apostolo
2708 1251 2813 1308 hoc
2844 1267 2973 1309 vere
3003 1255 3186 1310 dicere
3211 1256 3392 1326 possi-

1798 1357 1940 1410 mus,
1971 1344 2114 1414 quod
2149 1341 2487 1401 Salvatorem
2524 1353 2773 1402 nostrum
2808 1347 3216 1416 exspectemus!
3252 1347 3392 1413 Quid

1797 1436 1943 1492 enim
1973 1437 2120 1492 aliud
2151 1447 2233 1494 est
2266 1448 2586 1510 exspectare
2615 1455 2781 1510 quam
2820 1455 2944 1496 cum
2978 1439 3248 1495 desiderio
3270 1455 3392 1510 Spe-

1795 1528 1956 1585 rare?
1984 1528 2315 1600 Exspectant
2347 1546 2483 1602 ergo
2509 1547 2632 1587 cum
2667 1532 2918 1602 suspiriis
2959 1533 3270 1603 Dominum,
3297 1534 3390 1604 qui

1795 1623 1901 1680 sibi
1932 1623 2154 1680 consciii
2187 1636 2315 1680 sunt
2353 1623 2439 1680 hic
2481 1633 2594 1682 toto
2636 1627 2798 1683 corde
2823 1640 2948 1682 eum
2977 1625 3224 1694 diligere,
3252 1627 3393 1696 ejus-

1795 1729 1903 1786 que
1933 1715 2187 1770 mandata
2233 1715 2480 1787 implere.
2496 1717 2602 1772 Alii
2624 1718 2770 1774 enim
2791 1733 2914 1774 eum
2937 1733 3044 1774 non
3068 1726 3394 1788 exspectant

1797 1817 2107 1871 venturum,
2135 1809 2230 1862 sed
2261 1808 2470 1862 timent.
2502 1809 2607 1875 Qui
2631 1811 2960 1878 reformabil,
2991 1811 3188 1880 inquit,
3211 1809 3394 1867 defor-

1798 1906 2006 1954 matum
2031 1909 2253 1970 propter
2280 1907 2529 1968 peccata,
2554 1917 2742 1970 corpus
2771 1902 2838 1956 ad
2862 1901 3115 1972 primam,
3147 1903 3256 1958 imo
3279 1917 3392 1958 ma-

1791 1989 1970 2061 jorem
2004 1990 2492 2047 immortalitatem.
2527 1991 2662 2059 Quia
2704 1993 2848 2062 quod
2881 2003 3127 2048 creatum
3158 1994 3260 2049 fuit
3291 1995 3392 2050 im-

1797 2084 2049 2152 mortale,
2089 2083 2143 2140 id
2172 2094 2258 2142 est
2282 2095 2478 2156 potens
2508 2101 2616 2141 non
2648 2085 2812 2154 mori,
2847 2085 2940 2141 fiet
2967 2100 2998 2141 a
3029 2086 3256 2144 Domino
3285 2089 3391 2143 im-

1796 2176 2045 2242 mortale,
2078 2177 2131 2232 id
2161 2186 2370 2234 estnon
2395 2186 2590 2249 potens
2618 2179 2779 2234 mori.
2803 2177 3012 2250 Corpus
3037 2180 3157 2235 dico
3185 2181 3395 2234 Immiti-

1797 2268 1920 2321 tatis
1945 2276 2162 2334 nostrae,
2187 2267 2242 2322 id
2266 2275 2352 2323 est
2379 2268 2523 2338 quod
2555 2269 2717 2325 modo
2747 2278 2828 2325 est
2856 2267 2980 2336 vile,
3005 2279 3057 2324 et
3085 2272 3390 2339 expositum

1796 2371 1973 2428 poenae
2000 2366 2056 2412 et
2080 2357 2336 2414 miseriae.
2362 2357 2458 2415 Vel
2484 2358 2718 2415 causalis
2742 2366 2925 2430 potest
2953 2374 3074 2416 esse
3096 2360 3391 2434 genitivus,

1797 2451 1922 2520 quia
1953 2450 2100 2506 enim
2136 2466 2279 2507 nunc
2314 2466 2415 2508 nos
2447 2463 2642 2525 sponte
2667 2452 3042 2522 humiliamus,
3071 2462 3201 2509 tunc
3229 2453 3392 2526 glori-

1797 2539 2102 2596 ficabimur.
2150 2539 2452 2596 Secundum
2485 2551 2819 2612 potestatem,
2849 2561 2955 2615 qua
2996 2543 3097 2600 sibi
3135 2543 3392 2615 subjicere

1796 2641 1960 2702 potest
2001 2634 2198 2688 omnia.
2241 2633 2344 2702 Qui
2395 2634 2541 2689 enim
2582 2635 2635 2689 in
2669 2635 2845 2706 primo
2873 2617 3107 2692 adventu
3139 2635 3393 2706 apparuit

1796 2724 2074 2795 subjectus
2101 2735 2156 2782 et
2183 2726 2428 2793 humilis,
2461 2727 2518 2782 in
2547 2728 2790 2785 secundo
2827 2728 3062 2785 adventu
3107 2728 3393 2801 apparebit

1797 2817 2003 2876 habere
2025 2827 2356 2890 potestatem
2380 2828 2609 2888 tantam,
2632 2821 2778 2892 quod
2802 2821 2973 2892 possit
2994 2817 3265 2892 subjicere
3288 2819 3392 2876 sibi

1796 2910 2070 2978 omnia,id
2097 2920 2182 2968 est
2200 2911 2466 2982 coelestia,
2486 2899 2775 2970 terrestria
2793 2925 2846 2968 et
2871 2912 3105 2970 inferna.
3131 2911 3393 2970 leestia

1796 3006 2179 3072 restaurando,
2227 3006 2513 3063 terrestria
2555 3005 2932 3078 gloriﬁcando,
2986 3007 3197 3062 inferna
3237 3007 3394 3062 dam-

1797 3099 1998 3155 nando.
2029 3099 2329 3155 Subactam
2356 3099 2558 3170 quippe
2592 3107 2718 3155 tunc
2740 3098 2992 3155 ostendet
3016 3098 3120 3156 sibi
3149 3101 3313 3155 vitam
3339 3107 3397 3156 ct

1798 3199 2052 3260 mortem;
2083 3191 2254 3246 vitam
2287 3190 2643 3258 conferendo,
2677 3200 2733 3246 et
2770 3199 3001 3246 mortem
3039 3191 3389 3250 destruendo.

1871 3285 2133 3356 Sequitur
2164 3299 2297 3355 pars
2330 3291 2548 3352 quarta.
2584 3283 2642 3338 in
2680 3297 2787 3354 qua
2820 3283 3073 3338 hortatur
3099 3282 3392 3354 Apostolus

1798 3379 1868 3434 ad
1913 3377 2402 3449 perseverantiam.
2459 3375 2527 3430 Et
2574 3375 2701 3445 quia
2745 3374 3182 3430 exnortationem
3228 3374 3392 3431 amici

1798 3467 1974 3536 magis
1999 3467 2351 3536 suscipimus,
2384 3481 2548 3536 quam
2579 3465 2826 3533 alterius,
2855 3466 2979 3522 ideo
3005 3464 3185 3538 primo
3212 3474 3393 3523 osten-

1799 3561 1878 3618 dit
1899 3561 2151 3618 aﬂ’ectum
2176 3562 2469 3630 Apostolus
2496 3576 2657 3632 quem
2684 3559 2852 3618 habet
2881 3576 3008 3633 erga
3031 3561 3170 3618 filios
3195 3562 3394 3633 praedi-

1796 3654 2030 3711 cationis
2059 3668 2190 3710 suae.
2224 3651 2438 3724 Itaque,
2468 3663 2663 3722 [ratres
2692 3653 2797 3708 mei
2829 3652 3130 3708 charissim:
3159 3661 3209 3708 et
3244 3651 3390 3708 desi-

1797 3746 2139 3812 deratissimi,
2168 3746 2426 3816 gaudium
2458 3762 2632 3800 meum
2670 3753 2718 3800 et
2754 3761 2950 3802 corona
2981 3761 3116 3812 mea,
3146 3745 3222 3798 sic
3255 3753 3391 3801 state

1795 3840 1852 3895 in
1879 3839 2104 3896 Domino
2131 3840 2429 3895 charissimi
2454 3838 2712 3910 (Philipp.
2744 3839 2842 3911 tv).
2875 3838 3101 3895 Fratres
3125 3838 3387 3904 charissi-

1795 3947 1914 3990 mos
1940 3947 2035 3988 eos
2062 3941 2242 3999 vocat,
2270 3931 2534 4002 quoniam
2559 3945 2654 3987 eos
2679 3930 3082 3988 ferventissime
3103 3931 3385 4010 diligebat,

1793 4040 1904 4091 non
1934 4025 2111 4081 solum
2156 4031 2381 4096 pr0pter
2417 4033 2696 4090 naturam,
2730 4024 2830 4079 sed
2875 4031 3098 4094 propter
3131 4023 3389 4079 fraternas

1794 4117 2079 4174 cbaritatis
2107 4116 2520 4184 abundantiam,
2543 4130 2664 4186 quae
2690 4115 2745 4170 in
2776 4114 2908 4186 ipsis
2931 4123 3068 4170 erat.
3100 4112 3390 4172 Desidera-

1797 4211 2036 4268 tissimos
2062 4226 2156 4267 eos
2190 4219 2370 4276 vocat,
2398 4211 2652 4281 quoniam
2685 4225 2875 4266 eorum
2905 4207 3206 4290 profectum
3233 4207 3389 4264 valde

1793 4303 2429 4361 desiderabat.Gaudium
2442 4319 2597 4361 suum
2608 4319 2702 4360 eos
2714 4312 2894 4371 vocat,
2911 4303 3168 4376 quoniam
3181 4303 3385 4360 bonum

1793 4398 1935 4468 quod
1965 4397 2021 4452 in
2052 4398 2131 4454 eis
2157 4406 2300 4464 erat,
2339 4407 2459 4453 erat
2485 4397 2534 4454 ei
2574 4411 2736 4453 causa
2765 4397 2906 4452 unde
2939 4395 3056 4468 ipse
3095 4394 3382 4466 gaudebat.

1792 4488 2060 4546 Coronam
2102 4505 2256 4545 suam
2283 4504 2379 4547 eos
2417 4498 2595 4555 vocat,
2639 4489 2894 4560 quoniam
2940 4487 3107 4542 futuri
3139 4495 3298 4542 erant
3330 4499 3382 4554 e,

57 4605 247 4668 putati
284 4604 419 4651 sunt
455 4593 594 4647 inter
613 4591 753 4660 ﬁlios
781 4590 903 4677 Qei,
929 4588 1260 4658 Erravimus,
1289 4599 1338 4645 et
1367 4590 1446 4645 sol
1465 4590 1691 4660 justitiaa
1713 4579 1769 4643 D
1793 4597 1958 4638 causa
2007 4597 2245 4639 coronae.
2291 4582 2431 4639 Sunt
2471 4590 2655 4638 autem
2686 4581 2792 4638 duo
2835 4579 3156 4652 posteriora,
3207 4593 3386 4634 causa:

59 4704 176 4744 non
205 4686 408 4742 illuxit
435 4683 590 4738 nobis
611 4680 763 4753 (Sap.
787 4681 865 4753 v).
891 4679 1102 4753 Magna,
1126 4680 1348 4748 fratres,
1371 4680 1476 4735 erit
1502 4680 1692 4735 confu-

54 4783 147 4840 sio
175 4781 485 4855 reprobis,
514 4778 730 4848 quando
753 4775 952 4830 amissa
995 4774 1168 4846 gloria
1194 4773 1498 4846 temporali,
1530 4782 1692 4830 erunt

54 4873 322 4946 inglorii,
370 4869 633 4928 videntes
670 4881 834 4938 super
864 4880 924 4921 se
954 4880 1048 4922 eos
1093 4865 1374 4936 honorari,
1412 4881 1550 4937 quos
1589 4867 1693 4923 has

47 4967 312 5026 buerunt
346 4961 659 5034 aliquando
685 4960 738 5016 in
766 4959 1028 5026 derisum,
1053 4961 1273 5030 quando
1293 4974 1483 5016 eorum
1508 4959 1690 5016 omnia

47 5069 332 5136 peccata,
351 5065 419 5114 et
441 5068 639 5111 omnes
662 5063 848 5123 turpes
869 5051 1223 5123 cogitationes
1246 5053 1529 5124 patebunt.
1545 5051 1693 5109 Ordo

46 5157 238 5214 etiam
281 5148 586 5209 notandus
628 5156 730 5204 est.
762 5145 872 5216 Qui
917 5146 1064 5202 enim
1112 5155 1240 5204 sunt
1273 5145 1480 5212 inimici
1514 5145 1694 5202 crucis

45 5248 305 5314 Christi,
343 5242 586 5313 sapiunt
615 5249 855 5309 terrena,
887 5249 943 5296 et
977 5239 1100 5296 ideo
1118 5246 1311 5310 putant
1331 5237 1494 5294 finem
1523 5237 1694 5300 inter-

42 5345 224 5409 itum,
276 5347 344 5396 et
389 5335 527 5392 ideo
564 5334 844 5405 indulgent
879 5334 1080 5400 ventri,
1107 5342 1162 5388 et
1196 5331 1383 5404 glorise
1407 5331 1610 5398 carnis,
1638 5337 1694 5387 et

39 5450 117 5494 ex
151 5436 252 5491 his
283 5427 602 5503 proveniet
629 5427 908 5488 damnatio
943 5424 1300 5483 confusionis.

121 5526 428 5598 Sequitur
451 5535 588 5592 pars
611 5520 793 5591 tertia,
817 5521 873 5578 in
897 5536 1006 5593 qua
1027 5517 1565 5587 ostenditApostolus
1584 5531 1692 5588 quo

39 5623 325 5686 tendere,
377 5622 457 5674 et.
485 5614 617 5685 quid
646 5628 868 5684 sperare
902 5615 1199 5670 debeamus
1225 5611 1411 5669 dicens
1438 5628 1451 5665 :
1490 5608 1692 5668 Nostra

33 5723 256 5770 autem.
277 5707 638 5766 conversatio
681 5706 740 5762 in
766 5705 909 5764 catlis
954 5713 1051 5765 est.
1083 5703 1252 5772 Quasi
1277 5703 1526 5760 diceret:
1561 5701 1694 5758 Dili-

31 5817 183 5880 gant
213 5805 320 5862 alii
347 5813 612 5875 terrena,
639 5801 734 5857 sed
758 5808 944 5874 nostra
972 5797 1320 5860 conversatio
1339 5811 1437 5867 spe
1459 5795 1514 5856 in
1536 5795 1692 5855 ctelis

32 5909 151 5958 est.
210 5897 284 5956 Si
315 5894 492 5952 enim
536 5893 657 5951 veri
692 5891 989 5951 Christiani
1026 5906 1237 5961 sumus,
1269 5900 1474 5960 mente,
1502 5904 1597 5948 ore
1635 5897 1692 5948 et

1795 4675 2026 4732 duorum
2043 4675 2484 4747 praecedentium.
2495 4675 2623 4732 ldeo
2638 4675 2784 4732 enim
2798 4687 2892 4728 eos
2904 4674 3103 4728 charos
3127 4672 3381 4741 habebat,

1794 4770 1922 4839 quia
1951 4777 2110 4824 erant
2153 4770 2205 4825 ei
2246 4783 2411 4826 causa
2449 4768 2651 4841 gaudii.
2683 4767 2810 4823 ldeo
2849 4781 3038 4824 eorum
3075 4763 3382 4836 profectum

1793 4861 2162 4928 desiderabat,
2215 4862 2342 4932 quia
2396 4868 2555 4918 erant
2605 4860 2658 4916 ei
2713 4859 2875 4922 futuri
2926 4876 3088 4916 causa
3141 4872 3381 4914 coronae.

1791 4950 2114 5008 Proficiente
2136 4953 2332 5026 quippe
2353 4951 2637 5026 discipulo,
2653 4957 2847 5008 crescit
2869 4965 3078 5028 merces
3095 4949 3379 5031 magistro.

1790 5053 1849 5110 In
1888 5053 2054 5111 Paulo
2085 5055 2296 5110 discant
2340 5053 2904 5125 pasmrelecclesiae,
2948 5053 3136 5124 quales
3181 5051 3383 5117 debent

1791 5158 1923 5216 erga
1962 5143 2206 5202 subditos
2241 5159 2383 5204 esse.
2425 5144 2636 5204 Bonum
2674 5159 2865 5203 eorum
2908 5143 3231 5210 charissime
3256 5140 3382 5196 dili-

1789 5247 1944 5309 gant,
1991 5251 2178 5294 eorum
2226 5237 2529 5309 profectum
2563 5237 2721 5294 valde
2768 5236 3100 5302 desiderent,
3129 5236 3197 5292 de
3234 5235 3378 5290 bono

1791 5344 1981 5386 eorum
2016 5329 2174 5386 valde
2217 5330 2508 5401 gaudeant,
2551 5329 2857 5400 profectum
2890 5343 3081 5384 eorum
3117 5340 3378 5383 coronam

1789 5439 1946 5482 sitam
1977 5431 2189 5494 putent.
2223 5423 2518 5495 Propterea
2545 5424 2599 5480 in
2627 5438 2816 5480 eorum
2841 5421 3263 5486 correctionem,
3295 5420 3380 5474 in-

1790 5520 2175 5586 structionem,
2209 5527 2264 5576 et
2289 5519 2746 5584 exhortationem,
2780 5525 3037 5587 tanquam
3066 5515 3120 5568 in
3146 5511 3379 5582 proprire

1790 5628 2007 5673 coronae
2035 5612 2394 5684 acquisitione
2417 5626 2634 5682 semper
2658 5609 2970 5682 invigilant.
2991 5605 3079 5662 Sic
3103 5613 3266 5672 state,
3291 5605 3378 5657 in-

1787 5705 1928 5777 quit,
1961 5707 2017 5760 in
2052 5704 2298 5775 Domino,
2321 5698 2420 5762 'sic
2457 5711 2634 5772 state,
2679 5703 2818 5760 sicut
2844 5710 2902 5759 et
2941 5714 3042 5771 ego
3086 5695 3378 5770 praedii-avi

1790 5799 1967 5866 vobis,
2000 5798 2268 5872 sicutzvos
2302 5796 2638 5868 suscepistis,
2681 5795 2824 5852 sicut
2849 5802 2905 5850 et
2934 5807 3032 5849 vos
3073 5789 3376 5876 incepistis;

1792 5888 1946 5947 State
1982 5890 2145 5958 ﬁrmi,
2168 5889 2310 5949 sicut
2337 5890 2490 5948 stetit
2527 5889 2740 5962 Moyses
2775 5902 2961 5947 coram
2986 5885 3378 5957 Pharaone,”
