3896 6320
472 324 618 386 sus

1477 306 1820 368 ADDENDA.
1859 333 1931 347 --
1968 297 2324 360 BADULPHI
2363 295 2712 356 ARDEN’I‘IS

3612 292 3714 352 ἳὶιϐ

476 447 620 502 sicut
648 441 795 498 stetit
819 437 1055 494 Phinees
1087 434 1294 506 rigidus
1325 433 1467 489 inter
1497 429 1876 485 fornicatores.
1909 423 2058 478 State
2089 407 2134 466 Α
2166 419 2443 472 veniemus
2466 415 2610 486 quod
2645 413 2860 468 falsitas
2890 405 3264 481 persequitur
3287 403 3582 506 veritatem,
3607 412 3715 464 mali-

475 539 642 605 firmi,
685 545 745 590 ut
774 534 1012 605 quadrus
1040 532 1131 602 qui
1160 532 1210 585 in
1245 540 1626 602 quamcunque
1651 532 1856 592 partem
1883 521 2061 582 cadat,

476 630 688 686 stabilis
720 637 844 683 stat.
893 622 1160 694 Superbia
1194 637 1296 676 non
1335 620 1510 674 elevet
1560 631 1654 669 vos
1701 629 1939 675 sursum,
1974 611 2061 663 de-

477 722 717 793 speratio
751 734 856 774 non
900 713 1189 770 absorbeat
1227 726 1322 766 vos
1349 712 1619 768 deorsum,
1656 715 1848 758 ventus
1880 701 2067 756 adula-

481 812 642 868 tionis
664 827 770 866 non
798 817 1010 865 moveat
1027 822 1165 864 vosa
1191 801 1536 866 dextris,'nec
1563 808 1756 853 ventus
1781 794 2065 850 detractio-

479 905 566 959 nis
603 921 630 956 a
677 904 932 959 sinistris.
964 903 1130 959 Retro
1157 914 1262 953 non
1287 901 1540 951 moveant
1573 906 1669 947 vos
1693 889 1916 944 occultae
1951 895 2069 941 ten-

482 996 733 1060 tationes,
789 1011 890 1050 nec
939 1003 1064 1048 ante
1113 1000 1316 1062 apertas
1367 985 1791 1057 persecutiones.
1842 980 1908 1034 Et
1969 979 2071 1033 hoc

483 1097 650 1142 totum
681 1104 785 1142 non
815 1088 866 1141 in
890 1086 1066 1150 vobis,
1100 1083 1192 1140 sed
1222 1083 1274 1136 in
1318 1079 1571 1143 Domino,
1597 1077 1684 1148 qui
1717 1073 1864 1131 solus
1894 1073 2069 1141 lapsos

481 1180 662 1250 erigit,
707 1187 762 1232 et
802 1186 1016 1232 erectos
1054 1175 1362 1230 confirmat.
1410 1171 1665 1226 Erodiam
1697 1183 1846 1236 rogo,
1873 1164 2067 1233 inquit,

481 1281 530 1326 ct
559 1268 877 1340 Syntychem
901 1269 1154 1338 deprecor
1173 1266 1398 1335 idipsum
1415 1277 1597 1333 sapere
1626 1259 1681 1312 in
1701 1256 1944 1311 Domino.
1979 1252 2072 1306 Hm

482 1363 600 1418 dure
648 1377 913 1431 personae,
963 1361 1087 1430 quia
1123 1357 1207 1411 vel
1257 1373 1286 1411 a
1319 1354 1556 1416 caneris,
1601 1349 1685 1405 vel
1723 1349 1789 1403 ab
1842 1345 2071 1401 invicem

482 1455 608 1519 fide,
636 1453 717 1506 vel
749 1452 1017 1509 charitate
1049 1447 1459 1510 dissentiebant,
1502 1445 1626 1499 ideo
1658 1447 1944 1495 monentur
1976 1452 2074 1491 no-

483 1545 727 1599 minatim
760 1543 828 1598 ab
855 1543 1132 1613 Apostolo,
1177 1549 1235 1595 ut
1274 1555 1440 1594 unum
1473 1537 1615 1592 idem
1648 1535 1700 1588 in
1736 1533 1841 1589 fide
1863 1540 1916 1586 et
1945 1530 2076 1585 cha-

483 1636 668 1700 ritate,
716 1645 771 1690 et
811 1651 935 1690 cum
965 1633 1179 1690 czetcris
1205 1641 1260 1687 et
1300 1631 1442 1686 inter
1481 1643 1539 1683 se
1571 1626 1826 1682 sentiant.
1859 1622 2075 1677 Nullum

483 1730 680 1798 quippe
709 1729 908 1785 bonum
933 1741 1050 1782 esse
1075 1734 1277 1797 potest,
1300 1724 1390 1780 ubi
1419 1720 1688 1777 dissensio
1715 1717 1836 1772 fidei
1866 1725 1922 1772 et
1948 1715 2076 1770 cha-

483 1821 661 1875 ritatis
687 1829 789 1875 est.

556 1911 814 1981 Sequitur
831 1927 957 1983 pars
977 1911 1187 1982 quinta,
1210 1909 1381 1978 inqua
1397 1915 1582 1962 monet
1605 1919 1766 1958 unam
1787 1916 2076 1973 personam

485 2004 834 2069 nominatim,
869 2011 922 2056 et
951 2002 1005 2057 in
1033 2017 1098 2056 ea
1127 2009 1372 2063 caeteras,
1401 2007 1458 2051 ut
1490 1995 1751 2050 auxilium
1782 1993 1962 2048 ferant
1992 1991 2080 2047 his

485 2094 576 2164 qui
605 2095 657 2148 in
687 2093 979 2163 Evangelio
1008 2092 1280 2156 laborant,
1310 2091 1495 2145 dicens
1526 2107 1538 2143 :
1575 2087 1720 2157 Rogo
1747 2087 1901 2140 etiam
1934 2094 1984 2139 et
2006 2095 2078 2151 te,

485 2204 732 2258 germane
765 2203 998 2254 compar,
1041 2185 1238 2256 adjuva
1281 2183 1404 2237 illos
1439 2183 1529 2253 qui
1574 2197 1774 2235 mecum
1810 2178 2082 2232 laborave-

493 2289 611 2331 runt
642 2278 695 2330 in
723 2274 1031 2348 Evangelia,
1059 2293 1176 2329 cum
1207 2275 1465 2330 Clemente
1490 2283 1535 2326 et
1569 2272 1770 2327 ca'teris
1809 2270 2083 2340 coadjuto-

486 2367 631 2421 ribus
659 2366 808 2421 meis.
847 2366 991 2420 Sane
1025 2381 1148 2421 cum
1181 2380 1371 2420 omnes
1404 2365 1457 2418 in
1501 2361 1922 2418 necessitatibus
1966 2360 2082 2415 suis

487 2459 777 2531 adiuvandi
808 2460 942 2526 sint,
968 2458 1203 2514 maxime
1231 2457 1465 2512 ministri
1496 2456 1723 2524 Christi,
1749 2464 1804 2510 et
1834 2457 1888 2509 in
1924 2454 2084 2508 mini-

488 2555 656 2608 sterio
685 2551 890 2607 Christi
941 2552 1274 2616 laborantes,
1318 2559 1373 2606 et
1426 2552 1480 2606 in
1527 2551 1800 2606 communi
1841 2550 2082 2604 omnium

489 2641 680 2696 salute.
729 2641 868 2695 Sunt
896 2641 1041 2696 enim
1087 2641 1474 2712 prtedicatores
1521 2640 1797 2710 Evangelii
1849 2639 2084 2695 ministri

489 2731 716 2788 Christi.
755 2731 822 2786 Et
863 2732 1031 2788 etiam
1075 2731 1424 2804 Evangelium
1469 2730 1672 2788 Christi
1720 2731 2084 2786 ministerium

489 2831 610 2890 est,
642 2832 698 2878 et
735 2823 1050 2895 pnedicatio
1101 2824 1406 2879 communis
1451 2823 1600 2879 salus
1646 2831 1748 2877 est.
1786 2821 1907 2876 Illos
1932 2837 2085 2894 ergo,

491 2915 689 2970 fratres
719 2915 848 2978 mei,
881 2915 970 2984 qui
999 2913 1247 2968 laborant
1276 2929 1397 2968 cum
1431 2913 1622 2978 Paulo,
1657 2921 1710 2967 et
1741 2913 1806 2966 ad
1839 2913 2086 2966 similitu-

491 3007 672 3060 dinem
703 3004 854 3060 Pauli
886 3006 939 3060 in
988 3005 1300 3076 Evangelio,
1343 3006 1428 3061 vel
1479 3007 1843 3080 praadicando,
1876 3005 1961 3060 vel
1991 3020 2088 3078 pro

2171 513 2238 564 tia
2272 512 2592 570 bonitatem,
2637 507 2889 576 impietas
2929 504 3230 574 pietatem.
3284 497 3351 552 Et
3391 497 3526 551 Deus
3556 508 3717 563 cumtjt

2167 607 2511 671 omnipotens
2543 611 2594 654 et
2637 599 2838 667 justus,
2883 612 3061 665 t|tt.tl'c
3111 595 3220 646 hoc
3267 591 3510 660 patitur?
3543 591 3598 645 [Et
3634 597 3721 653 mali

2167 694 2512 764 exigctttiLus
2561 691 2675 744 suis
2707 691 2919 743 meritis
2975 689 3110 738 liam
3160 689 3494 740 συκοποτίνε.
3523 697 3563 734 εί
3599 688 3723 744 επιεῐὶ

2168 787 2494 849 sant-tiores,
2522 785 2678 854 juxta
2715 781 2844 836 illud
2883 777 3350 849 Apocalypseos:
3385 772 3580 828 Juslum
3605 790 3664 830 est
3686 790 3727 834 ιη

2168 881 2257 948 qui
2284 877 2338 931 in
2376 878 2621 931 sordibus
2643 885 2719 930 est
2756 874 3030 928 sordescat
3063 870 3270 928 adhuc,
3301 879 3352 920 et
3387 867 3581 936 justum
3605 882 3667 922 est
3688 883 3727 927 ιη

2169 973 2256 1042 qui
2281 979 2490 1024 sumtus
2513 980 2610 1034 est,
2627 967 2990 1035 sancti/icetur
3010 962 3414 1032 adhuc(Apce.
3442 961 3582 1030 χχιι).
3598 960 3729 1017 llatae

2171 1068 2307 1120 enim
2351 1065 2717 1118 tribulationes
2749 1062 3043 1132 justorum.
3083 1068 3134 1112 et
3167 1056 3236 1110 de
3277 1053 3526 1106 omnibus
3557 1055 3727 1108 liberth

2171 1178 2258 1216 eos
2289 1160 2541 1213 Dominus
2566 1157 2738 1229 (Psal.
2765 1155 2986 1225 χχχιιι).
3012 1153 3081 1207 Et
3109 1146 3478 1207 econtrario:
3504 1145 3559 1199 In
3581 1147 3729 1202 inullis

2174 1258 2282 1311 suis
2309 1257 2580 1324 capientur
2604 1253 2771 1323 iniqui
2795 1248 2984 1320 (Prov.
3005 1249 3113 1319 XI).
3139 1245 3211 1300 Et
3241 1246 3488 1298 iterum:
3516 1239 3732 1306 Fuderunt,

2178 1351 2351 1418 inquit
2378 1348 2667 1418 Propheta,
2699 1353 2821 1398 ante
2850 1343 3048 1413 [aciem
3095 1353 3285 1393 meam
3321 1336 3547 1404 foveam,
3583 1344 3621 1386 et
3647 1335 3737 1387 inri-

2176 1445 2366 1497 deruut
2403 1444 2458 1495 in
2501 1456 2616 1493 eam
2648 1435 2824 1509 (Psal.
2875 1434 3012 1504 Lvt).
3049 1433 3225 1492 Ecce,
3269 1429 3505 1491 fratres,
3539 1427 3736 1494 quomodo

2177 1536 2245 1589 ab
2274 1535 2428 1590 initio
2459 1533 2594 1589 Cain
2629 1537 2953 1602 persecutus
2983 1534 3072 1582 est
3102 1524 3356 1578 fratrem
3394 1533 3546 1572 suum
3568 1517 3738 1579 Abel,in

2177 1629 2296 1698 ejus
2320 1627 2547 1698 gloriam
2573 1635 2628 1680 et
2650 1623 2731 1679 sui
2760 1620 3170 1681 confusionem,
3199 1615 3359 1670 Esau
3393 1617 3739 1683 persecutuscst

2181 1722 2402 1778 fratrem
2431 1736 2586 1777 suum
2613 1718 2781 1774 Jacob
2804 1719 2858 1772 in
2885 1717 3006 1785 ejus
3031 1713 3310 1785 gloriam,
3336 1719 3400 1764 et
3431 1707 3514 1761 sui
3539 1706 3741 1761 conlusio-

2184 1831 2329 1872 nem.
2358 1815 2490 1870 Saul
2527 1823 2844 1884 persecutus
2872 1819 2955 1866 est
2982 1809 3163 1863 David
3212 1808 3274 1860 in
3304 1805 3437 1874 ejus
3481 1802 3680 1866 gloriam,
3703 1809 3741 1855 et

2183 1907 2264 1962 sui
2291 1907 2686 1960 conlusionem.
2712 1902 3016 1959 ldololatra:
3047 1897 3344 1970 persecuti
3372 1906 3504 1947 sunt
3529 1894 3743 1963 prophetas

2183 2000 2236 2054 in
2267 2013 2456 2054 eorum
2489 1999 2712 2068 gloriam
2757 2006 2812 2053 et
2858 1997 2942 2051 sui
2989 1992 3426 2048 confusionem.
3456 1986 3737 2042 Judaailihri-

2183 2100 2350 2157 stum,
2384 2090 2436 2144 in
2479 2090 2597 2156 ejus
2641 2090 2869 2159 gloriam
2901 2097 2954 2141 et
2986 2088 3068 2140 sui
3111 2083 3547 2139 confusionem.
3575 2077 3746 2133 Urtdeet

2183 2183 2271 2238 hic
2301 2184 2518 2255 legitur,
2562 2183 2701 2253 quod
2744 2178 3008 2235 Pharisa’i
3047 2182 3342 2238 abeuntes,
3379 2175 3637 2227 consilium
3658 2173 3746 2222 inic-

2187 2285 2310 2330 runt
2357 2285 2412 2330 ut
2441 2285 2679 2345 caperent
2705 2273 2887 2328 Iesum
2929 2273 2983 2324 in
3026 2285 3302 2325 sermone.
3337 2266 3504 2322 Unde
3530 2263 3750 2319 abeurtes?

2183 2369 2268 2424 vel
2302 2384 2408 2440 quo
2439 2367 2673 2422 euntes?
2701 2369 2745 2421 Α
2793 2367 3037 2420 bonitate
3071 2365 3142 2419 ad
3174 2361 3486 2423 malitiam,
3521 2374 3548 2410 a
3575 2372 3678 2409 vero
3705 2357 3749 2407 ad

2186 2462 2404 2524 falsum,
2436 2477 2466 2514 a
2497 2460 2728 2515 consilio
2758 2457 3032 2528 justomm
3064 2458 3134 2510 ad
3163 2453 3474 2509 consilium
3507 2451 3752 2520 impiorum.

2193 2552 2261 2607 Et
2295 2571 2413 2608 cum
2447 2554 2626 2606 beatus
2652 2553 2714 2605 sit
2743 2551 2840 2616 vir,
2868 2549 2956 2620 qui
2988 2565 3094 2602 non
3122 2546 3262 2600 abiit
3292 2547 3352 2598 in
3379 2541 3600 2597 consilio
3624 2540 3754 2606 impio-

2188 2663 2306 2702 rum
2358 2646 2534 2719 (Psal.
2584 2645 2660 2709 t),
2716 2645 2802 2698 isti
2853 2651 3077 2698 econtra
3114 2641 3311 2695 miseri
3350 2648 3516 2701 sunt,
3560 2632 3754 2704 quoniam

2188 2742 2441 2796 abierunt
2482 2739 2534 2792 in
2567 2738 2854 2793 consilium
2892 2736 3210 2806 itnpiorum.
3239 2733 3325 2786 Ad
3357 2730 3531 2800 quid?
3562 2727 3623 2781 Ut
3649 2741 3752 2793 cape-

2191 2844 2303 2886 rent
2331 2833 2511 2887 Iesum
2539 2832 2594 2885 in
2627 2846 2884 2884 sermone.
2923 2828 3058 2895 Quia
3093 2842 3194 2880 nec
3226 2825 3281 2879 in
3315 2825 3463 2886 vita,
3494 2835 3591 2875 nec
3613 2820 3752 2872 inmo-

2191 2925 2364 2989 ribus,
2401 2937 2498 2977 nec
2531 2924 2584 2976 in
2619 2922 2874 2991 operibus
2917 2935 3040 2972 cum
3087 2915 3516 2989 reprehendere
3543 2917 3756 2982 poterat,

2195 3024 2410 3070 tentant
2436 3016 2480 3069 si
2515 3016 2599 3069 vel
2647 3016 2700 3068 in
2734 3026 2985 3067 sermone
3011 3024 3136 3064 eum
3172 3022 3382 3077 capere
3421 3012 3654 3076 possent.
3677 3002 3756 3062 Sic.

490 3111 558 3153 eo
577 3097 848 3169 patiendo,
870 3098 1316 3168 maximejuvare
1339 3099 1572 3161 debetis,
1596 3113 1691 3152 eos
1716 3099 2088 3168 suscipiendo,
2117 3129 2164 3192 ο
2197 3108 2418 3171 fratres,
2447 3109 2627 3160 adhuc
2655 3105 2896 3176 quotidie
2928 3103 3053 3157 mali
3090 3102 3250 3157 bonis
3283 3101 3638 3154 insidiantur.
3663 3094 3759 3150 Cum

493 3198 543 3242 et
583 3188 663 3242 eis
690 3189 1000 3243 necessaria
1040 3189 1438 3254 ministrando,
1481 3188 1820 3244 defendendo
1850 3199 1905 3244 et
1945 3205 2091 3244 com-

493 3281 820 3336 mendando.
867 3281 924 3335 Si
973 3281 1120 3337 enim
1169 3280 1500 3351 Redemptor
1539 3291 1727 3336 noster
1757 3284 1810 3337 in
1850 3284 2092 3352 quolibet

491 3385 756 3442 paupere,
788 3381 1012 3443 propter
1041 3387 1262 3427 causam
1291 3372 1491 3441 suscipi
1523 3370 1742 3437 dicitur,
1769 3373 2005 3428 maxime
2036 3371 2091 3427 in

495 3464 760 3519 ministris
790 3463 992 3519 Christi
1017 3472 1073 3518 et
1107 3474 1331 3536 pr0pter
1369 3480 1611 3529 causam,
1641 3477 1696 3520 et
1729 3475 1949 3536 propter
1987 3465 2090 3520 mi-

495 3557 809 3622 nisterium,
836 3564 890 3614 et
905 3566 1126 3628 propter
1141 3559 1488 3614 sanctitatem
1508 3559 1826 3629 suscipitur.
1853 3558 2092 3624 Quorum

497 3651 710 3704 nomina
756 3659 880 3704 sunt
927 3650 982 3703 in
1032 3648 1166 3704 libro
1204 3652 1348 3717 vim,
1404 3666 1504 3722 per
1556 3650 2092 3722 praedestinationem

499 3740 760 3811 ascripta.
809 3740 913 3796 Vos
959 3753 1115 3808 ergo,
1148 3739 1368 3808 fratres,
1409 3743 1503 3812 qui
1540 3742 1770 3797 nescitis
1798 3743 2094 3813 prmdicare

495 3831 586 3887 vel
617 3833 834 3900 docere,
865 3848 966 3890 nec
991 3833 1248 3902 orationi,
1273 3834 1357 3889 vel
1380 3835 1848 3905 contemplationi,
1880 3835 1964 3890 vel
1991 3850 2094 3890 cae-

498 3926 634 3982 teris
653 3926 1029 3996 spiritualibus
1053 3926 1356 3992 intendere,
1388 3928 1580 3983 saltem
1607 3944 1702 3984 eos
1725 3928 1817 3999 qui
1845 3929 1945 3983 hoc
1971 3942 2096 3998 pos-

498 4024 626 4072 sunt
647 4015 853 4086 juvate,
887 4017 1166 4088 suscipite,
1192 4026 1245 4070 et
1273 4018 1666 4089 temporalibus
1690 4016 1972 4073 beneﬂciis
2003 4031 2095 4071 su-

500 4110 719 4166 stinete.
762 4109 820 4166 Si
861 4126 968 4166 non
1009 4111 1238 4183 potestis
1276 4127 1397 4167 esse
1441 4112 1492 4166 in
1519 4111 1762 4168 Ecclesia
1797 4112 1912 4176 Dei,
1944 4111 2092 4178 vitis,

499 4201 586 4254 vel
612 4201 780 4266 oliva,
807 4201 896 4256 vel
922 4202 1060 4258 ficus
1087 4217 1181 4274 per
1215 4204 1551 4273 spiritualem
1591 4203 2092 4270 l'ructilicationem,

501 4291 696 4349 saltem
722 4301 896 4349 estote
925 4294 980 4349 in
1004 4295 1248 4350 Ecclesia
1278 4297 1372 4351 Dei
1403 4297 1582 4353 ulmus
1607 4313 1703 4366 per
1729 4298 2092 4368 spiritualium

500 4387 745 4441 virorum
780 4389 1259 4450 sustentationem,
1287 4397 1344 4442 ut
1372 4390 1511 4443 sicut
1541 4389 1630 4444 hic
1652 4404 1840 4444 eorum
1873 4391 2096 4461 coadju-

2195 3202 2339 3254 enim
2379 3199 2636 3270 pupillus,
2677 3197 2762 3252 vel
2795 3197 2982 3261 vidua,
3010 3194 3096 3248 vel
3126 3193 3369 3263 simplex
3404 3191 3608 3261 aliquis
3641 3188 3760 3242 adro-

2193 3299 2380 3344 catum
2416 3305 2522 3344 non
2566 3288 2774 3342 habens
2813 3287 2866 3341 in
2913 3301 3077 3340 causa
3110 3300 3232 3349 sua,
3278 3299 3446 3338 suam
3495 3279 3766 3351 simplicita'

2194 3378 2446 3449 loquitur
2475 3380 2788 3442 veritatem,
2818 3377 2968 3447 impii
2995 3377 3076 3430 eis
3111 3375 3480 3440 insidiantur,
3511 3383 3567 3426 ut
3599 3371 3763 3440 θρίω

2193 3483 2287 3526 eos
2318 3471 2371 3525 in
2403 3485 2676 3534 sermone,
2721 3477 2780 3523 ut
2814 3468 3025 3538 possint
3051 3483 3146 3522 eos
3178 3467 3296 3522 suis
3333 3467 3508 3520 rebus
3545 3464 3760 3533 spoliate.

2195 3562 2262 3617 Et
2291 3564 2523 3627 mittunt,
2569 3563 2765 3634 inquit,
2803 3560 3089 3630 discipulos
3132 3577 3260 3615 suos
3293 3576 3417 3613 cum
3455 3555 3758 3612 Herodianis.

2197 3657 2380 3723 Quare
2418 3655 2530 3725 ipsi.
2567 3669 2677 3710 non
2719 3655 3024 3709 venerunt?
3078 3654 3146 3708 Ut
3191 3667 3297 3722 per
3348 3650 3493 3705 alios
3543 3649 3758 3703 malitiam

2195 3758 2543 3814 exercentes,
2575 3749 2674 3818 ipsi
2707 3747 2914 3803 innoxii
2951 3747 3288 3802 viderentur.
3321 3745 3512 3812 Quare
3539 3742 3617 3797 vel
3645 3739 3753 3795 soles

2197 3841 2492 3911 discipulos
2520 3857 2670 3906 suos,
2704 3841 2787 3897 vel
2828 3842 2975 3896 solos
3012 3839 3359 3894 Herodianos
3390 3853 3502 3892 non
3547 3833 3756 3890 mittunt?

2196 3933 2470 4004 Utrosque
2499 3936 2740 4000 mittunt,
2773 3943 2831 3988 ut
2872 3936 2917 3988 si
2948 3933 3144 3987 timore
3186 3931 3490 3986 mundanae
3522 3927 3754 4000 potestatis

2195 4028 2401 4083 diceret
2441 4037 2633 4084 contra
2662 4028 2860 4100 legem,
2907 4028 2975 4081 ab
3006 4027 3124 4081 istis
3164 4033 3552 4080 accusaretur.
3573 4022 3627 4076 Et
3649 4018 3755 4074 siti-

2197 4134 2350 4173 more
2380 4114 2611 4173 istorum
2640 4120 2847 4174 diceret
2872 4127 3062 4175 contra
3093 4116 3422 4173 stccularem
3456 4121 3750 4186 potestatu.

2197 4211 2266 4264 ab
2313 4210 2419 4265 illis
2458 4219 2756 4265 teneretur.
2794 4210 3072 4281 Magister,
3113 4209 3395 4278 inquiunt,
3449 4209 3626 4262 scimus
3655 4203 3751 4272 quis

2195 4318 2353 4356 verax
2377 4319 2452 4369 es,
2485 4313 2536 4356 et
2560 4305 2696 4356 uiam
2724 4301 2820 4356 Dei
2851 4303 2904 4355 in
2932 4302 3152 4355 veritate
3179 4300 3361 4365 doces,
3386 4309 3438 4351 et
3478 4315 3576 4351 non
3596 4305 3654 4349 est
3678 4290 3747 4342 litt

2200 4411 2328 4448 cura
2344 4397 2408 4449 de
2430 4397 2633 4466 aliqua.
2655 4391 2779 4448 Non
2802 4391 2940 4449 enim
2965 4394 3181 4461 respicis
3205 4407 3492 4463 personam
3515 4389 3746 4443 homines.

503 4486 652 4534 tores
674 4479 832 4547 estis,
857 4477 932 4533 ita
959 4487 1014 4533 et
1038 4480 1090 4533 in
1122 4479 1302 4534 futuro
1317 4490 1532 4534 acterna:
1557 4479 1928 4536 retributionis
1949 4497 2095 4535 com-
2127 4497 2174 4558 ι)
2202 4485 2318 4540 Non
2349 4501 2417 4541 ex
2445 4489 2632 4553 corde,
2667 4487 2762 4541 sed
2803 4501 2871 4541 ex
2914 4485 3036 4541 dolo
3064 4486 3145 4540 sic
3192 4484 3570 4552 magisterium
3589 4475 3744 4535 Christi

502 4569 797 4642 participes
813 4587 934 4627 esse
956 4573 1295 4626 mereamini.
1313 4572 1465 4640 Quod
1485 4571 1749 4626 concedat
1773 4574 1929 4628 nobis
1956 4589 2094 4630 unus

502 4671 558 4718 et
588 4677 750 4718 verus
776 4663 917 4719 Deus
944 4662 1106 4718 Pater
1146 4663 1317 4718 Filius
1350 4674 1406 4718 et
1457 4662 1695 4732 Spiritus
1729 4675 1973 4729 sanctus,
2008 4665 2096 4720 cui

504 4765 589 4811 est
618 4755 796 4812 honor
820 4763 875 4811 et
906 4754 1078 4826 gloria
1103 4755 1156 4809 in
1185 4756 1380 4810 saecula
1404 4754 1747 4809 surculorum.
1771 4753 1968 4810 Amen.

1025 4846 1304 4902 HOMILIA
1343 4844 1576 4900 XLVIX.

628 4957 885 4999 DOIINICL
919 4955 1172 4997 "IGESIIA
1208 4954 1407 4994 TERTIA
1447 4954 1578 4993 POST
1615 4953 1975 4995 TRINITATEI.

577 5034 841 5089 Abeuntes
870 5030 1135 5087 Pharisaei
1172 5031 1449 5086 consilium
1478 5031 1734 5096 inierunt,
1767 5041 1824 5084 ut
1856 5041 2097 5101 caperent

505 5124 695 5182 Iesum
739 5125 796 5178 in
833 5140 1072 5178 sermone
1123 5122 1342 5196 (Matth.
1393 5125 1554 5194 xm).
1586 5122 1716 5178 Dum
1745 5131 1872 5179 sunt
1913 5133 2098 5194 partes

506 5219 670 5289 hujus
697 5218 1023 5288 evangelica:
1045 5217 1317 5284 lectionis,
1345 5215 1540 5272 fratres
1558 5216 1885 5271 charissimi.
1911 5215 2098 5272 Primo

509 5312 653 5366 enim
700 5311 903 5365 malitia
939 5311 1287 5381 versutiaque
1323 5310 1720 5365 Pharisaeorum
1753 5311 2098 5366 demonstra-

515 5416 621 5461 tur.
639 5405 911 5469 Secundo,
929 5405 1200 5474 quomodo
1225 5420 1255 5459 a
1284 5404 1512 5459 Domino
1539 5401 1801 5458 dissoluta
1820 5401 1894 5457 sit
1921 5401 2100 5472 aperi-

515 5510 622 5566 tur,
645 5499 880 5570 primum
904 5498 1066 5568 igitur
1089 5498 1294 5553 malitia
1319 5497 1722 5553 Phariszeorum
1749 5494 2096 5561 describitur,

512 5608 636 5650 cum
675 5591 875 5647 dicitur
904 5606 918 5644 :
951 5589 1212 5646 Abeuntes
1247 5587 1509 5642 Pharisazi
1539 5586 1817 5641 consilium
1845 5585 2096 5652 inierunt,

515 5696 620 5741 etc.
645 5685 705 5742 Si
734 5700 927 5742 onmes
949 5694 1194 5740 veterum
1222 5682 1501 5748 historias,
1529 5692 1585 5736 et
1617 5688 1787 5736 totum
1814 5679 2101 5734 mundana:

514 5778 893 5875 vittecursum
918 5777 1346 5856 consideremus,
1379 5776 1580 5832 fratres
1607 5773 1736 5842 mei,
1771 5785 1988 5844 semper
2014 5771 2100 5828 in.-

2199 4577 2442 4643 laudant,
2487 4585 2546 4633 et
2593 4578 2666 4631 ita
2699 4593 2824 4632 eum
2855 4576 2924 4630 ad
2966 4576 3296 4644 loquendum
3331 4574 3509 4629 libere
3547 4586 3624 4643 pro
3651 4571 3745 4637 ιαμ

2199 4678 2391 4723 contra
2428 4671 2741 4725 mcularem
2784 4677 3108 4738 potestatem
3149 4667 3423 4731 excitant,
3456 4673 3516 4720 ut
3539 4665 3600 4719 ita
3624 4671 3740 4715 leue-

2199 4769 2351 4815 retur
2367 4761 2434 4815 ab
2453 4759 2814 4828 ea.Quamvis
2835 4769 3017 4814 autem
3040 4759 3263 4814 sinistra
3283 4758 3592 4820 intentione,
3606 4765 3740 4807 tam

2200 4850 2533 4906 sutlicienter
2569 4852 2890 4907 describunt
2930 4852 3234 4923 magisterii
3289 4853 3655 4921 perfectiomtn.
3689 4844 3734 4899 In

2200 4941 2286 4996 his
2329 4943 2528 5013 quippe
2577 4953 2812 5014 quatuor
2863 4945 3125 5015 perfectio
3148 4945 3402 5014 magistri
3452 4945 3728 4999 continetur:

2195 5035 2376 5104 primo
2397 5036 2538 5104 quod
2562 5036 2633 5091 sit
2655 5052 2823 5091 verax
2855 5037 2909 5090 in
2939 5038 3063 5090 vita:
3086 5037 3368 5108 puritate,
3393 5035 3607 5091 secundo
3623 5029 3730 5100 quid

2199 5127 2270 5181 sit
2298 5141 2464 5182 verax
2499 5128 2553 5180 in
2587 5126 2722 5198 legis
2759 5127 3088 5192 eruditione,
3122 5128 3286 5184 tertio
3326 5129 3471 5198 quod
3505 5141 3594 5180 non
3617 5117 3724 5176 sitsi

2201 5234 2330 5274 cura
2358 5219 2427 5274 de
2453 5218 2657 5290 aliquo,
2683 5219 2738 5275 id
2763 5227 2849 5276 est
2871 5237 2978 5276 non
3003 5221 3074 5276 sit
3096 5219 3371 5275 sollicitus
3398 5221 3452 5275 in
3478 5214 3722 5273 curiositate

2199 5327 2384 5367 rerum
2412 5312 2818 5384 temporalium,
2841 5322 3037 5383 quarto
3068 5329 3138 5370 ne
3163 5314 3239 5370 sit
3265 5324 3512 5385 acceptor
3529 5319 3718 5382 persna-

2202 5421 2343 5459 rum.
2389 5403 2521 5469 Sed,
2567 5406 2768 5462 fratres
2798 5407 2902 5462 mei
2958 5407 3116 5478 pauci
3146 5407 3320 5478 (unde
3365 5404 3619 5461 dolendum
3643 5397 3714 5461 δε)

2202 5503 2390 5551 tenent
2435 5497 2598 5553 hodie
2653 5497 2795 5553 hanc
2843 5497 3144 5568 magisterii
3199 5495 3586 5567 perfectionem.
3622 5486 3711 5541 Μ

2200 5589 2445 5660 quidam,
2497 5590 2601 5645 etsi
2635 5589 2690 5644 in
2720 5604 2780 5645 se
2799 5589 2936 5644 vitae
2963 5588 3259 5659 puritatem
3286 5595 3492 5643 teneant
3516 5584 3572 5637 ad
3589 5587 3710 5634 eset

2200 5678 2374 5750 plum,
2399 5691 2581 5736 tamen
2607 5694 2713 5734 non
2747 5679 2946 5736 habent
2972 5679 3265 5734 veritatem
3298 5678 3540 5735 doctrina:
3561 5672 3704 5725 adet!-

2201 5772 2480 5830 diendum.
2522 5773 2602 5830 De
2639 5773 2836 5845 quibus
2864 5771 3132 5845 propheta
3171 5788 3187 5825 :
3226 5771 3360 5845 Ipsi,
3399 5768 3699 5840 inquinata-
