3896 6320
143 302 271 370 sm

869 287 1280 359 HOMILLE'IN
1304 289 1530 358 EPIST.
1550 298 1644 357 ΕΤ
1679 297 1703 356 1

1809 290 1960 357 ιΝῧί
1979 290 2382 360 ΒΟΜΙΝΙΟῘΣ
2402 292 2625 365 PARS.~
2646 295 2725 366 Ιῐέ

3285 312 3425 369 2H8

143 433 277 485 dotes
298 416 665 495 ignoraverunt
685 414 1077 487 intelligentiam
1097 413 1231 490 (lsa.
1250 419 1505 491 r.vr).Qui
1530 428 1711 476 tamen
1745 423 1798 483 Α
1825 421 1942 489 ipsa
1986 436 2179 477 eorum
2229 423 2585 494 responsione
2622 426 2704 483 eis
2747 429 3060 485 concludat.
3096 429 3289 486 Dicunt
3333 436 3379 486 ei
3402 446 3459 489 :'

141 516 376 592 quamvis
397 514 451 569 in
480 525 542 567 se
564 523 701 580 pure
726 509 932 575 vivant,
954 518 1139 568 tamen
1156 510 1284 580 quia
1310 513 1440 569 caeci
1474 513 1530 569 in
1560 511 1715 570 Scri-

137 610 325 685 pturis,
360 617 537 663 caecos
569 602 772 658 ducere
798 612 1154 672 praesumunt,
1192 603 1354 660 simul
1391 619 1517 661 cum
1546 604 1628 661 eis
1658 605 1714 661 in

138 707 338 762 foveam
363 700 563 755 cadunt
585 694 803 769 (Matth.
837 695 951 768 xv).
997 696 1101 753 Alii
1126 711 1258 754 vero
1280 706 1426 764 sunt,
1450 697 1544 768 qui
1574 706 1632 753 et
1660 697 1710 755 si

136 804 277 854 recte
303 792 520 857 docent,
556 803 664 845 non
704 798 885 845 tamen
926 799 1076 846 recte
1120 789 1331 846 vivunt.
1384 790 1463 846 De
1512 792 1712 862 quibus

102 942 108 955 ,
133 887 425 945 Dominus:
456 882 654 939 Dicunt
677 884 817 939 enim
839 892 887 938 et
915 898 1021 940 non
1041 882 1244 954 faciunt
1275 882 1493 955 (Matth.
1523 892 1711 958 xsnr).

102 966 105 981 ἶ
133 981 303 1046 Tales,
330 978 473 1049 quod
512 977 634 1033 sine
668 978 873 1049 gemitu
912 977 1096 1035 dicere
1121 994 1356 1051 nequeo,
1398 994 1587 1036 sumus
1611 994 1713 1037 nos

132 1074 285 1133 hodie
310 1071 512 1143 indigni
542 1072 946 1143 praedicatores,
971 1072 1065 1143 qui
1091 1074 1224 1129 vitia
1251 1088 1370 1144 qua:
1397 1089 1529 1130 voce
1553 1074 1714 1129 dam-

127 1180 337 1231 namus,
385 1164 564 1220 facere
609 1178 720 1221 non
766 1165 1172 1233 erubescimus;
1215 1166 1422 1223 similes
1466 1167 1711 1224 candela:

126 1258 356 1325 ardenti,
379 1272 499 1328 quae
519 1256 641 1313 aliis
661 1258 879 1329 quidem
901 1259 1177 1315 ministrat
1195 1259 1331 1315 lucis
1353 1260 1707 1329 beneﬁcium,

124 1353 223 1409 sibi
257 1358 437 1407 autem
468 1350 875 1407 detrimentum.
905 1352 1012 1407 Aelii
1043 1361 1225 1409 autem
1262 1361 1412 1417 sunt,
1443 1353 1535 1424 qui
1568 1361 1623 1411 et
1660 1355 1709 1410 si

124 1447 177 1502 in
201 1445 444 1511 veritate,
471 1452 528 1501 et
551 1444 735 1501 vivere
777 1454 833 1501 et
860 1444 1068 1502 "docere
1112 1445 1382 1512 videntur,
1430 1455 1610 1503 tamen
1650 1447 1707 1502 in

122 1538 221 1593 hoc
250 1544 493 1607 peccant,
520 1536 663 1607 quod
686 1536 740 1592 in
771 1537 936 1593 rebus
962 1528 1312 1593 saecularibus
1334 1537 1555 1594 solliciti
1580 1546 1708 1593 sunt

98 1629 289 1700 magis
319 1642 482 1699 quam
509 1627 791 1685 deberent.
837 1628 1038 1697 Quales
1080 1629 1246 1702 (unde
1274 1629 1565 1687 dolendum
1595 1632 1702 1700 est)

121 1737 216 1778 nos
250 1720 412 1777 hodie
435 1735 645 1789 sumus,
672 1722 766 1793 qui
793 1723 1053 1789 orationi,
1087 1722 1327 1789 lectioni,
1357 1724 1701 1795 contempla-

121 1814 268 1881 tioni,
299 1813 669 1886 pmdicationi
709 1816 1031 1886 caeterisque
1068 1817 1443 1888 spiritualibus
1482 1819 1703 1886 studiis,

118 1906 199 1962 vel
228 1921 469 1978 parvam,
484 1908 570 1964 vel
586 1906 788 1964 nullam
814 1923 1037 1979 operam
1060 1910 1278 1977 damus,
1301 1918 1356 1966 et
1378 1912 1581 1981 causis,
1604 1925 1703 1967 ne-

118 2000 273 2069 gotiis
289 2038 305 2065 ,
333 1997 1270 2074 sollicitudinibusquesaecularibus
1290 2017 1572 2069 vacamus,
1594 2020 1705 2061 non

118 2090 456 2147 attendentes
474 2090 621 2161 quod
644 2092 909 2149 Dominus
936 2094 1077 2149 hanc
1104 2093 1523 2152 sollicitudinem
1546 2098 1705 2153 nobis

116 2182 391 2253 prohibeat
418 2182 641 2240 dicens:
672 2182 855 2239 Nolite
876 2184 1093 2241 solliciti
1124 2204 1236 2242 esse
1267 2188 1531 2243 dicentes:
1560 2187 1704 2255 Quid

115 2274 544 2329 manducabimus
573 2273 794 2346 (Matth.
833 2276 931 2346 IV),
968 2284 1076 2333 etc.
1121 2277 1190 2332 Et
1229 2278 1520 2348 Apostolus
1551 2297 1566 2334 :
1610 2279 1707 2342 Vi;

115 2375 271 2431 ctum,
297 2367 495 2439 inquit,
528 2376 579 2422 et
599 2368 839 2423 vestitum
869 2370 1138 2438 habentes,
1162 2371 1246 2426 his
1274 2373 1505 2427 contenti
1534 2372 1701 2428 simus

115 2456 163 2530 (I
191 2457 321 2515 Tim.
345 2460 442 2530 vr).
466 2460 578 2516 Alii
606 2475 737 2517 vero
760 2472 908 2529 sunt,
938 2464 1028 2533 qui
1059 2472 1118 2519 et
1138 2464 1182 2518 si
1206 2479 1308 2521 nec
1331 2466 1457 2534 hoc,
1484 2479 1586 2521 nec
1609 2466 1705 2521 illo

114 2551 236 2606 vitio
268 2559 543 2620 tenentur,
586 2562 767 2611 tamen
806 2564 1120 2627 acceptores
1150 2567 1278 2614 sunt
1306 2572 1701 2629 personarum,

112 2642 231 2699 dum
262 2644 487 2715 palpant
517 2646 603 2703 vel
632 2646 892 2713 molliter,
927 2648 1013 2704 vel
1040 2665 1318 2721 nunquam
1352 2662 1588 2722 arguunt
1615 2652 1703 2707 di-

110 2734 263 2790 vites.
284 2734 351 2790 Et
378 2737 483 2793 hoc
510 2747 736 2809 propter
763 2739 1038 2806 timorem,
1066 2740 1151 2795 vel
1184 2749 1407 2813 propter
1432 2743 1697 2800 favorem.

114 2826 260 2884 Unde
300 2844 463 2885 canes
511 2830 650 2887 muti
682 2847 791 2887 non
822 2832 1068 2889 valentes
1108 2834 1313 2890 latrare
1360 2852 1390 2889 a
1434 2837 1700 2906 propheta

108 2929 363 2976 vocantur
390 2921 535 2994 (Isa.
574 2923 708 2994 Lvt),
736 2933 791 2981 et
815 2923 1035 2980 interim
1063 2925 1226 2981 nimis
1261 2927 1393 2981 dure
1421 2928 1703 3000 corrigunt

106 3028 362 3086 pauperes
402 3026 634 3089 propter
673 3027 1064 3089 contemptum.
1099 3019 1255 3076 Unde
1298 3023 1560 3078 Dominus
1604 3039 1703 3093 per

1825 513 2075 571 Casaris.
2116 514 2339 571 Reddite
2380 533 2504 588 ergo
2532 532 2813 591 qute.sunt
2843 520 3071 578 Caesaris
3119 524 3343 593 Caesari,
3372 534 3422 584 ct

1821 622 1942 667 qum
1968 615 2087 661 sunt
2117 605 2214 661 Dei
2245 605 2377 662 Deo.
2409 607 2487 662 Ita
2530 623 2851 679 responsum
2895 622 3183 682 temperat,
3220 624 3276 670 ut
3316 631 3418 674 nec

1822 710 2015 759 contra
2051 702 2247 775 legem,
2284 717 2385 759 nec
2408 712 2597 759 contra
2631 705 2946 763 saecularem
2979 716 3299 778 potestatem
3338 712 3419 766 di-

1820 805 1929 852 cat.
1985 795 2045 851 ln
2095 810 2205 867 quo
2270 797 2517 869 praecipit
2584 798 2729 868 quod
2782 799 2982 856 tributa
3053 802 3417 873 potestatibus

1818 889 1976 945 reddi
2026 889 2245 955 debent,
2273 890 2416 946 sicut
2446 890 2670 947 decimae
2698 901 2753 947 et
2790 892 3098 951 oblationes
3130 896 3256 952 Deo.
3294 897 3414 969 ipse

1818 983 2020 1053 quippe
2054 982 2336 1037 ordinavit
2371 990 2671 1055 potestates
2694 993 2749 1040 et
2769 984 2890 1055 jura
2917 1000 3229 1057 regnorum.
3257 988 3414 1046 Unde

1817 1080 1874 1127 et
1903 1072 2166 1143 praecepit
2205 1072 2445 1128 Samueli
2476 1082 2537 1129 ut
2574 1074 2783 1131 diceret
2820 1075 3081 1133 lsraelitis
3116 1078 3207 1149 jus
3235 1081 3409 1150 regni.

1816 1164 1961 1232 Quin
1995 1165 2109 1236 ipse
2150 1167 2315 1221 etiam
2351 1182 2475 1222 cum
2511 1167 2676 1224 Petro
2722 1168 2962 1224 reddidit
2990 1171 3250 1226 tributum
3284 1172 3403 1228 Cae-

1813 1257 1951 1324 sari,
1975 1272 2100 1312 cum
2125 1265 2346 1328 propter
2372 1258 2652 1313 vitandum
2678 1261 3015 1324 scandalum,
3048 1271 3160 1316 tum
3189 1272 3412 1333 propter

1812 1348 2146 1419 exemplum,
2173 1350 2468 1406 ostendens
2494 1351 2635 1407 bene
2666 1352 2895 1408 reddere
2924 1366 3019 1409 eos
3049 1355 3140 1425 qui
3186 1356 3406 1422 debent,

1813 1455 1937 1497 cum
1972 1439 2092 1511 ipse
2128 1440 2382 1507 reddidit,
2413 1441 2505 1513 qui
2537 1457 2644 1498 non
2692 1443 2946 1499 debebat.
2980 1445 3048 1499 Et
3076 1447 3408 1517 Apostolus:

1813 1534 1919 1601 Qui
1932 1535 2177 1604 potestati
2194 1534 2413 1600 resistit,
2439 1536 2535 1590 Dei
2546 1536 2870 1591 ordinationi
2890 1538 3082 1592 resistit
3102 1537 3275 1599 (Rom.
3294 1541 3397 1610 rx).

1808 1626 1877 1682 Et
1912 1626 2039 1681 alibi
2056 1644 2073 1682 :
2090 1624 2311 1681 Reddite
2332 1627 2416 1682 cui
2437 1627 2993 1694 honorem,honorem;
3016 1628 3101 1683 cui
3124 1629 3407 1699 tributum,

1808 1718 2088 1784 tributum;
2116 1718 2206 1773 cui
2237 1718 2716 1790 vectigal,vectigal
2749 1718 2924 1790 (Rom.
2956 1723 3098 1789 xm).
3129 1720 3224 1775 Est
3259 1722 3408 1778 enim

1809 1809 2045 1867 ollicium
2072 1809 2322 1880 justitize,
2356 1810 2649 1881 unicuique
2675 1814 2817 1881 quod
2851 1828 3009 1867 suum
3042 1820 3125 1867 est
3153 1813 3405 1878 reddere,

1808 1905 1922 1959 Deo
1941 1902 2277 1975 religionem,
2297 1903 2400 1958 sibi
2424 1903 2770 1968 munditiam,
2788 1905 3104 1972 parentibus
3121 1904 3407 1973 honorem,

1808 1992 2168 2048 familiaribus
2197 1993 2620 2063 providentiam,
2666 1993 2793 2049 ﬁliis
2840 1996 3257 2060 correctionem,
3288 1995 3406 2049 fra-

1810 2084 1986 2140 tribus
2008 2099 2273 2151 amorem,
2304 2085 2540 2139 dominis
2577 2086 2994 2156 subjectionem,
3019 2085 3277 2155 subjectis
3314 2089 3410 2143 he-

1807 2178 2155 2246 nignitatem,
2181 2176 2439 2232 omnibus
2471 2176 2806 2247 aequitatem.
2830 2176 2966 2231 Cum
2993 2187 3175 2234 autem
3203 2178 3405 2236 Czcsari

1807 2283 1905 2324 sua
1942 2268 2221 2324 reddimus
2247 2276 2470 2339 propter
2497 2267 2687 2333 Deum,
2713 2268 2767 2323 in
2800 2269 2905 2324 hoc
2939 2269 3108 2324 etiam
3141 2268 3251 2325 Deo
3285 2273 3401 2327 red-

1807 2363 1989 2418 dimus
2019 2377 2139 2429 sua,
2181 2362 2309 2416 dum
2350 2361 2455 2417 hoc
2494 2360 2723 2417 facimus
2753 2370 2976 2432 propter
3018 2362 3136 2431 ejus
3182 2362 3407 2418 manda-

1805 2463 1945 2511 tum.
1989 2454 2142 2511 Sicut
2188 2469 2321 2509 vero
2368 2452 2570 2509 Caesari
2619 2453 2898 2510 reddimus
2951 2455 3234 2511 denarium
3291 2455 3408 2525 ejus

1807 2549 2101 2621 imaginem
2158 2548 2477 2614 habentem,
2526 2548 2600 2602 ita
2645 2546 2761 2603 Deo
2811 2547 3071 2604 debemus
3116 2547 3313 2603 alferre
3352 2558 3407 2603 et

1807 2642 2039 2699 reddere
2079 2645 2323 2698 animam
2360 2650 2631 2708 nostram,
2657 2644 2726 2696 ad
2754 2640 2874 2709 ejus
2910 2640 3200 2712 imaginem
3232 2652 3286 2696 et
3331 2644 3406 2696 si-

1806 2735 2171 2791 militudinem
2205 2734 2432 2791 factam.
2478 2733 2620 2790 Sunt
2659 2744 2841 2790 autem
2894 2734 2949 2790 iu
3005 2735 3229 2790 denario
3278 2735 3402 2799 tria,

1806 2812 1986 2901 imago
2014 2836 2071 2885 et
2105 2827 2402 2884 similitudo
2430 2828 2593 2899 regis,
2624 2826 2907 2897 inscriptio
2937 2827 3197 2893 nominis,
3227 2825 3403 2881 forma

1806 2922 2180 2979 rotunditatis.
2210 2921 2408 2976 Anima
2444 2936 2661 2992 quoque
2689 2931 2774 2976 est
2802 2920 2870 2976 ad
2911 2920 3201 2992 imaginem
3241 2929 3295 2976 et
3329 2921 3402 2975 si-

1805 3016 2175 3072 militudinem
2209 3016 2307 3071 Dei
2343 3024 2553 3083 creata,
2586 3015 2806 3071 nomine
2841 3029 2938 3071 suo
2970 3014 3252 3083 inscripta,
3285 3023 3345 3068 ut
3372 3030 3403 3069 a

105 3109 416 3179 prophetam
446 3126 460 3163 :
498 3107 638 3165 Cum
667 3112 996 3178 austeritate,
1041 3112 1236 3183 inquit,
1266 3113 1625 3183 imperabatis,
1652 3124 1703 3170 et
1731 3129 1777 3191 ρ
1808 3111 1954 3167 bono
1993 3111 2159 3174 bona,
2189 3125 2219 3165 a
2264 3108 2489 3165 Christo
2519 3108 2855 3168 Christiana.
2896 3107 3045 3171 iuxta
3078 3106 3205 3160 illud
3238 3125 3252 3161 :
3290 3105 3406 3159 Ηα-

105 3215 219 3255 cum
244 3204 472 3271 potentia
513 3200 732 3275 (Ezech.
766 3207 958 3276 xxxrv)
981 3235 1051 3246 —
1074 3203 1240 3273 Licet,
1282 3206 1552 3276 inquiunt,
1577 3223 1701 3262 cen-

102 3294 217 3351 tum
236 3293 359 3350 dari
376 3294 612 3362 Caesari,
642 3313 714 3353 an
733 3297 871 3352 non?
893 3296 1134 3353 Cornuto
1159 3299 1494 3369 sophismate
1520 3298 1701 3354 inten-

104 3384 234 3443 dunt
247 3401 444 3459 capere
466 3388 786 3445 Dominum.
805 3388 958 3453 Tunc
972 3390 1115 3444 enim
1136 3390 1277 3445 inter
1294 3388 1510 3446 Iudaeos
1534 3404 1703 3459 super

103 3478 204 3536 hoc
249 3490 369 3536 erat
408 3480 717 3547 contentio,
766 3480 888 3537 aliis
915 3480 1223 3538 dicentibus
1263 3482 1465 3538 tributa
1512 3483 1696 3539 deberi

104 3569 381 3639 Romanis,
403 3588 471 3630 eo
509 3574 653 3644 quod
685 3588 786 3644 pro
813 3588 948 3645 pace
973 3584 1028 3630 et
1071 3574 1247 3632 salute
1280 3577 1524 3632 omnium
1557 3577 1702 3632 mili-

103 3666 308 3734 tabant,
334 3666 459 3724 aliis
502 3666 708 3723 tributa
744 3667 862 3723 dari
904 3667 1104 3724 Cresari
1147 3668 1591 3740 prohibentibus,
1633 3684 1700 3725 eo

102 3762 244 3833 quod
270 3762 326 3818 in
357 3761 477 3835 lege
517 3760 618 3818 soli
647 3760 759 3819 Deo
788 3763 1019 3833 servire,
1046 3771 1102 3819 et
1131 3763 1182 3819 ei
1220 3761 1488 3831 primitias
1514 3772 1570 3820 et
1607 3765 1700 3819 de-

100 3855 270 3911 cimas
306 3855 441 3911 dare
483 3852 846 3919 jubebantur.
876 3854 934 3912 Si
970 3870 1100 3928 ergo
1142 3853 1443 3911 alﬁrmaret
1494 3856 1697 3913 tributa

100 3946 282 4004 deberi
307 3947 546 4015 Casarl,
585 3949 841 4005 doctores
868 3948 933 4004 de
962 3947 1081 4020 lege
1106 3963 1231 4005 eum
1257 3958 1618 4016 accusarent;
1650 3948 1699 4005 si

99 4053 228 4097 vero
255 4048 515 4112 negaret,
534 4037 826 4096 Herodiani
847 4054 971 4097 eum
1000 4047 1269 4095 tenerent.
1293 4039 1399 4096 Sed
1422 4039 1698 4109 Christus,

102 4133 348 4189 cordium
372 4134 674 4201 inspector,
698 4133 915 4205 cognita
937 4148 1127 4189 eorum
1152 4134 1394 4205 nequitia
1414 4135 1492 4190 ait
1516 4153 1529 4189 :
1557 4134 1699 4201 Quid

99 4245 184 4284 me
206 4228 446 4292 tentatis,
477 4226 804 4298 hypocritaz?

172 4321 273 4378 Est
318 4330 505 4377 autem
557 4323 672 4376 haec
714 4333 842 4390 pars
873 4319 1137 4385 secunda,
1183 4319 1235 4375 in
1287 4333 1397 4389 qua
1440 4318 1701 4375 Dominus

98 4424 294 4467 eorum
326 4410 561 4467 insidias
589 4408 856 4465 dissolvit.
887 4409 1071 4465 Primo
1110 4408 1481 4480 duplicitatem
1508 4424 1699 4465 eorum

1808 3203 1984 3257 bentes
2012 3219 2201 3256 nomen
2226 3201 2340 3271 ejus
2385 3211 2433 3256 et
2470 3215 2655 3254 nomen
2690 3196 2872 3253 Patris
2908 3199 3024 3267 ejus
3063 3201 3312 3267 scriptum
3346 3198 3404 3252 in

1806 3294 2070 3365 frontibus
2101 3294 2210 3347 suis
2231 3293 2418 3364 (Apoc.
2445 3290 2607 3361 χχιι).
2633 3289 2910 3352 Rotunda,
2941 3289 2993 3343 id
3026 3298 3108 3343 est
3136 3287 3400 3359 perfecta,

1806 3395 1988 3443 creata
2022 3386 2274 3442 videlicet
2316 3386 2434 3440 sine
2473 3383 2716 3438 fractura
2752 3381 2892 3449 vitii,
2936 3390 2990 3436 et.
3032 3380 3150 3437 sine
3197 3381 3404 3439 ﬂexura

1802 3479 2038 3552 peccati.
2092 3478 2243 3534 Unde
2292 3476 2610 3546 Propheta:
2656 3474 2938 3545 Signatum
2981 3484 3058 3528 est
3111 3490 3269 3543 super
3306 3491 3402 3530 nos

1804 3574 1983 3628 lumen
2014 3571 2184 3627 vultus
2212 3571 2288 3625 tui
2313 3568 2537 3624 Domine
2566 3566 2740 3640 (Psal.
2768 3566 2867 3637 tv).
2917 3564 3111 3620 Vultus
3136 3564 3232 3620 Dei
3260 3568 3401 3621 ratio

1803 3674 1908 3732 est,
1935 3679 2033 3737 per
2076 3678 2240 3735 quam
2269 3661 2519 3717 voluntas
2550 3660 2642 3715 Dei
2673 3658 3043 3732 cognoscitur,
3085 3657 3289 3722 lumen,
3320 3659 3403 3713 di-

1802 3761 1928 3815 vina
1958 3759 2130 3831 gratia
2153 3766 2258 3825 est,
2282 3772 2444 3828 quam
2472 3755 2611 3810 ratio
2643 3753 2899 3809 illustrat.
2927 3751 3054 3808 Haec
3078 3760 3163 3807 est
3186 3752 3399 3823 signata

1803 3868 1969 3924 super
2001 3866 2119 3915 nos,
2154 3851 2281 3922 quia
2315 3858 2524 3919 quanto
2563 3860 2751 3903 sumus
2787 3846 3037 3916 puriores
3068 3853 3123 3900 et
3158 3845 3401 3899 sanctio-

1802 3961 1910 4013 res,
1942 3954 2093 4002 tauto
2118 3945 2292 4015 magis
2330 3944 2471 3998 ratio
2506 3941 2836 4006 illustratur,
2864 3948 2920 3995 et
2956 3937 3069 3993 Deo
3109 3937 3399 3993 similiores

1806 4038 2090 4095 eﬂicimur.
2136 4036 2318 4100 Unde,
2365 4036 2585 4099 fratres,
2616 4040 2731 4088 toto
2769 4030 2971 4095 studio,
3003 4030 3241 4099 totisque
3270 4028 3401 4082 viri-

1804 4134 1905 4189 bus
1932 4134 2001 4189 ad
2024 4112 2131 4187 hoc
2155 4131 2487 4193 laboremus,
2518 4135 2579 4183 ut
2602 4126 2781 4198 imago
2806 4133 2862 4181 et
2889 4123 3186 4180 similitudo
3215 4119 3311 4176 Dei
3342 4119 3399 4175 iu

1802 4224 1960 4281 nobis
1997 4240 2095 4296 per
2132 4222 2322 4278 vitium
2356 4219 2677 4286 deformata,
2718 4231 2818 4288 per
2854 4214 3089 4271 studium
3133 4212 3397 4267 virtutum

1805 4317 2153 4375 reformetur.
2178 4317 2257 4370 Ac
2293 4315 2411 4385 ipso
2439 4315 2492 4368 iu
2520 4312 2677 4367 nobis
2706 4318 2969 4380 operante
2992 4308 3162 4363 simus
3197 4302 3397 4367 sancti,

1807 4410 1949 4466 sicut
1979 4409 2095 4479 ipse
2122 4415 2348 4463 sanctus
2372 4414 2485 4471 est;
2514 4417 2760 4469 veraces,
2790 4403 2937 4456 sicut-
2961 4400 3076 4470 ipse
3103 4412 3270 4453 verax
3290 4404 3397 4461 est;

99 4502 413 4573 arguendo,
437 4516 562 4556 cum
599 4502 769 4557 dicit:
812 4502 954 4569 Quid
988 4518 1072 4557 me
1099 4504 1334 4569 tentatis,
1372 4503 1703 4574 hypocritte?
1728 4482 1779 4542 Ῑ)
1806 4507 2207 4570 misericordes,
2256 4504 2397 4560 sicut
2456 4504 2573 4573 ipse
2624 4498 2940 4556 misericors
2994 4504 3112 4561 est;
3164 4506 3225 4548 ut
3270 4506 3396 4548 cum

97 4596 426 4670 hypocritas
465 4595 610 4649 enim
642 4610 736 4651 eos
768 4607 947 4663 vocat,
973 4598 1099 4668 quia
1140 4598 1194 4653 in
1224 4598 1408 4653 verbis
1447 4597 1701 4653 ostende-

96 4691 236 4747 bant
257 4685 692 4757 simplicitatem,
727 4697 784 4743 et
821 4688 875 4743 in
919 4692 1084 4747 corde
1131 4690 1382 4762 tegebant
1416 4689 1703 4760 duplicita-

98 4791 234 4837 tem.
266 4778 568 4850 Sophisma
596 4794 783 4835 eorum
813 4781 1079 4849 dissolvit,
1112 4798 1234 4838 cum
1262 4783 1445 4839 subdit
1473 4801 1486 4837 :
1514 4783 1701 4838 Osten-

96 4878 231 4944 dite,
261 4876 469 4947 inquit,
500 4875 630 4929 mihi
661 4874 924 4930 numisma
967 4878 1188 4932 census?
1215 4877 1284 4932 Et
1330 4894 1447 4932 cum
1484 4876 1703 4932 obtulis-

94 4983 214 5031 sent
257 4971 308 5026 ei
347 4970 652 5037 denarium,
698 4967 864 5040 Cujus
909 4981 1009 5035 est,
1052 4972 1255 5043 inquit,
1299 4975 1473 5046 imago
1515 4974 1624 5029 hac
1654 4981 1703 5029 et

95 5062 529 5135 superseriptio.’
554 5064 862 5138 lnterrogat
887 5072 1065 5122 autem
1109 5067 1251 5136 quod
1289 5067 1518 5136 sciebat,
1550 5076 1610 5125 ut
1635 5082 1704 5125 ex

1778 4602 2093 4659 .Psalmista
2128 4600 2411 4655 dicamus:
2443 4596 2559 4651 Tibi
2585 4595 2719 4649 dixit
2748 4609 2840 4648 cor
2868 4606 3064 4655 meum,
3090 4588 3397 4661 Exquisiuit

1807 4707 1855 4751 te
1884 4695 2045 4764 facies
2070 4709 2206 4758 mea,
2239 4690 2428 4762 faciem
2459 4696 2628 4752 tuam,
2664 4686 2907 4749 Domine,
2937 4681 3197 4754 requiram
3224 4677 3398 4753 (Psal.

1808 4790 1995 4859 xxvr),
2042 4795 2102 4842 ut
2152 4785 2367 4841 tandem
2411 4797 2532 4838 eam
2563 4780 2719 4835 nobis
2748 4778 2886 4832 facie
2926 4776 2993 4830 ad
3032 4774 3222 4829 faciem
3264 4787 3399 4828 con-

1812 4879 2061 4952 templari
2093 4887 2149 4933 tu
2182 4878 2295 4949 ipse
2323 4872 2611 4938 concedas,
2638 4868 2732 4941 qui
2763 4883 2888 4924 cum
2916 4866 3077 4921 Patre
3104 4874 3159 4920 et
3189 4863 3399 4931 Spiritu

1812 4983 2002 5029 sancto
2031 4969 2170 5025 vivis
2193 4977 2249 5025 et
2270 4981 2465 5039 regnas
2490 4963 2634 5021 Deus
2666 4975 2766 5035 per
2795 4958 2978 5017 omnia
3006 4956 3202 5013 sazcula
3231 4969 3402 5010 saecu-

1811 5068 2008 5124 lorum.
2033 5063 2228 5120 Amen.
