3842 6308
534 398 637 456 205

1463 392 1665 450 PAULI
1696 388 1755 448 S.
1789 387 1993 445 PETRI
2031 384 2515 445 CARNOTENSIS
2551 383 2857 442 MONACHI

3658 389 3738 445 εκ

535 515 665 579 rint,
713 511 959 584 legaliter
999 510 1289 567 emendem
1340 517 1397 565 et
1439 507 1581 579 quod
1631 514 1816 563 tenere
1864 504 2116 561 videntur
2142 504 2195 566 Α
2294 519 2315 553 ι
2347 502 2539 555 Actum
2569 500 2819 555 Carnutis
2844 499 3081 562 civitate,
3120 500 3170 553 in
3194 498 3357 554 domo
3393 500 3570 556 matris
3595 503 3740 560 accis-

535 604 682 660 nullo
706 604 869 660 modo
896 602 1147 673 perdant.
1208 598 1465 656 Dedimus
1489 598 1653 653 etiam
1704 597 1786 653 eis
1841 596 2115 653 licentiam

534 696 702 752 dandi
741 694 826 750 vel
848 693 1138 758 vendendi,
1167 700 1325 763 prout
1344 699 1671 762 oportunum
1708 689 1787 744 eis
1816 687 1980 744 fuerit
2000 688 2118 744 cui-

528 796 748 856 ‘cunque
769 783 1064 849 voluerint,
1087 788 1292 836 tantum
1316 789 1376 834 ut
1400 778 1745 835 venditiones
1772 777 1824 832 in
1855 792 1985 832 usus
2001 776 2116 831 fra-

532 880 679 929 trum
713 873 953 929 veniant.
986 871 1114 927 Haec
1141 885 1273 926 vero
1302 867 1513 924 cartula
1556 876 1615 922 ut
1653 868 1838 923 verius
1862 868 2117 922 credatur

532 965 827 1022 etfirmius
882 980 979 1036 per
1016 970 1208 1019 cuncta
1256 968 1505 1016 teneatur
1558 966 1822 1029 tempora,
1872 958 2116 1027 praedicti

530 1042 765 1114 senioris
791 1056 973 1113 domni
996 1054 1169 1124 Agani
1185 1052 1431 1124 praesulis
1462 1050 1714 1107 manibus
1752 1050 2115 1107 roborandam

527 1150 897 1223 poposcimus,
918 1158 970 1206 et
989 1164 1089 1206 nos
1109 1148 1304 1204 exinde
1328 1163 1489 1203 manu
1515 1147 1732 1219 propria
1751 1147 2112 1204 ﬁrmavimus.

526 1241 764 1313 Aganus,
794 1242 1204 1298 Carnotentium
1259 1240 1483 1296 humilis
1535 1239 1841 1310 episcopus.
1889 1238 2111 1309 Alveus,

529 1334 747 1389 humilis
773 1334 1040 1403 presbiter
1066 1341 1122 1388 et
1141 1331 1504 1387 archiclavus.
1544 1330 2109 1400 Joannes,presbiter.

528 1419 913 1489 Majenfredus,
943 1422 1233 1491 presbiter.
1264 1420 1619 1487 Airmandus,
1672 1422 1961 1491 presbiter.
1985 1422 2117 1477 Ber-

523 1512 757 1565 noardus
782 1512 1075 1581 presbiter.
1101 1510 1447 1575 Benedictus,
1479 1509 1768 1581 presbiter.
1801 1509 2110 1580 Odclricus,

522 1600 771 1656 acolitus.
837 1600 1180 1669 Lambertus,
1205 1601 1452 1657 aeolitus.
1478 1600 1824 1668 Galcherius,
1858 1604 2111 1660 acolitus.

522 1690 859 1756 Hardradus,
887 1691 1138 1749 clericus.
1186 1691 1622 1764 Warengaudus,
1672 1693 1922 1751 clericus.
1974 1696 2111 1751 Data

520 1783 767 1840 kalendis
789 1783 1069 1851 Octobris,
1092 1799 1235 1840 anno
1266 1802 1300 1839 v
1324 1795 1586 1857 regnante
1637 1801 1762 1858 rege
1814 1787 2109 1845 Ludovico.

521 1874 833 1944 Aregarius,
864 1875 931 1930 ad
954 1875 1127 1932 vicem
1156 1876 1472 1945 Clementis,
1502 1879 1740 1950 scripsit.
1772 1899 1794 1934 ›

593 1963 987 2033 Quoquontodo
1033 1974 1219 2037 postea
1268 1968 1385 2024 haec
1421 1982 1509 2025 res
1565 1970 1876 2039 praescripta
1914 1970 2111 2027 abierit

522 2054 737 2120 nescio;
773 2056 876 2112 hoc
933 2065 1111 2113 tamen
1162 2059 1298 2125 seio,
1346 2060 1472 2129 quia
1518 2062 1748 2118 domnus
1776 2062 1943 2117 abbas
1969 2061 2112 2117 Lall-'-

522 2144 707 2202 dricus
735 2146 878 2203 hunc
898 2148 1216 2219 aripennum
1266 2150 1453 2219 vineae,
1513 2153 1638 2208 dum
1689 2163 1944 2225 praeesset
1990 2153 2112 2210 loco

518 2232 712 2290 Sancti
758 2236 926 2304 Petri,
955 2238 1243 2307 aquodam
1306 2240 1532 2309 clerico,
1584 2243 1820 2300 Aibuino
1865 2244 2104 2314 nomine,

516 2330 695 2379 taxata
725 2327 948 2395 pecunia
977 2327 1125 2382 emit.
1165 2328 1310 2385 Emit
1359 2330 1525 2386 etiam
1575 2332 1739 2388 alium
1784 2337 2108 2407 aripennutn

516 2416 684 2471 vinea:
711 2410 937 2474 inferias
964 2422 1018 2474 in
1064 2420 1255 2476 eodem
1306 2421 1490 2478 clauso
1519 2439 1549 2478 a
1580 2425 1887 2495 presbitero
1917 2428 2105 2484 Sancti

513 2500 726 2576 Eirani,
754 2510 973 2566 nomine
1003 2510 1312 2580 Dominico,
1352 2511 1513 2583 cujus
1556 2531 1759 2573 nomen
1811 2518 2106 2591 aripennus

514 2600 691 2657 vineae
716 2602 893 2659 adhuc
928 2604 1144 2660 retinet.

1042 2681 1441 2752 CAPlTULUM
1486 2697 1571 2754 ΠΙ.

511 2793 591 2836 ιε
611 2796 736 2838 area
757 2781 1006 2852 [arinarii
1026 2783 1545 2855 Lupo/iiaci,duobus
1560 2790 1814 2860 fratribus
1835 2807 2100 2851 concessa.

1111 2879 1168 2951 (5
1191 2878 1315 2949 jun.
1351 2881 1511 2953 93L)

586 2981 608 3017 ι
636 2962 696 3019 1η
730 2967 945 3022 nomine
972 2968 1067 3023 Dei
1093 2970 1281 3026 aeterni
1324 2981 1379 3027 et
1421 2974 1710 3032 salvatoris
1736 2979 1905 3036 nostri
1933 2978 2101 3037 Jhesu

509 3052 735 3111 Christi.
768 3055 877 3113 Nos
903 3057 1100 3115 fratres
1141 3077 1205 3117 ac
1239 3054 1485 3120 canonici
1532 3071 1847 3126 monasterii
1913 3071 2100 3129 Sancti

509 3145 677 3216 Petri,
706 3151 846 3219 quod
871 3152 1034 3206 est/in
1074 3153 1336 3211 suburbio
1364 3156 1613 3216 Carnutis
1634 3160 1890 3228 civitatis,
1930 3165 2100 3220 sacris

2218 590 2314 647 sia:
2343 591 2575 662 publice.
2628 591 2868 661 Aganus,
2901 589 3122 645 humilis
3146 588 3549 647 Carnotensium
3576 594 3741 663 episco-

2217 694 2338 751 pus.
2371 679 2609 744 Sanson,
2660 680 2946 750 presbiter.
2974 680 3155 745 Aimo,
3188 682 3446 736 decanus.
3492 680 3737 751 Deotimus,

2215 772 2502 842 presbiter.
2532 771 2822 838 Adelveus,
2867 772 3161 841 presbiter.
3195 771 3542 843 Frodgingus,
3580 777 3740 842 presbi-

2218 871 2321 918 ter.
2362 862 2658 928 Cleotinus,
2692 864 2980 934 presbiter.
3004 865 3320 935 Aregarius,
3363 865 3564 924 levites.
3590 870 3742 925 Ardui-

2216 969 2318 1010 nas
2338 954 2521 1010 levita.
2552 955 2841 1023 Ansoldus,
2872 957 3253 1013 subdiaconus.
3281 959 3417 1013 Data
3442 958 3595 1015 Nonis
3613 960 3740 1027 Junii,

2217 1064 2361 1106 anno
2388 1066 2482 1106 vm
2512 1061 2776 1122 regnante
2803 1052 3054 1120 Rodulfu,
3102 1053 3453 1108 serenissimo
3506 1070 3633 1124 rege.
3663 1055 3742 1109 Ra-

2216 1137 2525 1209 genfredus,
2559 1141 2779 1198 humilis
2802 1142 2985 1213 levita,
3018 1146 3086 1200 ad
3117 1148 3290 1203 vicem
3333 1144 3609 1201 Clementis
3641 1162 3743 1216 pne-

2215 1232 2405 1290 shiteri
2434 1242 2489 1291 et
2522 1236 2855 1305 caucellarii,
2884 1242 3123 1311 scripsit.
3154 1260 3177 1296 ι

2745 1349 3142 1410 CAPITULUM
3183 1353 3273 1409 tv.
3310 1414 3322 1433 ,

2214 1454 2293 1510 De
2314 1454 2671 1526 Germim'onis
2713 1458 2851 1516 Vifla
2878 1465 3145 1519 canonicis
3177 1466 3388 1520 reddita
3415 1476 3463 1521 et
3502 1467 3742 1524 contionale

2285 1527 2349 1581 ab
2371 1529 2609 1608 ερὶεςρρρ
2646 1530 2996 1608 Rugenj'redo.
3034 1535 3166 1608 Item
3198 1538 3258 1608 in,
3286 1539 3467 1608 eodem
3501 1540 3597 1592 duo
3626 1540 3741 1608 adja-

2284 1599 2454 1651 centia
2483 1598 2745 1655 Plaiseni'
2769 1598 2906 1657 Villa
2943 1614 2990 1657 et
3049 1605 3357 1660 Moimllum
3401 1606 3598 1662 Vitiare.
3642 1598 3743 1663 lius

2284 1668 2339 1722 in
2360 1668 2542 1723 eodem
2571 1670 2635 1723 de
2671 1670 2792 1726 Uni
2858 1672 3042 1729 Villari
3075 1677 3335 1731 a'cclesia.
3396 1677 3464 1732 In
3503 1680 3659 1734 eodm
3688 1681 3743 1733 de

2284 1737 2522 1793 wcclesia
2547 1739 2802 1796 Immonis
2845 1741 2978 1798 Ville
3013 1762 3128 1799 cum
3177 1764 3270 1801 vm
3325 1750 3539 1804 ntansis.
3575 1748 3627 1803 In
3649 1749 3743 1804 (ila-

2284 1809 2436 1863 nom‘s
2481 1805 2613 1864 Villa
2641 1813 2705 1866 de
2732 1814 2931 1867 duobus
2960 1818 3179 1873 mantis.
3206 1817 3284 1874 De
3310 1818 3505 1875 Bodast'
3559 1819 3743 1877 atat/asia

2137 1875 2185 1938 B
2280 1880 2411 1933 etde
2434 1889 2573 1936 terra
2602 1882 2745 1953 infra
2767 1901 2943 1939 muros
2973 1886 3219 1942 civitatis.

2778 1998 2956 2071 (Circa
2987 2017 3036 2055 a.
3080 2002 3235 2075 954.)

2286 2134 2307 2169 ο
2340 2106 2773 2177 Ottbodoxorum
2803 2118 3015 2194 patrum
3038 2122 3094 2183 et
3116 2128 3353 2187 fidelium
3382 2134 3742 2204 praecedentium

2210 2210 2551 2281 maximeque
2572 2216 2884 2284 pontificum
2934 2222 3195 2279 cordibus
3220 2225 3405 2281 divina
3427 2228 3587 2299 gratia
3630 2229 3741 2285 saluo

2209 2301 2381 2358 briler
2432 2306 2751 2376 inspiravit,
2784 2310 2854 2366 ab
2889 2315 3113 2370 exordio
3154 2319 3437 2374 nascentis
3476 2320 3743 2377 Christiana

2210 2393 2510 2476 religionis,
2544 2400 2877 2471 ut'sponsam
2907 2404 3133 2472 Christi,
3157 2420 3565 2465 sacrosanctam
3593 2412 3740 2467 videlié

2207 2494 2293 2540 eet
2315 2478 2661 2569 Ecclesiam,
2685 2509 2846 2564 quam
2871 2495 3012 2551 idem
3040 2498 3309 2555 mediator
3332 2501 3427 2556 Dei
3450 2503 3741 2558 ethominum

2210 2577 2370 2635 homo
2393 2580 2643 2640 Christus
2664 2583 2889 2653 Jhesus,
2918 2589 3021 2645 sibi
3053 2590 3333 2649 insolubili
3379 2594 3579 2665 glutino
3615 2611 3738 2665 copu-

2206 2668 2362 2737 lavit,
2386 2687 2482 2742 per
2507 2672 2718 2732 diversa
2752 2678 2868 2735 loca
2898 2689 3168 2737 terrarum
3223 2682 3518 2742 t‘undarent
3542 2686 3660 2743 etde
3680 2701 3738 2741 re-

2205 2758 2305 2815 bus
2329 2751 2717 2834 temporalibus
2757 2767 3051 2827 honestare
3079 2782 3246 2844 atque
3276 2777 3566 2834 sublimare
3592 2792 3737 2849 procu-

2206 2862 2410 2909 rarent.
2445 2854 2645 2913 Horum
2682 2858 2846 2931 igitur
2896 2865 3145 2939 exempla
3192 2867 3309 2938 pia,
3339 2884 3465 2926 cum
3512 2871 3737 2926 catholicis

2204 2950 2258 2996 et
2284 2943 2552 3015 religiosis
2574 2948 2946 3021 quibusquein
2980 2970 3270 3012 commune
3299 2946 3596 3015 habeantur
3616 2972 3735 3030 agens

2205 3033 2269 3088 da
2296 3042 2351 3089 et
2384 3032 2615 3095 ﬁdeliter
2642 3040 2904 3099 imitanda
2933 3046 3090 3102 nobis
3113 3050 3307 3119 procul
3340 3052 3521 3120 dubio,
3550 3053 3739 3123 ejusdem

2204 3126 2411 3184 scilicet
2439 3139 2641 3188 sanctae
2670 3136 2863 3192 matris
2898 3138 3183 3196 [Ecclesiae
3214 3145 3601 3213 provisoribus,
3636 3144 3737 3215 vigi-

505 3217 756 3295 laudibns
805 3241 1135 3308 insistentes,
1185 3258 1372 3301 notum
1432 3263 1551 3304 esse
1583 3217 2099 3312 volumus
2127 3225 2173 3286 θ
2204 3217 2511 3312 'in‘iss‘m“
2533 3225 2898 3287 somcuudine
2927 3234 3222 3301 specialius
3256 3247 3339 3292 ⁸³⁸
3370 3239 3739 3309 procurandum

511 3331 682 3400 ipsius
707 3336 1019 3389 monasterii
1075 3337 1322 3394 fidelibus
1369 3344 1727 3409 praesentibus
1784 3361 1848 3402 ac
1880 3345 2097 3414 futuris,

507 3422 642 3490 quia
664 3424 887 3480 veniens
918 3426 1135 3495 quidam
1169 3428 1275 3493 vir,
1301 3432 1567 3488 vocabulo
1610 3434 1967 3506 Adremarus,
2000 3456 2098 3495 no-

505 3518 678 3568 stram
714 3516 840 3570 ante
871 3518 1237 3587 praesentiam,
1259 3522 1536 3579 humiliter
1578 3526 1875 3597 deprecans
1906 3541 1965 3585 ut
1994 3532 2097 3588 sibi

503 3610 558 3659 et
581 3604 733 3660 fratri
767 3622 863 3662 suo
884 3600 1112 3675 Ehboni,
1145 3626 1363 3683 sumque
1388 3616 1563 3671 sorori
1596 3616 1889 3687 Eldesindi,
1920 3637 2097 3691 quan-

504 3692 631 3749 dam
670 3706 881 3766 aream,
927 3716 1089 3771 super
1134 3693 1354 3760 (luvium
1390 3705 1650 3777 Audurze,
1678 3726 1801 3766 cum
1832 3711 2099 3771 fat-inario

504 3785 720 3841 tibviter
770 3787 839 3845 ab
884 3790 1001 3860 ipso
1029 3801 1365 3862 constructo,
1414 3813 1521 3853 non
1560 3798 1718 3872 longe
1749 3817 1779 3857 a
1812 3802 1937 3858 villa
1975 3820 2096 3874 qua:

501 3886 732 3934 vocatur
759 3876 1119 3952 anchiacus,
1147 3902 1244 3958 per
1270 3905 1490 3945 manum
1519 3882 1736 3949 ﬁrmam
1764 3897 2097 3955 censualiter

500 3983 570 4024 ex
596 3979 781 4029 nostro
804 3972 1191 4034 indominicato
1220 3982 1669 4050 concederemus,
1700 3989 1845 4056 quod
1872 3990 2092 4059 quidem

505 4063 794 4123 unanimes
824 4083 1108 4129 assensum
1136 4073 1463 4145 praebentes,
1491 4079 1728 4155 benigno
1774 4082 1963 4140 favore
2008 4100 2095 4141 as-

502 4157 806 4226 scnsimns;
838 4162 1177 4236 eandemque
1203 4183 1387 4225 aream
1418 4187 1514 4241 per
1543 4174 1683 4232 hanc
1710 4176 2094 4233 auctoritatem

502 4252 893 4321 concessimus,
949 4264 1008 4309 ut
1056 4258 1283 4330 desuper
1335 4263 1566 4321 firmiter
1618 4268 1902 4336 edificent,
1959 4283 2092 4325 con-

500 4348 717 4398 struant
752 4353 807 4401 et
851 4346 1197 4407 inmeliorare
1232 4354 1517 4423 studeant;
1546 4373 1614 4416 eo
1667 4368 1827 4430 pacto
1849 4368 1910 4415 ut
1932 4361 2095 4419 annis

498 4431 745 4503 singulis,
777 4435 832 4492 in
865 4437 1160 4500 festivitate
1200 4447 1475 4505 cathedra:
1531 4452 1705 4507 sancti
1758 4450 1923 4521 Petri,
1967 4467 2089 4524 quae

2202 3310 2272 3367 ob
2294 3317 2702 3375 venerationem
2730 3324 2914 3392 sponsi
2941 3324 3084 3383 illius
3106 3368 3121 3394 ,
3160 3330 3282 3398 agni
3321 3332 3569 3388 videlicet
3594 3333 3739 3388 imma-

2200 3403 2386 3472 culati,
2404 3421 2545 3475 eam,
2568 3424 2667 3479 pro
2688 3416 2830 3471 scire
2853 3426 2909 3471 et
2934 3433 3094 3488 posse
3117 3432 3338 3490 nostro,
3353 3426 3596 3496 congruis
3616 3426 3741 3479 hono-

2200 3496 2352 3552 ribus
2381 3497 2642 3558 decorare
2688 3514 2744 3560 et
2779 3521 2959 3563 rerum
3010 3514 3441 3582 competentium
3474 3516 3742 3571 utilitatibus

2200 3590 2478 3661 ampliare.
2506 3594 2727 3653 Talibus
2764 3604 3024 3674 exemplis
3089 3616 3310 3677 patrum
3368 3612 3737 3674 infonuatns,et

2199 3684 2492 3743 salubrium
2520 3688 2924 3761 Scripturarum
2972 3697 3317 3758 documentis
3355 3704 3628 3769 excitatus,
3664 3716 3738 3773 ego

2197 3776 2450 3834 videlicet
2480 3779 2879 3854 Bagenfredus,
2908 3790 3157 3860 gratuita
3225 3792 3440 3852 Domini
3502 3795 3736 3852 clementia

2197 3867 2546 3930 Carnotensis
2574 3876 2834 3933 tecclesiie
2866 3879 3084 3938 humilis
3125 3885 3439 3957 ejiiscOpus,
3472 3902 3736 3946 sameram

2196 3962 2315 4018 loca
2364 3975 2563 4023 nostras
2613 3970 2874 4027 azcclesiae
2916 3974 3250 4047 civitatique
3291 3983 3575 4055 contigua,
3617 3980 3738 4036 male

2197 4054 2578 4127 ingruentibus
2600 4061 2802 4129 diruta,
2872 4067 3181 4125 reediﬁcari
3222 4054 3610 4141 desiderantes,
3639 4081 3737 4128 ante

2194 4149 2403 4221 reliqua
2442 4153 2624 4209 omnia
2654 4159 3047 4216 monasterium
3079 4166 3251 4219 sancti
3285 4164 3456 4234 Petri,
3478 4170 3608 4239 quod
3633 4176 3734 4222 teut-

2191 4256 2323 4312 pore
2355 4244 2773 4313 praedecessoris
2825 4252 2996 4307 nostri
3046 4254 3230 4310 domni
3276 4259 3449 4330 Agani
3498 4254 3733 4315 revcreudi

2190 4329 2457 4402 praesulis,
2484 4337 2599 4408 ipso
2628 4342 2975 4412 prtecipiente
3001 4376 3019 4412 ,-
3048 4357 3103 4401 et
3128 4329 3361 4417 plurima
3388 4351 3523 4407 dona
3553 4348 3733 4405 udidem

2190 4439 2328 4497 Opus
2349 4435 2716 4502 peragendum
2740 4435 3032 4507 largiente,
3057 4441 3227 4498 Alveo
3252 4461 3489 4517 quoque,
3537 4444 3733 4514 ejusdem

497 4528 679 4582 evenit
712 4545 800 4585 vtn
826 4530 1086 4590 kalendas
1107 4539 1288 4594 martii
1315 4580 1330 4605 ,
1360 4540 1414 4595 in
1431 4557 1651 4599 censum
1675 4545 1953 4602 canonicis
1988 4546 2089 4603 hu-

2208 4521 2291 4574 ,oci
2324 4525 2636 4595 praeposito,
2686 4528 2740 4583 in
2775 4532 3028 4589 omnibus
3071 4550 3260 4592 curam
3316 4554 3537 4612 agt-nte,
3564 4547 3732 4595 restau-

490 4618 581 4691 jus
614 4624 952 4691 monasterii,
980 4628 1209 4686 Domino
1247 4631 1638 4695 famulantihus
1685 4640 2081 4707 incunctanter,

493 4712 695 4779 solidos
720 4724 854 4770 ttnor
884 4719 1221 4789 persolvant;
1258 4733 1312 4779 et
1344 4726 1387 4780 si
1421 4742 1488 4782 ex
1520 4728 1622 4785 hoc
1676 4743 1843 4785 censu
1887 4730 1940 4784 in
1978 4729 2085 4789 sols

492 4806 670 4863 vendo
703 4809 841 4864 tardi
882 4819 975 4865 aut
1006 4812 1341 4885 negligentes
1373 4818 1574 4875 inventi
1631 4821 1865 4888 fuerint,
1899 4822 2084 4894 legali-

494 4904 578 4951 ter
598 4900 887 4955 emendem
921 4911 972 4957 et
1004 4904 1288 4973 praefatum
1340 4908 1707 4967 ntolendinum
1732 4922 1975 4984 tempore
2004 4914 2083 4971 vi-

494 4996 563 5042 ta:
587 5004 697 5044 sua:
722 5006 827 5046 non
851 4995 1081 5064 perdant
1105 5013 1121 5063 ;
1172 5007 1228 5053 et
1280 5000 1512 5071 amplius
1541 5004 1621 5058 eis
1648 5003 1702 5059 iu
1724 5019 1946 5061 censum
1975 5021 2079 5063 non

494 5079 826 5149 requiratur,
856 5085 957 5139 nisi
984 5088 1129 5156 quod
1158 5090 1409 5161 superius
1430 5093 1742 5150 continetur
1772 5096 2035 5152 inscrtum
2061 5114 2077 5166 ;

494 5177 553 5225 et
600 5171 836 5229 habeant
878 5175 1151 5236 licentiam
1206 5186 1549 5241 venundandi
1599 5195 1693 5243 aut
1738 5192 2080 5247 condonandi

492 5265 706 5319 culcum
768 5268 1085 5341 voluerint,!
1114 5275 1263 5331 salvo
1307 5276 1433 5348 jure
1480 5278 1879 5347 ecclesiastico,
1939 5281 2079 5338 sicut

492 5373 609 5414 mos
631 5364 750 5435 pagi
771 5376 873 5435 est,
895 5368 977 5424 vel
1001 5367 1139 5423 sicut
1156 5369 1208 5423 in
1235 5370 1458 5427 archivo
1482 5372 1642 5442 hujus
1663 5374 1925 5430 mcclesiae
1948 5390 2079 5431 con-

492 5451 714 5511 tinetur.
745 5457 1020 5526 Quatenus
1046 5475 1175 5515 vero
1202 5462 1317 5517 haec
1346 5480 1539 5521 manus
1564 5464 1718 5522 ﬁrma
1749 5466 2081 5525 inviolabilis

487 5556 588 5612 per
620 5545 872 5605 diuturna
904 5562 1144 5620 tempora
1197 5565 1538 5623 permaneat,
1588 5560 1840 5617 manibus
1893 5560 2077 5616 domni

485 5635 659 5708 Agani
679 5642 928 5709 praesulis
949 5643 1182 5700 senioris
1216 5648 1387 5703 nostri
1418 5652 1881 5709 corroborandam
1908 5653 2075 5710 obtu-

485 5727 666 5799 hmus,
699 5742 753 5790 et
780 5750 880 5792 nos
908 5737 1156 5796 similiter
1178 5740 1363 5795 libenti
1419 5743 1622 5815 animo,
1663 5745 1809 5803 nullo
1857 5754 2076 5805 contra-

484 5818 1291 5894 tltcente,subterilrmavimus.
1378 5868 1383 5873 -

2192 4625 2367 4668 ratum
2403 4628 2556 4685 erat;
2582 4618 2636 4674 in
2664 4623 2880 4691 pristini
2936 4626 3158 4684 honoris
3182 4642 3384 4688 statum
3416 4648 3518 4703 quo
3537 4629 3731 4699 antiqui-

2190 4711 2273 4758 ttts
2298 4707 2543 4777 viguerat
2571 4713 2832 4770 reducere
2881 4717 3316 4787 deliberavimus,
3368 4735 3424 4779 et
3458 4720 3727 4780 commoda-

2189 4795 2329 4850 tihus
2363 4814 2541 4854 rerum
2577 4804 2949 4873 temporalium
2969 4824 3033 4864 ac
3052 4811 3453 4881 stipendiatium
3483 4813 3732 4870 canonicos

2187 4887 2383 4942 ibidem
2417 4891 2642 4950 Domino
2662 4911 2960 4971 sanetoque
2995 4906 3242 4973 apostolo
3272 4922 3373 4964 sne
3414 4908 3565 4965 Petro
3585 4906 3728 4961 famu-

2185 4981 2359 5042 lantes
2389 5004 2679 5045 munerare
2709 4992 3095 5064 disposuimus,
3140 5002 3433 5068 penuriam
3473 5002 3540 5057 ab
3562 5001 3632 5057 eis
3654 5013 3726 5052 an.

2183 5076 2329 5134 ferre
2352 5081 2656 5139 ambientes
2684 5099 2845 5156 quam
2869 5088 2983 5156 pati
3009 5090 3338 5149 videbantur
3357 5095 3410 5150 in
3443 5093 3726 5152 necessitate

2182 5172 2439 5229 cotidiani
2491 5175 2693 5231 victus.
2747 5176 3091 5250 Quapropter
3140 5194 3330 5241 notum
3376 5202 3494 5244 esse
3513 5187 3725 5243 volumus

2182 5266 2411 5321 cunctis
2462 5270 2865 5327 successoribus
2903 5275 3103 5331 nostris
3154 5286 3210 5332 et
3268 5278 3511 5335 ﬁdelibus
3557 5283 3723 5334 sancite

2182 5362 2278 5418 Dei
2315 5362 2595 5419 Aieclesiaa
2622 5365 2979 5436 praesentibus
2995 5380 3048 5424 et
3070 5369 3283 5437 futuris,
3324 5374 3551 5444 qualiter
3576 5384 3720 5442 quan-

2180 5453 2305 5509 dam
2339 5463 2540 5509 terram
2570 5468 2639 5510 ex
2660 5465 2847 5512 nostro
2905 5458 3316 5530 indominicatu,
3369 5464 3576 5520 nomine
3615 5459 3718 5517 Gen

2179 5546 2436 5603 minionis
2478 5546 2696 5618 Villam,
2753 5547 2979 5622 ejusque
3026 5553 3132 5608 duo
3175 5555 3493 5626 adjacentia,
3519 5556 3715 5613 hocab

2178 5639 2390 5699 Pleseni
2420 5640 2612 5698 Villam
2664 5652 2720 5701 et
2764 5644 3067 5703 Moirollum
3103 5647 3300 5706 Villare
3319 5666 3441 5706 cum
3490 5648 3592 5706 suis
3628 5655 3714 5700 ter-

2176 5736 2583 5805 minationibus,
2643 5739 2696 5795 in
2726 5755 2865 5812 pago
2920 5740 3157 5798 Dunensi
3210 5744 3404 5809 sitam,
3452 5740 3556 5814 jam
3607 5734 3710 5795 dicti

2178 5836 2495 5893 monasterii
2544 5839 2827 5897 canonicis
2883 5841 3147 5897 tradimus
3196 5854 3259 5896 ac
3285 5827 3711 5902 donamus,etd¢
