3842 6308
87 371 178 430 205

1095 371 1324 432 VETUS
1361 369 1618 430 AGANO.
1645 401 1722 418 --
1745 369 1871 428 LIB.
1907 371 1949 428 l.
1988 371 2292 433 AGANUS.

3223 395 3330 460 206

87 495 256 546 nostro
281 481 516 541 dominio
562 479 618 539 in
667 495 858 541 eorum
887 483 1150 542 ditionem
1181 483 1628 552 transfundimus,
1662 485 1709 542 A
1735 499 1896 540 manu
1919 489 2137 560 propria
2167 505 2286 548 eam
2312 490 2836 558 subtcriirmavimus
2857 510 2910 558 ct
2935 509 3324 570 venerabilium

85 580 252 636 usibus
304 576 514 632 illorum
561 575 936 648 stipendiariis
980 576 1329 650 delegantcs,‘
1349 586 1406 634 et
1443 591 1639 650 perpe-

85 671 282 728 tualiter
309 667 412 725 illis
434 667 739 724 habendam
756 669 1136 726 decernentes.
1165 668 1444 728 Donamus
1473 670 1640 727 etiam

83 761 190 827 illis,
231 761 295 817 ad
336 760 554 816 eosdem
583 775 734 826 usus,
776 761 832 816 in
878 761 996 832 ipso
1045 777 1184 834 pago
1220 762 1518 834 eademque
1543 777 1642 833 pa-

81 851 292 918 rocchia,
332 850 637 907 aecclesiam
669 851 810 908 villa:
829 868 950 924 qua:
996 853 1201 910 dicitur
1224 852 1398 910 Ursus
1417 855 1640 912 Villaris

79 960 182 1000 cum
202 942 421 998 decimis
447 952 504 998 et
531 944 728 1000 ceteris
759 945 1177 1001 redibitionibus
1223 946 1360 1002 suis.
1403 945 1460 1002 ln
1499 962 1638 1018 pago

78 1049 264 1104 quoque
288 1033 611 1090 Carnotensi
643 1035 995 1092 concedimus
1023 1036 1106 1092 eis
1139 1036 1302 1092 aliam
1334 1037 1637 1094 ecclesiam

77 1126 246 1182 inloco
281 1125 371 1196 qui
412 1138 639 1184 vocatur
667 1125 894 1184 Ymonis
927 1128 1063 1185 Villa
1100 1144 1226 1185 cum
1276 1138 1404 1187 octo
1430 1131 1637 1188 mansis

76 1217 132 1275 de
163 1227 313 1276 terra.
337 1217 474 1276 item
496 1220 550 1276 in
575 1221 765 1276 eodem
792 1235 951 1292 pago,
985 1221 1039 1275 in
1073 1219 1270 1278 Bodasi
1298 1221 1460 1288 Villa,
1514 1223 1639 1278 red-

77 1311 230 1365 dimus
254 1311 332 1367 eis
364 1311 597 1368 terciam
623 1311 924 1368 acclesiam
947 1327 1111 1383 quam
1137 1310 1397 1384 praefatus
1437 1311 1638 1370 Alveus

78 1401 219 1471 ipsius
239 1403 564 1460 monasterii
594 1411 768 1466 tenet,
815 1419 890 1459 eo
938 1413 1101 1475 pacto
1151 1419 1264 1474 quo
1298 1405 1538 1475 quandiu
1558 1405 1638 1460 vi-

77 1490 195 1545 xerit
218 1505 334 1546 eam
358 1499 568 1558 teneat,
596 1501 722 1564 post
763 1491 970 1548 obitum
1009 1508 1226 1564 quoque
1248 1492 1395 1553 ﬁlius
1430 1495 1483 1550 in
1507 1510 1636 1552 usus

76 1578 258 1636 illorum
289 1582 412 1638 sine
451 1583 888 1640 contradictione
938 1582 1172 1653 alicujus
1221 1585 1635 1642 calumniatoris

74 1673 502 1745 reltel'ragatoris
549 1677 756 1733 redeat.
797 1677 852 1732 In
883 1676 1150 1734 Ginnonis
1199 1693 1417 1751 quoque
1470 1678 1631 1750 Villa,

74 1764 312 1821 ineodem
360 1781 506 1839 pago
561 1766 813 1824 videlicet
859 1766 1210 1837 Carnotensi,
1233 1770 1500 1829 donamus
1527 1773 1634 1836 eis

74 1857 182 1912 duos
201 1873 412 1914 mansos
462 1862 538 1917 de
584 1868 756 1917 terra.
809 1859 1084 1919 Praeterea
1138 1863 1207 1919 ad
1262 1866 1632 1936 peragendum

72 1945 204 2015 hujus
227 1949 394 2004 nostri
449 1949 716 2008 desiderii
769 1951 1072 2024 negotium,
1121 1953 1425 2024 perducere
1479 1957 1635 2028 cupi-

72 2054 168 2096 mus
197 2040 410 2098 omnino
473 2040 537 2097 in
581 2043 903 2100 memoriam
947 2051 1006 2102 et
1061 2043 1324 2102 noticiam
1384 2047 1631 2104 omnium

72 2146 408 2189 successorum
427 2143 758 2193 nostrorum
799 2137 1248 2211 reliquorumque
1271 2137 1474 2197 Christi
1500 2142 1634 2200 tide-

73 2223 196 2291 lium,
224 2228 359 2298 quod
389 2237 602 2286 terram
626 2231 900 2303 quandam
919 2246 1081 2303 quam
1103 2233 1296 2292 crebro
1314 2233 1442 2292 dicti
1465 2249 1633 2292 cano-

72 2317 155 2374 nici
187 2319 278 2375 sibi
304 2320 715 2390 reclamabant,
769 2333 1081 2382 asserentes
1125 2340 1244 2383 eam
1268 2341 1299 2383 a
1329 2327 1445 2384 suis
1470 2335 1632 2386 ante-

71 2413 354 2480 cessoribus,
415 2415 630 2486 priscis
675 2417 1013 2488 temporibus
1053 2417 1224 2476 fuisse
1293 2433 1626 2492 possessam,

72 2513 222 2573 postea
251 2521 466 2579 quoque
491 2507 644 2564 malo
679 2509 872 2566 ordine
897 2510 1004 2568 sibi
1042 2511 1398 2578 subtractam,
1421 2512 1626 2572 eisdem

73 2595 322 2667 reddimus,
342 2600 619 2672 quatinus
644 2601 719 2658 ita
748 2601 896 2658 illam
920 2601 1070 2673 juste
1106 2611 1162 2660 et
1190 2604 1426 2676 pleniter
1447 2605 1629 2678 possi-

73 2688 218 2757 deant,
248 2691 408 2749 veluti
471 2693 702 2749 illorum
754 2694 1188 2766 praedecessores
1224 2710 1346 2754 eam
1387 2697 1630 2756 tenuisse

74 2782 318 2840 multorum
398 2786 740 2844 testimoniis
817 2788 1222 2860 comprobatur.
1298 2789 1418 2862 ipsa
1496 2805 1628 2848 vero

72 2881 183 2930 terra
194 2874 431 2945 conjacet
452 2876 611 2934 infra
633 2893 822 2938 muros
851 2878 1104 2937 Carnotis
1132 2889 1336 2938 nostrae
1357 2880 1621 2951 civitatis,

67 2965 188 3036 juxta
229 2980 434 3040 portam
481 2970 834 3039 Cinerosam,
871 2973 1158 3029 terminata
1193 2989 1300 3031 uno
1331 2973 1508 3032 latere
1537 2973 1624 3031 vel

1744 577 2116 651 episcoporum
2149 583 2420 652 manibus,
2467 596 2886 664 ceterorumque
2935 596 3174 659 fidelium
3214 622 3330 663 ma-

1741 670 1906 728 nibus
1959 672 2282 732 clericorum
2333 680 2696 740 roborandam
2752 689 3096 752 tradidimus.
3151 696 3328 758 Hilde-

1743 761 1958 829 manus,
1985 765 2426 838 archiepiscopus
2467 769 2822 834 Senonensis.
2881 778 3106 854 Joscph,
3151 792 3329 848 archi-

1740 853 2026 928 episcopus
2053 857 2422 918 Turonorum.
2451 863 2824 938 Constantius,
2854 853 3146 948 episcopus
3166 880 3326 940 Pari-

1739 945 1966 1004 siorum.
1998 949 2390 1023 Ragcnfredus,
2413 958 2702 1031 episcopus
2738 945 3100 1030 Carnotorum
3128 974 3266 1048 (70).
3303 998 3322 1030 ι

1811 1040 2044 1139 :I‘erram
2065 1044 2298 1117 denique
2319 1063 2440 1118 qua:
2477 1051 2530 1106 in
2594 1051 2816 1116 Ymouis
2867 1063 3004 1120 Villa
3031 1082 3062 1122 a
3090 1040 3323 1139 praefato

1738 1131 1992 1204 episcopo
2015 1135 2138 1190 data
2167 1150 2231 1192 ac
2276 1139 2482 1195 reddita
2511 1140 2630 1212 fuit,
2657 1147 2802 1206 sicut
2841 1131 3110 1224 superius.
3137 1161 3324 1230 praeli-

1739 1221 2008 1291 bavimus,
2035 1241 2144 1282 non
2171 1226 2405 1298 pleniter
2451 1235 2820 1309 possidemus,
2881 1221 3060 1317 neque
3117 1221 3322 1310 terram

1739 1315 1976 1373 civitatis
2008 1317 2062 1373 in
2095 1334 2200 1390 qna
2226 1322 2393 1379 turris
2421 1333 2476 1381 et
2505 1336 2701 1386 ceterae
2745 1335 2888 1392 aedes
2933 1315 3150 1400 comitis
3191 1354 3325 1403 sunt

1737 1415 2090 1476 constructae;
2117 1426 2217 1481 pro
2243 1427 2351 1483 qua
2377 1430 2584 1484 comes,
2631 1424 2796 1480 turris
2833 1440 3197 1503 constructor,
3229 1437 3325 1494 de-

1737 1497 1816 1554 dit
1842 1502 2122 1559 monachis
2163 1503 2216 1559 in
2265 1520 2458 1580 campo
2503 1509 2670 1570 Fabri
2708 1532 2873 1575 unum
2921 1497 3320 1586 modium'vini

1735 1592 1964 1665 singulis
2003 1595 2163 1654 annis
2203 1597 2256 1654 in
2283 1613 2532 1660 censum.
2575 1604 2672 1662 Set
2715 1609 2928 1669 vineam
2983 1618 3322 1687 possidentes

1733 1697 1832 1756 per
1852 1685 2191 1777 insolentiam
2219 1689 2272 1745 in
2313 1691 2493 1752 dando
2523 1698 2859 1773 negligentes
2909 1685 3167 1777 existunt,
3192 1715 3318 1769 dum

1736 1789 1842 1830 non
1874 1775 1946 1831 sit
1978 1775 2146 1846 judex
2184 1781 2274 1850 qui
2328 1793 2569 1844 sectetur
2609 1787 2889 1858 justiciam
2945 1812 3011 1855 ac
3053 1775 3320 1872 reprimat

1736 1878 2116 1962 usurpatorum
2155 1871 2568 1950 violatiam(7l)
2597 1896 2772 1953 neque
2813 1885 3018 1946 habens
3047 1871 3322 1962 aequitatis

1734 1955 1949 2028 libram,
1979 1961 2272 2020 ulciscatur
2296 1977 2501 2025 sancte
2536 1971 2821 2032 Ecclesiae
2875 1955 3129 2051 iniuriam
3155 2001 3170 2049 ;
3199 1988 3318 2057 cpi-

1733 2050 1883 2123 scapi
1922 2054 2068 2110 enim
2127 2053 2350 2115 desidiae
2426 2076 2618 2120 somno
2681 2050 3002 2140 sapiuntur,
3055 2050 3322 2147 superbia:

1732 2141 1883 2200 visco
1915 2145 2124 2212 tumidi,
2171 2149 2509 2209 adulantium
2541 2166 2703 2216 vento
2747 2161 2816 2218 de
2864 2141 3204 2226 rectitudinis
3231 2173 3316 2227 via

1731 2233 2044 2302 exorbitati,
2076 2235 2250 2294 instar
2279 2248 2762 2318 mercenariorum,
2793 2264 3104 2314 sanctarum
3133 2261 3314 2318 edium

1731 2323 2057 2423 detrimenta
2085 2329 2439 2423 vilipendunt,
2491 2347 2569 2407 et,
2626 2350 2685 2398 ut
2715 2344 2793 2400 ait
2817 2359 2954 2418 papa
2998 2348 3314 2423 Gregorius,

1737 2431 1757 2467 ς
1799 2413 2008 2488 Lupum
2053 2421 2362 2482 venientem
2405 2425 2620 2500 fugiunt
2653 2449 2759 2491 non
2810 2413 3070 2498 mutando
3109 2413 3313 2510 locum,

1737 2524 1757 2560 ι
1802 2517 1885 2564 set
1912 2510 2280 2606 subtrahendo
2306 2517 2582 2588 solatium,
2627 2524 2698 2582 de
2725 2527 2922 2598 quibus
2963 2531 3166 2588 dicitur
3217 2549 3317 2606 per

1735 2617 1756 2652 ε
1799 2603 2161 2674 pr0phetam:
2199 2606 2274 2664 Ve
2301 2612 2599 2682 pastoribus
2621 2613 2812 2683 Israel,
2841 2620 2931 2691 qui
2978 2638 3046 2677 ea:
3093 2603 3314 2682 adversa

1735 2711 1755 2746 ι
1794 2704 1936 2750 stare
1965 2697 2269 2768 noluerunt,
2295 2719 2460 2775 neque
2485 2721 2542 2762 se
2567 2707 2916 2779 adposuerunt
2973 2731 3184 2773 murum
3217 2736 3314 2792 pro

1734 2805 1754 2840 ς
1799 2787 1957 2844 domo
1985 2789 2219 2849 Domini.
2255 2810 2276 2847 ι
2313 2793 2411 2851 llis
2447 2804 2503 2852 et
2537 2796 2660 2856 aliis
2693 2803 2854 2860 modo
2881 2815 3070 2863 sancta
3099 2787 3314 2868 Eccle-

1726 2878 1808 2936 sia
1842 2876 2034 2940 iliatim
2063 2885 2412 2956 decrescens,
2441 2891 2555 2948 suis
2581 2893 2833 2952 viduetur
2860 2897 3180 2972 honoribus,
3209 2919 3313 2962 nec

1725 2981 1810 3067 est
1838 2988 1956 3042 rex,
1983 2990 2161 3050 neque
2199 2979 2452 3053 princeps
2491 2982 2583 3055 qui
2631 2985 2682 3042 ei
2743 2989 3029 3048 condoleat
3081 2993 3167 3050 vel
3216 2997 3313 3067 qui
3368 2975 3372 2979 ”

69 3055 213 3117 fronte
238 3061 315 3116 via
350 3061 581 3134 publica
610 3079 733 3136 quae
761 3063 912 3121 ducit
964 3065 1034 3120 ad
1079 3079 1244 3138 supra
1269 3066 1472 3124 dictam
1495 3083 1625 3140 por-
1725 3061 1843 3137 ejus
1857 3067 2182 3142 singultibus
2212 3073 2328 3130 sive
2351 3075 2640 3134 cotidianis
2665 3077 2882 3138 ﬂetibus
2919 3085 3114 3154 quovis
3159 3055 3316 3143 auai-

70 3156 182 3215 tam;
211 3150 372 3208 altero
396 3151 727 3210 veroiatere
753 3154 924 3211 haeret
960 3170 1118 3212 muro
1141 3156 1409 3225 civitatis;
1440 3157 1622 3217 fronte
1647 3183 1691 3244 ο
1724 3156 1798 3217 lio
1825 3162 2096 3234 respirare
2117 3166 2398 3222 concedat.
2433 3165 2612 3236 Quare
2659 3150 3182 3250 llagiciosi—quique,
3211 3181 3314 3236 im-

70 3253 172 3295 vero
187 3244 410 3299 secunda
462 3243 803 3300 terminatur
853 3253 1001 3301 terra
1047 3255 1254 3302 sanctae
1282 3247 1622 3307 Pictavensis
1664 3243 1675 3244 ί
1723 3256 1969 3325 punitate
1999 3255 2144 3326 freti,
2180 3257 2274 3315 Dei
2315 3259 2614 3319 cultoribus
2658 3243 2992 3333 invidentes,
3025 3243 3310 3328 decorum

69 3328 300 3388 ecclesiae.
326 3332 452 3390 Haec
473 3341 670 3390 autem
701 3334 880 3390 omnia
909 3334 1208 3406 Ρτωιίδθωο
1234 3344 1342 3394 tam
1371 3339 1426 3393 in
1458 3339 1622 3430 terris
1723 3346 2066 3406 detrimentis
2097 3351 2416 3423 temporalia
2461 3352 2564 3410 sibi
2595 3353 2746 3412 lucra
2785 3328 3126 3430 comparant,
3153 3362 3313 3420 dolis-

70 3435 198 3488 quam
239 3425 288 3481 in
321 3423 822 3498 supramemoratis
845 3425 1108 3482 tecclesiis
1141 3439 1440 3498 carumque
1473 3428 1620 3485 deci-

1738 3453 1829 3512 lue
1858 3441 2044 3499 colore
2078 3444 2336 3501 mendatii
2368 3447 2704 3518 compositis,
2755 3463 2946 3508 eorum
2972 3453 3114 3510 bona
3149 3470 3311 3512 usur-

71 3511 380 3610 inintiisqm
401 3517 725 3610 reditibus:
755 3531 888 3590 sepe
933 3515 1033 3572 fati
1080 3517 1400 3610 monasterii
1428 3515 1619 3610 iratri-
1720 3511 1900 3602 pando
1923 3532 2177 3591 auferunt
2215 3545 2270 3591 et
2311 3551 2432 3608 qua:
2454 3511 2760 3610 nequeunt,
2802 3541 3106 3602 insaciabili
3133 3511 3308 3603 avidi-

71 3600 146 3708 hus
180 3605 428 3666 donamus
459 3615 531 3666 et
573 3607 876 3676 reddimus,
1005 3613 1176 3708 pacto
1193 3615 1254 3664 ut
1369 3607 1619 3708 .odier-na

1738 3632 1836 3682 Late
1857 3625 2252 3698 depopulanda,
2277 3600 2514 3687 vastant.
2540 3600 2759 3688 .Verum
2808 3635 2942 3705 quia
2972 3600 3192 3708 longum
3205 3600 3308 3695 est

71 3689 135 3746 die
169 3703 216 3748 et
241 3695 291 3752 in
315 3697 552 3754 relicum
585 3697 796 3755 nullum
821 3698 1068 3755 debitum
1092 3697 1178 3757 vel
1197 3697 1480 3756 servitium
1510 3697 1620 3756 cir-
1721 3689 2092 3775 νθωθιηὶπξιιθ
2113 3689 2298 3776 omnia
2334 3721 2478 3778 mala
2528 3737 2669 3795 quae,
2717 3689 2924 3783 Sat;na
2957 3689 3305 3802 suggerente.

69 3787 203 3853 cadis,
226 3792 462 3860 synodis,
497 3793 759 3850 censibus
805 3802 862 3850 et
908 3793 1056 3850 omni
1106 3807 1308 3866 genere
1338 3793 1619 3850 redibitio-

1738 3815 1903 3862 nostra
1925 3807 2168 3866 accclesia
2218 3810 2465 3880 pertulit,
2495 3787 2561 3869 de
2582 3787 2768 3872 multis
2795 3787 3090 3890 perpauca"
3119 3787 3308 3878 subin;

70 3890 166 3986 num
190 3880 301 3938 inde
327 3883 610 3956 exigatur,
643 3883 897 3986 nullaque
927 3883 1180 3986 ξεροιῑιίο
1206 3884 1275 3939 ab
1297 3883 1406 3986 ιξηο
1427 3897 1618 3940 Succe'
1719 3897 1892 3954 feram
1917 3914 1934 3955 :
1963 3901 2104 3958 sicut
2151 3901 2222 3961 de
2267 3903 2497 3962 ecclesia
2541 3904 2761 3964 Baliolis
2787 3880 2938 3968 ἧειιὶε
2991 3927 3156 3986 quam
3195 3914 3305 3972 Ra-

70 3968 265 4028 dcmium
292 3974 384 4030 ttat
411 3975 558 4047 ipsis
593 3975 903 4043 canonicis,
925 3976 1118 4032 devote
1147 3974 1322 4032 nostri
1376 3988 1442 4032 ac
1485 3989 1616 4031 suc-

1738 3989 1898 4048 lulfus
1952 3992 2240 4065 episcopus
2285 3994 2352 4052 de
2384 3995 2625 4075 dominio
2655 3968 3046 4060 monachorum
3175 3968 3306 4064 suos

69 4074 298 4120 cessomm
344 4075 673 4124 nostrorum
726 4067 781 4122 in
809 4066 1058 4138 psalmis,
1090 4067 1272 4139 ymnis
1295 4077 1353 4124 et
1386 4068 1616 4125 canticis

1738 4099 1848 4140 usus
1874 4098 2193 4158 retorquens
2223 4103 2344 4144 cum
2388 4088 2511 4148 aliis
2572 4066 2756 4160 rebus,
2807 4094 3029 4152 beatum
3079 4097 3334 4156 Petrum~

69 4157 352 4223 spiritalibus
380 4161 713 4218 memoriam
742 4160 1048 4233 agentibus,
1063 4161 1334 4218 etdivinis
1359 4161 1613 4219 laudibus

1738 4179 2016 4250 ipostolum
2041 4180 2322 4253 vilipendit
2363 4181 2658 4241 oll'endere.
2700 4157 3006 4259 A—gobertus
3059 4205 3300 4263 quoque.

69 4246 250 4308 liberius
270 4253 691 4310 desudantibus.
730 4251 803 4310 Ut
822 4264 1007 4310 autem
1056 4253 1218 4326 hujus
1263 4252 1396 4311 facti
1434 4255 1613 4312 nostri

1738 4246 1898 4329 nostra
1931 4246 2252 4348 tempestate
2273 4279 2467 4349 praesul
2509 4280 2642 4353 (72),
2694 4246 2972 4340 caiionicis
3017 4246 3299 4342 assensum

72 4345 331 4444 ³¹ξοιοΐὶι³δ
357 4363 393 4403 a
420 4347 632 4405 ηῦειῐίε
651 4349 1061 4447 ευςοθδεοΐί-Ιιυε
1099 4348 1334 4447 ﬁliisque
1362 4349 1612 4447 Personi§
1713 4367 1946 4438 praebuit
1974 4345 2400 4441 usurpandi—non
2427 4345 2694 4432 modicam
2719 4385 2930 4447 partem
2959 4384 3120 4434 terrae
3147 4394 3302 4435 cam-

70 4433 250 4494 ιηίηίηιε
291 4438 556 4507 Videtur.
589 4439 918 4496 οιῐιηῖηιοάί8
950 4440 1352 4538 ίηῑθῖάῖοίηιυετ
1379 4451 1434 4498 ει
1467 4442 1609 4514 «ιιιοά
1645 4535 1674 4538 _
1714 4433 1765 4527 pi
1792 4457 1988 4526 Fauni,
2011 4476 2202 4518 versus
2225 4463 2519 4534 orientem;
2543 4481 2707 4538 quam
2732 4478 3106 4526 antecessores
3128 4474 3300 4528 nostri

71 4527 620 4633 anobiscoadunalgﬂl
661 4530 844 4585 datum
875 4547 1094 4632 (ζυοίιιιθ
1112 4547 1182 4633 ξε
1220 4532 1491 4633 "(iduum
1529 4543 1614 4590 εει
1644 4535 1690 4589 Ῑ)
1712 4547 1835 4604 sine
1860 4548 1966 4604 ulla
1999 4550 2267 4607 calumnia
2314 4564 2369 4610 et
2391 4527 2515 4612 nos,
2543 4527 2786 4614 moderni
2838 4561 3090 4617 monachi
3139 4561 3300 4633 longo

70 4628 152 4683 quo
169 4618 465 4678 nullomodo
512 4621 824 4686 dirimatur,
856 4621 938 4676 eis
975 4622 1344 4678 anathematis
1384 4637 1613 4694 repagu-

1738 4656 1812 4696 Isu
1851 4643 2208 4712 possedimus.
2255 4645 2546 4704 Gauslinus
2589 4650 2821 4722 denique
2850 4653 2915 4706 de
2941 4652 3156 4724 Leugis,
3191 4618 3296 4710 ηδε»

72 4700 156 4760 lum
177 4710 437 4780 obponel‘e
487 4710 810 4810 ωιαεῖηιυεο
858 4707 916 4764 Si
973 4709 1097 4810 (Ιυῖξ
1131 4723 1260 4780 θΐδο
1293 4711 1614 4810 ίίξίηθτωξίυδ
1715 4700 1874 4806 longe
1905 4750 1934 4788 a
1955 4733 2120 4792 ﬂuvio
2148 4737 2383 4794 Audurze
2413 4700 2763 4810 pertinaciter
2793 4743 2895 4800 sibi
2940 4700 3296 4801 religetvcen-

72 4809 220 4868 raptor
261 4812 314 4859 et
347 4803 862 4860 ecclesiasticarum
923 4803 1268 4860 sanctionum
1333 4805 1612 4875 improbus

1738 4803 1834 4878 ium
1865 4826 2020 4881 nobis
2049 4829 2328 4883 annuatim
2373 4803 2726 4895 reddendum,
2772 4833 2840 4889 de
2862 4833 3186 4904 quibusdam
3212 4835 3299 4890 vi-
3335 4867 3338 4870 ~

71 4889 258 4949 τίοιθιοτ
283 4897 596 4954 donationis
643 4897 758 4954 Sive
806 4896 1133 4991 reddi‘lionls
1185 4898 1346 4991 huius
1403 4908 1612 4991 siam“!
1715 4914 1832 4970 neis
1858 4915 1925 4970 ab
1945 4916 2200 4988 episcopo
2227 4919 2449 4991 llugone
2477 4922 2580 4978 sibi
2605 4889 2825 4979 relictis.
2856 4889 3099 4979 llerveus
3130 4925 3294 4982 etiam

72 4988 412 5055 contempserit
441 4999 496 5045 et
522 5004 590 5044 ea
620 4986 890 5044 adnullari
916 4986 1068 5043 nisus
1095 4987 1278 5056 fuerit,
1307 4990 1451 5060 quod
1477 5004 1613 5060 prae-

1738 5005 1780 5061 le
1807 4986 2149 5064 Gualardone
2176 5025 2282 5066 non
2312 4986 2470 5084 longe
2497 5028 2526 5067 a
2548 5028 2648 5070 suo
2691 5015 2990 5084 domicilio,
3021 5019 3296 5090 quandam

74 5077 322 5144 ευιιψεετίι
345 5079 659 5136 “indicare
690 5095 797 5138 non
851 5078 1053 5147 valeat.
1094 5089 1182 5136 εθι
1227 5089 1432 5137 ωιετηε
1462 5083 1612 5138 dam‘
1716 5104 1912 5152 terram
1939 5099 2112 5155 nostri
2160 5098 2298 5169 juris
2338 5077 2638 5173 usurpavit,
2670 5119 2790 5175 qua:
2813 5105 2905 5160 uni
2944 5077 3066 5164 bovi
3097 5108 3300 5166 dicitur

75 5167 303 5238 Metione,
321 5187 442 5226 cum
470 5171 684 5228 Datban
717 5179 776 5227 et
797 5169 1027 5238 Abiron,
1059 5171 1380 5243 dampnatus
1400 5180 1609 5272 pereat,

1738 5192 1976 5250 .ullicere.
2009 5193 2124 5262 Set,
2156 5167 2239 5251 his
2269 5198 2428 5252 modo
2448 5167 2780 5265 relictis,'ad
2823 5200 3181 5272 assignandas
3207 5217 3298 5260 res

76 5267 171 5310 cum
193 5257 403 5318 Diabolo
429 5278 644 5334 quoque
693 5273 748 5317 et
795 5261 1005 5332 angelis
1033 5261 1153 5332 ejus
1176 5263 1404 5320 ultrices
1434 5263 1610 5320 scele-

1738 5292 1958 5340 'crtatur
2004 5257 2241 5356 pennula
2278 5302 2397 5357 quae
2425 5287 2580 5344 nobis
2612 5288 2798 5347 divino
2823 5257 2967 5350 nutti
2995 5304 3217 5352 manent
3239 5304 3297 5352 et

77 5359 170 5402 rum
194 5348 426 5410 ﬂammas
451 5356 568 5410 sine
613 5355 720 5410 line
764 5353 1053 5410 sustineat.
1116 5353 1384 5420 Quatiuus
1427 5362 1608 5410 autem
1713 5348 2089 5435 manebunt-in
2119 5348 2320 5437 secula:

78 5433 167 5496 hac
188 5443 368 5516 pagina
399 5445 679 5502 validioris
701 5444 986 5504 ﬁrmitatis
1020 5445 1261 5502 anchora
1297 5445 1605 5515 roboretur,

1782 5713 1896 5782 (Ἠ)
1929 5712 2058 5783 Leg.
2083 5711 2402 5783 uiolentiam.

133 5705 228 5776 (70)
252 5710 399 5769 Conl.
422 5715 563 5771 hanc
583 5716 828 5772 chartam
852 5727 976 5770 cum
999 5711 1102 5772 alia
1130 5714 1372 5787 ejusdem
1397 5712 1608 5788 Ragen-
1782 5713 1896 5782 (Ἠ)
1929 5712 2058 5794 Leg.
2083 5711 2402 5768 uiolentiam.

133 5777 210 5845 uti,
236 5783 328 5837 col.
362 5783 487 5842 219.
1781 5785 1896 5856 (Ἱῖ)
1923 5784 2006 5840 Ab
2022 5799 2110 5839 an.
2139 5781 2276 5839 £052
2305 5783 2373 5840 ad
2392 5797 2479 5840 an.
2509 5782 2668 5840 1055.

82 5768 223 5845 indi,
236 5783 328 5837 col.
362 5768 487 5842 219.
