3890 6302
529 395 647 454 ser

736 497 741 501 ’
1060 491 1460 562 CAPITULUM
1493 499 1560 556 v.

529 622 608 680 De
636 620 909 677 duodecim
939 617 1246 689 agripennis
1262 616 1530 689 vinearum
1551 627 1584 689 ᾳ
1606 605 1888 689 venerabili
1914 604 2121 677 Hagen-

846 679 1012 761 fretu;~
1051 679 1276 760 praesule
1325 682 1593 738 canonicis
1640 679 1801 733 datis.

1141 779 1209 834 τιὸ
1233 776 1350 849 jun.
1383 772 1536 845 949.)

1116 780 1209 852 (~15
1233 780 1350 849 jun.
1383 780 1536 845 949.)

601 897 622 931 ς
672 877 729 932 ln
766 874 882 948 (73)
915 872 1133 930 nomine
1173 875 1374 925 sancta:
1400 874 1457 921 et
1483 861 1773 919 individua:
1813 857 2118 915 Trinitatis.

527 970 608 1035 Si,
646 964 962 1023 Conditoris
984 957 1226 1019 omnium
1254 955 1619 1021 institutione,
1646 954 1714 1009 ad
1741 952 1987 1007 laborem
2021 949 2122 1006 bo.

527 1078 615 1118 mo
639 1060 905 1124 nascitur,
937 1052 1202 1126 id’procul
1239 1049 1402 1107 dubio
1444 1047 1548 1105 sibi
1599 1052 1684 1102 est
1731 1042 2121 1101 elaborandum

525 1169 743 1210 summo
764 1164 928 1223 opere
958 1148 1105 1204 unde
1126 1145 1402 1217 geminum
1432 1141 1611 1197 valeat
1633 1137 1850 1209 assequi
1880 1151 2124 1193 commo-

523 1246 685 1312 dum;
742 1244 819 1300 ita
855 1253 1103 1313 quoque,
1142 1236 1398 1310 prudenti
1439 1233 1673 1299 ratione,
1711 1232 1931 1301 utrique
1957 1229 2125 1285 ratio-

518 1335 784 1392 nabiliter
804 1332 977 1388 labori
1015 1332 1177 1386 debet
1230 1325 1567 1391 iucombere,
1612 1332 1674 1379 ut
1726 1336 1827 1394 per
1893 1337 1958 1378 ea
2001 1330 2124 1391 qua:

526 1426 761 1498 gesserit
785 1422 1106 1484 laborando,
1141 1416 1493 1475 beatitudinis
1538 1428 1735 1471 nomen
1760 1421 1817 1469 et
1843 1411 2120 1484 praemium

525 1521 921 1584 consequatur,
973 1521 1098 1568 sese
1148 1507 1378 1563 interius
1431 1505 1781 1575 exteriusque
1827 1503 2121 1574 pascendo,

525 1606 724 1663 merito
751 1604 964 1661 dicatur
1004 1601 1082 1657 illi
1116 1599 1248 1657 illud
1294 1592 1675 1670 propheticum
1704 1613 1719 1651 :
1752 1589 1982 1649 Labores
2007 1610 2126 1648 ma-

520 1713 689 1753 nuum
711 1707 927 1752 tuarum
949 1691 1318 1749 manducabis.
1350 1689 1547 1745 Beatus
1572 1705 1626 1744 es
1652 1697 1700 1743 et
1731 1687 1858 1743 bene
1885 1686 1977 1743 tibi
1999 1685 2141 1761 erit.

526 1785 622 1842 Set
638 1793 696 1842 et
712 1785 758 1841 si
794 1782 1126 1856 proliciente
1145 1779 1354 1849 labore,
1376 1779 1619 1836 exterius
1639 1776 1842 1835 divitia:
1871 1776 2119 1842 aﬂluuut,

526 1891 638 1933 non
666 1852 1046 1947 apponendum
1086 1881 1173 1929 est
1219 1887 1337 1940 eor,
1368 1870 1623 1942 quoniam
1668 1868 1720 1925 in
1771 1868 2122 1940 adquirendis
2156 1852 2198 1912 Β

526 1970 823 2025 mundanis
849 1968 1011 2024 rebus
1037 1964 1268 2022 tollenda
1291 1960 1378 2021 est
1405 1962 1713 2020 sollicitudo
1739 1971 1795 2018 et
1817 1954 2123 2019 adibendus

529 2058 706 2115 labor.
739 2058 841 2127 Qui
874 2072 1006 2131 ergo
1029 2056 1314 2127 utriusque
1341 2055 1468 2111 boni
1494 2069 1654 2111 verus
1698 2053 1975 2110 desiderat
1995 2067 2124 2113 esse

439 2213 442 2216 ,
526 2163 814 2220 possessor
874 2164 982 2205 non
1043 2149 1327 2205 bonorum»
1379 2143 1759 2216 temporalium
1812 2158 2000 2199 amore
2041 2152 2127 2198 est

527 2240 940 2312 astringendus,
986 2251 1057 2295 ne
1108 2253 1217 2293 non
1278 2235 1536 2292 dominus
1584 2233 1700 2290 ﬁeri
1736 2233 2004 2300 videatur,
2042 2241 2127 2289 set

526 2347 760 2399 servus;
791 2333 941 2402 quia,
970 2337 1312 2385 terrenarum
1340 2340 1527 2381 amore
1559 2324 1841 2390 astrictus,
1873 2338 1979 2381 non
2002 2337 2127 2394 pos—

526 2422 672 2477 sidet
705 2429 789 2476 set
821 2419 1170 2492 possidetur;
1203 2431 1379 2488 neque
1407 2416 1571 2471 etiam
1602 2426 1724 2485 qua:
1755 2412 2128 2485 temporaliter

525 2515 869 2587 adquirimus
893 2512 1044 2570 carni
1069 2521 1290 2579 nostra},
1321 2521 1405 2567 set
1452 2509 1642 2581 potius
1698 2509 1897 2564 animae
1924 2515 2127 2565 nostrae

524 2610 659 2664 dare
684 2607 949 2664 debemus
979 2606 1118 2678 (74),
1146 2620 1294 2671 cum,
1319 2602 1460 2659 sicut
1486 2603 1750 2672 scriptum
1784 2608 1888 2665 est,
1921 2600 2126 2655 redem-

524 2700 635 2770 ptio
664 2699 860 2755 animae
904 2697 1004 2753 viri
1052 2696 1348 2753 substantia
1399 2705 1475 2749 est
1512 2693 1650 2763 ejus.
1696 2692 1931 2763 Hujusce
1978 2692 2125 2748 modi

525 2789 692 2862 igitur
715 2796 880 2859 atque
908 2787 1032 2845 aliis
1050 2798 1364 2844 sanctarum
1388 2785 1801 2856 Scripturarum
1825 2784 2141 2839 documen"

528 2880 598 2937 tis
624 2879 948 2947 instructus,
995 2893 1063 2933 ac
1086 2876 1312 2948 superni
1367 2875 1571 2933 amoris
1627 2875 1754 2946 igne
1801 2887 2125 2941 succensus,

525 2990 629 3047 ego
676 2971 1056 3046 Ragenfredus
1086 3011 1105 3038 ,
1157 2981 1365 3028 sancta:
1406 2969 1588 3026 Mariae
1627 2968 1819 3025 matris
1867 2965 2129 3025 acclesiae

525 3066 748 3123 humilis
799 3066 1129 3137 episcopus,
1190 3065 1395 3132 notum:
1416 3076 1543 3119 esse
1604 3060 1853 3118 volumus
1914 3059 2147 3120 cunctis

426 3217 432 3223 ,
524 3167 736 3217 sanctis
789 3159 882 3215 Dei
940 3156 1227 3213 Ecclesiae
1270 3155 1529 3232 ﬁdelibus
1576 3153 1937 3227 praesentibus
1963 3161 2128 3223 atque

522 3252 798 3318 venturis,
855 3251 1060 3308 nostris
1112 3264 1331 3321 quoque
1379 3248 1789 3305 successoribus
1817 3288 1835 3316 ,
1889 3247 2127 3320 qualiter

525 3345 796 3416 quendam
850 3344 1023 3400 viuere
1064 3344 1337 3410 clausum,
1401 3341 1625 3413 proprio
1655 3348 1877 3411 sumptu
1931 3347 1990 3397 et
2042 3337 2124 3394 la-

524 3436 659 3491 bore
709 3451 741 3490 a
803 3436 962 3492 nobis
993 3434 1302 3507 plantatum
1345 3442 1511 3505 atque
1550 3441 1928 3490 constructum
1955 3473 1973 3500 ,
2025 3447 2126 3504 pro

526 3530 769 3585 remedio
808 3529 1008 3585 anitum
1049 3538 1272 3596 nostrae,
1319 3542 1415 3584 seu
1452 3526 1793 3583 absolutione
1835 3524 2148 3597 parentum

525 3626 838 3674 nostrorum
891 3633 923 3673 a
968 3618 1210 3689 peccatis
1254 3625 1387 3687 aput
1441 3616 1612 3672 Deum
1661 3614 1980 3682 obtinenda,
2028 3629 2125 3670 ca-

526 3707 741 3764 nonicis
791 3708 1102 3764 monasterii
1145 3708 1335 3765 Sancti
1389 3706 1563 3774 Petri,
1623 3706 1769 3777 quod
1821 3706 1991 3763 situm
2038 3716 2125 3763 est

527 3795 582 3851 in
609 3796 906 3866 ,suburbio
969 3797 1282 3856 Carnotina:
1329 3797 1590 3867 civitatis,
1623 3812 1725 3854 usu
1769 3795 2125 3870 stipendiario

529 3888 916 3959 perpetualiter
976 3890 1282 3947 habendum
1337 3891 1605 3955 tradimus
1631 3931 1648 3958 ,
1717 3906 1785 3947 ac
1833 3891 2120 3951 donamus.

527 3982 613 4041 Ad
642 3982 1090 4041 conﬁrmandam
1164 3982 1332 4040 etiam
1383 3982 1544 4040 istius
1616 3981 1928 4040 donationis
1986 3999 2123 4041 cau-

527 4092 671 4146 sam,
710 4076 935 4150 dignum
981 4076 1262 4146 duximus,
1288 4075 1639 4148 exprasdicta
1687 4075 1847 4134 vinea
1911 4085 2122 4134 cartam

530 4170 651 4226 ﬁeri
673 4169 789 4241 jam
815 4170 976 4227 dictis
999 4170 1299 4235 canonicis,
1343 4184 1469 4226 cum
1506 4173 1734 4227 asSensu
1766 4183 1831 4225 ac
1860 4168 2124 4241 depreca-

531 4255 680 4321 tione
716 4263 948 4331 Graultl,
991 4264 1084 4335 qui
1129 4261 1625 4319 abbatiam'Sancti
1652 4261 1892 4318 Carauni
1937 4268 2124 4317 tenere

527 4357 777 4414 cernitur
824 4372 923 4429 per
970 4357 1352 4413 auctoritatem
1404 4363 1607 4412 nostra:
1653 4353 1977 4427 largitionis.
2026 4353 2125 4410 Est

530 4459 715 4505 autem
747 4449 864 4520 ipsa
897 4449 1055 4505 vinea
1083 4462 1253 4520 prope
1287 4446 1620 4504 cimiterium
1671 4445 1845 4517 ipsius
1873 4445 2125 4503 videlicet

1436 382 1644 443 PAULl
1683 380 1743 439 S.
1780 366 1989 436 PETRI
2027 366 2515 433 CARNOTENSIS
2553 366 2865 427 HONACHI

2145 492 2451 550 Aterrenre
2500 483 2818 541 substantiae
2868 480 3106 547 viatico,
3162 478 3216 536 in
3268 478 3523 553 pnesen'ti
3580 476 3817 537 liberius

3714 360 3822 419 sos

2221 596 2252 636 a
2276 579 2387 650 (75)
2411 592 2644 651 superna
2676 577 2930 634 tendatur
2958 582 3016 631 et
3056 575 3108 629 in
3137 589 3303 644 supra
3331 573 3473 628 dicta
3499 571 3649 628 Petri
3681 587 3822 643 apo-

2222 672 2484 729 stolorum
2512 670 2774 742 principis
2802 667 3046 726 mcclesia
3073 665 3292 737 plenius
3312 665 3514 721 divina:
3542 664 3827 721 servitutis

2222 764 2546 836 expleantur
2573 760 2767 826 ollicia,
2798 761 3064 830 nobisque
3086 758 3139 813 in
3183 757 3490 813 caelesti-bus
3518 754 3828 812 reddantur

2222 860 2352 917 inde
2391 850 2855 915 remunerationis
2895 853 3118 926 praemia
3155 850 3547 923 centuplicata.
3603 849 3663 906 Si
3699 851 3829 922 quis

2220 963 2404 1008 autem
2441 964 2817 1008 successorum
2856 956 3170 1004 nostrorum
3203 945 3285 1001 vel
3324 944 3433 1000 alia
3470 944 3653 1016 aliqua
3696 958 3830 1014 per-

2224 1057 2359 1104 sons
2385 1039 2531 1102 hanc
2556 1042 2866 1101 donationis
2891 1041 3144 1113 paginam
3173 1038 3381 1094 violare
3403 1037 3827 1109 presumpserit,

2228 1138 2367 1193 iram
2417 1135 2510 1192 Dei
2566 1135 2848 1200 incurrat,
2912 1130 3105 1187 beatus
3150 1128 3349 1185 Petrus
3399 1129 3451 1184 ei
3507 1125 3831 1183 contrarius

2225 1229 2340 1298 (lat,
2390 1236 2447 1284 et
2498 1227 2753 1283 inimicus
2801 1239 2928 1281 "cum
2978 1221 3178 1280 ceteris
3228 1220 3488 1292 apostolis
3531 1219 3827 1286 omnibus;

2224 1320 2457 1378 ctelestis
2505 1318 2657 1388 regni
2707 1316 2849 1374 ovile
2900 1314 3109 1387 ingredi
3161 1324 3269 1369 non
3318 1321 3617 1376 mereatur,
3668 1306 3833 1377 cujus

2223 1413 2406 1471 claves
2452 1412 2567 1483 ipse
2611 1421 2831 1476 tenere,
2881 1407 3110 1464 Domino
3158 1406 3443 1482 largiente,
3494 1401 3829 1466 dinoscitur,

2225 1500 2637 1558 calumniatoris
2668 1498 2947 1555 temeritas
2976 1495 3207 1568 ptenitus
3235 1495 3549 1557 frustretur,
3580 1506 3835 1564 pnes-ens

2225 1608 2440 1666 quoque
2483 1581 2783 1649 auctoritas
2831 1580 3462 1645 inviolabilis‘mansura
3512 1587 3831 1642 roboretur.

2225 1684 2505 1753 Quatenus
2535 1699 2666 1740 vero
2704 1682 2820 1738 haec
2861 1681 3057 1753 pagina
3094 1679 3326 1736 validius
3362 1678 3642 1735 ﬁrmitatis
3681 1678 3833 1733 obti-

2226 1786 2354 1834 neat
2374 1777 2559 1842 robur,
2587 1775 2837 1830 manibus
2857 1773 3094 1844 propriis
3118 1787 3240 1827 eam
3270 1769 3834 1836 subterﬁrtnarimns,

2226 1877 2282 1925 et
2308 1868 2591 1925 canonicis
2618 1875 2818 1922 nostra:
2847 1863 3109 1921 :ecclesite
3137 1878 3231 1920 seu
3263 1852 3664 1932 lrat‘ribusiam
3694 1860 3833 1915 dicti

2226 1957 2543 2017 monasterii
2573 1971 2640 2010 ac
2675 1956 2899 2025 reliquis
2928 1953 3177 2009 ﬁdelibus
3214 1951 3418 2009 nostris
3460 1951 3836 2007 roborandam

2226 2050 2589 2108 decrevimus.
2625 2048 3027 2119 Ragent‘redus,
3060 2047 3358 2104 Carnotum
3390 2046 3610 2116 prmsnl,
3660 2042 3833 2114 hujus

2226 2142 2537 2200 donationis
2589 2144 2841 2213 paginam
2889 2141 3018 2196 fecit
3061 2152 3127 2196 ac
3177 2138 3477 2195 roboravit.
3540 2135 3836 2204 Graull'us,

2183 2271 2185 2274 ι
2229 2234 2423 2291 abbas.
2479 2233 2770 2297 Waracco,
2817 2231 3108 2303 presbiter.
3166 2229 3496 2296 Bernardus,
3532 2230 3835 2298 presbiter.

2230 2324 2627 2399 Ragenbaldus,
2654 2323 2945 2396 presbiter.
2973 2321 3275 2387 Arduinus,
3307 2319 3494 2377 levita.
3542 2320 3834 2388 Alcarius,

2229 2416 2411 2475 levita.
2462 2416 2786 2481 Aitnerieus,
2814 2412 2997 2471 levita.
3042 2412 3359 2479 Malbertus,
3390 2413 3576 2469 levita.
3628 2413 3839 2469 Ebrol-

2227 2525 2375 2576 nus,
2430 2509 2614 2566 lerita.
2695 2508 2876 2575 Wido,
2923 2507 3103 2567 levita.
3159 2506 3479 2573 Ardradus,
3531 2506 3837 2577 presbiter.

2228 2604 2399 2671 Isaac,
2432 2603 2733 2676 presbiter.’
2756 2601 3058 2668 Ardradus,
3088 2600 3272 2658 levita.
3311 2600 3663 2665 Lambertus,
3694 2601 3839 2657 sub-

2229 2699 2509 2756 diaconus.
2551 2698 2863 2759 Gauslinns.
2893 2697 3278 2753 subdiaconus.
3334 2692 3674 2761 liunbertus,
3722 2694 3844 2751 cle—

2229 2791 2395 2848 ricus.
2450 2790 2733 2856 Heirveus,
2774 2789 3027 2845 clericus.
3090 2788 3265 2855 Dedo,
3314 2787 3571 2843 clericus.
3619 2785 3839 2841 Actum

2228 2882 2480 2939 Carnotis
2518 2881 2758 2938 civitatis
2815 2883 2868 2937 in
2912 2881 3077 2937 domo
3116 2882 3307 2938 matris
3349 2880 3633 2937 atcclesiae.
3690 2880 3843 2936 Data

2230 2973 2352 3031 idus
2390 2973 2530 3045 junii
2574 2987 2719 3030 anno
2762 2988 2860 3030 xm
2906 2981 3166 3046 regnante
3201 2973 3479 3032 Ludovico
3527 2986 3657 3045 rege
3704 2970 3841 3029 feli-

2229 3067 2382 3122 citer.
2423 3084 2442 3119 s
2978 3076 2981 3079 λ
3239 3116 3243 3120 _

2260 3172 2263 3173 ⁷
2760 3178 3165 3236 CAPITULUM
3207 3179 3293 3235 Vl.

2298 3271 2434 3329 Item
2466 3271 2531 3326 de
2558 3269 2741 3326 eadem
2773 3284 2828 3325 re
2856 3271 3107 3340 scriptum
3132 3264 3341 3340 Graulﬁ
3367 3269 3592 3334 abbatis,
3622 3267 3679 3323 in
3711 3283 3843 3325 rno-

2391 3342 2619 3399 rtasterio
2647 3343 2817 3397 sancti
2850 3341 2996 3396 Petri
3027 3341 3298 3396 monachis
3321 3341 3439 3411 jam
3461 3340 3672 3411 positis.

2865 3433 3027 3506 (Ann.
3054 3432 3204 3505 sis.)

2301 3547 2321 3581 ι
2352 3527 2410 3583 ln
2441 3524 2647 3584 Christi
2676 3525 2917 3582 nomine.
2947 3524 3226 3593 Grault'us,
3257 3524 3349 3596 qui
3381 3524 3658 3582 abbatiam
3684 3525 3848 3581 Sans

2226 3619 2299 3677 cti
2335 3618 2593 3688 Carsuni,
2635 3634 2757 3691 qua:
2801 3627 2886 3675 est
2936 3618 2990 3674 in
3038 3617 3302 3674 suburbio
3333 3616 3586 3674 Carnotis
3636 3627 3847 3674 tenere

2228 3714 2494 3782 videmur,
2520 3721 2709 3769 notum
2742 3727 2864 3769 esse
2894 3710 3141 3767 volumus
3171 3710 3387 3767 cunctis
3413 3710 3847 3768 successoribus

2224 3806 2427 3862 nostris
2471 3814 2528 3862 et
2573 3803 2800 3876 reliquis
2843 3802 3048 3860 Christi
3097 3802 3368 3868 ﬁdelibus,
3397 3803 3635 3873 qualiter
3661 3816 3866 3873 ηυδε-⁸

2225 3897 2349 3953 dam
2392 3898 2600 3963 vineas,
2654 3912 2683 3952 a
2717 3894 3064 3968 Ragenl‘redo
3108 3895 3369 3966 episcopo
3407 3900 3465 3950 et
3500 3892 3675 3950 fratre
3732 3910 3848 3951 suo

2223 3991 2468 4047 Arduiuo
2509 4004 2723 4046 necnon
2767 3999 2822 4045 et
2872 3989 2942 4045 ab
2968 3987 3138 4044 Alveo
3181 3976 3382 4044 abbate
3431 3985 3746 4058 plantatas,
3786 3995 3865 4042 et

2226 4084 2560 4159 monasterio
2581 4082 2769 4139 Sancti
2798 4082 2968 4149 Petri,
2991 4084 3137 4152 quod
3164 4082 3329 4137 situm
3358 4090 3445 4137 est
3473 4081 3526 4135 in
3557 4079 3848 4137 suburbio

2223 4174 2572 4241 Carnotensi,
2601 4174 2830 4230 donatas
2880 4182 3047 4245 atque
3096 4172 3336 4240 relictas,
3366 4169 3654 4228 monachis
3679 4169 3850 4240 ejus-

2225 4269 2345 4323 dem
2377 4265 2505 4332 loci,
2534 4282 2655 4321 cum
2687 4279 2955 4322 consensu
2986 4265 3224 4321 tldelium
3257 4273 3461 4321 saneta:
3475 4263 3660 4320 Maria:
3693 4265 3865 4321 Cara

2227 4355 2533 4412 notensium
2586 4354 2778 4411 matris
2824 4354 3118 4420 aceclesiaz,
3165 4353 3398 4411 libenter
3444 4353 3865 4413 concedimus.

2226 4447 2368 4502 Sunt
2408 4457 2587 4503 autem
2630 4448 2760 4518 ipsae
2803 4448 2972 4501 vineae
3006 4445 3059 4500 in
3097 4446 3273 4502 tribus
3316 4444 3452 4501 locis
3481 4445 3825 4505 constitutae

528 4536 720 4594 Sancti
751 4539 992 4594 Carauni
1029 4538 1098 4594 ad
1133 4535 1494 4608 aquilonalem
1533 4535 1745 4609 plagam
1792 4534 1959 4608 ipsius
1992 4534 2119 4602 loci,
2149 4537 2438 4619 D-clausus
2468 4553 2609 4593 unus
2638 4536 2890 4592 videlicet
2927 4550 2995 4592 ex
3041 4540 3231 4592 xncim
3270 4536 3550 4606 aripennis
3576 4546 3635 4592 et
3662 4538 3865 4595 dimi-‘

529 4630 746 4687 habens
773 4630 829 4685 in
854 4638 1026 4686 totum
1055 4629 1350 4701 aripennos
1376 4644 1452 4684 su
1494 4637 1552 4684 et
1576 4627 1883 4694 dimidium,
1914 4626 2149 4683 dimsit--

526 4735 619 4776 sos
666 4718 988 4791 singillatim
1035 4719 1264 4790 perticis
1312 4718 1727 4789 quinquagenis.
1779 4716 2126 4773 Terminatnr

527 4812 696 4869 etiam
739 4813 949 4870 duobus
994 4810 1255 4867 lateribus
1301 4818 1448 4865 terra
1503 4808 1748 4881 ejusdem
1800 4808 2121 4881 potestatis;

528 4906 741 4965 duabus
784 4916 1003 4977 quoque
1054 4903 1351 4968 frontibus,
1391 4902 1498 4958 viis
1538 4900 1789 4973 publicis.
1831 4899 1978 4958 lnl‘ra
2021 4903 2122 4959 has

528 4998 696 5069 igitur
733 4997 1144 5053 terminationes
1184 4994 1470 5067 praefatam
1500 4994 1715 5050 vineam
1750 4994 1827 5050 ita
1862 4993 1965 5061 eis,
1996 5008 2124 5066 sepe

530 5088 678 5144 dicto
720 5086 918 5144 abbate
945 5083 1171 5141 Graull‘o
1219 5084 1574 5156 deprecante,
1621 5084 2017 5154 concessimus,
2061 5093 2126 5140 ut

529 5177 767 5248 desuper
818 5176 996 5233 securi
1041 5175 1298 5231 ediﬁeent
1340 5184 1397 5231 et
1440 5176 1581 5232 bene
1627 5184 1971 5245 construant,
2021 5177 2123 5233 ha-

530 5269 804 5340 beantque
838 5267 1114 5325 licentiam
1154 5268 1424 5325 vendendi
1465 5269 1550 5325 vel
1587 5269 1751 5326 dandi
1782 5272 2009 5327 eandem
2038 5273 2124 5329 vi-

531 5376 691 5418 neam
716 5361 1049 5432 quicumque
1095 5360 1385 5417 voluerint.
1448 5360 1563 5418 Hoc
1626 5361 1859 5433 denique
1918 5364 2121 5419 donum

533 5456 654 5513 ideo
694 5455 890 5523 etiam,
933 5463 1046 5511 tota
1099 5454 1266 5511 animi
1324 5455 1630 5524 devotione,
1685 5457 2118 5527 procuravimus,

2225 4629 2337 4696 dio,
2369 4627 2527 4699 iusta
2568 4629 2961 4685 monasterium
2988 4627 3177 4685 Sancti
3201 4628 3478 4695 Carauni,
3509 4644 3677 4699 quem
3732 4630 3851 4688 dea

2224 4722 2421 4779 derunt
2455 4721 2826 4794 ltagenl‘redus
2861 4731 2917 4777 et
2938 4722 3232 4785 Arduinus,
3256 4728 3315 4778 et
3344 4728 3478 4778 ιιιιάτ
3526 4722 3849 4792 aripennes

2227 4830 2291 4871 ac
2322 4815 2441 4869 dure
2469 4824 2653 4884 partes
2697 4814 2871 4884 quinti
2928 4813 3240 4884 aripennis,
3278 4828 3387 4869 non
3437 4814 3601 4885 longe
3638 4829 3673 4869 a
3712 4815 3852 4872 loco

2223 4907 2314 4978 qui
2345 4900 2646 4977 appellatur
2672 4904 2751 4960 Ad
2782 4917 3002 4963 crucem
3034 4905 3220 4964 Sancti
3240 4906 3499 4964 Carauni.
3528 4905 3850 4964 Terminus

2226 5010 2314 5053 tur
2350 5008 2531 5053 autem
2550 4997 2665 5068 jam
2689 4997 2867 5054 dictus
2897 4997 3120 5057 clausus
3143 5000 3354 5057 duobus
3383 4998 3675 5065 lateribus,
3712 5001 3850 5072 ipsa

2225 5098 2527 5163 potestate;
2564 5089 2775 5146 duabus
2818 5088 3115 5158 frontibus,
3146 5091 3250 5148 viis
3277 5090 3526 5163 publicis.
3575 5088 3855 5159 Quatuor

2226 5198 2355 5238 vero
2403 5183 2691 5254 aripennes
2719 5197 2858 5252 quos
2889 5183 3039 5238 dedit
3064 5183 3269 5240 Alveus
3314 5184 3689 5240 terminantur
3718 5201 3853 5243 uno

2228 5276 2418 5343 latere,
2452 5276 2563 5347 ipsa
2595 5285 2767 5341 terra;
2812 5276 2982 5332 altero
3011 5275 3201 5342 latere,
3235 5288 3380 5333 terra
3420 5276 3652 5333 fratrum
3688 5266 3855 5336 San-

2229 5366 2301 5421 cti
2326 5364 2587 5431 Carauni;
2617 5382 2720 5420 una
2749 5364 2950 5432 fronte,
2981 5367 3063 5422 via
3091 5382 3210 5438 quae
3238 5368 3387 5423 ducit
3410 5368 3478 5423 ad
3501 5368 3848 5441 civitatem;

2224 5458 2393 5514 altera
2440 5472 2658 5529 quoque
2708 5457 2906 5522 fronte,
2968 5467 3110 5513 terra
3174 5458 3357 5515 Sancti
3415 5459 3661 5517 Martini.
3696 5462 3856 5521 ,ωε

532 5551 790 5619 quatinus
827 5565 858 5606 a
889 5549 1218 5621 praescriptis
1260 5550 1561 5612 canonicis.
1607 5545 1962 5608 habundante
2012 5549 2121 5608 illis
2221 5551 2391 5609 etiam
2440 5551 2561 5606 duae
2601 5559 2786 5607 partes
2823 5551 2983 5607 unius
3017 5552 3264 5624 aripenni
3306 5555 3683 5614 terminantur
3721 5573 3853 5617 uno

602 5733 715 5807 (7'5)
745 5703 1207 5807 Chartamaxima
1255 5729 1337 5807 sui
1374 5739 1545 5807 parte
1594 5706 1807 5804 vulgata
1868 5733 1921 5790 in
1962 5728 2107 5790 Call.

534 5800 752 5875 Christ.,
788 5815 804 5862 ι
859 5801 987 5873 Vill,
1016 5802 1196 5870 insin,
1226 5800 1328 5858 col.
1368 5801 1493 5859 289.

2292 5728 2408 5802 (74)
2432 5728 2532 5802 Ita,
2563 5729 2656 5785 sed
2687 5739 2876 5802 postea
2903 5730 3211 5791 correctum
3236 5734 3508 5794 habemus.
3603 5717 3607 5721 ’

2300 5791 2408 5873 ΠΒ)
2444 5791 2575 5873 Leg.
2617 5791 2709 5859 ad:
