3842 6308
79 399 173 459 209

1094 404 1330 461 VETUS
1367 399 1624 459 AGANO.
1646 425 1715 440 -—
1738 399 1865 455 LIB.
1908 400 1947 454 l.
1977 397 2279 457 AGANUS.

3224 407 3328 465 210

76 522 259 583 latere,
310 512 471 571 terra'
493 514 703 571 Sancta:
732 515 942 584 Mariaz;
992 517 1184 583 altero,
1225 526 1494 589 potestate
1530 515 1639 572 fra-
1669 520 1715 578 Α
1745 530 1976 586 quorum
2006 522 2190 570 custos
2215 513 2282 569 dc
2310 509 2520 568 duobus
2562 510 2878 571 melioribus
2914 514 3142 589 singulis
3169 521 3329 580 annis

74 622 202 666 tium
231 608 417 666 Sancti
455 608 727 675 Carauni;
770 610 980 667 duabus
1024 626 1157 668 vero
1204 612 1500 678 frontibus,
1536 612 1642 667 viis

70 702 300 776 publicis.
358 701 502 758 infra
541 703 639 758 has
682 703 864 773 itaque
912 704 1348 772 terminationes,
1387 704 1641 775 praefatus

68 796 234 851 vineas
268 794 619 850 concedimus
661 795 1044 866 perpetualiter
1078 797 1364 865 tenendas,
1393 806 1454 853 ut
1480 796 1641 854 desu-

66 902 150 957 per
172 886 342 944 securi
391 885 663 953 edificent,
698 897 755 945 et
780 886 1016 944 habeant
1059 888 1336 945 licentiam
1368 889 1639 947 vendendi

67 978 137 1035 rel
162 978 321 1035 dandi
359 992 463 1036 eas
496 980 802 1052 cuicunque
836 980 1128 1038 voluerint.
1164 981 1431 1050 Quatinus
1456 990 1637 1039 autem

65 1070 249 1128 sartula
284 1070 404 1128 haec
438 1071 650 1128 firmior
685 1074 787 1141 sit,
829 1074 1083 1130 manibus
1115 1074 1349 1146 propriis
1386 1088 1507 1129 eam
1546 1073 1637 1129 fir-

64 1164 331 1229 mavimus,
371 1171 431 1221 et
469 1166 750 1221 canonicis
776 1165 993 1223 Sanctae
1024 1166 1209 1223 Mariae
1257 1175 1420 1239 atque
1452 1160 1635 1225 Sancti

63 1254 271 1315 Carauui
333 1255 704 1313 roborandam
762 1258 1080 1327 obtulimus.
1143 1259 1339 1316 Actum
1385 1259 1637 1317 Carnotis

63 1345 269 1417 publice.
318 1344 551 1418 Signum
594 1347 824 1416 Graulfl,
853 1350 1085 1411 abbatis.
1143 1350 1380 1422 Sugerii,
1421 1351 1631 1408 decani.

64 1436 294 1503 Arduini,
357 1437 682 1494 archiclavi.
752 1439 968 1507 Marini,
1031 1442 1342 1512 presbiteri.
1407 1442 1630 1510 Alcarii,

64 1528 344 1596 presbiteri.
386 1528 703 1597 Teodorici,
730 1532 1044 1601 presbiteri.
1085 1533 1287 1603 Algcri,
1318 1535 1631 1605 presbiteri.

63 1620 291 1688 Josberti,
342 1623 665 1693 presbiteri.
724 1623 973 1693 Odberti,
1012 1626 1322 1697 presbiteri.
1384 1625 1631 1693 Leobini,

61 1713 337 1783 presbiteri.
379 1716 626 1785 Girardi,
655 1718 889 1774 diaconi.
929 1718 1183 1784 Evrardi,
1211 1718 1449 1777 diaconi.
1491 1718 1633 1775 Ade-

61 1804 196 1873 lardi,
221 1806 461 1862 diaconi.
518 1827 538 1861 ι

1741 624 1772 665 c
1799 608 2006 662 modios
2037 607 2220 662 mixtae
2250 618 2478 662 annonas
2505 604 2748 663 solvebat
2774 605 3053 676 fratribus,
3088 612 3329 684 duosque

1742 696 1998 754 frumenti
2026 707 2078 752 et
2108 697 2291 753 mei“
2319 711 2528 764 avenae,
2558 696 2625 751 ad
2667 696 2954 755 cervisiam
2986 698 3324 772 faciendam;

1740 790 2005 863 anguillas
2032 806 2086 856 c,
2128 804 2325 860 porcos
2370 804 2584 845 crassos
2630 804 2779 855 illi”,
2832 790 3059 860 gallinas
3101 808 3155 849 Vl
3203 809 3328 854 cum

1740 883 1884 949 ovis,
1914 882 2064 938 omni
2099 896 2283 938 mense
2308 881 2392 937 bis
2418 880 2692 952 eulogias;
2727 880 2918 951 reliqui
2950 882 3057 940 duo
3083 882 3329 942 farinarii

1743 975 2068 1047 praebendas
2111 974 2339 1030 fratrum
2379 973 2661 1033 malebant
2682 981 2738 1031 et
2767 973 2912 1047 ligna
2939 978 3330 1049 comparabant

1737 1069 1805 1124 ad
1832 1081 2025 1139 panem
2052 1066 2413 1138 coquendum.

1806 1164 1860 1219 5.
1908 1162 1982 1218 De
2003 1161 2200 1217 Bodasi
2232 1159 2394 1216 Villa.
2451 1158 2509 1217 In
2539 1159 2733 1217 Bodasi
2763 1158 2899 1217 Villa
2928 1168 3048 1217 erat
3074 1176 3202 1220 casa
3233 1164 3329 1220 do-

1737 1255 1936 1311 minica
1985 1268 2106 1310 cum
2155 1252 2356 1308 horreo
2382 1261 2436 1307 et
2461 1252 2643 1318 horto,
2674 1252 2851 1309 cincta
2893 1252 3153 1310 moderno
3192 1264 3331 1311 tem-

1736 1362 1868 1420 pore
1911 1348 1980 1404 ab
2008 1345 2222 1404 Ursone
2259 1346 2530 1401 monacho
2580 1359 2738 1401 muro
2784 1361 2948 1415 novo,
2975 1346 3132 1415 juxta
3164 1362 3328 1418 quem

1735 1442 1803 1495 ad
1855 1440 2177 1497 orientalem
2228 1438 2445 1511 plagam
2476 1438 2759 1494 cstvineaa
2796 1439 3033 1509 clausus,
3085 1456 3117 1494 v
3148 1443 3329 1497 conti-

1734 1550 1870 1591 nens
1921 1535 2237 1605 aripennos.
2300 1533 2398 1589 Est
2444 1540 2502 1589 et
2549 1530 2794 1587 aecclesia
2857 1534 3003 1589 beati
3049 1534 3327 1590 Laurentii

1733 1625 2029 1698 martyris,
2079 1624 2256 1694 lapide
2311 1630 2674 1693 cementoque
2724 1634 3061 1681 constructa.
3123 1626 3327 1682 Eadem

1731 1716 1859 1772 villa
1905 1717 2047 1774 inter
2096 1732 2229 1773 Illi"
2272 1715 2423 1783 loca,
2476 1713 2714 1770 habebat
2755 1715 2821 1771 de
2871 1724 3018 1772 terra
3064 1717 3328 1772 honuaria

1732 1812 1934 1875 κνοω,
1997 1809 2267 1881 agricolas
2328 1823 2361 1862 v
2408 1824 2421 1863 :
2477 1805 2838 1876 Tnogrinum,
2893 1807 3323 1879 Ragenbaldum.

120 1868 234 1969 [lies
256 1897 369 1969 (76)
396 1898 642 1970 denique
672 1914 810 1969 quas
853 1900 1083 1970 scriptas
1123 1899 1307 1958 inveni
1350 1908 1406 1958 et
1439 1900 1506 1958 ad
1536 1916 1630 1958 ca-
1660 1868 1707 1929 Β
1732 1868 2129 1969 Ε’τοάοέιῑάιῖιη,
2154 1900 2509 1965 Teotradum,
2538 1868 2836 1956 Riculfum.
2897 1868 3153 1956 Faciebat
3177 1868 3329 1971 quis;

64 1988 254 2043 lttlllCOS
295 1989 583 2058 pertinere
630 1990 979 2056 videbantur,
1023 1990 1218 2048 deinde
1262 2006 1351 2049 res
1395 2006 1517 2063 quae
1560 1993 1629 2050 ad

66 2077 313 2132 luminaria
362 2077 637 2135 ecclesiae
680 2087 735 2134 et
781 2080 850 2135 ad
896 2080 1101 2136 victum
1147 2081 1314 2138 editui
1368 2081 1630 2155 delegata:

62 2180 225 2238 erant,
271 2180 324 2227 et
373 2187 504 2243 qua:
559 2181 745 2244 postea
795 2175 866 2231 ab
912 2175 1183 2247 episcopis
1230 2176 1427 2233 addita:
1477 2185 1626 2241 sunt,

63 2265 217 2336 Agauo
239 2264 494 2322 videlicet
551 2274 715 2337 atque
745 2268 1110 2339 Ragenfredo,
1162 2270 1413 2327 monachi
1466 2273 1628 2328 modo

65 2369 362 2427 nequaquam
411 2356 725 2429 possident.
784 2357 920 2415 Nam
963 2360 1211 2430 quaedam
1260 2360 1380 2417 loca
1423 2359 1629 2432 scripta

67 2444 211 2503 inveni
236 2463 464 2519 quorum
502 2464 649 2505 nunc
676 2450 896 2506 nomina
943 2451 1018 2507 ita
1056 2461 1186 2508 sunt
1215 2451 1418 2509 abolita
1449 2460 1506 2508 et
1543 2452 1628 2509 in-

66 2550 188 2605 nata,
215 2547 268 2594 ut
296 2540 365 2596 ab
403 2540 729 2597 hominibus
775 2541 994 2612 penitus
1040 2542 1381 2615 ignorentur,
1428 2542 1625 2600 nedum

1731 2009 1838 2067 que
1863 1995 2059 2067 rigam,
2086 1992 2152 2049 ad
2184 1993 2467 2049 hibernam
2495 2000 2594 2047 ll"
2625 1991 2891 2061 perticas,
2914 1990 2981 2046 ad
3017 1991 3327 2049 tramissem

1730 2087 1991 2160 perticam
2021 2093 2039 2141 ἰ
2074 2095 2130 2143 et
2175 2085 2480 2150 dimidiam,
2529 2082 2584 2138 in
2637 2082 2929 2139 corvedam
2983 2085 3322 2141 tantundem.

1732 2182 1836 2237 Pro
1878 2194 1984 2251 qua
2032 2188 2255 2234 aratura
2293 2177 2473 2233 dabat
2520 2176 2752 2246 quisque
2798 2176 3008 2231 modios
3059 2175 3319 2233 frumenti

1733 2282 1857 2342 ιιοι,
1898 2274 1965 2328 ad
1992 2273 2208 2328 hostem
2240 2270 2475 2326 solidum
2510 2284 2549 2335 ι,
2582 2268 2780 2337 caplim
2803 2267 2920 2323 dies
2951 2269 3131 2321 uel"
3155 2267 3325 2325 facie-

1730 2369 1842 2432 hat,
1873 2374 1932 2422 et
1958 2362 2251 2420 carridium
2276 2360 2415 2434 (78),
2436 2374 2694 2416 manuum
2723 2372 2888 2430 opera
2918 2358 3022 2413 sibi
3054 2359 3321 2429 iniuncta.

1730 2456 2069 2528 Requisitam
2124 2466 2330 2519 aveuaa,
2381 2449 2622 2508 modium
2655 2464 2699 2515 ι,
2731 2447 2999 2514 solvebat,
3045 2457 3102 2504 ct
3147 2447 3325 2517 pullos

1732 2562 1842 2608 tres
1870 2564 1993 2606 cum
2027 2548 2167 2605 ovis.
2223 2545 2383 2603 Solus
2414 2543 2663 2601 Riculfus
2688 2559 2787 2615 pro
2828 2544 2947 2615 riga
2977 2544 3090 2614 (79)
3113 2552 3168 2598 et
3194 2559 3324 2599 cor.-

1728 2642 1867 2699 veda
1894 2655 2026 2697 Illi"
2053 2638 2310 2695 frumenti
2349 2636 2561 2695 modios
2604 2636 2794 2700 dabat,
2836 2634 2903 2689 ad
2945 2636 3158 2691 hostem
3197 2634 3324 2691 soli.

1729 2739 1828 2794 dos
1863 2744 1986 2799 ll°',
2020 2732 2194 2805 pullos
2223 2744 2299 2797 vi,
2352 2727 2674 2800 requisitam
2726 2741 2913 2784 avenae
2961 2728 3171 2807 modios
3199 2735 3321 2794 n08;

1730 2828 1967 2885 faciebat
1993 2824 2211 2896 caplim.
2243 2823 2376 2880 Erat
2401 2835 2618 2893 quoque
2643 2834 2868 2877 mansus
2906 2835 3049 2895 unus
3078 2830 3134 2876 et
3161 2821 3322 2876 dimi-

68 2629 344 2687 ltabeantnr.
381 2629 536 2688 Sunt
564 2647 685 2702 quae
710 2634 958 2689 sciuntur
987 2643 1044 2691 et
1071 2642 1253 2691 tamen
1282 2650 1390 2692 non
1419 2635 1627 2692 haben-

68 2728 146 2780 tur,
194 2722 326 2777 sicut
374 2722 429 2777 in
462 2722 657 2779 Verno
707 2731 850 2778 terra
896 2723 1103 2803 Odulll,
1160 2740 1325 2795 quam
1373 2724 1629 2796 promisit

65 2811 223 2883 prasul
252 2812 642 2887 Ragenfredus
678 2824 799 2886 post
839 2824 1071 2873 mortem
1104 2812 1282 2872 Odulli
1321 2816 1534 2883 haberi,
1570 2823 1627 2873 et

68 2905 178 2960 sicut
195 2905 549 2963 Gundrevilla
585 2922 709 2963 cum
737 2907 949 2979 brogilo
988 2917 1045 2965 et
1076 2910 1269 2981 pratis,
1301 2909 1501 2982 quibus
1533 2926 1630 2970 ca-
1729 2919 1851 2975 dius
1877 2916 1949 2973 ibi
1978 2914 2278 2971 absolutus.

70 3013 162 3054 rere
182 2998 445 3070 videntur,
475 3008 541 3055 et
570 3000 713 3056 sicut
759 3001 812 3055 in
844 3001 1046 3059 lmonis
1073 3002 1210 3058 Villa
1239 3003 1328 3059 ubi
1363 3012 1490 3059 sunt
1515 3002 1626 3061 dati
1798 3010 1853 3065 4.
1895 3008 1972 3064 De
2008 3006 2233 3062 Domani
2269 3002 2413 3060 Villa
2449 3009 2497 3058 et
2527 3001 2593 3056 de
2624 2999 2793 3056 Horis
2834 2997 2972 3054 Villa
3009 3017 3128 3072 qua:
3155 3001 3325 3071 juxta

68 3100 164 3146 octo
200 3093 384 3160 mansi,
434 3102 532 3151 set
579 3094 802 3149 minime
849 3096 1217 3165 possidentur.
1279 3096 1417 3154 Sunt
1461 3098 1626 3155 etiam
1730 3103 1997 3161 Bodasem
2025 3116 2134 3156 esse
2164 3097 2428 3155 videntur.
2480 3093 2538 3151 in
2570 3094 2800 3151 Domani
2832 3093 2971 3149 Villa
3020 3107 3160 3149 unus
3204 3101 3327 3149 erat

69 3195 159 3251 que
188 3186 537 3256 possidentur
580 3195 636 3241 et
672 3200 924 3256 possessa
970 3196 1101 3245 sunt
1148 3188 1218 3244 ab
1261 3188 1520 3259 antiquis,
1561 3190 1626 3245 de
1654 3220 1696 3280 ρ
1731 3208 1955 3251 mansus
1998 3204 2159 3263 quem
2181 3185 2503 3258 Frogaudus
2547 3184 2639 3241 illo
2689 3184 2747 3241 in
2790 3192 3033 3255 tempore
3080 3186 3322 3249 tenebat,

69 3275 226 3343 quibus
273 3279 475 3336 noticia
541 3278 852 3335 litterarum
907 3279 1092 3354 periit,
1153 3280 1298 3338 sicut
1349 3282 1416 3337 de
1454 3280 1627 3338 Bosco
1665 3275 1695 3280 ψ
1728 3285 1870 3342 unde
1905 3283 2141 3339 faciebat
2170 3278 2407 3351 perticas
2454 3292 2586 3333 tmor
2618 3275 2682 3331 ad
2713 3275 3019 3340 hibernam,
3072 3292 3171 3345 pro
3198 3290 3323 3332 cor-

70 3364 207 3425 lleJio
234 3370 284 3426 in
314 3370 606 3428 territorio
628 3370 890 3438 Dunensi,
920 3380 977 3429 et
1001 3370 1144 3429 sicut
1172 3372 1239 3431 de
1266 3381 1409 3439 terra
1440 3372 1628 3429 Sancti
1727 3377 1865 3435 veda
1907 3372 2244 3452 tantundem.
2295 3369 2403 3426 Pro
2444 3369 2813 3440 ipsaaratura
2856 3366 3021 3421 dabat
3066 3365 3324 3422 frumenti

69 3456 180 3516 Petri
206 3460 567 3529 Pictavensis,
598 3478 719 3534 qua:
749 3474 833 3519 est
871 3464 1017 3519 intra
1047 3464 1322 3521 civitatem
1350 3463 1624 3531 Carnotis,
1727 3468 1941 3526 modios
1974 3480 2132 3532 Illi",
2159 3464 2225 3520 ad
2262 3462 2473 3519 hostem
2512 3476 2643 3515 ιιιιοτ
2672 3458 2897 3523 solidos,
2921 3467 3046 3514 octo
3072 3458 3326 3514 denarios

70 3563 196 3617 quam
222 3552 436 3624 quidam
473 3553 660 3620 miles,
694 3554 927 3624 quodam
945 3553 1071 3624 jure
1098 3556 1403 3627 possidens,
1436 3564 1626 3611 sancto
1727 3575 1826 3631 pro
1854 3557 2114 3622 multone,
2144 3569 2243 3625 pro
2271 3552 2521 3623 pastione
2550 3549 2808 3605 frumenti
2836 3550 3077 3604 modium
3106 3566 3145 3616 ι,
3172 3550 3325 3607 ordei

72 3637 197 3698 Petro
221 3643 546 3702 Carnotensi
598 3659 664 3702 eo
706 3655 895 3702 tenore
938 3648 1239 3718 concessit,
1281 3659 1342 3703 ut
1380 3648 1433 3704 in
1483 3650 1626 3705 atrio
1727 3648 1968 3705 modium
1993 3664 2033 3714 t,
2063 3646 2131 3701 de
2154 3642 2314 3716 lignis
2343 3656 2502 3698 carra
2530 3650 2617 3697 11°.
2656 3638 2875 3696 Claudit
2907 3639 3056 3694 circa
3084 3648 3323 3704 curtem,

74 3729 215 3787 Sancti
239 3733 376 3790 Petri
414 3734 725 3792 :ecclesiam
760 3736 812 3790 in
845 3737 1052 3793 honore
1072 3738 1245 3794 sancti
1273 3737 1462 3794 llilarii
1494 3752 1626 3794 cou-
1726 3743 1811 3799 vel
1860 3741 1928 3797 de
1977 3739 2183 3794 fossato
2225 3736 2491 3807 perticam
2533 3750 2574 3790 ι.
2611 3732 2768 3789 Facit
2814 3747 3072 3788 manuum
3118 3746 3322 3803 opera;

1728 3833 1974 3890 solvebat
2000 3846 2064 3887 cc
2093 3837 2150 3885 et
2178 3844 2247 3883 xx
2280 3825 2566 3891 scintulos,
2593 3824 2771 3897 pullos
2794 3836 2908 3880 tres
2931 3825 3160 3881 vestitos
3185 3824 3323 3897 (80),

1728 3922 2044 3993 requisitam
2095 3932 2282 3978 avena:
2335 3914 2577 3973 modium
2621 3931 2661 3980 ι,
2696 3913 2928 3970 faciebat
2964 3913 3193 3984 caplim;
3242 3914 3325 3968 vi-

1729 4013 1932 4069 uericia
1962 4012 2029 4067 de
2056 4026 2218 4067 carro
2243 4008 2487 4064 dimidio.
2520 4006 2576 4061 ln
2603 4005 2769 4061 Moris
2801 4004 2941 4059 Villa
2970 4004 3132 4060 simili
3160 4004 3322 4060 modo

1728 4103 2029 4163 reddebant
2079 4099 2332 4171 agricola:
2385 4096 2698 4163 Balduinus,
2730 4093 3072 4160 Vintharius,
3119 4092 3325 4148 Archa-

1735 4196 1870 4262 rius,
1899 4193 2243 4258 Fulcherius,
2277 4188 2643 4260 Adalgrimus.

1797 4284 1852 4341 5.
1895 4283 1972 4339 De
1997 4280 2281 4339 Cavannis.
2321 4280 2377 4334 ln
2407 4277 2683 4336 Cavannis
2712 4275 2853 4332 Villa
2897 4283 3055 4330 erant
3093 4274 3151 4330 hi
3179 4273 3324 4346 agri-

74 3832 329 3892 struerent;
364 3829 518 3898 quod
564 3837 620 3882 ct
664 3827 867 3883 factum
916 3838 1020 3897 est,
1061 3839 1144 3887 set
1177 3832 1229 3886 vi
1263 3840 1544 3902 potentum
1572 3840 1628 3887 et

74 3916 257 3972 militum
287 3920 337 3974 in
366 3936 432 3975 ea
464 3921 832 3976 habitantium
886 3910 1160 3981 detinetur
1188 3938 1404 3980 census
1432 3925 1498 3979 de
1536 3939 1628 3978 ea-

75 4007 165 4061 dem
195 4019 345 4078 terra,
381 4023 443 4069 ut
472 4014 569 4068 vix
602 4024 755 4069 sexta
787 4032 914 4083 pars
946 4017 1223 4073 reddatur.
1271 4017 1431 4074 Dedit
1463 4018 1626 4073 etiam

76 4097 284 4162 praelatus
312 4102 470 4159 miles
501 4101 712 4159 Sancto
733 4102 919 4172 Petro,
952 4105 1020 4161 de
1046 4107 1305 4176 praedicta
1334 4114 1626 4178 potestate,

77 4184 271 4247 iullanu
296 4191 498 4251 Villare
558 4195 819 4267 grandem
871 4196 1287 4269 amplitudinem
1335 4207 1494 4256 terrae
1526 4216 1624 4271 pro

77 4292 155 4345 qua
197 4288 437 4348 monachi
489 4288 550 4343 in
602 4286 810 4344 honore
855 4291 1028 4345 sancti
1078 4289 1273 4347 Hilarii
1330 4293 1625 4350 secundam

78 4372 326 4433 alentesiam
352 4379 772 4436 ediﬁcaverum,
795 4379 1005 4437 _Jam
1033 4398 1179 4440 nunc
1204 4384 1432 4455 expletis
1462 4385 1629 4442 canis
1728 4376 1863 4434 colae
1892 4395 1905 4431 :
1930 4374 2267 4459 Teodradus,
2315 4372 2691 4438 Winebertus,
2723 4368 3088 4430 Amalbertus,
3123 4365 3324 4459 Godui—

79 4470 119 4514 et
148 4467 287 4525 rebus
321 4459 735 4539 canonicorum,
785 4476 1114 4531 currendum
1160 4478 1228 4532 ad
1259 4486 1441 4534 cartas
1476 4486 1530 4533 et
1559 4479 1627 4535 ad
1727 4470 1940 4536 bertus,
1981 4465 2374 4531 Arcbenarius,
2406 4462 2768 4529 Godefredus,
2816 4460 3179 4524 Beneventus,
3210 4457 3324 4512 Ma-

82 4568 146 4610 res
168 4559 373 4633 redivivi
402 4566 641 4634 ordinis,
682 4568 1073 4623 monachorum
1124 4568 1337 4625 scilicet
1377 4570 1472 4641 qui
1520 4570 1622 4626 sub
1653 4575 1700 4633 Ι)
1724 4564 2043 4637 dalgaudus,
2071 4560 2358 4626 Beraldus,
2404 4556 2753 4615 Hildeboldus
2779 4596 2793 4620 ,
2826 4553 3074 4621 Sadrins,
3107 4551 3321 4614 Petrus.

83 4653 697 4728 VenerabiliRagenfredo
749 4658 1007 4732 episcopo
1056 4659 1338 4719 reformati
1394 4670 1523 4720 sunt
1568 4662 1625 4719 in
1727 4658 2073 4729 Guaningus,
2141 4654 2468 4719 Raduinus,
2526 4649 2876 4714 Adalcarius,
2953 4646 3321 4711 Ricbrannus,

85 4746 284 4805 coenobio
312 4749 494 4808 Sancti
531 4753 729 4828 Petri.]
1728 4751 2007 4817 Odoeuus,
2044 4748 2315 4812 Electeus,
2366 4745 2702 4817 lngeraldus,
2743 4740 3077 4806 Bernardus,
3119 4738 3324 4793 Guine—

552 4844 956 4905 CAPITULUM
995 4848 1105 4906 Vll.
1616 4886 1617 4889 η
1727 4846 1935 4911 bertus,
1989 4842 2083 4914 qui
2138 4855 2329 4897 omnes
2386 4837 2671 4895 solvebant
2732 4836 2876 4893 sicut
2936 4832 3105 4889 ceteri
3158 4844 3322 4899 supra

86 4923 140 4978 De
158 4929 287 4986 rebus
309 4934 533 5004 fratrum
558 4941 866 4994 monasterii
889 4939 1071 4996 Sancti
1097 4939 1240 4996 Petri
1261 4930 1621 4998 Carnoleusis.
1727 4936 1935 5007 scripti.

138 5019 181 5074 l.
214 5021 282 5079 De
324 5029 483 5085 uineis
522 5031 687 5102 juxta
733 5034 938 5087 vineam
991 5033 1358 5104 cpiscOpalem.
1408 5034 1614 5091 Priscis
1798 5028 1851 5083 6.
1894 5027 1973 5083 De
2010 5025 2226 5099 Cipedo.
2266 5025 2325 5080 In
2358 5020 2563 5095 Cipedo
2594 5016 2848 5093 agricolae
2876 5022 3062 5071 erant:
3096 5012 3323 5069 Adelar-

91 5112 388 5181 “"“P°ribus,
420 5121 545 5189 quia
593 5137 720 5179 raro
768 5122 1070 5178 habebatur
1098 5124 1354 5183 Carnotis
1385 5139 1515 5185 usus
1544 5125 1628 5180 vi-
1727 5120 1850 5187 dus,
1878 5119 2274 5187 Erchenarius,
2307 5116 2534 5181 Petrus,
2567 5111 2856 5185 Agifredus
2876 5149 2891 5175 ,
2924 5106 3317 5175 Guineboldus,

92 5205 462 5275 Ilearum,juxta
487 5213 700 5270 vineam
732 5214 1095 5286 episcopalem
1125 5215 1324 5273 fratres
1351 5200 1625 5274 habebant
1725 5210 2125 5281 Angenbertus,
2167 5207 2590 5269 Gandremarus,
2652 5199 3031 5272 Bernegarius,
3089 5197 3320 5256 Goduir-

95 5295 409 5379 tintnmmodo
435 5311 544 5359 tres
572 5305 863 5375 aripennos
890 5306 1082 5373 vineae,
1116 5305 1219 5363 sibi
1245 5306 1623 5379 datosaquo-
1727 5302 1866 5369 leus,
1918 5301 2296 5363 Huncbertus;
2353 5296 2641 5353 solvebant
2691 5293 2832 5349 sicut
2886 5307 3049 5365 supra
3103 5290 3314 5361 scripti.

96 5377 186 5437 dim
211 5386 458 5449 Bernoino
491 5395 709 5452 nomine
731 5396 865 5470 (77).
1504 5377 1519 5379 ⁷
1726 5395 1852 5451 llaec
1877 5395 2002 5449 villa
2034 5393 2293 5448 moderno
2325 5398 2567 5459 tempore
2593 5386 2853 5443 translata
2879 5396 2963 5442 est
2990 5401 3021 5441 a
3052 5384 3319 5442 monacho

146 5471 190 5529 Ξ.
223 5478 291 5536 De
313 5495 536 5555 quatuor
558 5488 853 5559 [ατὶηανὶἰδ.
888 5490 1059 5551 Erant
1086 5490 1166 5547 eis
1194 5507 1321 5548 Illi"
1354 5490 1620 5559 farinarii,
1729 5486 1941 5547 Ursone
1974 5486 2027 5540 in
2056 5485 2175 5545 loco
2202 5482 2294 5554 qui
2324 5491 2552 5537 vocatur
2585 5480 2733 5537 Nova
2767 5478 2927 5549 Villa,
2962 5494 3086 5534 nam
3116 5476 3317 5535 vicaria

168 5605 242 5675 76)
274 5613 393 5680 Quae
421 5620 571 5675 uncis
595 5621 799 5675 inclusa
825 5622 939 5677 solo
972 5623 1024 5677 in
1056 5622 1241 5679 codice
1277 5623 1317 5678 Β
1344 5624 1620 5697 leguntur.
1796 5623 1891 5689 (79
1949 5620 2153 5677 Deinde
2184 5620 2613 5690 superscriptum
2644 5633 2660 5674 ι
2695 5626 2939 5671 aratura.

171 5678 245 5764 Z7)
276 5686 566 5764 Addit
595 5692 747 5747 Bzde
775 5694 962 5764 quibus
984 5695 1030 5749 si
1056 5706 1258 5753 cartam
1289 5696 1616 5764 invenissem,
1797 5624 1911 5764 (80;
1953 5692 2137 5764 Pullus
2170 5694 2404 5758 vestitus,
2436 5692 2523 5747 cui
2558 5690 2939 5764 nempe,opint

276 5658 428 5743 Kddit
2170 5658 2404 5758 υῦεεῗὶιηῖ,
2436 5658 2523 5747 εἶ’ιί
2558 5684 3313 5769 ιιεπψε.ορὶηοιχ(ῡιιρειηείο

105 5749 395 5841 ’τῖ’ξξΐεπῖοη
414 5762 675 5841 P599588“-
899 5836 911 5841 _
954 5836 965 5841 _
1725 5766 1815 5841 hic
1850 5763 2091 5833 silente),
2129 5778 2517 5833 ova,numcro
2561 5762 2878 5833 plerumque
2914 5771 3184 5831 quinarto,
3216 5754 3313 5817 ad-

1727 5754 1815 5820 hic
1850 5754 2091 5833 silente),
2129 5754 2517 5833 ova,nutucro
2561 5754 2878 5833 plerumque
2914 5754 3184 5831 quinario,
3216 5754 3314 5817 ad-

158 5818 247 5890 (ἵε)
278 5818 640 5891 Ιόεῐη”ῑῖάειιιι’
664 5818 737 5891 ac
769 5836 1076 5909 corrigiam.
1719 5818 2038 5911 iunguntur.
