3890 6302
1419 373 1622 432 PAULI
1661 372 1718 429 s.
1754 368 1959 428 PETRl
1989 367 2474 427 CARNOTENSIS
2514 368 2823 427 MONAClll
3702 381 3791 442 ιιι

565 512 686 552 eam
735 493 972 566 graviter
1021 489 1310 563 afﬂigebat.
1356 487 1452 543 Est
1492 495 1673 543 autem
1703 486 1808 543 sita
1851 502 1957 541 non
1987 486 2144 556 longe
2175 492 2217 552 Α
2248 486 2314 541 de
2343 487 2539 556 quibus
2574 488 2737 557 periit
2782 487 3086 544 litterarum
3129 487 3353 554 noticia,
3384 498 3475 546 aut
3504 494 3792 569 negligentia

566 604 596 643 a
626 585 820 642 Bodasi
854 582 1011 650 Villa,
1043 582 1107 638 ad
1140 579 1457 639 orientalem
1485 579 1720 650 plagam.

637 680 690 733 7.
730 678 808 733 De
835 675 1079 732 Camoni:
1122 674 1277 729 Villa.
1324 673 1382 729 ln
1410 672 1665 728 Comonis
1694 670 1832 727 Villa
1862 671 2147 739 Albuinus,

567 770 659 841 qui
710 768 931 825 tenebat
980 767 1048 823 de
1081 775 1223 823 terra
1263 764 1530 820 bunuaria
1560 778 1615 829 v,
1645 762 1893 819 solvebat
1934 779 1995 817 ιιι
2036 777 2151 817 mo-

568 862 690 918 dios
719 859 978 915 frumenti
1013 866 1068 911 et
1094 857 1229 912 alios
1262 870 1410 921 usus,
1441 855 1583 911 sicut
1612 870 1776 926 supra
1806 854 2008 911 dictum
2043 863 2149 910 est.

568 952 869 1008 Rainaldus
933 951 1288 1014 tantundem;
1340 946 1611 1003 Adalveus
1668 962 1720 1003 vr
1775 947 2040 1003 bunuaria
2086 948 2152 1003 de

569 1055 738 1110 terra,
775 1053 829 1100 et
868 1041 1032 1098 dabat
1065 1057 1146 1097 ιιιι
1197 1040 1453 1097 frumenti
1487 1040 1603 1113 (81)
1635 1040 1875 1108 modios,
1923 1047 1979 1096 et
2016 1039 2152 1097 alios

566 1154 732 1205 usus;
768 1135 1096 1193 Gindhertns
1125 1134 1395 1189 similiter.

638 1229 691 1285 8.
736 1231 810 1286 De
833 1230 1033 1286 Moenia
1061 1226 1217 1281 Villa.
1258 1226 1313 1281 In
1339 1225 1541 1282 Moenis
1567 1225 1705 1281 Villa
1738 1225 2058 1282 habitabant
2090 1241 2150 1281 ιιι

566 1321 940 1385 Erembertus,
962 1321 1309 1384 Benedictus,
1340 1316 1701 1383 Amaltrudis;
1729 1325 1786 1374 et
1814 1317 2092 1374 solvebant
2113 1333 2150 1372 ιι

565 1411 823 1467 frumenti
852 1413 1062 1467 modios
1091 1421 1145 1468 et
1175 1411 1379 1481 reliqua
1407 1409 1547 1466 sicut
1570 1426 1750 1482 supra.

633 1502 686 1557 9.
729 1502 806 1557 De
837 1504 1064 1558 Abbonis
1095 1502 1258 1557 Villa.
1309 1501 1365 1557 In
1408 1501 1648 1557 Abbonis
1674 1501 1810 1556 Villa
1855 1516 2013 1559 scura
2052 1506 2151 1558 d0-

564 1593 765 1648 minica
797 1604 948 1661 erat;
996 1594 1063 1649 de
1106 1603 1249 1649 terra
1278 1592 1421 1649 inter
1464 1592 1676 1649 diversa
1729 1592 1845 1649 loca
1890 1593 2152 1649 honuaria

568 1700 660 1739 xv.
703 1685 898 1755 Ignoro
929 1686 1194 1743 bonuaria
1228 1686 1359 1757 quid
1404 1686 1541 1752 sint;
1574 1694 1690 1749 set,
1721 1686 1863 1741 sicut
1903 1686 2065 1742 didici
2099 1686 2151 1741 in

566 1775 671 1832 hac
700 1775 859 1844 villa,
892 1776 1125 1833 habetur
1176 1786 1321 1832 terra
1371 1785 1677 1833 aratrorum
1724 1792 1939 1833 novem.
1986 1776 2154 1832 Miror

566 1884 786 1941 quoque
824 1872 993 1942 quod,
1034 1888 1133 1927 usu
1177 1871 1507 1927 dissociabili
1554 1872 1622 1927 ab
1650 1870 1772 1927 aliis
1811 1885 1972 1942 supra
2018 1871 2155 1927 scri-
2183 1844 2229 1903 Β

566 1959 703 2029 ptis,
756 1960 809 2015 in
854 1961 1118 2017 reditibus
1170 1962 1459 2018 reddendis
1510 1971 1665 2018 erant
1706 1961 1955 2033 agricolae
1997 1961 2156 2031 hujus

567 2049 709 2105 villa:
750 2067 977 2107 numero
1018 2068 1192 2108 sum
1218 2070 1232 2108 :
1260 2053 1659 2125 Bertegaudus,
1693 2052 1987 2119 Leobinus,
2020 2053 2157 2109 Gar-

568 2140 802 2210 nuinus,
838 2142 1195 2215 Godulgarius
1234 2160 1358 2201 cum
1385 2146 1604 2203 Dadone
1626 2186 1641 2212 ,
1675 2145 1990 2213 Rainaldus,
2016 2146 2156 2203 Leo-

570 2233 778 2301 tardus,
812 2234 1125 2301 Radfulsus,
1149 2236 1449 2302 Iohannes,
1482 2235 1753 2308 Sigaldus,
1788 2236 2153 2305 Godobaldus,

566 2324 894 2394 Gualterius,
927 2326 1242 2393 Rainarius,
1274 2328 1625 2396 Adalmarus,
1656 2329 1982 2397 Electrudis,
2013 2330 2157 2388 Gau-

568 2421 896 2487 rembertus,
938 2422 1136 2491 Guido,
1183 2422 1547 2493 Christianus,
1594 2424 1901 2488 Adoardus,
1956 2424 2154 2481 Reme-

567 2516 711 2583 dius,
762 2516 1107 2584 Guillelmus,
1179 2517 1517 2575 Watraldus.
1564 2517 1802 2590 Singulis
1847 2518 2075 2574 solidum
2114 2534 2153 2573 ι.

568 2607 871 2664 solvebant.
918 2608 1247 2665 Municarius
1272 2625 1331 2665 ιιι
1356 2609 1586 2677 solidos;
1617 2610 1934 2680 Agedardus
1964 2620 2017 2665 et
2049 2609 2157 2663 Ba-

570 2699 807 2754 doardus
852 2698 1082 2755 solidum
1116 2708 1213 2755 tet
1257 2701 1560 2756 dimidium.
1616 2699 1881 2757 Similiter
1914 2702 2157 2757 Godoar-

568 2788 690 2844 dus.
720 2788 1045 2845 Benedictus
1100 2789 1303 2846 solidos
1351 2806 1422 2858 n;
1467 2790 1791 2847 Raincarius
1838 2800 1893 2847 et
1924 2792 2153 2847 Benedi-

569 2887 690 2934 ctus
724 2878 979 2935 denarios
1014 2895 1145 2945 vnl;
1192 2879 1532 2937 Godovertus
1569 2881 1799 2937 solidum
1834 2897 1851 2935 ι
1888 2890 1943 2935 et
1985 2881 2155 2936 dena-

568 2974 682 3029 rios
714 2984 859 3041 nn",
897 2974 1180 3031 Goduinus
1207 2991 1302 3032 vm
1341 2976 1614 3045 denarios;
1656 2976 1881 3043 Natalis,
1910 2976 2151 3042 Aloinus,

570 3066 871 3131 Raduinus,
901 3084 953 3121 v1
1000 3068 1275 3124 denarios.
1326 3067 1546 3123 Decima
1598 3068 1754 3139 hujus
1786 3070 1923 3124 villa:
1972 3078 2157 3124 nostra

570 3170 677 3224 est,
707 3160 956 3230 quamvis
986 3160 1054 3215 ad
1095 3160 1256 3215 aliam
1294 3160 1594 3217 tecclesiam
1625 3158 1875 3235 pergant,
1914 3181 2020 3222 non
2060 3166 2156 3221 ha-
2184 3194 2227 3253 ε

568 3249 761 3306 bentes
785 3251 1080 3320 propriam.

643 3342 732 3398 10.
769 3343 847 3398 De
874 3344 1131 3415 Ahildulﬁ
1171 3345 1331 3404 Villa.
1392 3347 1448 3403 In
1484 3346 1743 3405 Ahildulﬁ
1782 3347 1947 3415 Villa,
1997 3364 2157 3419 quam

569 3432 758 3489 nescio
805 3433 895 3488 ubi
953 3434 1046 3501 sit,
1081 3436 1331 3493 ruricola:
1377 3454 1510 3495 vero
1538 3448 1694 3495 erant
1739 3457 1755 3496 :
1797 3440 2157 3507 Teodoaldus,

575 3524 969 3593 Muniebarius,
1002 3527 1371 3599 Adalgaudus,
1420 3532 1773 3603 Adalguinus,
1822 3533 1913 3605 qui
1964 3533 2160 3605 singuli

570 3619 802 3675 solidum
834 3635 850 3673 1
879 3618 1189 3687 solvebant;
1230 3621 1488 3695 Frodegis
1515 3639 1647 3679 vero
1676 3624 1880 3680 solidos
1912 3632 2036 3680 ιιοε.
2093 3623 2160 3680 Hi

570 3726 762 3768 omnes
799 3711 1073 3767 habebant
1098 3714 1163 3768 de
1194 3723 1337 3770 terra
1364 3717 1625 3772 bonuaria
1657 3718 1780 3783 tria,
1812 3726 1863 3773 et
1892 3717 2161 3773 faciebant

570 3806 835 3862 corvedas
860 3805 1087 3875 diesque
1115 3821 1165 3860 vi
1207 3806 1259 3861 in
1288 3808 1465 3864 blade.
1540 3809 1711 3865 Dabat
1746 3827 1805 3865 ιιι
1837 3811 2009 3881 pullos
2037 3827 2157 3867 cum

569 3897 717 3961 ovis;
752 3896 1070 3965 requisitam
1102 3908 1283 3952 avenae
1311 3898 1654 3954 medietatem
1686 3900 1869 3965 modii,
1903 3909 1959 3955 et
1989 3902 2160 3958 dena-

571 3988 715 4045 rium
744 4007 785 4046 ι.
824 3992 881 4048 In
912 3993 1030 4050 loco
1056 3994 1147 4066 qui
1176 4004 1404 4049 vocatur
1428 3994 1596 4061 Absa,
1628 3996 1729 4051 tria
1762 4005 1968 4051 tantum
2004 4006 2161 4053 erant

570 4079 813 4151 hospicia
858 4100 873 4140 :
916 4100 1075 4155 quem
1126 4085 1299 4141 locum
1344 4086 1561 4155 penitus
1609 4086 1829 4158 ignoro;
1878 4096 1985 4156 set,
2031 4088 2157 4160 quia

570 4173 837 4245 scriptum
868 4180 1103 4252 reperio,
1134 4178 1256 4253 ideo
1284 4176 1451 4235 fuisse
1480 4196 1587 4236 non
1624 4180 1829 4235 dubito.

642 4268 729 4324 11.
770 4269 848 4324 De
869 4270 1090 4326 Buxeto.
1136 4271 1191 4326 In
1227 4272 1347 4329 loco
1380 4274 1507 4349 hoc,
1545 4288 1652 4349 quo
1692 4288 1945 4329 caremus
1976 4274 2157 4348 modo,

567 4376 729 4431 quem
769 4362 931 4418 etiam
973 4365 1182 4434 ignoro,
1234 4374 1352 4421 erat
1399 4365 1569 4435 saltus
1616 4364 1898 4433 fratribus,
1951 4365 2019 4421 ad
2067 4380 2159 4421 sa-

568 4454 865 4525 ginandum
921 4458 1250 4533 quingentos
1294 4473 1530 4533 porcos;
1578 4457 1645 4513 de
1697 4468 1839 4514 terra
1889 4458 2157 4515 dominica

2251 578 2508 635 oblivioni
2558 580 2810 647 tradidit,
2856 594 2919 636 ea
2951 580 3169 652 quidem
3215 582 3452 638 scribere
3488 583 3791 660 floccipeudi.

2252 667 2648 726 Tantummodo
2693 671 2761 726 de
2811 670 3007 742 quibus
3058 671 3360 728 litterarum
3409 677 3572 733 series
3613 693 3791 742 certum

2252 772 2339 813 me
2377 759 2635 825 reddidit,
2663 759 2748 815 vel
2791 775 3006 830 semper
3044 777 3073 816 a
3106 764 3415 819 substitutis
3451 765 3652 825 clericis
3691 785 3797 831 sunt

2252 864 2526 919 possessa,
2557 865 2657 921 pro
2696 851 2913 907 modulo
2948 852 3096 908 tenui
3129 854 3330 923 ingenii
3364 856 3467 911 mei
3501 861 3796 924 membranis

2253 944 2494 999 inserere
2541 943 2755 1012 studui,
2802 960 2873 1000 ne
2919 944 3059 1001 forte
3104 944 3276 1002 lector
3326 946 3468 1003 hunc
3513 948 3678 1008 locum
3719 967 3798 1015 aut

2253 1035 2421 1093 fuisse
2457 1037 2671 1107 inopem
2702 1051 2893 1103 censu,
2924 1036 3108 1093 fallaci
3136 1040 3371 1096 aestimet
3409 1041 3668 1106 opinione.
3706 1048 3797 1104 ιο.

2254 1146 2349 1187 eus
2370 1132 2618 1202 denique
2652 1130 2741 1202 qui
2776 1129 2982 1188 Boscus
3007 1134 3214 1191 Medius
3257 1146 3592 1205 nuncupatur
3623 1150 3673 1195 et
3705 1110 3801 1198 ein-

2254 1226 2399 1297 gitur
2435 1241 2465 1280 a
2495 1228 2901 1297 septentrionali
2929 1238 3084 1299 parte
3110 1228 3250 1285 saltu
3281 1244 3387 1284 non
3418 1218 3642 1301 modico,
3663 1244 3799 1304 atque

2254 1320 2323 1373 ah
2364 1318 2588 1375 australi
2638 1330 2793 1390 parte
2839 1321 3012 1376 rivulo
3062 1321 3273 1388 Ederae,
3324 1336 3536 1393 semper
3580 1324 3802 1385 habuisse

2254 1410 2426 1467 fertur
2465 1412 2534 1467 ab
2571 1413 2660 1469 his
2698 1413 2789 1483 qui
2827 1413 2973 1470 hunc
3014 1414 3191 1470 locum
3233 1423 3532 1470 noscuntur
3572 1419 3797 1475 tenuisse.

2255 1502 2569 1559 Tenuerunt
2603 1503 2767 1558 etiam
2812 1503 2865 1559 in
2898 1505 3179 1561 territorio
3203 1490 3653 1561 Vileasini'Gcnet
3676 1507 3804 1564 Villa)

2256 1596 2479 1651 terciam
2507 1607 2742 1667 partem,
2775 1614 2935 1669 quam
2982 1597 3167 1668 regina
3210 1598 3575 1663 sanctiss'nna,
3615 1584 3804 1659 nomine

2254 1685 2522 1754 Baltildis,
2558 1689 2613 1743 in
2648 1689 2820 1745 tribus
2849 1689 3094 1760 partibus
3125 1687 3374 1753 divisam,
3406 1703 3563 1742 unam
3594 1690 3803 1759 quidem,

2255 1796 2356 1851 pro
2385 1781 2555 1853 gloria
2596 1792 2813 1838 aeterna:
2846 1783 2968 1838 vitae
3013 1782 3381 1853 adipiscenda,
3422 1781 3547 1836 huic
3581 1783 3807 1840 :ccclesia:

2258 1872 2401 1927 beati
2449 1871 2595 1927 Petri
2634 1872 3003 1942 apostolorum
3045 1873 3307 1943 principis
3353 1872 3621 1939 contulit;
3672 1860 3805 1929 aliam

2258 1976 2474 2033 quoque
2496 1962 2911 2018 Gemmeticensi
2937 1962 3194 2019 azcclesia:
3217 1963 3372 2017 alma:
3395 1962 3581 2019 Matris
3601 1964 3805 2031 Domini,

2259 2064 2422 2124 atque
2456 2055 2683 2110 terciam
2733 2054 2879 2110 beati
2929 2044 3179 2127 Remigii,
3226 2055 3521 2110 Remorum
3572 2040 3814 2126 archiepi¥

2258 2145 2430 2215 scopi,
2456 2145 2698 2201 basilica:
2729 2144 2917 2202 usibus
2957 2145 3187 2201 fratrum
3230 2145 3598 2217 stipendiariis
3619 2146 3809 2217 delega-

2256 2235 2355 2291 vit.
2390 2235 2524 2292 Pars
2549 2252 2680 2293 vero
2718 2237 2879 2294 beato
2906 2237 3072 2294 Petro
3103 2238 3251 2304 data,
3302 2244 3334 2294 ε
3356 2228 3615 2295 Guiherto
3642 2240 3811 2295 abbate

2257 2332 2530 2398 quondam
2576 2328 2875 2399 improvide
2906 2329 3120 2385 cuidam
3162 2319 3331 2385 militi
3360 2339 3418 2386 et
3450 2330 3654 2387 duobus
3680 2331 3811 2387 here-

2258 2421 2417 2478 dibus
2452 2420 2565 2476 suis
2598 2422 2652 2477 in
2692 2437 2853 2477 manu
2882 2422 3039 2477 ﬁrma
3076 2438 3334 2479 concessa
3364 2436 3490 2479 esse
3522 2423 3807 2480 dinoscitur.

2257 2514 2335 2571 De
2355 2530 2484 2586 qua,
2508 2514 2733 2587 singulis
2764 2515 2942 2579 annis,
2968 2530 2999 2568 v
3029 2513 3185 2571 solidi
3215 2531 3565 2570 nummorum
3587 2526 3813 2571 consuete

2258 2605 2641 2661 reddebantur.
2694 2604 2811 2671 Set,
2843 2605 2952 2660 illis
2982 2605 3049 2660 de
3077 2606 3178 2661 hoc
3208 2605 3392 2661 seculo
3438 2590 3817 2671 decedentibus,“

2257 2713 2322 2755 ex
2352 2713 2551 2770 genere
2579 2713 2767 2754 eorum
2795 2696 3343 2768 qumdam‘matrona,
3376 2698 3594 2752 nomine
3617 2698 3811 2762 Addela,

2256 2790 2468 2847 viribus
2515 2798 2897 2862 potestateque
2950 2789 3204 2855 subnixa,
3236 2806 3331 2860 per
3356 2790 3468 2845 vim
3509 2805 3625 2844 eam
3655 2782 3823 2844 tenere

2257 2899 2429 2954 usque
2455 2884 2521 2938 ad
2550 2892 2823 2939 senectam
2853 2899 2958 2939 non
2984 2882 3192 2949 timuit;
3221 2883 3395 2938 donec
3422 2884 3650 2953 obligata
3681 2882 3817 2952 longo

2258 2973 2838 3030 excommunicationis
2871 2974 3107 3039 vinculo,
3147 2975 3414 3045 gehennte
3459 2976 3595 3045 ignis
3627 2974 3811 3038 timore.

2258 3081 2380 3123 eum
2421 3056 2767 3139 cirugrapho,
2818 3066 2964 3121 omni
3022 3075 3295 3121 annuente
3337 3065 3639 3136 parentela,
3682 3066 3817 3120 beato

2258 3159 2420 3215 Petro
2451 3160 2720 3215 redderet.
2754 3157 2927 3225 Quam
2968 3173 3091 3215 cum
3118 3159 3392 3225 aacelesia,
3418 3159 3544 3230 jure
3574 3158 3817 3214 heredita-

2262 3253 2365 3319 rio,
2410 3253 2521 3310 fere
2561 3254 2930 3325 quinquennio
2970 3253 3296 3325 possideret,
3340 3242 3588 3309 surrexit
3626 3254 3829 3332 quidam

2261 3346 2439 3415 miles,
2467 3346 2779 3403 Gaubertus
2809 3346 3029 3402 nomine
3061 3340 3194 3418 (εἳ),
3227 3333 3675 3417 ιιίιὺεηεήεριτιιη
3706 3360 3817 3417 pra:-

2262 3440 2422 3495 dictae
2454 3448 2737 3505 matrouze,
2769 3439 2838 3495 ab
2870 3455 2967 3495 usu
2996 3453 3278 3495 servorum
3305 3439 3401 3495 Dei
3440 3441 3675 3503 retorsit,
3704 3440 3821 3493 suis-

2262 3547 2367 3603 que
2396 3532 2583 3589 usibus
2621 3520 2842 3605 impune
2879 3516 3191 3603 mancipare
3236 3551 3342 3589 non
3378 3534 3583 3588 timuit.
3612 3532 3719 3587 Non
3748 3548 3821 3585 so-

2264 3618 2374 3681 lum
2410 3626 2548 3694 hzec,
2587 3635 2671 3682 set
2702 3614 2756 3682 et
2804 3626 2907 3681 alia
2940 3626 3171 3696 plurima
3222 3626 3290 3681 ab
3330 3626 3523 3683 usibus
3561 3626 3749 3681 nostris
3779 3625 3821 3676 in

2263 3716 2494 3772 aliorum
2522 3718 2711 3772 usibus
2741 3717 3077 3772 transierunt
3103 3733 3115 3770 :
3145 3717 3285 3772 sicut
3311 3716 3540 3773 Gundre
3563 3715 3692 3769 Villa
3720 3730 3821 3768 cum

2262 3818 2387 3865 octo
2410 3810 2637 3875 mansis,
2663 3809 2871 3881 brogilo
2899 3817 2948 3864 et
2984 3809 3154 3879 pratis
3192 3809 3560 3880 omnibusque
3598 3805 3825 3878 appendi-

2262 3900 2395 3968 ciis;
2430 3916 2595 3971 quam
2627 3900 2846 3971 quidam
2879 3900 3047 3955 abbas
3073 3899 3231 3969 hujus
3270 3900 3373 3955 loci
3411 3900 3629 3955 cuidam
3658 3912 3823 3970 puero,

2262 4008 2423 4063 quem
2456 3993 2523 4048 de
2552 4008 2711 4048 sacro
2738 3992 2889 4049 fonte
2920 4002 3252 4062 susceperat,
3297 3991 3349 4047 in
3382 4001 3725 4049 auementum
3750 3990 3828 4043 de-

2262 4086 2372 4151 dit;
2404 4082 2558 4153 cujus
2602 4083 2914 4156 genealogia
2960 4100 3135 4155 usque
3175 4084 3241 4139 ad
3286 4084 3433 4139 hanc
3464 4086 3633 4149 diem,
3669 4071 3828 4138 invitis

2261 4175 2543 4243 fratribus,
2591 4186 2777 4232 tenere
2821 4177 3052 4232 videtur.
3105 4175 3161 4230 In
3212 4174 3551 4257 Normannia
3600 4171 3827 4241 denique,

2254 4266 2413 4337 juxta
2458 4282 2631 4335 mare,
2680 4267 2843 4323 Tedis
2868 4268 3061 4348 Villam
3098 4266 3370 4323 Bobertus
3415 4257 3606 4347 comes
3654 4264 3830 4345 Sancto

2262 4359 2425 4416 Petro
2452 4360 2677 4415 abstulit
2697 4369 2752 4415 et
2781 4358 2994 4416 cuidam
3022 4360 3180 4415 militi
3206 4360 3449 4415 tradidit.
3484 4358 3705 4415 Sublata
3726 4360 3830 4410 sunt

2262 4452 2421 4509 nobis
2458 4452 2514 4509 in
2543 4440 2733 4508 eadem
2781 4453 2959 4523 patria
2997 4462 3051 4508 et
3073 4453 3180 4508 alia
3209 4452 3385 4523 plura,
3420 4462 3534 4506 tam
3574 4452 3626 4506 in
3660 4447 3829 4505 recole-

568 4543 673 4599 tria
713 4544 972 4601 bouuaria
1021 4531 1088 4602 de
1134 4558 1290 4618 prato
1340 4531 1490 4603 inter.
1511 4548 1616 4603 duo
1662 4548 1801 4627 loca,
1833 4550 1975 4605 unde
2004 4550 2158 4627 exhi—
2192 4544 2357 4601 Dsiis
2406 4559 2569 4615 quam
2618 4544 2675 4600 in
2722 4544 3052 4616 piscatoriis,
3103 4561 3223 4615 qua:
3271 4545 3421 4601 dedit
3473 4541 3830 4600 memorandus

565 4636 700 4693 bant
726 4652 815 4693 ιιιιι
845 4656 999 4694 carra
1040 4641 1168 4696 feni.
1224 4640 1525 4718 Agricolae:
1566 4624 1898 4707 Teodardus,
1928 4626 2159 4698 Bcrnar-F

566 4732 687 4793 dus,
726 4729 1086 4796 Teodhaldus,
1120 4732 1475 4797 Mammcnus,
1508 4732 1744 4802 Adulgis.
1789 4733 1852 4787 lli
1888 4734 2169 4815 faciebant

565 4821 739 4892 rigam
770 4822 838 4877 ad
866 4823 1150 4878 hibernam
1182 4824 1417 4893 perticas
1458 4842 1540 4891 ιιι,
1580 4826 1647 4880 ad
1683 4827 1991 4880 tramissem
2034 4834 2156 4880 tan-

567 4912 829 4980 tumdem,
856 4922 909 4969 et
938 4914 1248 4969 corvedam.
1279 4913 1573 4970 Solvebant
1604 4915 1831 4971 solidum
1863 4932 1879 4969 1
1910 4924 1965 4972 et
1992 4915 2158 4971 dena-

568 5004 742 5068 rium,
781 5003 991 5074 Caplim
1046 5005 1194 5060 omni
1252 5021 1427 5071 anno;
1469 5008 1699 5063 carrada
1744 4992 1848 5063 una
1889 5016 1943 5064 et
1982 4996 2155 5064 carri-

566 5097 748 5166 gium;
792 5096 972 5167 pullos
1012 5104 1125 5153 tres
1164 5114 1286 5153 cum
1318 5100 1454 5155 ovis.
1497 5099 1645 5155 Rada
1686 5115 1813 5156 vero
1856 5100 2083 5156 solidum
2115 5117 2155 5167 ι,

568 5187 869 5243 Teotardus
916 5204 1045 5243 ιιιιοτ
1098 5190 1373 5246 denarios.
1432 5192 1772 5249 Leotrannus
1820 5194 2151 5248 tantundem.

567 5282 673 5335 Pro
720 5282 832 5353 riga
877 5280 1213 5340 hibernatica
1277 5285 1555 5339 solidum:
1622 5295 1679 5339 et
1726 5285 2029 5341 dimidium.
2097 5284 2154 5341 ln

568 5385 751 5432 monte
779 5376 993 5434 Cenoso
1028 5380 1199 5435 mansi
1231 5383 1342 5435 duo
1368 5380 1434 5437 de
1472 5388 1612 5435 terra
1641 5379 1863 5434 arahili.

644 5465 734 5523 12.
773 5466 901 5524 Hac
925 5469 1109 5525 omnia
1139 5486 1257 5539 qua:
1283 5472 1535 5542 proposui
1567 5479 1623 5527 et
1649 5471 1749 5527 alia
1779 5471 1893 5527 loca
1923 5470 2153 5541 plurima

568 5558 635 5613 ab
674 5560 913 5631 antiquis
948 5560 1228 5617 monachis
1269 5570 1395 5617 sunt
1428 5577 1679 5632 possessa
1718 5572 1774 5619 et
1807 5561 1989 5624 habita
2007 5602 2035 5639 ,κ
2060 5560 2153 5633 sed

640 5746 725 5817 (81
792 5742 925 5799 Cod.
955 5743 1114 5797 dabat
1148 5743 1396 5814 frumenti
1429 5759 1507 5798 ιιιι
1539 5741 1805 5811 frumenti.

644 5745 758 5889 (εὖ
796 5815 925 5874 Post
952 5814 1245 5871 Gaubertus
1278 5816 1482 5870 nomine
1534 5813 1653 5871 cod.
1688 5811 1728 5865 Β
1754 5828 1805 5866 at

2262 4652 2445 4694 comes
2479 4626 2807 4704 Riehardus,
2849 4639 2941 4709 qui
2977 4638 3276 4693 mcclesiam
3324 4639 3545 4693 Sancta:
3574 4633 3830 4691 Trinitatis

2264 4732 2521 4803 regaliter
2568 4730 2880 4787 sublimavit
2927 4741 2981 4787 et
3025 4732 3078 4787 in
3122 4730 3371 4787 Periculo
3412 4731 3588 4786 maris
3619 4736 3830 4784 montem

2264 4823 2450 4880 Sancti
2480 4823 2760 4880 Michaelis
2797 4826 3141 4896 regulariter,
3175 4824 3314 4881 datis
3346 4824 3679 4894 sumptibus,
3709 4818 3830 4875 ordi-

2264 4916 2433 4971 navit.
2484 4915 2652 4986 Cujus
2698 4916 2914 4972 bonitas
2966 4918 3018 4971 in
3066 4932 3223 4972 evum
3275 4909 3508 4996 laudem'
3542 4912 3830 4996 adquirens,

2262 5014 2465 5061 aeterne
2492 5006 2618 5061 vitae
2643 5005 2873 5077 gloriam
2913 5022 3036 5062 cum
3068 4996 3323 5063 omnibus
3352 4994 3582 5063 isanetis
3626 4994 3829 5060 feliciter

2260 5096 2571 5167 adquisivit.

2760 5191 3157 5248 CAPITULUM
3207 5191 3343 5248 Vill.

2566 5286 2830 5339 Secuntur
2858 5302 2939 5339 res
2969 5286 3135 5338 editui
3167 5284 3351 5341 Sancti
3374 5284 3549 5339 Petri.

2334 5376 2385 5430 1.
2428 5374 2505 5431 De
2552 5377 2815 5446 farinario
2859 5394 3019 5455 prope
3068 5360 3275 5455 urbem.
3338 5376 3546 5433 Edituo
3597 5373 3829 5447 ecclesia

2262 5466 2421 5536 hujus
2454 5455 2762 5525 ‘farinarius
2811 5486 2949 5526 unus
2980 5454 3157 5542 prope
3204 5454 3392 5526 urbem
3418 5515 3433 5537 ,
3478 5472 3549 5527 ad
3594 5468 3830 5540 majorem

2262 5576 2606 5639 mensuram,
2658 5563 2882 5634 singulis
2949 5564 3106 5622 annis
3167 5564 3431 5621 reddebat
3483 5581 3597 5621 xxx
3647 5559 3830 5627 modica

644 5804 758 5889 (82)
796 5815 925 5874 Post
952 5804 1245 5871 Caubeftus
1278 5816 1482 5870 nomine
1534 5804 1653 5871 cod.
1688 5811 1728 5865 Β
1754 5809 1919 5876 addit,
1954 5809 2014 5863 de
2044 5808 2226 5867 Calido
2252 5804 2449 5861 Monte.
