3842 6308
106 366 204 426 M5

1097 363 1330 424 verus
1365 341 1716 424 AGANO.:
1752 355 1881 414 LIB.
1925 353 1973 414 ιτ
2004 349 2315 412 manus.

105 496 334 548 um,
378 480 536 539 tritici
585 483 822 540 modium
863 499 906 552 ι,
934 479 1214 556 anguillas
1261 494 1393 545 xxx,
1440 486 1665 549 porcum
1685 471 1742 530 -Α
1765 465 2098 539 Magdalenae
2127 463 2180 517 in
2201 455 2674 556 bonore_l‘undata,
2723 457 2923 516 ibidem
2951 460 3350 532 pertinebat-ad

103 593 256 634 unum
293 586 385 634 aut
419 594 516 651 pro
555 595 724 651 porco
760 597 792 636 v
821 580 1058 648 solidos;
1115 590 1444 651 unoquoque
1478 585 1668 631 mense

101 667 313 740 logatias
339 673 788 731 net-sextarium
817 673 952 742 vini,
980 673 1158 746 pullos
1186 687 1258 728 lll
1282 684 1409 728 eum
1446 666 1587 724 ovis.

158 759 211 816 2.
245 759 325 817 De
343 759 532 819 Gidco.
587 763 668 822 lbi
715 773 846 822 erat
880 763 1170 837 pratellum
1201 763 1270 819 de
1294 776 1403 832 quo
1447 757 1669 830 collige-

97 851 278 912 bantnr
315 864 384 906 ιιο
431 865 591 909 carra
638 852 773 910 feni.
818 853 1090 926 Agricola
1138 866 1320 908 ιιιιοτι
1361 847 1666 916 Elisardus,

96 939 356 1008 Acctrlfus,
383 941 798 1023 Gualbertuset
821 944 1104 1012 Salomon,
1136 943 1228 1015 qui
1254 959 1286 999 v
1314 940 1514 998 solidos
1542 952 1668 996 cum

93 1033 303 1108 eulogiis
339 1035 399 1092 in
430 1036 600 1094 missa
627 1038 802 1094 sancti
833 1038 978 1094 Petri
1027 1036 1326 1092 reddebant
1355 1034 1531 1088 κνω-
1553 1030 1670 1088 dies

95 1136 319 1198 tempore
365 1129 601 1197 messis;
642 1130 964 1202 requisitam
1009 1142 1216 1196 avenae,
1266 1124 1538 1184 sextarios
1563 1138 1664 1191 xv;

95 1229 144 1274 et
163 1234 194 1275 ν
213 1219 489 1278 denarios.

152 1312 203 1368 3.
240 1311 315 1368 De
351 1311 636 1370 Cortrone.
698 1313 870 1387 Hujus
923 1313 1030 1370 loci
1083 1311 1425 1369 habitatores
1477 1314 1664 1378 erant:

95 1403 388 1472 Walterius,
434 1407 708 1463 Aclardus
732 1415 790 1463 et
807 1401 1394 1475 Aclull'us;.gsolvebant
1421 1400 1476 1456 in
1501 1413 1669 1456 censu

95 1497 274 1554 solidos
295 1513 429 1554 ιιιιοτ
459 1507 520 1556 et
545 1499 799 1556 denarios
826 1500 1004 1556 νιιιιο.
1025 1496 1228 1554 Eorum
1253 1494 1507 1566 quisque,
1534 1500 1670 1565 tem;

94 1603 209 1659 pore
234 1589 467 1662 messis,
484 1589 862 1650 faciebatdies
899 1600 1005 1646 Xll°
1022 1591 1098 1632 ιη
1114 1595 1209 1644 aut
1239 1585 1545 1655 redimebat
1570 1583 1668 1641 de-

95 1682 262 1738 narios
284 1696 368 1748 vi;
410 1682 666 1740 solvebat
699 1681 876 1756 pullos
913 1697 1045 1739 ιιιιο*
1073 1694 1202 1739 cum
1238 1678 1391 1746 ovis;
1432 1676 1672 1735 donabat

96 1772 391 1844 mquisitum
422 1790 562 1830 ιιιιοτ
588 1775 814 1832 denario
838 1774 970 1848 (85).

1768 557 2066 616 luminaria
2097 552 2358 612 mcclesiac
2399 550 2588 608 Sancti
2629 549 2797 620 Petri,
2820 561 2873 608 et
2896 553 3137 633 ejusdem
3162 555 3352 614 aeccle-

1767 651 1867 708 sia:
1895 649 2168 722 presbiter
2205 645 2474 710 solvebat,
2530 658 2855 715 unoquoque
2909 660 3074 714 anno,
3126 662 3189 703 ιιι
3218 647 3348 704 soli-

1769 741 1888 798 dos.
1925 739 1982 794 In
2009 737 2198 795 eadem
2256 735 2384 792 villa
2433 733 2766 806 Capitiarius
2824 735 3064 794 habebat
3099 737 3166 794 de
3207 745 3352 795 terra

1767 827 1959 884 arabili
1989 824 2252 883 bonuaria
2275 840 2334 879 ιι.

1842 919 1928 976 16.
1977 917 2054 972 De
2091 915 2437 971 Walardone.
2501 913 2664 968 Juxta
2719 915 2947 972 eandem
2989 909 3172 970 villam
3207 923 3354 973 terra

1769 1017 1857 1068 est
1889 1007 2078 1067 Sancti
2121 1006 2294 1072 Petri,
2341 1021 2465 1078 quae
2513 1020 2681 1062 unum
2718 1005 2955 1064 solidum
2999 1007 3208 1065 solebat
3233 1010 3357 1065 red—

1769 1101 1940 1168 dere;
1975 1113 2122 1155 nunc
2173 1112 2306 1154 vero
2351 1096 2616 1164 Herveus,
2651 1094 2773 1167 ejus
2806 1095 2910 1153 loci
2936 1097 3209 1164 dominus,
3243 1098 3357 1155 suis

1769 1191 1978 1248 viribus
2025 1188 2328 1254 conlidens,
2383 1189 2478 1243 Dei
2523 1188 2738 1243 timore,
2793 1190 3118 1260 postposito,
3183 1205 3360 1260 neque

1769 1283 1990 1340 solitum
2035 1281 2270 1340 solidum
2319 1295 2497 1352 neque
2547 1281 2708 1337 ullum
2752 1282 3202 1343 consuetudinem
3243 1281 3359 1342 vult

1771 1375 2018 1436 reddere.
2415 1365 2429 1374 ⁴

1843 1471 1932 1526 l7.
1963 1469 2042 1526 De
2084 1470 2228 1526 Nido
2260 1467 2508 1528 Corvino.
2561 1468 2635 1524 lbi
2663 1469 2727 1524 de
2757 1469 3004 1540 quadam
3041 1477 3184 1524 terra
3235 1482 3358 1522 ara-

1769 1560 1866 1620 bili
1895 1560 2124 1618 exibant
2173 1560 2242 1619 ad
2291 1560 2474 1618 lumen
2519 1559 2768 1616 ecclesia:
2817 1560 3026 1618 denarii
3077 1561 3264 1626 γιιιίο,
3293 1556 3360 1613 ad

1770 1667 1906 1724 opus
1932 1649 2165 1708 fratrum
2195 1651 2402 1708 denarii
2427 1659 2603 1708 Illi".

1841 1744 1930 1801 18.
1979 1743 2059 1800 De
2106 1742 2248 1800 Joiri
2307 1743 2468 1800 Villa.
2526 1743 2600 1800 lbi
2642 1742 2952 1800 mansellus
2989 1757 3147 1810 unus,
3197 1755 3359 1819 quem

589 1819 1227 1937 E}jj;}',:‘"ﬁ;j,ebanm,
1277 1861 1346 1918 de
1399 1866 1571 1924 terra,
1607 1857 1664 1914 in
1698 1819 1743 1877 Β
1770 1835 1990 1937 tenebat
2042 1835 2393 1937 Adalbertus,
2440 1833 2940 1937 solvebat...soli-dos
3005 1841 3143 1903 tres,
3197 1848 3362 1905 quem

102 1956 433 2023 dominicam,
474 1955 643 2027 juxta
678 1956 1106 2023 estimationem,
1155 1951 1419 2010 bonuaria
1465 1950 1682 2022 xxx“,

101 2051 155 2103 de
180 2047 357 2104 silvula
388 2047 664 2105 launuaria
692 2062 860 2114 ιιιιοες
894 2045 1146 2119 agricolae
1160 2041 1460 2107 Adelulfus,
1483 2039 1664 2097 Gode-

97 2154 211 2196 treus
243 2147 298 2196 et
319 2138 560 2208 ﬂernes,
599 2139 881 2196 solvebant
900 2138 955 2194 in
999 2151 1166 2193 censu
1199 2134 1400 2191 solidos
1442 2148 1524 2198 ll;
1573 2131 1666 2185 da-

99 2234 177 2288 bat
219 2234 440 2304 quisque
468 2233 656 2305 pullos
693 2238 840 2288 ιιιιοπ
881 2230 1112 2287 vestitos
1139 2242 1238 2300 per
1271 2225 1424 2283 focos
1455 2241 1472 2293 ;
1498 2223 1668 2280 dona.-

101 2327 177 2382 bat
221 2326 527 2398 requistum
579 2339 766 2382 avenae
814 2323 1056 2380 modium
1085 2328 1233 2388 in“,
1259 2319 1328 2376 ad
1355 2329 1666 2375 mensuram

101 2415 334 2482 venalem,
372 2424 431 2473 et
447 2415 717 2472 denarios
743 2421 868 2470 ιιοε.

156 2495 205 2561 5.
228 2505 300 2562 De
335 2506 544 2562 Tilido.
567 2505 858 2575 Quintinus
879 2513 939 2561 et
964 2501 1292 2560 Adalbertus
1320 2499 1394 2557 ibi
1418 2497 1672 2554 habitan-

105 2607 186 2666 tm,
208 2600 258 2654 in
281 2614 446 2657 censu
480 2598 774 2656 solvebant
795 2597 996 2654 solidos
1017 2603 1180 2652 ιιιιοτ.
1207 2593 1451 2663 Quisque
1480 2604 1670 2648 eorum

106 2691 317 2764 solvebat
358 2691 662 2764 pullosn"
691 2690 943 2754 vestitos,
968 2688 1131 2744 dabat
1153 2685 1456 2756 requistum
1483 2695 1672 2739 avenae

107 2787 312 2860 modium
336 2786 655 2860 dimidium,
684 2786 752 2853 ad
783 2783 1031 2844 venalem
1058 2795 1394 2848 mensuram,
1419 2789 1474 2834 et
1501 2782 1668 2843 ιιιιοσ,

106 2880 340 2956 denarios.

162 2970 303 3028 ἀοι
342 2969 629 3027 Pincionis
688 2967 849 3026 Villa.
906 2965 1241 3024 Adrevertus
1301 2963 1374 3020 ibi
1417 2960 1672 3018 habitans

109 3060 320 3135 solvebat
361 3063 416 3119 in
456 3076 637 3119 censu
685 3059 891 3117 solidos
919 3065 1045 3125 ιιοι,
1077 3055 1242 3112 dabat
1295 3052 1595 3125 requistum
1619 3053 1674 3104 et

109 3149 328 3222 denarios
354 3165 470 3210 ιιοί.

165 3242 210 3296 7.
233 3243 304 3300 De
324 3241 670 3300 Manticellis.
712 3239 866 3299 Unus
915 3233 1210 3293 farinarius
1248 3231 1515 3298 solvebat,
1562 3229 1674 3286 sin-

110 3331 224 3405 gulis
275 3333 449 3402 annis,
501 3330 681 3388 ινοίω
730 3329 983 3396 solidos;
1022 3323 1293 3383 Gislarius
1327 3318 1675 3386 etGuauzel-

112 3442 212 3484 inus
247 3437 353 3485 tres
407 3427 626 3484 solidos
681 3419 1052 3480 solvebant-in
1094 3431 1262 3474 censu
1289 3432 1304 3482 ;
1331 3423 1388 3471 et
1425 3411 1689 3485 qnzedam.

113 3517 293 3576 vineola
319 3535 484 3594 quam
542 3516 764 3574 tenebat
819 3509 1174 3594 Hildegildis,‘
1204 3506 1434 3563 solidum
1485 3518 1672 3560 unum.

167 3612 212 3668 8.
241 3593 570 3683 DeBaireni
597 3609 759 3667 Villa.
777 3593 1032 3684 .Elccteu-s
1052 3616 1108 3663 et
1149 3599 1490 3673 Ercatringa,
1518 3599 1669 3670 agri-

113 3702 240 3773 colas,
265 3705 316 3762 in
343 3720 522 3764 censu
551 3701 835 3760 solvebant
867 3699 1072 3774 solidos
1095 3703 1275 3755 ιιοιιθι
1296 3692 1552 3751 denarios
1573 3698 1695 3746 ιιοι-

115 3802 158 3863 et
177 3803 264 3850 ll"
289 3796 462 3868 pullos
507 3810 633 3851 cum
663 3793 800 3849 ovis.

171 3887 218 3943 9.
247 3885 318 3944 De
344 3887 547 3945 Seresii
585 3885 744 3940 Villa.
777 3884 908 3940 Erat
941 3883 1013 3940 ibi
1045 3882 1112 3938 de
1148 3889 1293 3936 terra
1322 3873 1519 3934 arabili
1539 3871 1682 3930 unde

118 3977 311 4034 exibant
336 3993 435 4034 vm
469 3977 710 4034 denarii.
1064 4041 1070 4046 ,

174 4070 252 4126 10.
275 4070 350 4127 De
369 4081 520 4144 terra
543 4085 661 4142 quis
689 4077 764 4145 est
792 4066 1068 4137 inBerqvu
1103 4063 1241 4138 (εῆ.
1284 4061 1364 4119 De
1389 4068 1535 4118 terra
1563 4071 1684 4132 qua:

119 4161 256 4218 estin
279 4162 467 4219 eodem
496 4159 620 4231 loco
641 4169 714 4216 ιιυ
753 4159 966 4217 denarii
999 4157 1274 4215 exiebant.

177 4251 255 4306 ll.
277 4251 350 4308 De
390 4261 541 4308 terra
573 4267 692 4322 qum
723 4259 798 4307 est
823 4251 880 4305 in
903 4249 1122 4304 Duabus
1169 4244 1340 4301 Casia.
1382 4243 1479 4300 Est
1509 4240 1582 4300 ibi
1619 4241 1706 4298 de.

124 4350 243 4398 terra
268 4345 458 4401 arabili
484 4344 634 4400 unde
653 4359 708 4399 vl
738 4341 945 4400 denarii
977 4339 1254 4397 exiebant.

183 4431 264 4488 l2.
281 4431 356 4489 De
381 4433 698 4489 Wadriaco.
749 4431 954 4487 Ibidem
987 4437 1107 4486 erat
1132 4441 1274 4483 unus
1297 4440 1521 4481 mansus
1538 4423 1628 4495 qui
1652 4438 1686 4477 v

1697 3171 1748 3234 C

1767 1925 1966 1984 fratres
1993 1926 2384 1995 reclamabant,
2413 1928 2556 1984 sicut
2589 1935 2645 1984 et
2665 1925 2820 1981 illum
2842 1926 2910 1981 de
2939 1924 3254 1981 Wadriaco.

1839 2018 1927 2074 l9.
1951 2017 2029 2074 De
2056 2018 2306 2088 beneﬁcio
2354 2016 2654 2073 Winentari
2695 2016 2958 2071 canonici.
3027 2013 3363 2070 Beneﬁcium

1768 2109 1911 2178 quod
1934 2110 2122 2166 vivens
2147 2107 2497 2169 Winemarus
2532 2109 2706 2164 tenuit
2737 2101 3067 2172 canonicos,
3093 2107 3366 2161 moriens-

1769 2218 1875 2276 que
1897 2201 2098 2259 Sancto
2119 2199 2282 2262 Petro
2298 2199 2517 2270 reliquit
2546 2199 2615 2255 ad
2643 2199 2933 2254 luminaria
2959 2197 3358 2260 concinnenda,

1771 2307 2098 2358 concessum
2156 2305 2221 2347 ea
2273 2297 2597 2362 tempestate
2648 2287 2768 2344 fuit.
2817 2288 2896 2343 De
2942 2302 3053 2358 quo
3099 2285 3366 2343 beneficio

1767 2383 1926 2456 juxta
1965 2382 2165 2438 atrium
2220 2379 2408 2436 Sancti
2437 2377 2584 2434 Petri
2614 2385 2775 2436 erant
2799 2392 2873 2432 vn
2927 2389 3092 2442 areae,
3145 2374 3358 2431 solven-

1772 2486 1854 2536 tes
1882 2475 2082 2534 solidos
2110 2489 2234 2541 vn.;
2261 2487 2495 2544 quorum
2543 2470 2845 2528 incolarum
2891 2468 3116 2526 nomina
3150 2467 3368 2539 paginae

1774 2570 1975 2626 addere
2013 2581 2300 2639 operosum
2342 2563 2796 2636 fuit,_praasertim
2837 2577 2960 2618 cum
3012 2559 3262 2616 utilitatis
3293 2557 3368 2613 nil

1775 2661 2064 2727 attulisset,
2091 2673 2268 2729 neque
2294 2671 2392 2730 per
2426 2671 2617 2714 eorum
2646 2655 2912 2712 vocabula
2965 2652 3060 2708 lilii
3088 2651 3172 2707 vel
3203 2665 3371 2720 nepo-

1775 2763 1856 2810 tes
1883 2751 2184 2823 quivissent
2221 2749 2464 2822 agnosci.
2495 2746 2662 2804 Juxta
2711 2745 3044 2803 dominicum
3099 2742 3370 2798 vivarium

1773 2857 1840 2900 ex
1859 2841 2049 2898 eodem
2078 2838 2343 2897 beneﬁcio
2381 2845 2541 2896 erant
2566 2837 2676 2894 duo
2709 2835 2960 2908 aripenni
3005 2843 3064 2888 et
3105 2831 3371 2887 dimidius

1775 2937 1944 2994 vineae
1965 2949 2088 2993 cum
2129 2931 2356 3004 pratello
2396 2931 2498 2987 sibi
2537 2930 2752 3002 juncta,
2779 2929 2923 2984 unde
2949 2943 2980 2982 v
3011 2924 3168 2983 solidi
3219 2923 3371 2980 exire

1776 3027 2048 3085 solebant.
2111 3027 2188 3082 De
2224 3025 2417 3082 eodem
2472 3037 2692 3094 quoque
2755 3018 3019 3076 beneflcio
3066 3024 3193 3072 ante
3241 3029 3372 3086 por-

1777 3129 1888 3177 tam
1918 3119 2172 3186 fratrum,
2201 3131 2363 3188 supra
2386 3113 2609 3171 lluvium
2642 3113 2899 3178 Auduraa,
2927 3116 3047 3166 erat
3069 3108 3370 3178 aripennus

1779 3225 1918 3266 unus
1947 3210 2165 3266 solvens
2215 3206 2447 3263 solidum
2479 3219 2669 3261 unum.
2699 3201 3128 3260 Possidebantur
3173 3196 3284 3253 alio
3315 3197 3372 3252 in

1775 3302 1916 3373 loco,
1947 3303 2015 3358 ad
2038 3302 2215 3373 ipsum
2251 3299 2429 3356 lumen
2477 3296 2663 3354 altaris
2702 3295 3077 3367 pertinentes,
3108 3290 3214 3348 duo
3254 3289 3368 3344 ari-

1775 3397 1938 3470 penni
1968 3395 2188 3451 obtimm
2214 3393 2410 3449 vineae.
3323 3389 3328 3394 '

1847 3484 1940 3542 20.
1976 3483 2052 3538 De
2075 3479 2363 3553 Capaticis.
2397 3479 2486 3535 isti
2535 3493 2727 3536 omnes
2785 3474 3101 3548 subscripti,
3127 3472 3193 3528 de
3223 3469 3374 3542 capi-

1781 3575 1925 3634 tibus
1958 3573 2196 3646 propriis
2249 3570 2550 3627 reddebant
2607 3568 2980 3640 unusquisque
3034 3572 3174 3621 ιιιιοτ
3205 3565 3376 3618 dena-

1778 3657 1893 3728 rios
1927 3687 1941 3724 :
1970 3665 2304 3739 Banegildis,
2329 3663 2661 3736 Ansgundis,
2716 3659 3080 3723 Christianus,
3113 3654 3380 3724 Flodega-

1780 3761 1916 3826 rius,
1974 3757 2305 3822 Saxenildis,
2378 3754 2726 3826 llainburgis,
2792 3751 3121 3815 Lanbertus,
3198 3746 3379 3804 Gods-

1787 3851 1979 3917 nildis,
2028 3847 2332 3914 Dominica,
2379 3846 2728 3912 Erotlandus,
2784 3841 3084 3906 Acchildis,
3133 3839 3380 3895 lsentru-

1785 3945 1891 4012 dis,
1942 3943 2125 4010 Berta,
2170 3940 2498 4007 Berlranna,
2544 3937 2855 4009 Bertingns,
2905 3933 3244 3998 Dominicus,
3281 3929 3381 3986 Er-

1783 4035 2066 4097 menaldus
2091 4043 2148 4089 et
2177 4049 2334 4092 soror
2397 4029 2542 4101 ejus,
2591 4027 2876 4099 Widlegis.
2923 4022 3225 4087 Aintrudis,
3281 4021 3382 4074 Do-

1783 4130 2044 4198 minicus,
2070 4126 2412 4196 Agenardus,
2459 4119 2802 4193 Wandalgis,
2858 4115 3208 4182 Lambertus,
3239 4109 3382 4166 Leo-

1785 4219 2044 4288 doardus,
2089 4214 2398 4282 Anstrudis,
2444 4211 2754 4278 Landrada,
2805 4202 3119 4272 Anstrudis,
3153 4201 3382 4267 Bracca,

1793 4310 1864 4369 Sa
1873 4327 2020 4377 vera.

1859 4428 1953 4485 21.
1991 4427 2123 4496 Quae
2144 4426 2258 4482 huc
2274 4436 2449 4494 usque
2473 4421 2627 4478 novis
2647 4418 2859 4496 paginis
2886 4417 3073 4473 curavi
3113 4415 3394 4476 intexere,

125 4521 297 4582 solidos
321 4526 374 4581 in
399 4540 573 4583 ccnsu
603 4523 887 4581 reddebat.
926 4524 997 4578 De
1024 4535 1137 4593 quo
1164 4534 1354 4575 mansa
1379 4516 1689 4588 proclama—
1717 4522 1778 4584 D.
1795 4539 1861 4580 ex
1907 4519 2294 4578 canonicorum
2339 4515 2501 4588 bujus
2539 4514 2642 4570 loci
2698 4512 2868 4568 cartis
2909 4508 3138 4564 nimium
3200 4519 3388 4577 perve-

126 4613 237 4687 baut
252 4618 497 4687 canonici
538 4617 779 4690 ejusdem
824 4615 1106 4682 ateclesize,
1139 4611 1283 4684 quod
1331 4611 1441 4668 illis
1475 4608 1688 4667 Wenilo

129 4711 506 4767 concanonicus
527 4725 740 4775 eorum,
773 4723 874 4781 pro
915 4707 1110 4764 animae
1137 4719 1252 4761 sum
1299 4703 1562 4771 remedio,
1601 4718 1687 4760 re—

130 4795 350 4868 liquisset
399 4801 688 4873 moriens.
715 4799 815 4856 Est
855 4799 1020 4854 etiam
1085 4795 1158 4854 ibi
1214 4794 1509 4853 mansellus
1550 4807 1691 4850 unus

129 4888 208 4958 qui
221 4892 469 4950 solvebat
498 4892 729 4950 solidum
771 4907 960 4947 unum.

191 4982 268 5039 l5.
295 4983 372 5041 De
401 4985 695 5041 Cintriaco.
731 4983 860 5041 Erat
897 4983 969 5039 ibi
1022 4991 1166 5040 terra
1200 4979 1425 5038 arabilis
1475 4978 1696 5036 solvens

134 5087 216 5130 vm
247 5076 519 5135 denarios.

195 5165 274 5222 ιι.
300 5167 378 5224 De
408 5167 734 5226 Felcherolis
787 5167 942 5223 Villa.
979 5165 1109 5221 Erat
1167 5164 1246 5221 ibi
1287 5178 1510 5220 mansus
1555 5177 1698 5218 unus

141 5269 277 5334 quem
311 5259 552 5330 quidam,
590 5261 766 5317 Lanto
793 5258 1036 5326 nomine,
1067 5256 1272 5314 Sancto
1307 5255 1471 5313 Petro
1503 5255 1689 5322 dedit;

143 5350 263 5408 unde
285 5353 420 5412 ﬁlius
456 5355 572 5426 ejus
595 5355 891 5412 Hermarus
917 5354 1050 5410 duos
1083 5351 1309 5420 solidos,
1337 5350 1566 5422 singulis
1597 5365 1696 5406 ano

145 5441 238 5512 nis,
254 5447 304 5504 in
353 5464 517 5507 censu
558 5450 821 5507 solvebat.

207 5537 283 5595 15.
314 5540 386 5597 De
425 5542 640 5599 Mitanis
677 5541 896 5598 Vitiare.
947 5539 1184 5596 Ecclesia
1247 5537 1462 5595 Sancta:
1514 5535 1696 5591 Maria:

1799 4615 1959 4672 iustis
1995 4611 2205 4684 accepi,
2246 4611 2302 4666 in
2348 4607 2547 4688 quibus
2599 4606 2765 4662 etiam
2819 4617 2974 4658 usum
3027 4597 3388 4655 fructuarium

1799 4707 2038 4774 clericis,
2117 4701 2345 4776 singulis
2399 4701 2575 4768 annis,
2629 4698 2697 4753 ab
2753 4693 3010 4767 agricolis
3059 4687 3390 4747 reddendum

1802 4799 2143 4871 repperiens,
2175 4803 2520 4866 posterorum
2545 4789 2763 4846 noticiae
2804 4777 3085 4851 assignare
3109 4777 3276 4843 volui,
3311 4784 3387 4841 ut,

1801 4870 2147 4962 disercpante
2183 4885 2444 4960 qualitate
2480 4885 2563 4941 vel
2609 4881 2913 4953 quantitate
2969 4875 3086 4946 ejus
3131 4873 3200 4929 ab
3236 4870 3392 4928 istius

1806 4983 2070 5056 temporis
2114 4997 2236 5048 usu,
2299 4979 2537 5052 prudens
2593 4976 2765 5032 lector
2815 4970 3214 5026 animadvertat
3246 4963 3392 5034 jam-

1800 5079 2024 5152 jamque
2068 5077 2221 5135 senio
2273 5075 2472 5131 fessam
2525 5070 2683 5127 tellus
2740 5075 3068 5134 torpescere,
3119 5060 3248 5118 dum
3287 5056 3392 5115 sibi

1802 5149 2006 5227 credita
2055 5184 2183 5240 sepe
2247 5179 2474 5222 numero
2519 5160 2748 5226 semina,
2813 5154 2960 5211 inani
3014 5167 3111 5224 spe
3153 5149 3392 5216 delusus,

1807 5261 2082 5326 reddendo
2119 5239 2300 5329 parca
2361 5269 2549 5319 manu,
2596 5255 2862 5306 metentes
2901 5245 3158 5317 decipiat.
3223 5239 3390 5299 Villas

1803 5366 2022 5422 quoque
2042 5359 2098 5405 et
2142 5361 2271 5404 rura
2301 5360 2422 5416 quae
2447 5344 2516 5400 ab
2559 5341 2692 5413 ipsis
2730 5337 3029 5405 canonicis,
3081 5335 3392 5392 litterarum

1807 5441 2158 5509 testimoniis,
2217 5450 2431 5508 semper
2481 5435 2598 5491 visa
2643 5440 2771 5489 sunt
2813 5426 3079 5501 possideri
3125 5425 3388 5481 adnotare

1805 5535 1992 5603 malui,
2021 5543 2079 5588 ut
2102 5529 2491 5605 frigutientium
2518 5527 2728 5600 linguas
2757 5521 3140 5596 obstupescere
3158 5514 3406 5583 faciams,

215 5717 460 5859 ta;
496 5723 535 5778 Β
559 5765 574 5784 .
606 5722 929 5784 Βεααὶεὲιαηι
990 5734 1166 5779 avenae
1194 5728 1242 5777 et
1287 5732 1372 5777 tm
1400 5717 1675 5784 denarios.

1811 5717 1889 5776 sic
1927 5714 2172 5775 inferius.

237 5787 316 5853 84)
343 5791 449 5850 Sic.

3237 339 3354 412 an
3450 331 3476 376 μ’
