3890 6302
482 328 590 384 215

1343 336 1545 395 PAULI
1587 339 1644 396 S.
1688 341 1892 400 PETRI
1927 344 2407 409 CAliTONENSlS
2442 354 2748 426 MONACHI

3639 362 3742 430 218

477 456 708 513 quorum
731 440 823 499 alii
867 441 1073 503 insanis
1111 447 1335 504 vocibus
1380 449 1639 508 Bodasem
1688 455 1884 512 Villam
1907 458 2055 529 ejus-
2081 458 2132 528 A
2159 458 2480 519 beneficium
2553 465 3043 535 facile‘ﬁeximus.
3113 466 3490 544 supplicamus
3555 488 3743 543 autem,

476 548 584 604 que
619 533 921 605 adjacentia
961 551 1028 593 ex
1066 542 1438 612 episcoporum
1487 543 1769 614 donariis,.
1797 549 1886 605 alii
1919 567 2055 622 quo-

474 641 580 698 que
609 642 677 683 ex
714 629 972 685 comitum
1028 630 1406 704 largitionibus
1448 634 1612 693 fuisse
1666 640 2055 713 proclamando

470 715 778 784 aﬂirmant;
812 729 895 775 set
919 720 1194 791 falluntur,
1220 740 1340 779 nam
1369 727 1607 797 episcopi
1667 728 1783 787 fere
1835 748 2048 802 omnes,

468 821 765 881 sequentes
804 812 1010 868 Heliam
1051 816 1141 885 qui
1178 817 1469 872 temerario
1514 834 1649 875 ausu
1673 829 1728 877 et
1756 821 2051 882 insatiabili

468 903 691 958 vesania
730 903 908 961 locum
958 906 1167 977 primus
1218 908 1474 977 pervasit,
1515 920 1590 975 et,
1631 913 1749 971 sine
1791 914 2052 983 bonitatis

467 1002 741 1063 respectu,
770 994 941 1065 ejecta
970 996 1249 1067 religione,
1281 998 1528 1065 nudavit,
1572 1000 1815 1071 ejusdem
1859 1010 2050 1067 morbo

461 1082 866 1155 laboraverunt,
933 1097 1095 1158 atque
1152 1098 1348 1160 praeter
1392 1107 1613 1163 paucos,
1672 1113 1800 1153 ceca
1870 1100 2050 1157 inten—

463 1176 635 1247 tione,
684 1194 806 1250 qua:
862 1187 1085 1250 potuere
1129 1182 1244 1238 suis
1308 1184 1499 1241 usibus
1561 1198 1851 1248 retorsere.
1904 1193 2050 1252 inter

459 1279 599 1335 quos
662 1267 997 1326 Gislevertus
1050 1272 1245 1341 praesul
1311 1276 1601 1334 munificus
1652 1282 1894 1349 emicuit,
1952 1288 2048 1357 qui

462 1369 692 1413 cernens
740 1358 793 1413 in
836 1374 978 1429 ssepe
1021 1373 1325 1420 memorato
1372 1364 1556 1427 Sancti
1600 1370 1747 1428 Petri
1794 1378 2045 1435 coenobio

458 1447 729 1504 modicum
799 1466 1085 1509 numerum
1156 1459 1571 1531 monachorum,
1620 1466 1711 1535 qui
1754 1482 1821 1524 ex
1882 1472 2044 1531 rebus

456 1539 701 1609 angustis
735 1556 856 1612 qua:
900 1545 970 1600 ab
1016 1546 1133 1617 ipso
1166 1547 1316 1605 Helia
1367 1552 1558 1610 relicta
1588 1557 1691 1613 sibi
1743 1559 1960 1618 fuerant
1985 1570 2043 1620 et

457 1642 488 1681 a
527 1644 862 1703 paganorum
925 1635 1199 1707 frequenti
1268 1641 1617 1704 infestatiane
1685 1649 2036 1723 depOpulata,

454 1722 547 1777 vix
594 1734 804 1782 natura:
859 1733 1242 1789 necessitatem
1295 1738 1513 1808 explere
1563 1742 1837 1812 valebant,
1893 1722 2037 1809 bono

2161 567 2352 611 omnes
2371 570 2717 615 successores
2739 568 2978 628 nostros,
3013 571 3070 618 ut
3100 568 3240 633 quod
3268 565 3503 639 benigne
3531 585 3561 623 a
3587 572 3745 631 nabis

2159 655 2341 701 actum
2375 658 2460 705 est
2486 650 2727 721 ipsorum
2751 668 2966 724 quoque
2986 653 3343 711 benivolentia
3365 670 3738 727 conservetur,

2162 746 2219 789 ut
2246 736 2299 791 in
2331 736 2512 793 divina
2545 742 2903 798 retributione
2953 745 3339 803 munificentiae
3379 759 3580 815 nostra:
3610 751 3746 808 fiant

2156 827 2471 897 participes.
2506 850 2525 884 ι
2580 830 2989 905 Archiepismpi
3040 834 3368 897 Senonensis
3407 854 3606 895 nomen
3652 857 3745 903 ve-

2157 924 2359 973 tustate
2409 919 2678 979 exoletum
2727 924 2779 978 in
2827 925 3089 997 scriptum
3141 926 3477 1005 dimisimus,
3510 948 3529 982 α
3568 931 3747 993 ϐἰειθέ

2155 1007 2367 1073 bertus,
2398 1010 2618 1068 humilis
2671 1005 3087 1075 Carnotensium
3138 1021 3449 1093 episcopus,
3492 1022 3622 1078 huic
3648 1024 3743 1079 de-

2153 1110 2307 1157 creto
2328 1118 2357 1156 a
2393 1104 2549 1160 nobis
2578 1106 2721 1163 facto
2746 1109 3063 1182 subscripsi.
3108 1111 3472 1186 Hildegarius,
3507 1114 3745 1173 Melaen-

2153 1192 2228 1247 sis
2273 1193 2530 1249 tecclesiaa
2572 1197 2786 1267 praesul.
2854 1200 3082 1269 Encas,
3151 1203 3347 1262 Parisii
3421 1208 3739 1280 episc0pus.

2155 1281 2501 1351 Folchichus,
2527 1286 2779 1360 indignus
2814 1292 3101 1377 cpiscopus
3140 1295 3398 1373 Augusta:
3424 1298 3738 1359 Tricorum.

2150 1372 2490 1443 Cristianus,
2558 1372 3022 1440 Autisiodorensis
3090 1372 3343 1458 indiguus
3414 1391 3738 1462 episcopus,

2149 1469 2365 1539 egrapsi
2432 1467 2568 1541 (85).
2618 1470 2775 1540 Aius,
2822 1474 3294 1535 Aurelianensium
3344 1482 3742 1554 episcopus.ln

2144 1560 2239 1616 Dei
2283 1559 2500 1616 nomine
2535 1575 2637 1633 ego
2675 1564 2872 1636 Lupus,
2913 1568 3081 1624 abbas
3120 1569 3492 1629 Ferrariensis
3543 1588 3741 1633 mona-

2142 1654 2292 1710 sterii
2326 1656 2459 1736 (86).
2492 1677 2510 1712 ›
2541 1658 2667 1715 "me
2688 1669 2868 1730 autem
2891 1669 3047 1716 carta
3093 1662 3214 1718 ideo
3241 1672 3325 1720 est
3365 1664 3418 1721 in
3470 1666 3579 1728 tine
3610 1666 3740 1724 libri

2142 1748 2475 1819 conscripta,
2526 1750 2657 1820 quia
2700 1750 2757 1806 in
2808 1752 3038 1822 quodam
3099 1754 3354 1825 pitaciolo
3404 1767 3741 1829 coopertum

452 1832 584 1874 usus
608 1822 855 1889 consilio,
880 1826 1148 1897 depellere
1170 1833 1393 1900 studuit,
1423 1846 1517 1893 aut
1536 1839 1884 1912 aliQuatenus
1914 1848 2032 1905 illo-
2063 1830 2110 1891 Β
2139 1852 2263 1894 Sero
2288 1837 2391 1894 Ῑυίι
2428 1840 2669 1897 inventa-

451 1922 575 1963 rum
633 1923 1009 1983 paupertatem
1056 1929 1398 1994 temperare;
1453 1930 1591 1986 infra
1640 1939 2031 2006 comprehensa

450 2002 700 2071 contulit,
725 2016 781 2062 ut
812 2006 1066 2069 libentius
1092 2013 1323 2077 Domino
1350 2002 1849 2093 famularentnrJac
1872 2033 2035 2091 devo-

449 2090 621 2189 tiores
670 2098 990 2157 existerent.
1038 2106 1123 2161 Ad
1161 2110 1477 2171 thesaurum
1532 2117 1702 2189 ipsius
1748 2090 1858 2181 loci
1884 2136 1940 2183 et
1965 2129 2033 2186 ad

448 2181 740 2282 luminaria
770 2191 939 2262 ipsius
987 2199 1270 2269 acclesite,
1303 2204 1445 2264 sicut
1480 2209 1658 2268 inveni
1695 2216 1748 2270 in
1780 2230 1931 2275 carta
1963 2224 2033 2282 ab

446 2271 568 2342 ipso
619 2279 842 2350 scripta,
889 2284 1157 2357 delegavit
1190 2307 1439 2351 mansum
1493 2315 1657 2357 unum
1710 2271 2031 2380 propitiae:

444 2368 685 2423 nasterio
717 2368 771 2427 in
801 2371 919 2443 ipso
969 2378 1113 2445 vico,
1162 2381 1216 2436 in
1253 2383 1510 2445 Maslaico
1567 2368 1759 2451 mansa
1810 2368 1936 2467 duo,
1976 2402 2029 2458 in

444 2454 682 2516 Calnaco
705 2478 894 2521 mansa
933 2469 1059 2537 tria,
1090 2471 1142 2527 in
1173 2473 1522 2548 Campiniaco
1540 2483 1713 2553 viuere
1742 2488 2029 2559 aripennes

440 2561 525 2614 tu,
550 2550 704 2619 juxta
738 2557 1037 2621 :ecclesiam
1086 2564 1260 2623 vineae
1286 2570 1422 2630 duas
1474 2584 1661 2644 partes
1697 2550 2024 2655 Varip'ennis;

443 2640 698 2699 similiter
732 2657 786 2702 et
808 2648 928 2707 aliis
961 2652 1013 2708 in
1044 2655 1176 2713 locis
1205 2676 1238 2717 χ
1265 2640 1554 2733 aripennes
1602 2640 2025 2736 vincte-terras:

434 2747 542 2802 que
563 2737 815 2800 arabiles.
848 2741 939 2799 Set
971 2747 1095 2816 quia
1124 2750 1212 2806 diu
1241 2762 1327 2810 est
1353 2758 1497 2828 quod
1523 2776 1551 2814 a
1585 2762 1732 2818 cultu
1759 2766 2027 2829 discesse-

437 2833 644 2882 runtet
673 2831 740 2885 ab
779 2833 1088 2903 hominibus
1136 2842 1348 2900 deserta
1401 2862 1522 2905 esse
1559 2865 1876 2926 noscuntur,
1928 2879 2029 2919 no-

434 2914 583 2972 mina
620 2934 808 2978 eorum
864 2927 1124 2987 adnotare
1170 2934 1368 2993 litteris
1418 2941 1672 3003 frivolum
1721 2964 1841 3006 esse
1863 2914 2026 3015 'duxi-

430 3022 575 3063 mus.
607 3011 689 3066 Ad
736 3029 975 3075 annuum
1033 3025 1176 3079 diem
1245 3033 1612 3100 peragendum
1659 3047 2018 3109 quorumdam

425 3110 714 3197 parentum
768 3120 1014 3177 suorum,
1060 3114 1111 3169 in
1144 3115 1381 3179 Maslaco
1411 3125 1518 3180 duo
1550 3143 1762 3197 mansa,
1814 3134 1867 3189 in
1895 3138 2014 3194 aliis

424 3185 563 3295 iocis
586 3207 683 3248 vnt
721 3196 1012 3268 aripennes
1032 3205 1203 3263 vineae
1233 3226 1247 3276 ;
1279 3213 1345 3266 ad
1369 3228 1662 3287 cameram,
1699 3223 1750 3277 in
1775 3228 2005 3295 quodam
2035 3181 2086 3244 ϐ

423 3276 549 3336 loco
590 3296 777 3341 mansa
808 3290 1022 3348 uu'ret
1050 3295 1354 3369 dimidium,
1408 3304 1461 3360 in
1508 3306 1706 3368 Parido
1759 3276 2006 3376 niansum

425 3384 593 3478 unum
645 3386 700 3432 et
748 3380 1053 3453 dimidium,
1114 3389 1166 3445 in
1223 3393 1328 3449 alio
1379 3396 1498 3454 loco
1547 3418 1731 3460 mansa
1771 3408 1898 3478 duo,
1958 3415 2011 3468 in

425 3456 631 3531 Planca
675 3482 921 3527 mansum
983 3492 1167 3546 unum,
1200 3482 1253 3535 in
1296 3484 1647 3558 Campiniaco
1680 3495 1852 3554 viuere
1883 3456 2011 3557 ’ari—

421 3641 644 3737 domum
692 3648 1054 3721 infirmorum,
1096 3658 1148 3716 in
1183 3662 1302 3717 vico
1332 3680 1585 3725 mansum
1613 3689 1779 3730 unum
1806 3688 1863 3734 et
1894 3641 2010 3737 ino-

416 3729 693 3791 lendinum
724 3754 913 3805 unum,
958 3744 1010 3798 in
1059 3748 1413 3822 Campiniaco
1467 3759 1640 3817 viuere
1688 3767 2006 3837 aripennem

423 3840 610 3894 unum,
639 3830 691 3888 in
723 3833 828 3888 alio
856 3834 975 3891 loco
1007 3840 1179 3898 vineze
1214 3846 1504 3916 aripennes
1549 3868 1804 3924 quatuor,
1847 3878 2010 3935 super

414 3919 682 3977 Aurosam
726 3924 1011 3998 hospitiola
1040 3934 1141 3990 tria
1175 3954 1189 4003 ;
1221 3940 1288 3994 ad
1327 3919 1614 4015 hospitale,
1650 3950 1701 4005 in
1734 3919 2007 4013 saliniaco

413 4025 875 4087 mansumunum,
909 4022 959 4077 in
982 4023 1273 4085 Guarenno
1302 4032 1474 4091 vineae
1496 4039 1816 4109 aripennum
1838 4062 2003 4103 unum

413 4101 557 4158 etde
604 4112 747 4162 terra
806 4112 995 4168 arabili
1028 4119 1288 4191 anzingas
1341 4139 1433 4185 xv.
1481 4128 1532 4181 in
1573 4101 1806 4190 Cerillas
1851 4140 2004 4207 quic-

417 4192 549 4263 quid
598 4194 788 4255 hahuit
815 4218 829 4269 ;
865 4206 932 4260 atl
956 4207 1255 4279 cellarium,
1288 4208 1464 4273 vinea:
1492 4222 1782 4291 aripennes
1813 4192 1923 4285 tres
1946 4242 2002 4287 et

412 4286 747 4369 dimidium;
805 4297 870 4350 ad
939 4300 1177 4367 hortum,
1244 4324 1491 4365 mansum
1561 4314 1889 4388 dimidium;
1946 4324 1999 4380 in

410 4374 647 4435 Maslaco
695 4398 860 4440 unum
905 4389 1271 4461 hospitiolum.
1315 4400 1399 4455 Ad
1424 4401 1586 4458 ﬁnem
1634 4422 1767 4462 vero
1813 4374 1999 4481 carae,

2206 1930 2295 1985 22.
2350 1931 2479 1988 Post
2525 1933 2731 1989 exitum
2789 1933 3021 2005 denique
3098 1935 3382 1995 Gisleverti
3453 1941 3734 2012 pratsulis,
3781 1973 3784 1977 ~

2136 2023 2332 2093 pagani
2366 2024 2736 2090 transmarini,
2788 2041 2911 2082 cum
2968 2025 3134 2082 multa
3193 2028 3367 2085 classe
3418 2032 3731 2098 venientes,

2136 2129 2276 2184 pene
2320 2124 2487 2171 totam
2527 2115 2802 2187 Europam
2834 2116 3068 2175 flammis
3096 2127 3262 2191 atque
3310 2123 3510 2192 prmdis
3553 2122 3737 2187 ferro-

2134 2221 2241 2276 que
2263 2206 2469 2263 crudeli
2510 2206 2886 2280 depopuiando
2921 2219 3271 2266 vastaverunt
3300 2227 3315 2279 ;
3341 2228 3467 2267 nam
3500 2213 3730 2271 Lunen-

2133 2310 2248 2351 sem
2279 2296 2489 2362 urbem,
2525 2306 2585 2352 ut
2619 2306 2767 2354 retro
2797 2297 3002 2354 affatim
3055 2300 3274 2370 scripsi,
3329 2292 3456 2359 dolo
3495 2304 3729 2375 capien-

2134 2394 2235 2455 tes,
2287 2397 2515 2445 cruento
2571 2403 2702 2444 ense
2754 2396 3047 2458 utrumque
3108 2406 3298 2447 sexum
3342 2403 3726 2463 peremerunt,

2134 2479 2390 2551 indeque,
2423 2481 2685 2538 subversa
2714 2484 2868 2553 urbe,
2922 2484 3098 2539 levato
3145 2491 3429 2541 artemone
3481 2484 3727 2541 Al'fricoq

2131 2588 2236 2643 que
2265 2573 2449 2642 ﬂante,
2482 2574 2771 2632 redeuntes
2798 2575 3190 2647 Aquitanorum
3249 2577 3522 2646 regionem
3555 2585 3732 2648 atque

2128 2664 2473 2723 Pictavorum
2509 2665 2664 2736 juxta
2692 2681 2843 2722 mare
2894 2666 3252 2737 adiacentem,
3304 2667 3502 2738 praedis
3533 2666 3726 2722 ctini~

2129 2770 2236 2826 qua
2260 2756 2407 2811 caede
2450 2755 2861 2827 depOpulantes,
2888 2758 3028 2812 intra
3052 2765 3233 2827 partes
3261 2753 3526 2812 Ncustriaa
3559 2756 3719 2811 navis

2127 2858 2338 2920 gautcs,
2373 2849 2424 2903 in
2457 2859 2672 2919 portum
2706 2848 2943 2904 ﬂuminis
2974 2849 3119 2905 Diva:
3145 2849 3537 2920 applicuerunt.
3564 2847 3722 2903 Jamo

2127 2956 2232 3012 quc
2265 2942 2466 3008 securi,
2497 2942 2700 2997 relictis
2731 2942 2805 2996 ibi
2839 2940 3068 3015 navibus
3089 2950 3143 2994 et
3176 2940 3346 2995 variis
3400 2939 3719 3011 pricdarum

2127 3032 2422 3101 manubiis,
2452 3033 2517 3086 atl
2548 3032 2689 3087 hanc
2714 3033 2901 3088 urbem
2933 3032 3138 3102 pernici
3188 3048 3351 3087 cursu
3383 3046 3714 3104 pervenere.

2127 3124 2299 3183 Noctu
2362 3125 2617 3195 denique,
2675 3125 3010 3181 circumdata
3064 3125 3200 3180 urbe
3254 3133 3310 3180 et
3369 3125 3583 3179 civibus
3641 3138 3713 3178 ex

2134 3218 2428 3290 improviso
2480 3217 2735 3287 obsessis,
2794 3217 3009 3274 barbari
3046 3232 3142 3287 per
3176 3217 3374 3273 muenia
3422 3218 3489 3271 ab
3535 3217 3715 3272 hosti-

2127 3315 2228 3372 bus
2252 3328 2478 3387 perscpe
2507 3313 2683 3369 diruta
2721 3328 2785 3368 ac
2818 3328 2914 3383 per
2939 3320 3127 3383 portas
3157 3312 3448 3379 irruentes,
3478 3310 3711 3365 obvian-

2117 3419 2199 3464 tes
2223 3407 2350 3473 sibi,
2384 3406 2502 3462 sine
2542 3404 2863 3468 differentia,
2901 3404 3046 3460 ferro
3099 3413 3453 3467 necaverunt,
3511 3410 3707 3471 atque,

2116 3498 2260 3554 intra
2283 3507 2513 3554 matrem
2536 3496 2859 3561 mcclesiam,
2891 3511 2995 3550 non
3026 3496 3292 3552 modicam
3333 3495 3547 3566 plebem
3572 3510 3704 3559 cum

2115 3599 2215 3641 suo
2241 3584 2514 3656 episcopo,
2545 3584 2764 3640 nomine
2797 3582 3119 3644 Frodboldo.
3176 3583 3563 3653 canonicisque
3587 3597 3701 3639 aec-

2113 3678 2293 3735 clesia:
2312 3685 2368 3734 et
2406 3677 2688 3732 monachis
2727 3676 2818 3747 qui
2865 3675 2930 3730 ad
2960 3675 3185 3731 eandem
3232 3674 3532 3732 aecclesiam
3566 3690 3703 3729 con-

2113 3769 2389 3841 fugerant,
2433 3768 2675 3829 cruentis
2714 3766 2905 3839 gladiis
2948 3766 3097 3838 velut
3131 3781 3260 3823 oves
3289 3774 3697 3831 mactaverunt,

2110 3860 2351 3931 nrbeque
2398 3858 2721 3931 depopulata
2774 3868 2937 3928 atque
3000 3872 3283 3928 succensa,
3335 3858 3444 3915 Ireti
3486 3866 3545 3914 et
3581 3858 3700 3912 ala-

2109 3967 2249 4017 cres,
2275 3951 2352 4005 uti
2386 3966 2497 4005 sua:
2542 3949 2779 4005 libidinis
2810 3959 3118 4027 compotes,
3159 3950 3283 4005 dum
3319 3951 3385 4005 ad
3435 3962 3584 4006 rates
3614 3968 3702 4006 re-

2109 4045 2269 4103 lictas
2308 4042 2643 4099 arbitrantur
2692 4057 2813 4096 cum
2844 4042 3053 4110 magnis
3100 4042 3497 4112 copiisredire,
3528 4044 3700 4097 inter-

2106 4138 2356 4193 veniente
2405 4136 2563 4193 beata
2609 4136 2702 4192 Dei
2758 4137 3020 4207 genitrice
3074 4137 3267 4203 Maria,
3324 4153 3490 4209 quam
3540 4140 3695 4208 parvi

2106 4229 2410 4299 penderent
2461 4225 2763 4303 oti‘endere,
2792 4214 2910 4300 'per
2932 4244 2993 4286 os
3015 4229 3269 4300 janitoris
3313 4230 3474 4305 inferi
3513 4231 3580 4286 ad
3608 4232 3693 4286 in-

2104 4318 2429 4374 clementem
2452 4319 2767 4375 harathrum
2792 4336 2896 4375 una
2914 4321 3021 4387 die,
3043 4323 3233 4378 merita
3255 4330 3448 4388 morte,
3472 4323 3699 4389 desecti;

2106 4407 2305 4466 derunt
2327 4425 2342 4477 ;
2366 4424 2486 4464 nam
2518 4409 2738 4475 Franci,
2772 4419 3059 4481 antequam
3085 4413 3150 4467 ad
3174 4422 3318 4469 rates
3340 4429 3469 4470 suas
3490 4415 3695 4485 potuis-

413 4468 530 4525 haec
563 4482 719 4528 erant
755 4479 956 4549 scripta
991 4502 1002 4536 :
1047 4503 1063 4535 ι
1098 4485 1241 4553 Ηωο,
1296 4489 1490 4562 inquit,
1534 4505 1735 4565 printer
1764 4500 1851 4557 illa
1880 4468 2001 4574 quae
2027 4513 2082 4575 ῃ
2108 4510 2231 4557 sent
2287 4502 2594 4572 pervenire,
2645 4502 2921 4573 congressi
2974 4514 3251 4560 suntcum
3300 4505 3401 4571 eis,
3431 4517 3486 4560 et
3513 4507 3693 4577 0piltt~

412 4561 706 4629 habebant,
749 4567 925 4641 largiti
968 4591 1156 4633 sumus
1199 4561 1459 4639 fratribus
1489 4561 1643 4656 opem
1678 4561 2000 4660 postulanti-

408 4653 510 4710 hus
539 4673 551 4723 ;
581 4668 635 4714 et
665 4670 723 4716 ut
743 4679 802 4718 ea
833 4668 1082 4727 securius
1138 4674 1338 4729 nostris
1392 4653 1700 4751 futurisque
1740 4690 1997 4756 tempori-

408 4745 510 4804 bus
554 4754 917 4823 possiderent,
969 4760 1372 4834 subscriptione
1435 4745 1649 4839 propria
1710 4745 1992 4839 roboravi-

408 4855 547 4908 mus,
607 4845 913 4921 fratresque
948 4855 1389 4929 etcoepiscopos,
1446 4872 1684 4930 nostros,
1736 4877 1795 4924 ut
1849 4871 1992 4930 idem

404 4930 582 4989 facere
607 4937 961 5007 dignarentur
981 4943 1351 5013 obsecrantes,
1378 4951 1443 5004 atl
1463 4951 1601 5007 idem
1626 4962 1990 5024 praestandum

471 5049 588 5146 (851
611 5052 965 5146 Preti/panper.
990 5059 1357 5146 ‘Qels’ingu‘lari
1390 5066 1544 5146 signo
1570 5068 1984 5146 ltujusepiscopi

399 5124 935 5249 grze'cilssagtlis,'vide
988 5124 1357 5188 Mabilloniutn
1412 5124 1491 5192 De
1537 5156 1591 5193 re
1634 5124 1981 5219 iliploiuairi;

400 5207 475 5249 vr,
530 5209 613 5247 ει).
727 5236 739 5249 .

400 5207 475 5253 vi,
508 5195 613 5247 tab.
650 5195 739 5249 57.
1690 5195 1700 5211 ’
1946 5195 1969 5215 ἡ

468 5262 578 5352 (ὃξ)
607 5265 687 5352 Ol)
710 5275 924 5352 aetatem
961 5286 1064 5352 qua
1092 5274 1342 5352 vigerent
1367 5278 1782 5352 subseriptores
1828 5286 1983 5349 vide.-

399 5341 486 5405 tur
506 5335 697 5405 charta
723 5339 943 5395 circiter
974 5335 1040 5396 iul
1071 5359 1119 5397 a.
1156 5344 1262 5400 860
1300 5335 1601 5405 referenda:

468 5402 579 5477 (87)
606 5406 682 5485 De
711 5423 775 5464 ea
806 5411 1053 5485 _victoria
1102 5402 1435 5473 Francorum
1453 5402 1681 5478 uberius
1707 5428 1875 5483 codex
1896 5428 1937 5483 Β
1962 5449 1985 5485 ε⁸

397 5471 825 5571 ἲὶτάῃι’.ιττζαηεξ.
887 5486 1242 5571 undecumque
1270 5491 1643 5571 .cumglobati,
1698 5508 1987 5571 antequam,

394 5546 603 5627 barba-ri
630 5552 699 5603 ad
732 5551 937 5607 relictas
961 5574 1130 5634 ataves
1154 5546 1447 5634 Ladliugere'
1474 5546 1803 5634 potuissent,
1832 5546 1977 5625 ἐση-

392 5618 555 5700 gressi
595 5630 715 5700 sunt
757 5640 874 5677 cum
925 5628 1115 5700 eis,»e!,
1148 5628 1256 5682 Deo
1286 5618 1529 5700 praesule,
1564 5618 1870 5694 uictoriayex
1899 5642 1973 5696 eis

388 5687 561 5752 potiti,
589 5691 721 5745 sicut
750 5710 911 5765 usque
941 5687 1315 5775 tiodieapqrei,
1350 5718 1443 5769 per
1464 5687 1971 5775 ca’ntpos‘truc'iiia'fa

387 5770 567 5813 eorum
609 5778 827 5835 corpora
877 5769 1054 5823 aribus
1102 5782 1147 5823 ct
1188 5770 1315 5840 frris
1369 5769 1691 5832 eorrode'uda
1745 5782 1968 5853 relique-

2105 4595 2253 4651 lante
2291 4595 2402 4650 Deo
2430 4594 2659 4651 victoria
2690 4611 2756 4651 ex
2775 4596 2856 4651 eis
2901 4597 3080 4666 potiti,
3124 4612 3220 4667 per
3259 4613 3483 4669 campos
3525 4599 3697 4665 cadas

2102 4704 2230 4745 vera
2282 4703 2470 4745 eorum
2523 4689 2787 4745 trucidata
2843 4689 3037 4746 avibus
3062 4699 3118 4746 et
3163 4690 3297 4750 feris
3347 4692 3689 4751 corrodenda

2101 4778 2433 4850 reliquerunt
2459 4780 2594 4853 (87).

2166 4869 2254 4925 25.
2286 4871 2498 4944 [Operae
2527 4872 2637 4943 (88)
2671 4873 2912 4942 precium
2946 4873 3075 4929 duxi
3110 4874 3234 4930 huic
3278 4875 3511 4931 orationi
3545 4876 3687 4933 inse.

2094 4980 2217 5022 rere
2256 4966 2587 5024 obsidionem
2618 4966 2821 5026 factam
2868 4976 3111 5039 tempore
3150 4969 3432 5026 Gancelini
3480 4987 3683 5042 pracsu-

2094 5091 2232 5156 τηυξ.
2262 5080 2497 5151 Populus
2527 5083 2748 5156 denique
2805 5084 2895 5155 qui
2945 5084 3174 5155 effugere
3225 5087 3392 5155 potuit
3442 5085 3680 5156 gladium

2091 5152 2454 5227 barbarorum,
2508 5153 2584 5227 ad
2662 5152 3071 5209 concremata'm'
3111 5152 3299 5211 urbem,
3362 5152 3675 5227 reg—reditur,

2089 5235 2241 5297 atque
2259 5223 2471 5297 collegit
2500 5223 2651 5297 busta
2678 5234 3049 5297 crematorum,
3089 5237 3137 5281 et
3164 5226 3218 5281 in
3249 5239 3402 5296 puteo
3419 5223 3674 5297 quodam,

2088 5292 2227 5379 i'ntra
2251 5294 2416 5379 ipsum
2441 5294 2729 5379 (ecclesiam
2752 5297 2872 5357 sila,
2910 5296 3163 5379 projeeit;
3188 5292 3326 5379 unde
3352 5292 3675 5379 ipseputcus

2086 5361 2257 5421 Locus
2282 5362 2461 5438 erlis
2484 5383 2515 5418 a
2539 5366 2733 5420 civibus
2756 5361 2918 5436 usque
2938 5361 3091 5438 hodie
3111 5361 3386 5429 vocitatur,
3421 5361 3508 5421 ubi
3528 5369 3675 5438 jugi-

2084 5442 2163 5485 ter
2193 5434 2392 5507 meritis
2440 5452 2629 5495 eorum
2662 5434 2884 5506 quorum
2930 5437 2999 5490 ibi
3054 5438 3255 5499 eineres
3298 5434 3675 5507 prwstolautur

2081 5518 2199 5555 cum
2230 5503 2434 5558 Christo
2464 5503 2728 5579 resurgere
2756 5516 2911 5579 atque
2938 5508 2991 5560 in
3028 5508 3167 5561 caelis
3190 5503 3306 5561 cuni
3339 5526 3397 5564 eo
3433 5525 3668 5579 regnare,

2078 5573 2190 5642 ipso
2215 5587 2541 5640 cooperante,
2568 5576 2731 5629 multa
2755 5573 2891 5644 fiunt
2928 5579 3225 5632 mirabilia.

2153 5645 2268 5718 (88)
2293 5645 2442 5699 Hanc
2469 5647 2544 5718 de
2578 5645 2805 5718 Bellone
2847 5648 3262 5717 digressionem,
3298 5665 3461 5718 quam
3515 5651 3666 5704 uncis

2077 5714 2412 5794 inclusimus,
2471 5716 2643 5772 solutn
2693 5717 2789 5773 dat
2831 5714 3000 5775 codex
3045 5714 3109 5784 Β.
3150 5714 3337 5776 codice
3390 5720 3441 5795 Ag
3481 5738 3671 5783 recen:

2076 5784 2208 5858 tier.
