3842 6308
91 321 176 389 Si?

1035 310 1268 370 VETUS
1317 309 1575 378 AGANO.
1612 339 1683 352 —-
1723 309 1858 373 LIB.
1905 313 1948 372 1.
1981 312 2289 385 ᾹΟΑΝΠΒ,

92 436 162 500 lis,
183 443 288 488 cum
307 431 511 498 propter
553 420 846 486 novitatem
891 426 1170 496 temporis,
1214 433 1329 482 tum
1375 430 1598 499 propter
1624 422 1674 490 Α
1697 439 1796 481 suo
1852 425 2008 494 duce,
2070 425 2322 498 praesidio
2381 425 2539 498 fugae,
2608 402 2769 488 metis
2836 431 3027 506 mortis
3085 448 3274 494 carere

92 521 446 586 memorandum
470 515 784 574 miraculum
809 518 952 589 quod
983 519 1038 576 in
1067 533 1129 577 ea
1167 527 1386 592 patrare
1413 522 1604 594 digna.

94 629 162 676 tus
186 625 256 672 est
279 612 522 670 Dominus
556 610 752 668 Jbesus
787 610 1059 678 Christus,
1108 613 1414 672 interventu
1461 616 1606 686 ejus-

91 713 186 768 dem
208 707 462 778 genitricis
481 706 651 762 beatae
673 704 910 776 Virginis
939 705 1140 761 Mariae.
1165 703 1302 762 Nam
1332 717 1606 776 transma-

91 800 172 858 rini
209 797 400 869 pagani,
426 797 618 867 quibus
654 797 762 859 dux
788 805 1020 868 praeerat
1048 795 1226 862 Rullo,
1252 797 1401 853 mare
1424 811 1604 856 trans-

93 897 295 944 meantes
336 887 388 942 in
446 886 713 944 Neustriae
759 887 1039 958 partibus,
1106 889 1399 944 maximam
1447 899 1628 947 term-

87 988 256 1048 partrm
291 979 483 1033 virtute
532 977 657 1034 belli
713 977 1051 1046 invadentes,
1109 989 1316 1051 septem
1360 982 1608 1048 civitates

83 1068 168 1136 jam
185 1067 505 1124 obtinuerant
536 1085 550 1122 :
582 1082 613 1122 a
641 1083 873 1138 quorum
919 1069 1184 1134 vocabulo
1232 1071 1428 1130 eadem
1459 1067 1630 1131 terra

87 1157 239 1216 sortita
265 1165 342 1212 est
387 1172 602 1213 nomen.
637 1157 744 1228 ipsi
793 1159 939 1218 enim
989 1175 1020 1214 a
1072 1161 1201 1226 ﬂatu
1257 1161 1438 1218 Norici
1471 1139 1618 1237 (89),.

86 1249 335 1306 Not-manui
389 1258 690 1305 vocantur:
747 1265 778 1306 a
821 1265 928 1322 quo
983 1251 1204 1330 nomine
1275 1253 1642 1312 Normanniai

85 1342 327 1398 vocitatur.
387 1339 552 1397 Visco
591 1341 774 1413 itaque
822 1342 1120 1400 insaciabili
1169 1345 1414 1402 avaritiae
1461 1347 1610 1404 laboo

87 1447 247 1498 rantes,
294 1449 385 1504 per
427 1432 740 1504 Sequanam
797 1433 1016 1500 ﬂuvium
1072 1436 1408 1507 navigantes,
1455 1416 1636 1494 Pari-l

85 1526 242 1580 siacam
272 1525 452 1582 urbem
499 1525 750 1582 obtinere
778 1526 1042 1582 ambiunt.
1077 1525 1180 1594 Qui
1210 1544 1335 1584 eum
1383 1530 1622 1594 desidua.

84 1619 312 1674 obsidione
331 1627 384 1672 et
413 1632 693 1672 armorum
721 1617 1080 1686 exercitione,
1129 1621 1400 1677 incassum
1452 1600 1626 1679 labo-

83 1725 178 1765 rare
197 1718 478 1777 cernerent,
498 1724 694 1780 proras
716 1711 935 1766 navium
963 1720 1112 1769 retro
1141 1721 1438 1779 vertentes.
1462 1713 1606 1774 obsi-

85 1804 253 1860 dionem
279 1801 569 1871 liquerunt.
622 1799 810 1881 Itaque
845 1803 1009 1864 animi
1043 1803 1124 1864 sui
1155 1804 1510 1861 ambitionem
1538 1805 1620 1861 ad-

83 1893 231 1948 urbem
269 1891 656 1960 Cernatensem
689 1901 800 1950 toto
847 1893 968 1950 nisu
998 1903 1300 1950 verterunt.
1331 1895 1412 1950 Ad
1442 1909 1627 1964 quam

85 2000 158 2056 per
195 1983 482 2057 Sequanam
543 1985 713 2044 remis
753 1996 1063 2055 currentes,
1106 1989 1158 2043 in
1203 1987 1413 2045 Givaldi
1463 1987 1626 2044 fossa.

84 2077 384 2144 aplicuerunt,
426 2073 507 2132 lbi
557 2075 792 2158 denique
824 2079 1051 2138 navibus
1104 2080 1332 2144 relictis,
1389 2080 1608 2150 praepeti

85 2181 226 2234 cursu,
262 2169 324 2226 ad
351 2169 546 2232 urbem
576 2171 826 2238 veniunt,
855 2185 1086 2244 eamque
1117 2173 1171 2228 in
1199 2172 1426 2229 circuitu
1475 2173 1613 2229 obsi-

85 2259 207 2316 dione
227 2261 430 2320 vallant.
461 2263 954 2325 Verumenimvero
973 2263 1235 2336 praefatus
1260 2265 1456 2337 praesul
1484 2281 1631 2322 ven--

84 2356 219 2406 turam
240 2351 572 2418 obsidionem
595 2353 782 2426 divino
809 2353 985 2410 relatu
1033 2370 1402 2426 praenoscens,
1437 2354 1616 2412 Picta-

85 2455 253 2500 vensem
297 2445 556 2516 comitem
606 2448 798 2504 venire
833 2447 940 2506 sibi
972 2449 1028 2504 in
1052 2447 1315 2506 auxilium
1363 2449 1612 2514 mandat,

87 2533 330 2610 ducemque
391 2538 730 2614 Burgundiae
777 2549 942 2612 atque
989 2540 1140 2601 duos
1206 2541 1636 2614 potentissimos.

86 2621 278 2681 Francia:
297 2629 552 2697 comites,
580 2629 697 2701 qui,
727 2628 816 2686 die
851 2630 1149 2704 constituto
1167 2645 1198 2691 a
1222 2631 1474 2700 praesule,
1498 2630 1616 2701 pari

90 2723 183 2770 toto
200 2730 306 2772 cum
325 2719 582 2776 exercitu
607 2719 848 2787 maximo
867 2719 1062 2792 parati,
1094 2721 1404 2780 Christiano
1423 2721 1622 2794 populo

87 2807 292 2865 auxilium
333 2811 477 2868 ferre
541 2813 758 2881 adsunt.
805 2812 1052 2884 (iamque
1095 2814 1290 2886 pagani
1331 2815 1539 2872 viribus
1564 2823 1622 2872 et

87 2898 214 2956 armis
243 2901 578 2960 conﬁdentes
625 2905 914 2968 admodum
965 2905 1301 2972 insisterent,
1340 2915 1397 2962 et
1429 2907 1640 2964 civita-

87 2997 166 3046 tem
197 3007 371 3064 capere
415 2995 1088 3069 festinarent,gpontifex,
1137 2999 1228 3056 die
1251 3013 1357 3070 qua
1398 3008 1621 3056 noverat

1646 1771 1693 1828 B

1706 517 2030 588 potuissent.
2059 516 2216 576 Unde
2245 518 2444 575 factum
2473 527 2559 577 est
2581 528 2657 589 ut,
2681 519 2796 593 jam
2845 537 2970 581 sero
3022 523 3186 595 facto,
3219 527 3279 584 in

1706 617 1892 668 monte
1938 609 2242 682 Leugarum
2273 611 2608 682 devenirent,
2635 612 2707 670 ibi
2737 615 3104 674 castrametati
3153 627 3280 686 sunt

1707 706 1874 770 atque
1893 699 1962 763 de
1983 701 2147 761 coriis
2168 701 2485 759 animalium
2507 702 2622 774 (90)
2657 718 2717 761 se
2745 705 2979 776 undique
3006 706 3274 762 muniunt.

1708 795 2004 863 Christiani
2035 811 2166 852 vero
2192 811 2289 852 eos
2311 796 2681 869 insequentes,
2715 806 2951 854 montem
2972 797 3202 863 vallant,
3221 807 3286 856 ut

1686 886 1956 963 .proxima
1997 886 2085 952 die
2125 885 2394 956 fugientes
2456 887 2792 960 aggredianl.
2846 888 3018 956 Quem
3047 887 3158 960 (9|)
3198 888 3283 951 vi-

1710 977 1901 1038 dentes
1934 977 2129 1048 pagani
2174 976 2464 1048 pavefacti,
2526 977 2907 1034 machinantur
2951 980 3223 1051 quomodo
3249 995 3282 1036 a

1699 1070 1951 1147 periculo
1985 1065 2177 1126 martis
2201 1085 2259 1126 se
2279 1069 2493 1126 salvare
2535 1077 2775 1140 possent.
2815 1069 3108 1142 Elegerunt
3133 1072 3290 1129 deni;

1711 1179 1820 1236 que
1868 1173 1982 1228 tres
2018 1163 2168 1219 viros
2197 1161 2529 1221 fortissimos
2553 1161 2645 1232 qui
2700 1161 2931 1220 latenter
2977 1163 3190 1219 exirent
3218 1163 3286 1219 de

1708 1257 1926 1323 castris,
1985 1255 2251 1327 longeque
2303 1254 2466 1326 positi
2504 1269 2546 1330 a_
2575 1253 2769 1312 castris
2816 1237 3076 1311 canerent
3120 1255 3282 1311 tubis.

1709 1350 1812 1421 Qui
1867 1364 1992 1406 cum
2057 1348 2299 1404 abissent
2330 1355 2386 1405 et
2452 1347 2593 1415 tubis
2658 1355 2941 1414 canerent,
2987 1347 3290 1403 Christiani

1709 1444 1996 1504 audientes
2022 1443 2182 1501 veriti
2227 1451 2355 1500 sunt
2401 1456 2472 1504 ne
2507 1441 2702 1512 pagani
2733 1439 3024 1516 complices
3072 1439 3284 1494 illorum

1669 1587 1676 1592 _
1708 1534 1962 1599 venirent
2009 1533 2064 1589 in
2104 1531 2392 1589 auxilium.
2437 1531 2590 1586 Tunc
2631 1545 2701 1586 sse
2742 1528 3055 1601 colligentes
3095 1528 3148 1583 in
3180 1541 3295 1584 una

1708 1631 1890 1701 parte,
1917 1627 2282 1698 expectabant
2305 1631 2561 1681 eventum
2600 1623 2702 1679 rei.
2754 1620 2958 1694 Pagani
3006 1628 3184 1676 autem
3208 1620 3291 1673 vi-

1714 1717 1905 1774 dentes
1947 1715 2124 1781 locum
2162 1712 2418 1786 fugiendi,
2457 1711 2718 1785 paulatim
2768 1709 2995 1775 silenter
3029 1716 3228 1771 exeunt
3257 1722 3294 1774 λ

1715 1811 1937 1877 castris,
1965 1808 2347 1879 impedimenta
2389 1804 2571 1862 omnia
2607 1802 3048 1873 derelinquentes
3075 1815 3090 1864 ;
3117 1798 3290 1854 veloci

1709 1917 1872 1960 cursu
1899 1899 1968 1956 ad
1998 1915 2128 1955 snas
2175 1911 2342 1954 naves
2385 1897 2632 1960 redeunt,
2688 1887 2924 1964 indeque
2947 1891 3013 1946 ad
3047 1889 3319 1962 propria.-

1712 1991 2091 2061 Memoresque
2158 2004 2271 2046 suae
2328 1983 2662 2044 confusionis
2729 1994 2892 2054 atque
2952 1979 3290 2046 detrimenti,

1713 2100 2062 2164 nequaquam
2087 2081 2231 2144 ultra
2257 2081 2582 2145 addiderunt
2620 2077 2824 2143 reverti
2846 2075 2916 2133 ad
2942 2075 3133 2134 urbem
3159 2071 3296 2160 Car—

1713 2188 2022 2237 notensem.
2655 2197 2662 2208 ‘
2913 2200 2918 2204 '
3163 2155 3168 2160 ‘
3227 2191 3242 2202 '

1781 2269 1882 2326 His
1909 2268 1984 2324 ita
2014 2252 2253 2332 omissis,
2291 2263 2361 2322 ad
2390 2262 2574 2320 domui
2615 2259 2789 2333 Agani
2811 2255 3062 2331 praesulis
3091 2254 3304 2324 scripta.

1713 2373 1964 2421 vertatur
2009 2357 2270 2432 pennula,
2332 2355 2426 2427 qui
2490 2353 2669 2410 locum
2713 2365 2744 2406 a
2800 2345 3029 2420 paganis
3077 2343 3294 2400 destru-

1717 2467 1891 2522 ctum,
1945 2453 2132 2510 divina
2167 2447 2470 2524 opitulante
2515 2443 2724 2509 Gratia,
2773 2437 3047 2520 decenter.
3085 2443 3299 2492 restau-

1717 2563 1877 2612 rans,
1940 2541 2273 2602 clerinomiae
2317 2538 2515 2596 seriem
2582 2532 2736 2592 inibi
2766 2532 2878 2588 Deo
2917 2526 3302 2584 .militaturam

1717 2637 2059 2708 subrogavit,
2085 2631 2322 2707 quadam
2365 2624 2710 2702 portiuncula
2747 2635 2932 2677 rerum
2988 2617 3118 2675 olim
3158 2615 3300 2708 loco,

1719 2705 2116 2804 pertinentium
2147 2723 2416 2796 delegata,
2456 2733 2579 2791 quae
2633 2727 2920 2785 corporum
2959 2705 3299 2804 necessitati-

1722 2795 1824 2880 bus
1852 2819 2226 2892 supplementa
2276 2795 2612 2886 suggereret,
2663 2816 2826 2878 atque
2846 2800 3032 2876 procul
3076 2795 3310 2892 expulsa,

1723 2887 2245 2972 rerum-exterarum
2275 2901 2658 2969 sollicitudine,
2702 2899 2880 2955 clerus
2911 2895 3078 2950 libera
3129 2887 3305 2944 medi-

1725 3008 1931 3065 talione
1979 2988 2179 3062 divinis
2231 3001 2513 3058 insisteret
2571 2995 2843 3052 laudibus.
2885 2988 3038 3047 Unde
3083 2985 3314 3055 dignum,

86 3093 208 3183 Ῥω
231 3084 394 3183 ξῆίξίοῃθ
423 3087 664 3144 comites
707 3087 808 3143 Sibi
847 3088 1034 3154 Venire
1058 3088 1112 3143 in
1139 3069 1424 3162 auiiiiﬂms
1469 3088 1693 3175 Valde'c
1725 3098 1853 3156 duxi
1882 3096 1949 3152 ad
1980 3096 2145 3151 linem
2175 3091 2341 3163 hujus
2369 3086 2566 3161 epilogi
2611 3093 2796 3142 cartas
2844 3079 3084 3183 scribere
3127 3074 3314 3130 editas

88 3169 276 3232 diluculo
301 3177 451 3244 iubet
485 3194 690 3236 omnes
729 3194 858 3241 suos
899 3179 1070 3235 armis
1097 3179 1296 3235 muniri
1325 3191 1380 3235 et
1402 3180 1472 3236 ad
1493 3195 1622 3252 por-
1646 3164 1693 3246 τ*
1730 3188 1800 3244 ab
1820 3185 2090 3256 episcopis
2120 3184 2310 3258 Agano
2359 3177 2613 3238 videlicet
2650 3184 2705 3232 et
2759 3164 3100 3258 Ragenlredo
3144 3172 3316 3258 atque

88 3268 358 3324 lasventum
410 3272 517 3350 ire.
573 3266 836 3330 Trahens'
877 3271 1060 3342 itaque
1110 3272 1420 3336 interiorem
1475 3273 1650 3335 tunir

89 3368 175 3411 eam
201 3357 282 3416 Dei
309 3362 598 3432 genitricis
640 3363 824 3424 Mariae
872 3377 1037 3434 super
1086 3374 1297 3435 portam
1325 3379 1446 3434 quae
1477 3362 1652 3420 Nova“

89 3458 281 3520 vocatur,
304 3455 591 3511 obtutibus
610 3471 944 3527 paganorum
987 3456 1184 3520 obtulit
1203 3465 1496 3528 portasque
1529 3471 1624 3512 ur-

88 3536 148 3593 bis
182 3547 386 3614 aperuit,
425 3557 482 3604 et
525 3537 868 3604 Christianos
914 3547 1144 3605 ﬁdenter
1171 3547 1613 3621 prmliarejubet.

91 3625 204 3704 Tunc
233 3633 551 3713 Christiani,
595 3640 662 3696 ab
706 3641 1078 3714 omnipotente
1119 3640 1228 3698 Deo
1250 3640 1460 3697 viribus
1482 3653 1629 3701 sum-

89 3724 398 3792 ptis,iortiter
435 3742 721 3804 pugnant.
758 3721 959 3806 Pagani
985 3748 1116 3790 vero
1140 3749 1172 3789 a
1213 3733 1326 3790 Deo
1351 3733 1627 3800 destituti,

91 3818 281 3876 omnium
302 3827 680 3881 membrorum
710 3826 920 3883 viribus
947 3827 1202 3900 perditis,
1245 3841 1312 3882 ex
1335 3841 1446 3881 una
1475 3834 1632 3898 parte

90 3910 307 3970 acivibus
353 3927 693 3985 mactantur,
741 3927 797 3974 et
844 3919 915 3974 ab
969 3919 1078 3978 alia
1129 3929 1285 3989 parte
1315 3933 1346 3972 a
1373 3932 1632 3990 superve-

92 4001 220 4060 nienti
264 4011 504 4076 exercitu
575 4011 726 4072 velut
783 4011 901 4084 agri
965 4011 1096 4070 {mni
1155 4020 1495 4070 sternuntur.
1543 4011 1624 4084 Er

91 4096 242 4161 Quibus
279 4111 419 4158 tanta
451 4103 621 4161 cedes
648 4103 768 4170 fuit,
802 4113 862 4160 ut
892 4113 1231 4162 mortuorum
1272 4105 1628 4162 cadaveribus

93 4198 198 4254 “qua
221 4189 446 4251 ﬂuminis
487 4195 895 4264 excluderetur,
940 4209 1104 4270 atque
1155 4213 1370 4258 omnes.
1398 4197 1625 4268 pariter,

1729 3249 1905 3336 sancti
1948 3249 2196 3331 Carauni
2237 3270 2435 3328 abbate
2461 3262 2746 3330 Gradulfo,
2775 3260 2844 3316 de
2874 3258 3038 3314 rebus
3059 3253 3201 3310 datis
3224 3249 3315 3328 vel.

1730 3367 1960 3427 redditis
1999 3375 2162 3436 atque
2197 3358 2473 3419 concessis
2513 3361 2700 3413 saneto
2747 3351 2912 3407 Petro
2941 3349 3010 3403 ab
3038 3345 3137 3410 eis,
3179 3341 3310 3401 dum
3347 3359 3349 3362 ·

1734 3460 1911 3520 adhuc
1931 3454 2176 3514 canonici
2203 3453 2322 3509 loco
2357 3449 2710 3506 deservirem.
2739 3439 2944 3519 Deinde
2983 3452 3072 3494 res
3091 3447 3312 3506 posses.-

1735 3568 1828 3610 sas
1855 3552 1923 3610 ab
1951 3549 2058 3608 illis
2080 3562 2218 3620 quas
2245 3543 2482 3616 scriptas
2513 3536 2812 3611 repperi‘in
2839 3531 3048 3588 duobus
3093 3525 3308 3620 retulis,

1737 3643 1902 3721 atque
1929 3619 2350 3704 consuetudines
2373 3651 2509 3709 quas
2535 3635 2602 3690 ab
2652 3626 2924 3721 agricolis-
2949 3619 3316 3721 accipiebant,

1737 3715 1858 3815 quae
1914 3738 2145 3796 multum
2197 3733 2508 3802 discrepant
2551 3743 2580 3781 a
2611 3715 3090 3815 consuetudinibus
3140 3715 3312 3815 nostri

1739 3801 2019 3905 temporis.
2050 3829 2254 3885 Earum
2283 3823 2516 3898 denique
2553 3832 2732 3877 rerum
2756 3815 2957 3875 cartas,
2981 3801 3315 3905 vela-omina

1738 3893 1952 3986 tuorum
1981 3923 2076 3996 qui
2097 3935 2191 3982 eas
2225 3895 2563 3990 largiti'sunt
2605 3907 2828 3966 minime
2877 3897 3078 3996 inveni.
3118 3893 3316 3996 Utrum

1734 3985 1917 4077 autem
1976 3985 2251 4074 vetustate
2307 3985 2522 4067 abolita
2569 3997 2714 4066 sunt,
2763 4005 2858 4054 aut
2910 3989 3145 4050 hostium
3192 3985 3328 4077 igne-

1731 4075 2011 4173 crematae,
2043 4116 2137 4162 aut
2174 4115 2451 4176 nunquam
2482 4097 2722 4171 set-ipim,
2747 4087 3046 4151 scribarum
3065 4075 3325 4164 penuriag

1733 4203 1960 4263 minime
1984 4199 2118 4258 seio.

93 4272 180 4344 ipsa
199 4283 494 4346 dieultrici.
523 4286 702 4358 gladio
726 4297 1120 4359 sternerentur,
1155 4289 1256 4344 nisi
1305 4289 1478 4343 ultimi
1501 4303 1625 4343 cum
1709 4284 1714 4291 ’

152 4481 240 4563 EQ)
267 4485 601 4563 P_ro_uortlti,
630 4507 685 4562 q.
723 4505 772 4546 e.
805 4490 1124 4563 septentrio.

151 4555 246 4640 (90)
277 4558 405 4618 Cod.
434 4555 773 4620 animalium.

1819 4485 1952 4557 (91)!
1985 4483 2062 4557 ita
2107 4480 2240 4557 cmi1
2297 4491 2401 4557 pro
2445 4464 2940 4557 quodhtnen'dose,
2983 4466 3039 4513 ut
3087 4456 3322 4517 videtur,

1749 4535 2003 4614 etiarn—tlin—
2015 4535 2130 4610 hoc
2153 4535 2366 4607 inlim'te‘
2387 4535 2671 4602 lat'ittitatis
2695 4535 2852 4610 style.

1174 4762 1404 4834 Explieit
1427 4761 1560 4816 liber
1591 4757 1908 4832 Hagan'om's
1931 4753 2191 4812 urwsulis.
