3890 6302
510 392 623 457 ιιι

1435 390 1639 449 PAULI
1679 390 1737 448 S.
1780 388 1987 446 PETRI
2032 387 2515 449 CARNOTENSIS
2558 382 2883 459 MONACHI-r

657 560 2309 602 N

2320 542 3757 587 _.___—————-——————-,

1519 606 1934 820 LIBER
2019 697 2762 818 SECUNDUS

2093 938 2247 986 ειη.

1219 1102 2131 1205 RAGENFRED

2233 1140 2240 1147 υ
2349 1096 3145 1205 PRESULIS

1695 1302 1801 1383 (Ab
1830 1314 1974 1362 anno
2002 1297 2108 1358 954
2137 1295 2205 1353 ad
2230 1310 2435 1351 annum
2465 1294 2616 1365 960.)

764 1603 963 1646 ιιιειῐιιτ
1003 1599 1463 1645 PREFA'I’IOJJBRI
1503 1596 1858 1639 RAGEKFBEM.

593 1680 652 1739 In
687 1680 935 1752 sequenti
965 1678 1227 1750 opusculo
1249 1677 1437 1733 videor
1458 1676 1645 1731 videre
1670 1673 2008 1730 solummodo
2041 1672 2131 1727 ad.

524 1771 875 1839 scribendum
916 1769 1167 1827 sufﬁcere
1217 1768 1598 1839 episcoporum
1636 1773 1800 1835 atque
1852 1765 2112 1819 abbatum

522 1864 729 1936 scripta
754 1864 1088 1933 singulorum
1111 1860 1343 1932 singula,
1377 1868 1435 1914 ut
1461 1858 1655 1929 quibus
1680 1856 1937 1927 gradibus
1965 1856 2126 1914 locus.

526 1954 632 2011 iste
676 1953 939 2032 paulatim
996 1952 1325 2019 inoleverit,
1368 1960 1680 2021 quantaque
1715 1949 1955 2005 sollertia
1997 1949 2116 2018 ejus

529 2029 860 2120 utilitatibus
905 2046 1135 2118 quisque
1171 2059 1359 2103 eorum
1391 2042 1761 2107 insuduverit,
1795 2042 1954 2097 facile
1986 2057 2118 2111 pru-

528 2140 664 2203 dens
692 2139 982 2209 indagator
1026 2145 1301 2209 agnoscat,
1333 2135 1584 2207 legendo.
1633 2133 1786 2200 Quod
1821 2142 2003 2188 autem
2051 2147 2135 2187 ea,

531 2245 654 2301 quae
687 2231 739 2286 in
782 2229 952 2301 priori
1002 2229 1206 2298 scripto
1249 2228 1431 2283 domui
1479 2226 1806 2297 Ragenfredi
1843 2224 2116 2296 praesulis,

524 2324 643 2383 sine
666 2321 919 2393 capitulis
942 2361 959 2388 ,
990 2321 1218 2380 reddita.
1242 2318 1335 2380 vel.
1354 2332 1613 2381 concessa
1645 2331 1768 2375 esse
1819 2317 2116 2393 invenerit,

527 2414 651 2484 ideo
678 2415 981 2487 actitatum,
1005 2422 1090 2480 est
1116 2412 1243 2484 quia
1274 2412 1330 2467 in
1362 2411 1538 2482 primo
1568 2425 1734 2480 opere
1778 2408 2115 2480 capitulatim

525 2506 717 2568 eadem
759 2516 886 2569 sunt
906 2505 1108 2575 scripta
1143 2505 1211 2561 ab
1243 2503 1361 2574 ipso
1388 2502 1618 2573 praesule
1645 2501 1813 2558 semel
1843 2502 2121 2557 canonicis

526 2598 781 2657 similiter
803 2596 1014 2658 reddita
1054 2595 1138 2651 vel
1166 2609 1450 2651 concessa.

744 2705 998 2745 EXPLICIT
1036 2703 1319 2744 PREFATIO
1357 2702 1498 2743 LIBRI
1541 2700 1896 2743 RAGENI’IIEDJ.

522 2780 634 2854 [De
660 2781 812 2837 rebus
831 2798 965 2852 quas
992 2780 1132 2834 dedit
1187 2778 1264 2833 uel
1321 2778 1547 2854 reddidit
1611 2776 1974 2845 Raqeufrodus
2011 2777 2124 2848 cpi-

558 2870 561 2871 '
845 2848 855 2852 ⁷
1028 2867 1215 2923 scapus
1238 2860 1418 2904 sancto
1445 2848 1624 2902 Petro.

1090 2946 1272 3017 (Circa
1318 2960 1368 2997 a.
1410 2941 1562 3011 954.)

603 3041 619 3059 ⁹
657 3056 676 3091 ι
721 3036 1167 3111 Ιηη(9Ξ),ιιοῐῐιίιιθ
1192 3045 1393 3109 sancta:
1422 3043 1478 3098 ct
1500 3033 1789 3109 individnae
1814 3031 2140 3107 Trinitatis,

531 3127 939 3200 Ragenl‘redus,
972 3129 1135 3203 nullis
1164 3125 1743 3205 extantibusmeritis,
1771 3134 1973 3181 sanetae
2001 3125 2118 3182 sedi

532 3220 840 3298 Carnutiua:
859 3221 1179 3293 sublimatus
1200 3219 1446 3293 antistes.
1476 3218 1973 3297 Quotienscumque
1984 3232 2147 3288 praes

534 3312 844 3367 cedentium
885 3322 1101 3383 patrum
1131 3312 1197 3367 ad
1225 3309 1460 3367 medium
1482 3309 1824 3365 deducuntur
1850 3309 2122 3380 exempla,

533 3400 983 3475 sauismentihus
1018 3401 1366 3476 incitamenta
1396 3411 1524 3463 sunt
1549 3397 2125 3469 virtutum,_informa—

536 3490 615 3557 tio
641 3489 881 3547 melioris
927 3491 1076 3557 vitae,
1114 3489 1376 3547 inollensa
1408 3491 1716 3563 progressio
1757 3489 1858 3546 viae
1898 3490 2149 3555 manda-_

540 3592 719 3660 torum
762 3582 880 3643 Dei.
925 3583 1115 3654 Ditina
1139 3594 1321 3657 autem
1352 3583 1481 3655 quia
1507 3592 1634 3657 sunt
1663 3582 1924 3656 pleraque
1953 3582 2125 3643 ratios

536 3674 624 3755 nis
667 3674 988 3746 incapabilia
1018 3676 1438 3747 ammitgationis,
1476 3691 1866 3746 nonnunquam
1894 3675 2128 3731 subeunt

538 3766 983 3842 contemplativa.
1018 3767 1173 3835 Unde
1199 3783 1301 3843 ego
1343 3768 1723 3845 Ragenfredus
1753 3776 1979 3837 vocatus
2010 3767 2149 3838 cpi-7

540 3874 739 3932 scapus
760 3900 775 3925 ,
806 3874 930 3937 cum
968 3875 999 3914 a
1030 3861 1360 3917 secularium
1398 3861 1749 3932 negociorum
1788 3858 2123 3926 tumultibus,

540 3950 740 4031 qpibus
768 3950 893 4023 plus
917 3952 1242 4024 necessitate
1272 3968 1434 4025 quam
1460 3962 1586 4009 voto
1614 3952 1887 4023 inplicitus
1918 3961 2135 4025 teneor,

542 4042 820 4114 paululum
844 4044 1086 4116 animum
1116 4046 1484 4119 expedissem,
1511 4055 1681 4102 totum
1719 4060 1806 4100 me
1851 4045 1991 4101 intra
2042 4058 2157 4106 me.

541 4132 825 4207 colligens,
856 4136 994 4206 (ξωρί
1030 4135 1084 4190 in
1134 4136 1575 4211 ammiratjouem
1621 4135 1823 4211 habere
1866 4134 2130 4190 beneﬁcia

542 4226 910 4296 miserationis
945 4228 1142 4284 divinae
1181 4244 1310 4303 erga
1352 4230 1583 4285 salutem
1609 4228 1796 4298 stirpis
1846 4229 2149 4304 humanae;

544 4319 1004 4388 quemadmodum
1044 4336 1180 4393 quos
1226 4321 1403 4394 diligit
1434 4320 1792 4385 vulnerando,
1826 4318 2131 4374 medicabili

545 4411 737 4471 dextra
766 4414 1033 4480 medetur,
1062 4423 1117 4470 et
1148 4422 1371 4485 paterno
1400 4413 1753 4486 percutiendo
1779 4411 1971 4468 alit-ctu
1994 4452 2009 4478 ,
2042 4428 2133 4468 sa-

545 4504 674 4561 lutis
695 4520 761 4563 ac
794 4507 1045 4564 sanitatis
1080 4522 1343 4579 prospera
1389 4507 1789 4575 subministrat.
1831 4506 1998 4578 Cujus
2026 4506 2135 4563 cle-

546 4598 763 4655 mentiae
817 4599 1156 4672 magnitudo,
1198 4599 1329 4658 licet
1358 4599 1557 4671 ubique
1616 4608 1887 4655 terrarum
1938 4615 1997 4654 se
2050 4599 2134 4654 di—

546 4702 779 4761 gnanter
831 4693 1129 4764 impendat,
1189 4704 1250 4749 ut
1300 4694 1465 4750 michi
1508 4703 1690 4749 tamen
1740 4693 1991 4759 videtur,
2022 4707 2136 4763 pra:

548 4784 795 4855 reliquis,
822 4794 1021 4842 nostrae
1047 4786 1191 4843 sedis
1214 4786 1472 4844 diocesim
1495 4801 1606 4842 sua:
1627 4786 1931 4843 dilectionis
1952 4800 2140 4857 amore

549 4875 768 4948 dignam
798 4877 971 4944 duxit,
1011 4878 1161 4945 dum,
1193 4878 1444 4949 exigente
1471 4877 1702 4933 ﬁliorum
1750 4892 1974 4933 suorum
2003 4892 2133 4947 pec-

551 4966 828 5022 caminum
856 4966 1020 5033 mole.
1054 4968 1125 5023 ita
1158 4983 1278 5024 eam
1303 4969 1529 5023 verbere
1570 4968 1985 5039 disciplinabilis
2022 4983 2147 5027 cor:

552 5056 814 5112 rection’is
841 5058 1117 5124 submisit,
1168 5067 1227 5113 ut
1276 5057 1497 5113 eﬂ‘eram
1551 5067 1767 5129 gentem
1806 5073 2138 5129 paganorum

551 5161 988 5217 quaquaversum
1028 5148 1286 5215 caedibus,
1314 5149 1609 5214 incendiis,
1636 5148 2140 5217 depopulationibus

553 5237 846 5294 debacbari
876 5239 993 5295 sine
1013 5239 1194 5309 aliqua
1229 5241 1618 5295 retractatione
1643 5242 1973 5310 permiserit.
2006 5240 2137 5295 Nul-

554 5326 639 5382 lus
665 5327 841 5383 honor
866 5327 1280 5398 impendebantur
1308 5330 1463 5397 locis,
1491 5331 1677 5387 voraci
1702 5346 1796 5388 eos
1825 5330 2138 5389 indifferen-

552 5428 640 5475 ter
658 5419 879 5476 ﬂamma
908 5421 1204 5491 lambente,
1236 5423 1367 5480 nulli
1392 5425 1669 5496 dignitati,
1698 5426 1844 5481 mtati
1875 5425 1959 5481 vel
1988 5424 2140 5481 sexui

554 5511 893 5570 accedebant
941 5514 1181 5571 remedia
1229 5516 1522 5586 parcendi,
1565 5516 1746 5589 gladio
1806 5515 2143 5588 impiissimae

2134 1584 2184 1646 Α
2212 1576 2553 1635 crudelitatis
2593 1573 2846 1629 universa
2896 1579 3151 1627 metente.
3202 1570 3355 1628 Tunc
3404 1569 3588 1627 omnia
3634 1570 3801 1643 huius.

2213 1668 2472 1741 episcopii
2496 1668 2769 1723 destructa
2793 1672 2921 1719 sunt
2942 1664 3085 1735 igne,
3111 1662 3444 1719 monasteria
3461 1677 3783 1734 consumpta1L

2214 1740 2473 1815 meclesia!
2496 1771 2633 1828 pene
2657 1770 2847 1811 omnes
2868 1753 3032 1808 {unde
3063 1762 3220 1809 tenus
3243 1751 3357 1824 (95)
3382 1753 3591 1808 dirutae.
3617 1750 3669 1807 Si
3692 1740 3789 1826 qua

2214 1863 2348 1903 vero
2377 1862 2569 1905 eorum
2593 1859 2818 1902 evasere
2840 1859 3054 1911 manus,
3083 1843 3396 1900 domesticae
3437 1844 3795 1919 oppressionis

2219 1947 2329 1995 tam
2353 1938 2690 2009 privatorum
2718 1949 2879 2006 quam
2900 1941 3177 2004 potentum
3202 1944 3494 2001 senserunt
3517 1933 3788 1989 detrimen-

2222 2038 2297 2084 ta.
2322 2008 2562 2085 Tandem
2595 2008 2934 2099 prospiciens
2981 2026 3049 2081 de
3079 2024 3299 2081 excelso
3354 2024 3660 2096 propitiatio
3708 2040 3789 2079 su-

2220 2135 2391 2192 perna
2419 2162 2433 2185 ,
2466 2118 2697 2175 indoluit
2736 2118 3058 2173 aIIIietorum
3106 2116 3348 2172 lacrimis
3374 2124 3429 2171 et
3459 2114 3792 2185 gemebundis

2222 2214 2549 2271 miserorum
2608 2211 2883 2283 querelis,
2932 2210 3154 2281 sicque,
3210 2209 3369 2266 (ιωῆς
3425 2208 3793 2281 misericordi;

2221 2322 2404 2365 rorem
2449 2306 2780 2365 stillantibus
2831 2302 3101 2362 obsidioni
3150 2317 3292 2374 pene
3336 2302 3584 2373 protritae
3627 2301 3807 2378 urbis,

2222 2398 2405 2456 divina
2435 2411 2493 2453 se
2522 2395 2923 2461 subveniendo,
2958 2392 3214 2459 indulsit,
3238 2393 3368 2447 dum
3410 2399 3534 2463 post
3583 2389 3787 2446 illorum

2227 2490 2493 2547 bellorum
2556 2488 2946 2544 validissimam
3006 2485 3415 2557 oppressionem
3474 2483 3566 2538 diu
3614 2492 3799 2554 Optatae

2224 2580 2377 2652 pacis
2404 2579 2602 2652 gaudia
2644 2580 2889 2634 arridere
2911 2578 3205 2633 concessit.
3236 2576 3449 2631 Interea
3501 2589 3606 2629 non
3640 2574 3810 2645 multo.

2224 2681 2368 2744 post,
2395 2673 2601 2743 Agano,
2631 2672 2715 2726 vir
2741 2670 2986 2738 illustris,
3017 2671 3176 2740 hujus
3206 2666 3465 2744 aecclesiaa
3510 2666 3802 2721 sublimita~

2229 2764 2298 2821 tis
2345 2764 2597 2834 indeptus
2621 2763 2940 2835 pontiﬁcatu
2968 2802 2982 2827 ,
3016 2769 3186 2815 totam
3238 2759 3405 2814 animi
3463 2758 3813 2834 intentionem.

2228 2858 2283 2912 in
2306 2856 2687 2913 reedilieandis
2712 2853 3066 2910 monasteriis
3087 2851 3530 2921 restrueudisqne
3552 2850 3817 2925 :ecclesiis

2148 2936 2198 2998 Β
2228 2949 2464 3019 dirigere
2490 2948 2707 3017 sategit.

2305 3059 2323 3094 ι
2369 3041 2502 3095 Erat
2530 3040 2586 3095 in
2625 3038 2889 3096 suburbio
2911 3036 3023 3108 jam
3055 3036 3216 3093 dicta:
3252 3036 3405 3092 urbis
3437 3034 3691 3107 Carnutis
3719 3048 3805 3109 ce-r

2228 3132 2380 3190 lebre
2407 3147 2439 3188 a
2460 3131 2679 3204 priscis
2716 3130 3052 3201 temporibus
3084 3129 3478 3186 monasterium
3525 3128 3577 3183 in
3607 3127 3821 3201 honore»

2224 3225 2487 3296 principis
2513 3223 2884 3296 apostolorum
2907 3223 3171 3297 dicatum,
3192 3221 3535 3299 regularibus
3577 3218 3811 3289 discipli-

2226 3318 2314 3374 nis
2338 3326 2640 3384 assuetum,
2669 3326 2775 3383 set,
2804 3316 3083 3387 praemissa
3111 3314 3445 3379 vastatione,
3486 3311 3829 3391 neglectum,

2228 3410 2450 3465 vixdum
2481 3409 2541 3467 in
2564 3408 2787 3481 parvula
2819 3406 3063 3462 aecclesia
3100 3406 3153 3461 in
3186 3405 3450 3461 canonica
3479 3403 3831 3479 institutione.

2230 3500 2628 3565 transductum,
2653 3498 2766 3567 cui,
2787 3498 2991 3555 nostris
3015 3496 3373 3567 temporibus,
3398 3502 3629 3565 praeerat
3656 3507 3812 3548 vene-

2228 3590 2415 3647 rabilis
2445 3591 2531 3647 vir
2577 3590 2798 3658 Alveus,
2824 3590 3073 3661 quamvis
3105 3575 3207 3645 sub
3233 3596 3478 3643 scemate
3535 3583 3813 3655 canonici;

2231 3693 2447 3741 amator
2472 3693 2528 3741 et
2556 3684 2735 3741 cultor
2762 3682 3061 3755 religionis,
3101 3681 3192 3752 qui
3232 3694 3475 3752 persaepe
3525 3694 3646 3735 cum
3686 3692 3818 3750 prae-

2231 3776 2345 3833 fato
2370 3776 2630 3849 pontiﬁce
2666 3783 2903 3831 tractare
2950 3773 3119 3844 caepit
3167 3772 3402 3843 qualiter
3445 3771 3591 3842 quod
3640 3769 3821 3825 animo

2233 3870 2798 3938 delibe_rabat,.opere
2846 3867 2914 3921 ad
2970 3864 3221 3921 effectum
3274 3863 3617 3934 perduceret.
3670 3860 3823 3929 Quod

2234 3975 2470 4031 superna
2501 3966 2777 4015 annuente
2804 3956 2989 4013 Gratia
3024 3964 3080 4010 et
3118 3954 3378 4010 antitistis
3406 3952 3695 4009 favorabili
3737 3965 3825 4005 ac-

2232 4051 2459 4106 cedente
2489 4050 2543 4104 in
2568 4049 2673 4105 hoc
2701 4046 2945 4111 suadela,
2970 4046 3297 4116 suieompos
3324 4044 3551 4100 ell‘ectus
3580 4051 3664 4099 est
3696 4042 3824 4097 voti.

2233 4143 2558 4214 Praeparatis
2583 4142 2852 4213 siquidem
2881 4140 3128 4213 inpensis
3153 4180 3167 4205 ,
3200 4129 3305 4195 non
3333 4153 3516 4210 parvae
3540 4138 3675 4209 jeeit
3704 4135 3826 4191 fun-

2234 4237 2485 4293 damenta
2512 4233 2750 4298 fabricae,
2796 4242 2884 4301 et,
2910 4233 3249 4309 procedente.
3288 4227 3570 4307 temporis.
3602 4228 3827 4298 spacio,

2235 4328 2584 4399 superposuit
2631 4325 2915 4385 basilicam
2959 4323 3286 4396 quantitatis
3314 4320 3530 4390 amplae,
3559 4320 3832 4392 pulcritu-

2236 4420 2382 4475 dinis
2407 4434 2673 4489 operosae,
2705 4420 2847 4473 sicut
2878 4418 2931 4472 in
2964 4415 3220 4487 praesenti
3265 4413 3425 4469 facile
3468 4421 3553 4468 est
3579 4426 3834 4475 cernere,

2238 4512 2475 4583 ilicoque
2507 4511 2835 4581 auctoritate
2852 4508 3159 4579 pontiﬁcali
3183 4506 3574 4562 canonicorum
3600 4502 3834 4581 servitia

2238 4603 2370 4659 iuibi
2404 4602 2695 4674 delegavit.
2732 4601 2828 4659 His
2856 4602 2929 4656 ita
2975 4616 3035 4656 se
3067 4598 3412 4665 habentibus,
3444 4596 3637 4652 ultimo
3675 4610 3840 4651 voca-

2241 4695 2407 4751 tionis
2435 4709 2548 4751 suae
2578 4695 2720 4751 diem
2762 4692 2996 4765 praesule
3040 4692 3266 4759 sortito,
3288 4706 3388 4763 ego
3423 4687 3834 4759 Rageni‘redus,

2240 4786 2493 4855 quamvis
2521 4784 2927 4852 nulliusmeriti
2960 4783 3339 4854 praerogativo,
3372 4782 3424 4836 in
3452 4780 3616 4851 hujus
3648 4778 3845 4849 cathe-

2241 4878 2355 4934 drae
2382 4877 2691 4950 fastigiatns
2720 4892 2841 4932 sum
2886 4876 3053 4942 solio;
3100 4890 3208 4945 quo
3264 4874 3658 4939 iutronizatus,
3694 4871 3845 4942 vigili

2243 4968 2595 5025 meditatione
2619 4967 2969 5040 cmpi_,animo
2994 4965 3267 5031 conferre,
3295 4965 3340 5019 si
3385 4964 3517 5035 quid
3550 4972 3847 5034 acceptum

2241 5061 2433 5137 oculis
2476 5061 2614 5116 divae
2669 5060 2974 5132 majestatis
3023 5058 3259 5113 valerem
3300 5055 3520 5127 oIIerre,
3581 5065 3641 5111 et
3700 5054 3849 5124 quod

2242 5154 2543 5225 proficuum
2562 5152 2701 5209 foret
2724 5152 2964 5211 remedio
2995 5151 3191 5221 anima:
3216 5164 3367 5206 meae.
3394 5149 3474 5212 Ad
3495 5150 3670 5219 quod,
3697 5162 3850 5213 reor,

2242 5260 2348 5300 non
2378 5261 2437 5301 se
2469 5243 2757 5300 difﬁculter
2786 5242 2983 5298 obtulit
3012 5241 3257 5305 materiei
3286 5240 3563 5311 prmbitio;
3602 5226 3879 5310 namque.

2242 5337 2534 5407 pervidens
2563 5335 2827 5407 praemissi
2872 5332 3060 5390 Sancti
3108 5332 3256 5388 Petri
3298 5332 3562 5388 arcclesiae
3604 5331 3855 5403 clericos

2243 5428 2483 5499 proclive
2528 5443 2588 5484 se
2633 5436 2872 5498 agentes,
2934 5435 3010 5494 et,
3067 5426 3256 5481 relicta
3298 5425 3563 5495 spiritalis
3628 5424 3877 5479 militiae.

2245 5519 2531 5589 exercitia,
2564 5528 2746 5577 mente
2772 5528 2827 5576 et
2849 5526 2974 5574 actu
3001 5518 3199 5575 sectari
3235 5526 3411 5573 terrea
3435 5527 3495 5573 et
3520 5516 3771 5584 caduca,
3801 5524 3863 5572 et

624 5648 740 5722 (92)
773 5647 933 5725 _ﬂa_nc
988 5650 1477 5725 cl_iaer__hahes_
1505 5651 1706 5707 editam
1725 5649 1867 5725 ,_s_ed
1914 5663 2019 5725 non
2071 5649 2142 5704 si-
2174 5632 2226 5693 D
2321 5653 2433 5725 (93)
2493 5651 2585 5711 Sic
2646 5655 2750 5712 duo
2812 5655 3056 5721 codices;
3127 5654 3219 5711 sed
3274 5651 3603 5723 legendum,
3678 5650 3855 5721 [made

555 5733 633 5789 ne
676 5718 972 5789 emissione
1031 5720 1086 5778 in
1150 5718 1291 5781 Gali.
1354 5720 1581 5789 Christ”
1648 5733 1687 5777 t.
1745 5720 1886 5786 VIII,
1943 5721 2134 5786 iustr.,

556 5788 661 5848 col.
690 5788 796 5848 ⁶ι89
827 5791 950 5847 291.

2249 5736 2413 5782 (cum.
