3842 6308
96 388 188 445 ηὶ
246 432 249 439 ι

968 376 1198 439 VETUS
1224 377 1481 439 AGANO.
1505 407 1576 423 --
1598 376 1727 436 LIB.
1757 376 1821 438 ll.
1854 374 2384 436 RAGENFREDUS.

3214 376 3345 453 seu

97 503 301 572 iamque
326 485 472 553 dictu
492 492 835 552 committere
864 491 1099 560 nefaria,
1130 508 1257 553 cum
1289 492 1538 548 consultu
1568 491 1663 548 bo—
1693 493 1740 551 Δ
1765 491 1954 547 Mitani
1988 491 2203 547 Villare.
2247 489 2357 545 Has
2395 502 2586 545 omnes
2612 486 2890 546 mocksias
2944 490 3349 558 reddimus,eil

99 612 174 653 me
200 593 475 651 memoria
506 589 881 663 praenominati
928 587 1103 654 Alvei,
1132 588 1384 647 abbatem
1428 582 1663 643 cmnobii

99 686 272 743 Sancti
296 681 569 740 Benedicti
606 678 915 752 Vullaldum
936 677 1226 743 accersivi,
1251 678 1307 732 in
1333 691 1466 748 quo,
1509 673 1665 730 salvo

98 776 429 834 discretionis
475 774 646 839 bono,
692 758 867 827 artius
917 779 972 827 et
1023 769 1317 842 perfectius
1374 764 1663 837 religionis

97 881 310 923 censura
340 864 525 918 valere
545 860 945 933 pmdicabatur
970 860 1038 914 ab
1071 858 1346 914 omnibus.
1404 856 1523 924 Quo
1567 854 1664 909 ad-

95 960 332 1009 ventante
350 967 480 1008 cum
508 949 831 1020 quibusdam
854 946 1096 1019 ejusdem
1138 945 1346 1001 ordinis
1374 943 1665 1003 comitibus

98 1062 190 1111 una
222 1059 342 1105 cum
383 1057 486 1109 eo,
516 1043 569 1097 in
606 1040 950 1111 antiquitatis
1000 1038 1316 1104 monasticze
1369 1038 1667 1097 observan-

96 1139 210 1193 tiam
237 1149 381 1205 sazpe
409 1134 619 1190 dictum
645 1130 1061 1187 rel'ormavimus
1085 1130 1283 1201 locum.

161 1245 181 1280 ι
218 1225 426 1294 Quibus
451 1223 760 1290 monachis,
804 1236 871 1276 ne
910 1220 1227 1299 meusaudae
1264 1219 1524 1290 egestatis
1570 1232 1665 1289 pe-

96 1319 234 1375 nuria
274 1318 486 1373 subiret
529 1317 746 1372 occasio
779 1314 1046 1391 evagandi
1094 1313 1261 1380 foras,
1308 1323 1664 1383 quiecumque

94 1408 247 1465 eidem
279 1406 400 1467 loco
425 1422 460 1461 a
491 1406 951 1476 praedecessorum
979 1412 1292 1460 nostrorum
1323 1402 1665 1471 aliorumque

98 1497 452 1561 iurasionibus
488 1496 692 1567 injuste
730 1495 1058 1550 videbantur
1094 1495 1399 1557 subtracta,
1452 1501 1562 1548 tam
1592 1507 1662 1546 ex

94 1588 352 1644 beneﬁciis
388 1586 726 1642 militaribus
747 1600 912 1654 quam
944 1600 1013 1640 ex
1042 1591 1226 1640 nostro
1254 1583 1661 1650 indominicato,

95 1692 146 1735 ut
180 1696 234 1737 se
277 1680 547 1749 temporis
598 1677 796 1749 optulit
849 1680 988 1734 ratio
1045 1676 1271 1732 reddere
1319 1675 1658 1742 studuimus;

95 1786 415 1843 quanquam,
457 1770 575 1825 vita
606 1770 843 1835 comite,
878 1769 923 1825 si
966 1767 1198 1824 facultas
1234 1766 1665 1837 subpeditaverit

1768 572 2126 641 concedentes
2179 584 2448 648 decimas,
2493 590 2548 637 et
2597 582 2936 638 remittentes
2975 586 3239 655 synodum
3290 595 3347 640 et

1765 662 2043 742 circadas;
2073 664 2240 731 simul
2255 676 2416 731 etiam
2445 684 2501 732 et
2526 675 2593 730 de
2615 674 2858 731 accclesia
2888 676 2939 729 in
2968 675 3162 731 Bodasi
3185 675 3345 740 Villa.

1764 783 1930 839 quam
1959 768 2065 838 ipsi
2090 754 2238 824 omni
2269 776 2512 838 tempore
2560 775 2877 832 tenuerunt,
2911 767 2984 822 ita
3014 756 3074 821 ut
3109 782 3289 838 neque
3315 783 3344 821 a

1765 861 1922 917 nobis
1958 875 2133 931 neque
2184 874 2213 914 a
2255 859 2660 915 successoribus
2709 860 2908 916 nostris
2961 860 3040 915 eis
3087 875 3346 931 umquam

1765 950 1877 1006 ullo
1902 950 2063 1007 modo
2095 950 2423 1019 requiratur.
2462 949 2761 1004 Reddimns
2783 950 2945 1005 etiam
2971 949 3079 1006 illis
3104 950 3161 1005 in
3205 965 3347 1020 pago

1765 1038 2091 1103 Carnotino,
2124 1038 2177 1092 in
2203 1038 2329 1097 villa
2352 1053 2472 1108 quae
2499 1037 2704 1094 dicitur
2731 1037 3088 1111 Britiniacus,
3122 1053 3349 1105 mansos

1766 1132 1834 1188 de
1866 1122 2009 1186 terra
2037 1145 2136 1184 vm
2166 1145 2289 1184 cum
2313 1129 2588 1185 mansuris
2622 1130 2783 1184 terris
2807 1145 3025 1201 quoque
3054 1130 3236 1199 fcujtis
3288 1140 3346 1193 et

1766 1223 2013 1289 incultis;
2047 1222 2101 1277 in
2127 1219 2488 1291 Campchiaco
2516 1236 2766 1276 mansum
2813 1227 2987 1277 u'uum
3016 1204 3139 1278 cum
3194 1238 3354 1281 man-

1765 1315 1929 1378 suris,
1956 1313 2120 1369 terris
2149 1314 2364 1383 quoque
2393 1311 2555 1367 cultis
2587 1319 2643 1367 et
2666 1311 2912 1378 incultis;
2942 1312 2997 1367 in
3028 1311 3352 1369 Cosentiaco

1754 1408 2015 1462 mansum
2042 1421 2242 1471 unum;
2270 1404 2323 1459 in
2348 1402 2602 1474 Emprani
2626 1403 2764 1459 Villa
2787 1411 2843 1459 et
2862 1404 3177 1463 Concreciis
3196 1404 3353 1474 quic-

1765 1499 1893 1569 quid
1918 1513 1981 1554 ex
2007 1499 2129 1569 ipsa
2156 1505 2435 1570 potestate
2458 1494 2646 1550 haberi
2682 1495 3015 1561 dinoscitur;
3059 1496 3115 1550 in
3146 1491 3351 1555 sancta

1766 1588 1957 1655 Maria,
1983 1604 2147 1660 super
2173 1596 2401 1646 stratam
2437 1600 2685 1641 mansum
2723 1602 2924 1653 unum;
2970 1587 3025 1643 in
3072 1585 3359 1659 Spotmeri

1766 1682 1907 1738 Villa
1940 1696 2190 1737 mansum
2222 1694 2418 1746 unum;
2452 1679 2506 1733 in
2537 1677 2844 1750 Magnerias
2879 1694 3100 1737 mansos
3147 1689 3259 1736 tres
3293 1689 3353 1737 et

1765 1770 2086 1839 dimidium;
2130 1772 2184 1826 in
2210 1769 2416 1827 Gondri
2447 1769 2585 1826 Villa
2616 1785 2837 1827 mansos
2862 1787 2967 1827 mi
2988 1786 3110 1825 cum
3141 1771 3352 1840 brogitq

98 1838 311 1930 pluriora
359 1859 599 1916 reddere
632 1858 800 1923 michi
854 1858 1072 1913 animus
1124 1856 1395 1927 suggerit,
1429 1870 1661 1926 quorum

1766 1878 1820 1926 et
1838 1868 2038 1939 pratis;
2072 1866 2125 1921 in
2164 1865 2368 1938 Cepido
2398 1881 2649 1923 mansum
2700 1878 2908 1930 unum;
2951 1864 3004 1919 in
3052 1838 3349 1919 Foutinido

95 1951 311 2020 quaedam
358 1949 491 2006 huic
525 1950 822 2023 pontiﬁcali
875 1947 1185 2021 privilegio,
1234 1946 1483 2017 quaedam
1539 1945 1663 2002 aliis

98 2045 312 2099 inserere
349 2052 540 2098 ratum
567 2043 845 2099 duximus.

160 2150 183 2196 ς
216 2131 519 2202 Reddimus
550 2134 735 2204 itaque
773 2132 856 2189 eis
900 2140 1101 2188 terram
1149 2130 1422 2202 quandam
1465 2144 1497 2186 a
1547 2130 1663 2188 suis

96 2226 537 2291 antecessoribus,
564 2225 763 2295 priscis
791 2224 1152 2295 temporibus,
1190 2236 1499 2296 possessam
1516 2262 1531 2288 ,
1560 2237 1660 2293 po-

97 2325 195 2371 stea
219 2316 354 2371 malo
383 2314 591 2371 ordine
615 2315 975 2382 subtractam,
997 2321 1268 2386 quatenus
1302 2312 1450 2367 illam
1482 2311 1663 2383 pleni-

98 2415 168 2462 ter
206 2404 524 2477 possideant
577 2403 747 2462 veluti
793 2404 1009 2461 illorum
1058 2404 1493 2476 praedecessoues
1540 2416 1660 2475 eam

101 2499 337 2564 tenuisse,
361 2496 669 2553 multorum
717 2497 1061 2563 testimonio,
1101 2497 1504 2567 comprobatur.
1546 2495 1661 2566 Ipsa

99 2609 210 2650 vero
235 2603 370 2650 terra
395 2590 658 2662 conjacet
694 2593 831 2649 intra
879 2602 935 2647 et
962 2604 1118 2649 extra
1162 2607 1346 2647 muros
1405 2591 1663 2647 Carnotis

100 2682 322 2749 civitatis,
340 2683 505 2754 juxta
541 2692 755 2754 portam
778 2684 1127 2750 Cinerosam;
1159 2683 1485 2738 terminatur
1527 2698 1662 2739 vero

100 2774 196 2844 ipsa
218 2783 357 2834 terra
387 2792 507 2834 uno
540 2776 711 2833 latere
734 2817 750 2845 ,
771 2777 862 2833 via
890 2794 1012 2849 qua:
1041 2785 1125 2835 est
1169 2778 1350 2834 exitus
1400 2776 1660 2843 civitatis,

101 2865 243 2922 altero
293 2882 425 2926 vero
480 2868 669 2925 latere
725 2870 1052 2925 terminatur
1107 2880 1254 2926 terra
1293 2868 1483 2926 Sancti
1516 2869 1661 2925 Petri

101 2954 400 3017 Pictavensis
423 2970 484 3018 et
519 2960 706 3017 Sancti
732 2962 927 3016 Aniani
960 2979 976 3018 :
1006 2969 1088 3017 set
1120 2972 1265 3018 terra
1297 2961 1485 3017 Sancti
1514 2961 1664 3018 Petri

103 3047 403 3110 Pictavensis
441 3053 778 3109 terminatur
801 3052 945 3109 infra
976 3070 1163 3111 muros
1203 3055 1447 3112 civitatis
1469 3096 1483 3121 ,
1510 3063 1660 3113 terra

1762 1976 2012 2018 mansum
2038 1975 2229 2025 unum,
2262 1974 2385 2015 cum
2423 1960 2636 2016 duobus
2672 1955 3057 2023 aripennisde
3088 1964 3247 2026 prato
3294 1954 3359 2022 in

1761 2052 1958 2111 Villeta
1986 2052 2426 2125 conjaceutibus;
2476 2053 2533 2108 in
2567 2050 2758 2108 Levesi
2791 2049 2924 2111 Villa
2964 2064 3141 2104 unum
3188 2064 3354 2115 man-1

1762 2160 1914 2213 sum;
1959 2145 2012 2200 in
2060 2144 2318 2200 Wadreio
2353 2143 2695 2215 quartarium
2736 2155 2938 2207 unum;
2972 2140 3027 2196 in
3076 2138 3356 2195 Teuvasio

1762 2247 2011 2289 mansum
2041 2249 2245 2301 unum;
2277 2235 2331 2290 in
2356 2233 2524 2290 Vallis
2549 2247 2800 2289 mansum
2820 2246 3020 2298 unum,
3048 2246 3172 2286 cum
3219 2244 3352 2301 pra-

1765 2324 1858 2391 tis,
1886 2324 2167 2398 aripennis
2190 2325 2404 2381 scilicet
2431 2337 2657 2389 novem;
2686 2323 2740 2377 in
2769 2329 2954 2377 monte.
2995 2320 3184 2377 Otrico
3232 2333 3352 2375 mo-

1764 2417 2046 2474 lendinum
2070 2432 2266 2484 unum,
2292 2432 2416 2472 cum
2443 2416 2723 2487 aripennis
2751 2415 2819 2471 de
2858 2422 3015 2485 prato
3040 2414 3257 2477 decem;
3295 2410 3351 2479 in

1764 2506 1972 2562 Mandri
2001 2506 2138 2563 Villa
2190 2520 2438 2561 mansum
2471 2520 2670 2571 unum;
2716 2506 2768 2558 in
2809 2504 3061 2559 Lotdreio
3102 2514 3352 2557 mansum

1763 2611 1956 2663 unum,
1980 2611 2104 2651 cum
2137 2595 2446 2665 molendino
2474 2611 2613 2661 uno;
2643 2595 2696 2649 in
2719 2594 2940 2650 Bertoui
2966 2592 3163 2649 Villare
3187 2604 3355 2662 quar-

1764 2690 1965 2747 tarium
1994 2705 2197 2755 unum;
2230 2689 2285 2745 in
2312 2687 2494 2744 Saxna
2523 2687 2682 2752 Villa,
2712 2688 2764 2741 in
2795 2686 2982 2743 eodem
3012 2700 3170 2757 pago,
3201 2698 3360 2744 man:

1765 2798 1857 2840 sos
1880 2784 1946 2840 de
1972 2791 2117 2838 terra
2151 2781 2321 2848 duos;
2347 2781 2399 2836 in
2425 2795 2563 2851 pago
2592 2778 2913 2849 Stampense
2932 2818 2947 2841 ,
2984 2777 3038 2831 in
3080 2775 3203 2830 villa
3234 2789 3355 2844 qua:

1765 2874 1968 2930 dicitur
1991 2872 2318 2939 Malaredus,
2346 2885 2592 2926 mansum
2618 2884 2814 2934 unum;
2844 2868 2894 2921 in
2926 2865 3163 2922 Duneusi
3188 2878 3349 2934 pago,

1768 2961 1821 3018 in
1851 2960 1976 3016 villa
2009 2975 2131 3031 quae
2165 2968 2392 3016 vocatur
2417 2959 2793 3030 Alpedagnus,
2834 2955 3138 3012 mcclesiam
3183 2967 3347 3009 unam

1767 3068 1890 3109 cum
1916 3052 2061 3108 omni
2092 3060 2235 3107 terra
2271 3066 2393 3122 qua:
2417 3049 2669 3120 conjacet
2710 3050 2780 3105 ibi
2812 3065 2877 3104 ex
2908 3049 3021 3119 ipsa
3060 3053 3349 3119 potestate.

102 3157 211 3244 vero
245 3143 428 3202 Sancti
466 3145 674 3249 Apiani
698 3144 835 3200 infra
870 3154 924 3201 et
954 3156 1130 3203 extra.
1176 3146 1293 3205 Una
1322 3147 1506 3205 fronte
1554 3157 1665 3206 ter-
1690 3186 1732 3249 ϐ
1768 3148 1845 3202 De
1873 3156 2076 3214 cetero,
2115 3147 2215 3204 sub
2240 3145 2533 3217 pontificali
2557 3141 3120 3200 excommunicatione
3162 3148 3352 3195 aucto-

102 3233 306 3290 minatur
327 3244 472 3290 terra
521 3232 876 3291 Sancti'Petri
905 3235 1259 3294 Carnotensis
1286 3238 1371 3307 via
1404 3254 1527 3311 quae
1557 3240 1661 3296 du-

102 3322 161 3388 cit
180 3340 268 3397 per
308 3328 561 3384 medium
607 3327 844 3383 civitatis
885 3344 1057 3399 usque
1091 3331 1159 3386 ad
1206 3346 1453 3400 murum;
1491 3332 1663 3389 altera

103 3416 275 3485 fronte,
301 3420 386 3476 via
421 3418 571 3476 foris
593 3430 806 3490 portam
830 3436 950 3492 quae
976 3422 1123 3477 vadit
1152 3422 1220 3477 ad
1253 3422 1429 3493 ipsum
1470 3439 1664 3480 mona-

103 3511 315 3591 sterium.
351 3511 829 3591 Gomtuutavimus
854 3511 1042 3575 etiam,
1070 3527 1168 3591 pro
1201 3520 1345 3567 terra
1373 3528 1537 3585 quam
1568 3514 1664 3569 ha-

103 3600 270 3685 bebant
297 3605 349 3658 in
398 3589 529 3660 loco
558 3588 895 3669 Belmoutus,
925 3590 1140 3659 alodum
1171 3592 1483 3671 Oidolouis,
1509 3606 1664 3677 juxta

104 3707 239 3777 supra
276 3696 633 3753 terminatam
663 3705 863 3751 terram
900 3696 953 3751 in
979 3696 1092 3767 ipsa
1115 3697 1358 3763 civitate,
1385 3707 1510 3755 ante
1540 3715 1668 3770 per,

107 3793 195 3838 tam
219 3787 436 3844 claustri
464 3787 661 3844 Sancti
693 3786 862 3855 Petri,
894 3789 948 3842 in
997 3788 1085 3843 via
1125 3804 1245 3860 qua:
1277 3789 1435 3861 vulgo
1466 3790 1666 3845 dicitur

109 3872 346 3956 lierdosa;
378 3888 599 3957 tantum
649 3879 730 3935 eis
781 3879 1123 3957 restituimus
1181 3880 1248 3936 de
1303 3888 1472 3948 terra,
1520 3881 1665 3937 unde

106 3979 271 4024 exeunt
289 3959 662 4055 solididecem
691 3980 744 4028 et
764 3982 1043 4055 octo,_non
1066 3956 1277 4046 longua
1301 3973 1447 4031 {ossa
1475 3975 1665 4047 Algisl,

108 4054 377 4119 vinearum
400 4064 704 4145 aripennos
734 4079 863 4133 vui;
907 4054 1110 4122 terram
1142 4081 1271 4122 vero
1306 4066 1372 4121 ad
1415 4054 1673 4138 plantani

108 4149 244 4246 dum,
266 4153 417 4223 juxta
464 4156 888 4211 aestimationem
912 4196 927 4223 ,
966 4157 1232 4213 bonuaria
1275 4167 1417 4215 octo.
1462 4160 1519 4214 ln
1550 4160 1667 4232 ipso

107 4241 193 4317 situ
217 4241 441 4297 emnobii
473 4241 727 4297 dedimus
753 4242 833 4297 eis
864 4242 1080 4298 hortum
1111 4259 1236 4299 cum
1278 4260 1349 4299 xv
1393 4246 1667 4317 aripennis

108 4313 451 4411 vinearum,“
478 4345 599 4409 non
620 4331 778 4402 longe
802 4347 833 4387 a
859 4330 1128 4390 Luceiaco
1155 4349 1407 4406 campum
1436 4313 1665 4392 vacuum

116 4419 170 4473 ad
210 4423 560 4491 plantandum
604 4413 1079 4501 xxxﬂaripennosr.
1139 4426 1303 4503 Facta
1353 4437 1437 4483 est
1485 4438 1664 4499 autem

1766 3240 1923 3311 rabili
1970 3249 2033 3312 et.
2074 3240 2434 3314 anathematis
2481 3237 2969 3309 condempnatione
3021 3233 3343 3301 inevitabili,

1765 3334 2183 3391 interminamus
2205 3340 2314 3388 tam
2336 3330 2695 3404 praesentibus
2715 3344 2878 3400 quam
2900 3327 3109 3384 cunctis
3131 3326 3355 3397 insuper

1734 3480 1739 3483 .
1765 3427 2012 3491 venturis
2040 3425 2240 3483 seculis
2284 3423 2482 3481 futuris
2502 3466 2518 3490 ,
2548 3430 2606 3478 ut
2635 3437 2795 3477 nemo
2837 3421 3165 3483 antistitum,
3197 3417 3356 3473 cleri-

1766 3532 1955 3574 corum
1986 3532 2080 3575 seu
2109 3517 2378 3589 laicorum
2402 3514 2603 3583 nullus,
2634 3528 2728 3569 eos
2758 3512 2810 3567 in
2847 3511 2995 3568 omni
3039 3510 3358 3565 molestetur

1766 3609 2017 3680 negocio,
2048 3623 2153 3663 non
2188 3609 2239 3661 in
2265 3606 2531 3677 exigendo
2559 3605 2799 3659 decimas
2823 3611 2878 3658 et
2903 3601 3171 3668 circadas,
3217 3613 3355 3669 quas

1769 3686 1867 3756 alii;
1888 3709 2108 3771 paratas
2133 3700 2446 3764 nominaut,
2494 3711 2598 3751 non
2651 3697 2703 3750 in
2752 3706 3019 3750 terrarum
3070 3691 3354 3747 invasiune

1767 3792 1914 3847 nulla
1955 3790 2218 3846 secularis
2264 3788 2544 3860 dignitatis
2578 3787 2836 3855 ambitio,
2884 3784 3002 3855 ejus
3043 3783 3355 3855 potestatis,

1769 3881 2017 3937 homines
2063 3879 2391 3949 distringere
2430 3884 2744 3949 prtesumat,
2777 3890 2885 3931 non
2933 3875 3206 3941 thelonea,
3243 3889 3353 3929 non

1767 3973 1919 4029 {reda
1961 3980 2289 4042 extorquere
2315 4011 2331 4038 ,
2364 3985 2473 4025 non
2512 3967 2780 4040 quaslibet
2824 3967 2911 4022 vel
2951 3966 3203 4022 minimas
3247 3964 3355 4021 sibi

1767 4081 2099 4138 suorumque
2136 4064 2486 4121 servientium
2512 4065 2761 4134 inrogare
2802 4062 3058 4133 injurias;
3086 4062 3215 4133 quin
3256 4074 3357 4131 po.

1770 4160 1898 4225 tius,
1927 4167 2135 4216 remota
2166 4158 2539 4229 inquietudine
2570 4155 2970 4222 sollicitudinis,
3002 4152 3352 4226 tranquillam

1768 4252 1822 4309 in
1850 4252 1947 4308 Dei
1977 4251 2200 4307 servitio
2238 4259 2294 4305 et
2343 4249 2398 4305 in
2449 4248 2772 4304 monachico
2823 4247 3099 4317 proposito
3154 4245 3357 4301 ducant

1766 4344 1957 4410 vitam,
2007 4358 2297 4409 memores,
2340 4343 2487 4397 omni
2547 4349 2814 4410 tempore,
2858 4338 3030 4394 nostri
3086 4339 3355 4409 nobisque

1769 4437 2074 4492 commissa:
2124 4434 2382 4490 aecclesia:
2428 4434 2571 4488 inter
2616 4447 2839 4489 suorum
2872 4440 2979 4486 tam
3014 4430 3354 4500 privatarum

110 4518 424 4574 commutatio
461 4517 611 4574 inter
644 4518 939 4574 canonicos
979 4518 1194 4575 Sanctae
1243 4520 1423 4597 Marii;
1461 4532 1517 4576 et
1548 4537 1663 4577 mo-
1697 4535 1742 4591 ι)
1769 4544 1934 4600 quam
1963 4536 2018 4584 et
2044 4526 2419 4584 communium
2443 4533 2569 4581 vota
2598 4525 2930 4581 orationum.
2963 4522 3117 4591 Quod
3141 4522 3187 4578 si
3230 4522 3354 4593 quis

111 4607 284 4665 uacbos
309 4609 494 4666 Sancti
524 4610 669 4665 Petri
704 4628 718 4665 :
748 4624 815 4666 ex
842 4611 1088 4667 ecclesiis
1118 4613 1353 4682 ipsorum
1397 4614 1663 4671 dederunt

114 4713 276 4781 nempe
315 4703 565 4758 canonici
595 4701 811 4762 Sancta:
841 4704 1021 4760 Maria:
1061 4704 1363 4761 aacclesiam
1394 4705 1517 4762 Ursi
1550 4686 1667 4762 Vil;

113 4788 218 4875 laris
239 4811 354 4850 cum
392 4813 504 4853 uno
534 4799 798 4867 aripenno
831 4798 895 4854 de
942 4808 1089 4855 terra
1137 4798 1206 4854 ad
1244 4799 1433 4869 ipsam-
1467 4799 1662 4856 incele-

113 4882 225 4939 siam
251 4889 608 4956 pertinentem
636 4930 650 4957 ,
681 4900 732 4945 et
771 4898 1096 4963 acceperunt
1139 4890 1197 4947 iu
1226 4890 1516 4948 Centriaeo
1556 4906 1663 4949 acc-

115 4977 299 5036 clesiam
338 4999 369 5039 e
396 4992 588 5039 contra
625 5000 748 5065 cum
792 4987 936 5042 dote.
981 4988 1239 5042 Dedimus
1262 4986 1427 5041 etiam
1456 5001 1523 5042 ex
1568 5001 1668 5057 po-

118 5075 279 5124 testate
304 5072 744 5157 Sanctze.blari;e,
796 5076 850 5131 in
890 5077 1148 5146 praedicta
1188 5077 1493 5149 parrmchia
1538 5075 1662 5132 Ursi

119 5157 338 5230 “tiaris,
399 5165 767 5229 Germinionis
831 5167 1021 5225 Villam
1083 5168 1137 5223 in
1196 5183 1337 5240 pago
1388 5167 1660 5234 Duneusi,

121 5265 220 5309 cum
244 5274 347 5319 xxx
370 5263 576 5320 mansis
598 5262 758 5319 cultis
777 5270 841 5318 et
870 5260 1109 5317 incultis.
1159 5260 1215 5319 In
1262 5276 1399 5333 pago
1449 5275 1667 5333 quoque

433 5356 682 5431 dedimus
703 5356 1003 5430 molestiam
1030 5368 1150 5437 qme
1176 5353 1373 5409 dicitur
1410 5354 1667 5410 Immonis

126 5434 236 5498 Villa
260 5462 376 5503 cum
400 5464 593 5507 novem
619 5450 824 5505 mansis
842 5457 898 5504 et
921 5434 1174 5513 dimidio;
1204 5445 1506 5502 :ecclesiam
1534 5461 1676 5517 quon,

125 5544 212 5601 que
234 5537 295 5593 de
319 5539 487 5597 Alona
516 5541 763 5598 dedimus
780 5558 904 5599 cum
935 5540 1106 5595 tribus
1128 5536 1334 5593 mansis
1361 5546 1418 5595 et
1443 5537 1667 5596 dimidio

129 5623 180 5677 ad
210 5643 315 5684 eam
340 5635 696 5702 pertinentes;
726 5636 853 5691 item
906 5635 1164 5707 capellam
1217 5633 1404 5690 Sancti
1432 5632 1667 5691 Victoris

132 5714 175 5770 ia
197 5721 307 5777 villa
337 5742 453 5796 quae
483 5728 677 5784 dicitur
709 5728 919 5786 Vernus
940 5745 1064 5785 cum
1113 5728 1422 5786 melendino
1450 5742 1577 5794 uno,
1612 5738 1669 5785 et

134 5820 230 5877 post
250 5815 442 5872 obitum
466 5819 637 5875 Odulli
683 5829 849 5876 totam
897 5820 1103 5888 villam;
1142 5820 1270 5876 item
1307 5818 1571 5893 capellam
1610 5818 1666 5879 iu

1764 4621 1850 4677 his
1882 4619 2279 4692 episcOpalibus
2301 4619 2535 4674 decretis
2570 4618 2790 4674 obviare
2812 4616 3225 4688 prmsumpserit
3263 4622 3356 4668 aut

1765 4712 1922 4769 irrita
1953 4712 2163 4779 facere,
2196 4720 2417 4768 mternae
2457 4709 2857 4767 maledictionis
2901 4707 3244 4763 confodiatur
3264 4704 3353 4773 ja-

1764 4803 1902 4860 culis
1931 4812 1988 4860 et
2023 4819 2145 4860 cum
2177 4801 2316 4857 Juda
2340 4800 2639 4875 proditore,
2666 4801 2822 4855 Anna
2844 4807 2898 4854 et
2933 4797 3161 4867 Caipha,
3190 4802 3355 4863 atque

1764 4896 1938 4954 Pilato
1980 4905 2056 4965 et,
2090 4897 2268 4967 capite
2311 4910 2501 4951 eorum
2551 4892 2800 4959 diabolo,
2846 4890 3118 4961 persolvat
3163 4901 3354 4958 poenas

1764 4999 2038 5063 perpetuae
2094 4988 2528 5060 dampnationis,
2579 4984 2967 5058 gehennalibus
3012 4980 3355 5053 deputandus

1764 5084 2017 5151 ﬂammis,
2047 5085 2147 5140 nisi
2174 5084 2462 5155 resipuerit
2481 5090 2536 5139 et
2562 5080 2631 5136 ab
2660 5079 2763 5134 hac
2790 5076 3088 5132 intentione
3110 5076 3353 5131 animum

1767 5180 2127 5238 revocaverit.
2165 5179 2238 5237 Ut
2285 5187 2466 5235 autem
2515 5176 2678 5246 hujus
2733 5171 3003 5244 privilegii
3053 5169 3354 5228 auctoritas

1768 5270 2145 5327 inconvulsam
2176 5267 2566 5341 perpetualiter
2594 5264 2839 5321 obtineat
2868 5262 3176 5318 ﬁrmitatem
3196 5301 3212 5328 ,
3240 5270 3354 5316 tam

1768 5371 1956 5418 nostra
1976 5377 2137 5433 quam
2155 5362 2597 5430 coepiscoporum
2629 5353 2879 5411 manibus
2901 5353 3354 5429 subterroboran-

1767 5455 1892 5510 dam
1923 5453 2287 5509 decrevimus.
2309 5451 2506 5509 Actum
2548 5447 2803 5503 Carnotis
2845 5446 3087 5510 civitate,
3117 5444 3350 5515 publice.

1769 5543 2163 5616 Rageul‘redus,
2193 5538 2445 5598 Carnutis
2470 5537 2712 5595 civitatis
2738 5536 2959 5608 praesul,
2986 5534 3146 5605 hujus
3168 5542 3351 5589 aucto-

1770 5637 1949 5692 ritatis
1975 5635 2223 5706 paginam
2260 5632 2498 5688 ﬁrmavit
2519 5646 2584 5687 ac
2618 5629 2910 5687 roboravit.
2940 5627 3350 5692 Hildemannus,

1770 5728 2211 5798 archiepiscopus
2262 5725 2613 5782 Senonensis.
2665 5721 2943 5785 Graull'us,
2974 5718 3142 5774 abbas
3175 5717 3349 5773 sancti

1769 5817 2025 5875 Carauni.
2083 5818 2377 5887 Arduinus,
2426 5814 2786 5875 archiclavus.
2823 5809 3174 5878 Teodcricus,
3224 5822 3346 5883 νινε-ι
