3842 6308
85 403 184 460 225
1029 387 1258 447 VETUS
1290 384 1548 444 AGANO.
1575 413 1648 426 —
1672 379 1803 438 LIB.
1845 377 1938 435 Ill.
1980 374 2420 437 WlDBERTUS.
3225 381 3334 440 ﬁt,

85 519 392 586 dampnetur
437 514 807 582 auctoritate,
861 520 916 570 et
969 509 1265 584 episcopali
1312 508 1648 582 percutiatur
1675 507 1721 566 Α
1747 501 1982 574 qualiter
2023 499 2240 557 cuidam
2288 495 2556 554 canonico
2597 494 2812 554 Sanctae
2854 495 3070 567 Mariae,
3121 501 3346 559 nomine

82 605 640 664 cxcommunicationis
687 605 1070 670 anathemate;
1107 601 1266 657 nobis
1316 607 1496 655 autem
1547 612 1648 652 no-
1750 593 2019 659 Ardrado,
2050 601 2106 648 et
2147 590 2356 647 duobus
2385 588 2648 646 ﬁ'atribus
2693 590 2807 646 suis
2849 591 3144 650 Benedicto
3179 601 3346 668 atque

81 696 302 768 atrisque
326 697 758 763 successoribus,
785 696 934 753 socio
957 694 1093 750 ﬁsco
1119 699 1372 758 coactus,
1403 704 1438 743 ν
1481 689 1650 745 libras
1751 685 2116 757 Mageufredo,
2145 685 2416 754 quandam
2440 697 2624 740 aream
2649 683 2880 740 duorum
2906 681 3342 748 molendinorum

79 787 184 844 alri
209 787 347 844 cocti
394 789 737 848 emendando
764 787 1072 860 persolvat;
1130 782 1414 841 monachis
1465 790 1647 837 autem
1750 791 1874 832 cum
1902 775 2037 846 ipsis
2077 774 2402 830 molendinis
2431 774 2501 830 ab
2527 772 2747 832 Alcario
2775 791 2878 834 suo
2905 781 3173 837 avunculo
3213 779 3346 838 cond

79 880 209 936 nullo
233 896 493 952 umquam
519 889 759 954 tempore
785 895 959 953 usque
987 881 1044 936 in
1075 877 1239 934 ﬁnem
1269 873 1439 931 seculi
1478 873 1648 930 nichil
1749 870 1988 935 structis,
2015 870 2391 926 consentiente
2417 871 2630 926 seniore
2655 881 2844 929 nostro
2869 871 3078 942 Odone,
3105 893 3202 948 per
3226 866 3348 934 ma;

77 969 204 1026 aliud
245 971 446 1026 exinde
475 973 810 1043 requiratur,
857 972 963 1030 nisi
1012 973 1155 1044 quod
1185 989 1352 1046 supra
1382 955 1656 1043 scripturn
1749 972 1877 1017 num
1909 962 2120 1016 ﬁrmam
2144 961 2466 1018 censualiter
2495 964 2863 1022 concedimus.
2890 967 2985 1022 Est
3015 978 3196 1024 autem
3223 971 3340 1042 ipsa

77 1071 164 1117 est.
190 1061 380 1132 itaque
408 1070 473 1118 ut
498 1063 872 1120 htnotitiales
893 1063 1088 1120 litterae
1119 1065 1368 1121 stabilem
1383 1071 1439 1120 et
1459 1063 1635 1120 incon-

1767 1069 1875 1110 irea
1906 1054 1959 1109 in
1988 1070 2127 1126 pago
2156 1053 2475 1124 Carnotino,
2507 1071 2670 1128 super
2697 1056 2916 1114 ﬂuvium
2946 1061 3248 1130 Auduram,
3283 1067 3338 1120 in

77 1152 259 1206 vuisam
280 1153 564 1210 obtineant
591 1153 926 1218 ﬁrmitatem.
953 1163 1061 1210 tam
1083 1169 1247 1210 manu
1270 1163 1456 1211 nostra
1480 1167 1645 1226 quam
1749 1146 1868 1202 1000
1893 1145 1991 1226 qui
2013 1146 2212 1201 (Ῐῖοίιυτ
2240 1143 2442 1214 Fanni
2464 1160 2586 1202 cum
2616 1163 2723 1203 υηο
2748 1164 2937 1206 ιηθηθο
2960 1151 3028 1207 de
3056 1160 3222 1220 ῑθιτθ»
3245 1154 3338 1225 (ιιιί

78 1243 305 1299 Richardi
328 1245 489 1301 ducis
522 1245 574 1300 in
597 1244 752 1314 cujus
780 1245 1038 1302 comitatu
1063 1259 1184 1302 esse
1218 1246 1450 1312 videtur,
1481 1259 1646 1318 quam
1748 1237 1994 1308 conjacet
2029 1239 2083 1294 in
2116 1237 2252 1294 valle
2297 1240 2471 1295 sancti
2501 1239 2735 1296 Carauni
2769 1251 2825 1298 et
2865 1244 2916 1297 in
2951 1244 3060 1301 alio
3096 1246 3214 1304 loco
3243 1248 3340 1319 qui

76 1337 215 1390 etiam
237 1336 507 1393 nobiiium
545 1337 832 1402 laicorum,
867 1338 1055 1394 subter
1101 1337 1360 1394 roborare
1399 1336 1645 1394 decrevi-
1747 1331 1944 1388 dicitur
1970 1347 2001 1386 a
2031 1330 2180 1402 Lupo
2210 1330 2393 1388 Vulto.
2435 1331 2586 1388 lianc
2617 1333 2802 1404 itaque
2831 1351 3038 1407 aream,
3067 1355 3190 1396 cum
3219 1356 3342 1398 mo-

75 1439 198 1502 nitis.
249 1426 448 1481 Actum
491 1426 736 1484 Ebroico
780 1426 1044 1483 comitatu
1069 1467 1085 1495 ,
1125 1427 1362 1499 publice.
1415 1426 1642 1498 Signum
1747 1421 1979 1502 lendinis
2005 1431 2062 1480 et
2100 1423 2362 1496 praedicto
2393 1438 2581 1480 manso
2605 1426 2669 1480 de
2701 1434 2869 1495 terra,
2903 1427 2975 1482 ita
3005 1429 3085 1484 eis
3111 1431 3179 1486 ad
3210 1443 3347 1499 ceu:

75 1501 301 1571 Walterii
329 1517 581 1585 comitis,
656 1518 816 1590 hujus
855 1516 1076 1574 cartula:
1117 1518 1374 1574 auctoris.
1421 1516 1478 1574 S.
1513 1515 1646 1573 Teo—
1745 1529 1864 1572 sum
1891 1515 2264 1582 concedimus,
2289 1522 2348 1569 ut
2375 1514 2608 1587 desuper
2645 1519 2824 1573 securi
2853 1520 3106 1581 ediﬁcent
3135 1529 3210 1589 et,
3241 1537 3340 1578 an-o

71 1605 231 1662 ‘tllrcdi
247 1607 464 1664 militis.
503 1608 564 1664 S.
601 1602 861 1666 ﬂichardi
889 1609 1064 1666 ducis.
1086 1627 1155 1651 -'--
1181 1610 1340 1665 Anno
1364 1608 1645 1665 ablocar-
1747 1605 1831 1662 nis
1859 1606 2102 1678 singulis,
2135 1605 2188 1662 in
2220 1604 2512 1662 festivitate
2559 1609 2732 1663 sancti
2771 1607 3043 1678 Carauni,
3086 1626 3210 1682 quas
3253 1622 3340 1670 est

73 1699 270 1755 natione
307 1701 528 1758 Domini
580 1700 820 1759 DCCGC°
855 1701 975 1758 exe
1022 1701 1113 1758 γε.
1148 1701 1444 1761 indictione
1486 1713 1641 1769 vino,
1743 1713 1777 1752 v
1805 1697 2072 1756 Kalendas
2105 1697 2296 1765 Junii,‘
2329 1699 2384 1752 in
2427 1713 2650 1754 censum
2691 1700 2893 1758 solidos
2928 1718 2963 1757 ι
3003 1704 3333 1775 persolvant.

74 1793 304 1859 regnante
343 1789 636 1848 Clotbario
658 1807 784 1866 rege
816 1808 962 1849 anno
1010 1807 1087 1849 at.
1139 1791 1358 1865 Scripta
1400 1800 1489 1850 est
1519 1792 1640 1849 haec
1680 1859 1713 1866 Δ
1747 1787 1805 1844 Si
1833 1792 1899 1845 de
1927 1790 2030 1846 hoc
2051 1789 2383 1862 negligentes
2415 1791 2717 1857 extiterint,
2753 1792 2997 1864 legaliter
3023 1796 3333 1865 emendem,

73 1882 268 1938 donatio
293 1897 323 1938 a
348 1883 516 1940 levita
547 1859 846 1942 ϐοτηιᾷιιο,
880 1901 901 1940 ι
1262 1859 1282 1865 ⁷
1676 1859 1722 1917 Β
1745 1889 1802 1936 et
1836 1859 2170 1937 molendinos
2197 1859 2255 1938 et
2284 1889 2486 1938 terram
2531 1897 2638 1938 non
2684 1859 2940 1954 perdant;
2970 1895 3052 1941 set
3101 1859 3338 1944 habeant

618 2027 870 2047 .__.__.____
895 2030 993 2047 ___._
1030 2039 1073 2047 __
1745 1969 2020 2028 licentiam
2057 1971 2323 2028 vendendi
2366 1973 2450 2030 vel
2481 1974 2642 2030 dandi
2681 1975 3004 2047 cuicumque
3031 1976 3334 2046 voluerint,

590 2033 994 2100 CAPITULUM
1030 2039 1094 2102 ηδ
1278 2095 1284 2100 -
1653 2091 1658 2096 -
1745 2061 1820 2118 ita
1850 2071 1908 2117 ut
1930 2063 2268 2119 venditiones
2295 2072 2350 2120 et
2378 2079 2574 2120 census
2599 2067 2665 2120 ad
2693 2033 2966 2123 seniorem
2993 2033 3336 2140 perveniant,

80 2153 139 2222 De
171 2173 580 2245 colnmulationg
614 2183 874 2245 terrarum
925 2175 1068 2245 inter
1115 2171 1400 2229 monachus
1448 2172 1635 2230 Sancti

1767 2155 1929 2226 :isque
1957 2156 2188 2227 amplius
2218 2171 2324 2212 non
2368 2159 2678 2228 requiratur
2705 2161 2758 2213 in
2784 2175 3030 2227 censum,
3058 2165 3165 2218 nisi
3191 2163 3337 2234 quod

538 2242 690 2299 Petri
711 2256 756 2300 st
784 2243 1125 2316 lngelerium.
1743 2249 1990 2318 superius
2033 2257 2115 2304 est
2159 2248 2441 2306 insertum.
2491 2248 2754 2318 Quatlnus
2799 2263 2981 2307 autem
3026 2253 3140 2310 hinc
3184 2243 3336 2311 cat-ta

627 2374 683 2446 (8
721 2374 880 2430 Ma“.
907 2374 1059 2447 967.)
1183 2370 1186 2372 τ
1745 2343 1954 2400 ﬁrmior
1977 2342 2068 2447 sit,
2100 2358 2262 2447 manna
2291 2344 2508 2415 propria
2535 2359 2654 2447 eam
2689 2343 3026 2402 ﬁrmavimus
3053 2355 3108 2403 et
3133 2344 3332 2428 seniori

1742 2446 1930 2493 nostro
1954 2435 2178 2508 ejusque
2205 2435 2464 2500 ﬁdelibus,
2487 2437 2850 2494 roborandam
2873 2439 3187 2498 obtulimus.

1815 2549 1834 2586 ι
1862 2535 2057 2589 Actum
2071 2533 2326 2590 Carnote.
2345 2533 2816 2606 SignumOdonis,
2841 2536 3104 2606 praesulis.
3129 2536 3344 2607 S.Sug-~

1741 2625 1893 2696 gerii,
1918 2625 2133 2681 decanii
2154 2625 2214 2681 S.
2231 2626 2433 2692 Eirvei,
2453 2627 2546 2698 qui
2571 2631 2712 2684 hanc
2736 2637 2940 2683 cartam
2967 2627 3080 2684 ﬁeri
3098 2628 3249 2700 insit.
3270 2627 3331 2684 Si

1737 2715 2000 2782 Alcherii,
2017 2716 2323 2787 presbiterii
2349 2716 2406 2774 8.
2429 2717 2668 2785 Otbaldi,
2692 2719 2997 2791 presbiteri.
3021 2718 3078 2776 S.
3104 2721 3332 2777 Evrartli

1738 2809 2047 2878 presbiteri.
2079 2807 2139 2864 8.
2163 2808 2436 2875 Widonis,
2465 2809 2660 2866 levitati
2687 2810 2744 2865 8.
2770 2809 3247 2882 Ταιυίηἰιιενίιω.
3269 2811 3330 2866 Si

1735 2899 2021 2968 Johannis,
2054 2901 2249 2958 levitai.
2283 2901 2343 2958 S.
2372 2903 2614 2976 Rogerii.
2641 2901 2700 2959 8.
2730 2902 2989 2970 Dolionis,
3017 2903 3261 2975 majoris.

1813 3010 1832 3044 ι
1876 2993 2007 3048 Data
2035 3010 2119 3049 tm
2147 2994 2270 3050 ldus
2296 2993 2422 3062 Mai,
2450 3011 2594 3051 anno
2621 3011 2742 3052 xmt
2774 2997 2922 3068 regni
2950 2993 3216 3052 Clotbarii
3246 3008 3348 3050 rea-

1737 3085 1841 3157 gis.
1872 3085 2192 3144 Grimuinus
2213 3086 2456 3159 scripsit,
2485 3089 2554 3143 ad
2581 3088 2757 3144 vicem
2785 3087 3056 3160 Suggerii.
3091 3106 3112 3142 ι

2263 3199 2665 3258 CAPITULUM
2702 3199 2792 3256 IV.

1740 3289 1870 3346 Item
1907 3292 2136 3364 qualiter
2170 3293 2352 3351 eadem
2391 3311 2516 3420 circa
2546 3295 2930 3420 advmonacltos
2964 3279 3151 3354 Sancti
3180 3289 3331 3355 Petri

2430 3381 2630 3420 ereum
2659 3405 2674 3420 .

2430 3381 2674 3422 evenerit.

2321 3450 2411 3528 (27
2436 3457 2562 3514 Jun.
2591 3458 2745 3529 97f.)

1812 3567 1830 3602 ι
1869 3549 1924 3604 1η
1951 3549 2154 3607 Christi
2186 3551 2424 3618 nomine,
2448 3551 2564 3610 Odo
2589 3553 2765 3624 gratia
2791 3552 2886 3610 Dei
2910 3552 3340 3613 Carnotensium‘

1736 3640 1956 3698 humilis
1980 3643 2285 3714 episeopus.
2315 3642 2511 3698 Notum
2541 3660 2664 3701 esse
2691 3643 2940 3700 volumus
2964 3645 3176 3701 cunctis
3205 3660 3332 3703 suc-

1735 3733 2045 3789 cessoribus
2071 3734 2274 3790 nostris
2309 3744 2366 3790 et
2396 3735 2618 3806 reliquis
2653 3735 2856 3792 Christi
2887 3734 3157 3804 ﬁdelibus,
3191 3751 3330 3808 qua-

1736 3823 1859 3880 liter
1891 3823 2106 3879 cuidam
2135 3827 2400 3885 canonico
2429 3825 2643 3882 Sanctae
2674 3827 2856 3884 Maria:
2885 3836 2941 3885 et
2976 3821 3189 3892 nostro,
3229 3841 3336 3885 no-

1735 3916 1883 3973 mine
1923 3913 2218 3983 Rodberto,
2260 3921 2532 3992 quandam
2565 3935 2749 3976 aream
2790 3921 3019 3978 duorum
3065 3923 3331 3980 molendi-

1735 4026 1960 4078 norum,
2003 4012 2363 4084 pertinentem
2403 4013 2473 4070 ad
2515 4013 2754 4071 abatiam
2795 4015 2984 4072 Sancti
3027 4015 3338 4083 Caurauni,
3409 4067 3412 4069 λ

1734 4117 1857 4159 cum
1909 4101 2043 4175 ipsis
2094 4104 2418 4162 molendinis
2465 4117 2602 4177 quos
2650 4107 2718 4162 de
2767 4108 3048 4173 Ardrado,
3104 4107 3329 4178 proprio

1734 4205 1975 4268 sumptu,
2002 4197 2357 4267 comparavit,
2387 4212 2486 4270 per
2509 4213 2729 4254 manum
2759 4197 2970 4253 ﬁrmam
2993 4197 3334 4255 censualiter

1734 4286 2105 4342 concedimus.
2140 4286 2235 4343 Est
2263 4297 2442 4343 autem
2477 4287 2591 4359 ipsa
2625 4303 2752 4342 area
2782 4288 2836 4342 in
2869 4303 3007 4360 pago
3029 4288 3332 4346 Carnotino

181 4377 278 4454 ξ”ξ
310 4377 724 4454 νλξξξξςξῗζ
752 4377 1633 4454 ζζζξξῖξξηξξπξ·ᾝξξιξωζ
1735 4394 1898 4450 super
1922 4377 2142 4436 ﬁuVium
2178 4379 2479 4449 Auduram,
2513 4381 2565 4436 in
2604 4380 2724 4438 loco
2761 4383 2852 4454 qui
2886 4383 3087 4439 dicitur
3119 4381 3328 4449 Faliza,

81 4419 209 4564 ’,ζ”δλ
243 4424 298 4530 Sx
344 4426 628 4534 Ge'maf'"
662 4429 722 4485 δ’
772 4428 1168 4536 ν’πῗηεδυάί·
1216 4429 1276 4486 δ’
1310 4431 1514 4537 Είζοτίί·
1569 4429 1628 4538 5;
1734 4419 1993 4526 ἓῖιᾘύηῗ»
2016 4419 3327 4545 g4:.3‘5::;:;.’,gemuit.‘i:.”;'51.'§;.1‘;;

117 4517 298 4564 "randi-
329 4519 385 4564 ς-
424 4521 595 4564 Alunt,
627 4522 685 4564 9.,
744 4521 968 4564 nilnma-
1015 4523 1071 4564 S,
1124 4523 1402 4564 “prium-ill,
1439 4525 1477 4564 ς
1542 4525 1699 4564 Δ.--
1745 4559 1773 4564 _
1995 4562 2004 4564 μ
2164 4560 2177 4564 -
2262 4560 2292 4564 _
2411 4561 2450 4564 __
2515 4559 2559 4564 η

117 4517 303 4636 1:24;-
329 4519 605 4636 s,;_gly:g=_i_;
627 4522 692 4636 δέ
744 4521 1497 4636 292335;s:__9sngsqi;_s-
1536 4525 1632 4581 Αί-
1657 4517 2484 4630 ι)ἐζὶῖτξζιῖζίζῖῖ⁷ίίι’ὀιζἑέιίἷέ
2511 4517 3328 4636 £13.13?ii".iii'i.:3'2.ii§

83 4607 242 4661 taenis.
269 4607 324 4669 S.
356 4610 629 4669 Fulcuini.
660 4613 716 4669 8.
749 4612 1000 4670 Tedberti
1019 4654 1036 4682 ,
1069 4617 1485 4672 monachorum.
1657 4607 1704 4619 ’⁷
2152 4607 3331 4725 “agdn-£51,“;

137 4721 302 4779 tData
323 4743 416 4783 vttt
449 4730 577 4786 ldus
621 4729 829 4798 Marcii,
866 4745 1010 4788 anno
1059 4731 1231 4789 tercio
1281 4731 1498 4791 decimo
1546 4749 1632 4791 re-

1767 4745 1964 4802 :ndinis
1999 4721 2067 4800 et,
2095 4744 2353 4818 praedicta
2399 4752 2564 4814 terra,
2597 4745 2669 4800 ita
2683 4721 2924 4816 praefato
2953 4746 3226 4801 Bodberto
3256 4743 3327 4798 ad

139 2505 156 2540 ι
190 2487 242 2544 In
267 2489 490 2546 nomine
544 2490 764 2547 Domini
805 2498 861 2548 et
905 2488 1206 2550 Salvatoris
1254 2487 1429 2546 nostri
1473 2485 1639 2545 Jbesu

78 2577 267 2637 Christi.
290 2581 504 2640 Placuit
531 2592 700 2654 atque
727 2583 982 2640 convenit
1003 2583 1145 2640 inter
1171 2581 1475 2640 monachos
1499 2581 1640 2638 Sau-

76 2673 132 2726 cti
153 2673 284 2729 Petri
306 2674 674 2732 Carnotensis
698 2674 936 2732 caenobii
951 2715 968 2742 ,
991 2661 1192 2747 quibus
1223 2689 1459 2746 praesse
1481 2674 1636 2730 vide-

77 2771 142 2817 tur
167 2763 428 2822 Wibertus
450 2765 657 2832 abbas,
689 2775 744 2822 et
785 2767 1058 2838 quendam
1087 2764 1264 2822 virum
1296 2764 1518 2822 nomine
1545 2763 1634 2820 ln-

75 2854 314 2924 gelerium,
345 2866 404 2912 ut
433 2866 627 2915 terras
648 2874 777 2916 suas
802 2868 1141 2918 commutare
1163 2859 1458 2928 deberent;
1489 2858 1635 2932 quod

75 2955 118 2999 et
152 2947 214 3002 ita
253 2947 538 3006 fecerunt.
566 2949 838 3006 Dederunt
858 2951 1042 3022 itaque
1064 2950 1118 3006 in
1145 2951 1340 3022 primis
1385 2953 1635 3008 monachi

70 3036 158 3103 jam
177 3039 306 3097 dicto
326 3041 611 3115 lngclerio
645 3043 701 3124 in
729 3041 842 3098 Pici
867 3041 1035 3122 Villa,
1050 3051 1107 3100 et
1133 3044 1187 3100 in
1218 3041 1361 3100 Sirei
1393 3043 1551 3110 Villa,
1582 3053 1636 3100 et

77 3129 259 3189 Adorlei
289 3135 455 3204 Villa,
485 3145 558 3192 et
580 3136 775 3194 Atellei
823 3136 988 3206 Villa,
1027 3125 1086 3194 et
1125 3136 1410 3196 Abassinei
1469 3139 1632 3204 Villa,

83 3222 298 3294 quicquid
327 3226 398 3282 ibi
431 3226 549 3282 visi
572 3235 698 3282 sunt
721 3226 995 3283 habuisse.
1020 3227 1064 3282 E
1091 3236 1282 3284 contra
1308 3228 1452 3285 dedit
1477 3228 1634 3301 lttge-
1659 3212 1702 3271 Β

74 3307 208 3370 lerius
229 3319 524 3373 monachis
547 3317 732 3374 Sancti
760 3317 906 3373 Petri
933 3317 1115 3373 villam
1151 3317 1373 3391 Septem
1427 3319 1630 3376 Modio-

77 3404 139 3460 los
175 3419 562 3481 nuncupatam,
593 3426 717 3466 cum
751 3410 905 3468 silvis
937 3421 995 3468 et
1029 3413 1237 3482 campis
1279 3422 1334 3468 et
1376 3413 1633 3470 omnibus

81 3499 131 3551 ad
161 3515 266 3554 eam
300 3502 737 3574 pertinentibus.
788 3501 1137 3559 Tcrmiuatur
1168 3504 1280 3575 ipsa
1332 3515 1476 3562 terra
1502 3547 1518 3573 ,
1563 3523 1627 3562 cx

81 3604 161 3646 una
189 3608 360 3664 parte,
395 3607 548 3654 terra
602 3594 819 3652 Sanctae
864 3597 1087 3663 Mariae;
1127 3612 1193 3652 ex
1241 3597 1438 3666 altera,
1488 3589 1630 3654 terra

84 3681 236 3742 Sancti
265 3681 512 3757 Martini;
547 3690 706 3746 tertia
740 3700 913 3761 parte,
946 3699 1090 3746 terra
1117 3690 1286 3762 ipsius
1311 3690 1502 3748 Sancti
1533 3691 1634 3748 Pc-

82 3774 162 3839 tri;
186 3789 364 3847 quarta
391 3790 578 3851 parte,
615 3790 760 3835 terra
802 3779 1095 3836 Tetmaris.
1139 3780 1214 3836 Ea
1246 3781 1461 3836 ratione
1515 3781 1632 3838 hare

81 3873 388 3927 commutatio
424 3871 575 3929 facta
604 3881 689 3928 est
716 3883 775 3928 ut
797 3874 865 3928 ab
894 3872 1154 3928 hodierna
1177 3874 1266 3929 die
1297 3887 1634 3945 unaquaeque

82 3971 181 4022 pars
207 3959 266 4014 de
287 3951 398 4034 iam
447 3964 620 4020 dictis
665 3963 839 4020 faciat
878 3964 1138 4036 quicquid
1182 3964 1442 4034 voluerit,
1473 3975 1530 4022 et
1575 3975 1635 4022 ut

81 4047 169 4118 ipsa
201 4058 550 4114 commutatio
573 4057 730 4113 ﬁrma
751 4067 806 4116 et
830 4059 1042 4115 stabilis
1062 4067 1399 4130 permaneat,
1430 4057 1636 4132 placuit

81 4143 240 4202 exinde
262 4149 398 4206 hanc
426 4161 643 4207 cartam
682 4150 798 4209 ﬁeri
829 4161 886 4208 et
907 4149 1146 4225 propriis
1173 4153 1422 4210 manibus
1451 4167 1637 4210 corro-

80 4231 250 4294 borari.
272 4243 464 4299 Actum
497 4245 783 4310 Carnotis,
830 4233 1064 4317 publice.
1119 4245 1343 4319 Signum
1401 4243 1658 4303 Wiberti'

80 4327 278 4390 abbatis.
310 4333 368 4392 8.
404 4337 724 4393 lierimanni
752 4328 964 4394 decani.
997 4336 1056 4394 Si
1089 4337 1344 4395 Gisberti.
1387 4338 1446 4396 S.
1489 4338 1633 4396 Nor-

82 4827 242 4878 gnante
263 4836 383 4894 rege
405 4822 687 4893 Lothario.

1767 4851 1959 4893 ensum
1997 4837 2368 4904 concedimus,
2399 4845 2457 4891 ut
2486 4837 2720 4907 desuper
2751 4851 2976 4892 securus
3001 4833 3216 4900 ediﬁcet
3248 4842 3324 4898 ct,

138 4924 155 4958 ι
189 4910 486 4974 Waldricus
523 4919 830 4984 nutharius,
865 4926 1110 4990 rogatus,
1141 4917 1384 4991 scripsit.
1423 4936 1444 4974 ι

1769 4929 1892 4984 nnis
1925 4929 2174 5000 singulis,
2210 4930 2374 4986 missa
2406 4929 2578 4984 sancti
2609 4926 2952 4993 Caratini,'in
2984 4939 3203 4980 censum
3234 4939 3328 4979 sa-

576 5049 974 5108 οΑΡιτυιυΜ
1013 5050 1097 5106 ιη,
1732 5021 1869 5078 lidos
1895 5037 1928 5076 ι
1953 5021 2245 5093 persolvat.
2279 5021 2339 5078 Si
2362 5023 2427 5077 de
2448 5023 2547 5078 hoc
2575 5021 2851 5093 negligens
2873 5018 3056 5084 fuerit,
3081 5017 3327 5090 Iegallier

89 5130 142 5183 De
171 5152 280 5191 area
319 5141 544 5194 duorum
587 5142 1000 5215 molendinorum
1034 5141 1261 5198 Fai'esia:
1289 5143 1356 5198 ab
1386 5143 1629 5200 Ardrado
1731 5113 1984 5170 emendet
2012 5122 2068 5170 et
2096 5128 2277 5215 at?!“
2321 5127 2428 5169 non
2472 5113 2688 5184 Derda"
2734 5113 2818 5168 set
2859 5112 3098 5215 qvandiu
3127 5112 3326 5215 Yixef‘

429 5214 677 5266 canonico
705 5215 1023 5267 censualiter
1048 5226 1240 5285 empta.
1733 5216 1947 5274 teneat;
1977 5215 2099 5278 post
2121 5207 2330 5264 obitum
2357 5220 2573 5278 quoque
2599 5219 2756 5260 suum
2785 5203 3004 5260 eosdem
3050 5202 3322 5258 molendi-

622 5305 714 5370 (l2
745 5305 866 5361 Maii
893 5305 1044 5376 768.)
1651 5349 1655 5352 .
1731 5312 1832 5352 nos
1862 5295 2120 5354 fratribus
2143 5308 2199 5354 et
2227 5297 2509 5354 monachis
2546 5295 2733 5352 Sancti
2775 5295 2924 5352 Petri
2953 5295 3322 5366 derelinquat,

147 5418 161 5450 ι
194 5396 328 5475 (κε)
359 5395 416 5460 ιη
445 5395 646 5460 Christi
681 5399 916 5473 nomine,
953 5398 1200 5474 Eii-vena,
1223 5399 1322 5478 qui
1353 5401 1629 5464 abbatum
1732 5398 1792 5444 ut
1819 5403 1918 5460 pro
1941 5404 2040 5446 sua
2077 5391 2256 5446 anima
2283 5399 2338 5446 et
2375 5390 2566 5446 matris
2599 5403 2711 5445 suae
2744 5387 3121 5446 Ermentrudis
3151 5389 3322 5445 Deum

92 5495 228 5547 suntti
263 5497 491 5553 Carauni
533 5515 627 5570 per
666 5497 1006 5571 largitionem
1038 5500 1222 5555 domni
1270 5498 1472 5554 Odonis
1515 5497 1630 5569 epi-

1767 5485 1929 5554 tgiter
1966 5491 2194 5539 exorent
2238 5493 2293 5538 et
2341 5482 2542 5538 seniori
2586 5481 2830 5550 ejusdem
2879 5480 3132 5547 abbatiai,
3179 5482 3322 5538 sic-.zt

92 5587 210 5656 scopi
237 5597 410 5647 tenere
449 5593 714 5650 videmur.
757 5593 958 5650 Notum
994 5608 1115 5650 esse
1146 5593 1389 5650 volumus
1419 5591 1630 5648 cunctis

1767 5591 1894 5648 npra
1921 5575 2125 5632 dictum
2154 5584 2260 5644 est,
2285 5575 2483 5632 solidos
2511 5589 2544 5630 ι
2571 5575 2902 5647 persolvant.
2937 5574 3203 5643 Quatinus
3227 5589 3324 5629 an-

95 5685 451 5741 successoribus
473 5689 668 5744 nostris
689 5695 742 5744 et
767 5679 989 5760 reliquis
1009 5685 1336 5744 Christianis
1359 5683 1630 5742 ﬁdelibus.

1767 5684 1842 5726 3m
1870 5667 1986 5726 huic
2007 5673 2160 5729 curta
2188 5666 2398 5725 ﬁrmior
2420 5668 2513 5738 sit,
2550 5683 2712 5726 manu
2748 5667 2963 5742 propria
2989 5681 3107 5723 eam
3139 5665 3324 5724 ﬁrma-

152 5809 277 5884 (l05)
313 5816 434 5875 llaec
459 5831 602 5877 certa
630 5821 781 5877 deest
812 5820 867 5877 in
890 5819 1012 5878 cod.
1038 5819 1102 5876 Β.
