3890 6302
546 367 647 423 ἳΥΙ

1439 355 1650 415 PAL'LI
1691 354 1751 412 S.
1782 352 1993 411 PETRI
2033 354 2511 415 CARNOTENSIS
2553 354 2859 414 MONACHI
3654 367 3744 423 ἥδ

516 482 692 537 vimus
736 486 793 535 et
838 475 1089 534 lidelibus
1128 473 1331 531 nostris
1370 469 1734 529 roborandam
1780 468 2099 525 obtulimus.
2130 480 2178 529 Α
2205 472 2558 543 extinguitur.
2607 469 2693 527 Sit
2723 471 2868 526 illius
2897 470 3130 551 perditio
3159 485 3283 527 cum
3310 469 3442 528 Juda
3472 477 3741 550 proditore;

515 566 739 639 Signum
764 562 987 627 Odonis,
1010 560 1424 618 Carnoteusium
1446 555 1717 629 praesulis.
1741 554 1798 609 S.
1825 554 2098 633 suggerii,

513 655 723 715 decani.
768 654 829 712 S.
867 654 1112 719 Evrardi,
1157 651 1461 723 presbiteri.
1509 647 1567 717 S.
1613 647 1854 719 Rogerii,
1900 646 2098 702 levitas.

516 750 577 808 S.
625 750 875 807 Ardradi.
918 748 977 803 S.
1020 746 1269 803 Teduini.
1321 746 1512 800 Actum
1560 742 1813 807 Carnote,
1868 740 2099 812 publice.

514 842 648 897 Data
688 855 722 895 v
764 836 1033 895 Kalendas
1074 834 1233 903 Julii,
1279 847 1421 889 anno
1474 847 1588 887 xm
1641 830 1790 903 regni
1838 829 2100 887 Clotharii

514 946 680 1002 ’θείω
711 948 731 985 ’
1052 992 1452 1054 CAPITULUM
1490 991 1556 1049 v.

514 1088 591 1144 De
611 1099 748 1146 terra
770 1088 954 1144 vineali
972 1103 1129 1157 quam
1149 1086 1288 1140 dedit
1311 1082 1425 1157 Qdo
1447 1083 1642 1155 pracsul
1659 1083 1819 1157 inata
1842 1072 2099 1155 brogilnm

725 1154 1091 1230 episcopalem,
1127 1167 1175 1211 et
1205 1158 1268 1210 de
1302 1154 1635 1209 l’lacentiaco
1670 1154 1886 1209 Villare.

1099 1247 1154 1317 (ὅ
1178 1246 1335 1301 Febr.
1364 1244 1515 1317 974.)

584 1340 604 1363 ⁶
638 1360 656 1392 ι
691 1337 1020 1394 Venerabilis
1050 1346 1107 1393 et
1146 1337 1255 1393 Deo
1282 1336 1529 1391 amabilis
1553 1336 1690 1407 Odo,
1720 1339 1962 1409 pontifex
1992 1354 2099 1397 tec-

514 1431 692 1487 clesia:
715 1431 1083 1498 Carnotensis,
1117 1432 1243 1485 dum
1276 1430 1328 1485 in
1352 1440 1621 1486 conventu
1649 1432 1907 1488 nobilium
1938 1433 2099 1489 clerio

512 1532 699 1579 eorum
752 1533 807 1579 et
861 1524 1123 1579 laicorum
1177 1523 1537 1593 consedisset,
1592 1524 1792 1596 cmpit,
1848 1524 2099 1596 prudenti

515 1614 723 1669 ratione
762 1621 819 1669 et
861 1615 1123 1669 canoniCa
1167 1613 1513 1677 auctoritate,
1560 1622 1797 1670 tractare
1842 1615 1910 1670 de
1953 1624 2099 1670 statu

513 1705 815 1760 commissae
840 1705 940 1759 sibi
972 1714 1171 1759 sanctze
1204 1702 1479 1769 aacclcsiat,
1507 1711 1564 1758 et
1597 1704 1877 1759 ministros
1903 1705 2100 1775 quibus

514 1794 880 1851 :ccclesiarum
908 1794 1320 1849 commissarum
1357 1808 1389 1849 a
1425 1808 1484 1850 se
1517 1808 1647 1849 cura
1677 1793 1951 1849 transfusa
1983 1793 2101 1851 fue-
2132 1814 2181 1876 Β

520 1894 637 1953 rat,
674 1886 857 1957 sagaci
902 1884 1280 1941 adhortatione
1329 1898 1581 1951 monere,
1616 1891 1677 1938 ut
1717 1882 1771 1937 in
1818 1883 1919 1939 sibi
1954 1898 2102 1939 com-

518 1976 701 2031 missis
722 1976 1006 2041 :ecclesiis,
1036 1974 1465 2045 diligentissimis
1496 1972 1838 2047 invigilarent
1864 1974 2105 2031 excubiis

518 2075 576 2123 et
621 2075 825 2122 sanctae
872 2066 1145 2137 religionis
1200 2066 1405 2120 cultum
1460 2063 1928 2135 inreprehensibili
1985 2062 2105 2119 fun-

519 2160 700 2216 Ctione
720 2166 1143 2230 exequerentur.
1182 2155 1426 2227 Cumque
1454 2164 1509 2212 et
1552 2152 1658 2212 alia
1702 2155 1869 2211 multa
1898 2154 2106 2227 proﬁuo

520 2250 983 2304 sermocinaretur
1017 2248 1254 2317 eloquio,
1284 2249 1501 2303 tandem
1528 2254 1753 2303 ventum
1782 2257 1866 2302 est
1892 2248 1959 2303 ad
1995 2262 2107 2304 caa-

520 2340 737 2394 nobium
778 2337 960 2393 Sancti
998 2337 1167 2401 Petri,
1213 2339 1376 2392 situm
1423 2338 1477 2393 in
1506 2338 1766 2393 suburbio
1797 2336 2107 2395 Carnotina:

520 2430 691 2494 urbis,
716 2428 827 2497 jam
854 2428 983 2483 olim
1012 2443 1041 2482 a
1070 2428 1367 2483 monastica
1400 2428 1761 2493 institutione,
1782 2427 2104 2497 quibusdam

519 2536 587 2576 ex
624 2520 823 2587 causis,
863 2521 1215 2589 depravatum
1251 2529 1308 2575 et
1352 2518 1650 2575 eanonicali
1698 2518 1797 2574 sub
1844 2520 2106 2591 regimine

523 2610 834 2674 redactum,
882 2619 967 2665 set
1022 2609 1331 2679 nuperrime
1384 2609 1453 2663 ab
1499 2608 1937 2665 antecessoribus
1990 2609 2106 2664 suis

520 2700 839 2772 praesulibus
869 2700 1155 2771 pristinum
1194 2699 1507 2755 monasticm
1541 2698 1821 2770 religionis
1844 2697 2107 2753 reforma-

522 2804 635 2847 tum
666 2806 787 2848 esse
822 2794 1069 2863 gradum.
1104 2792 1203 2859 Qui
1235 2801 1291 2847 et
1320 2791 1497 2846 eidem
1535 2790 1674 2856 loco,
1706 2799 1869 2860 prout
1898 2800 2108 2860 tempus

522 2881 745 2936 dictavit
780 2889 839 2934 et
874 2888 934 2934 ut
975 2878 1306 2949 possibilitas
1354 2892 1414 2932 se
1458 2876 1676 2941 obtulit,
1722 2877 1779 2930 in
1825 2877 2108 2946 stipendiis

521 2970 914 3025 monachorum
943 2971 1085 3024 unde
1110 2968 1284 3023 adhuc
1314 2976 1710 3031 sustentantur,
1738 2967 1788 3021 in
1811 2966 2106 3022 elemosiua

521 3061 869 3130 obtulerunt;
915 3070 1170 3131 essetque
1210 3076 1401 3115 eorum
1448 3058 1768 3116 deliberatio
1815 3058 2109 3129 inpendere

2203 561 2401 617 sentiat
2427 560 2862 629 dampnatiouem
2894 574 3019 615 cum
3061 559 3270 615 Dathau
3317 568 3373 615 et
3400 561 3590 620 Abiron
3631 584 3746 639 quos

2203 651 2445 705 viventes
2493 660 2633 706 terra
2679 649 2991 717 absorbuit;
3023 660 3336 722 perseveret
3360 666 3513 723 super
3535 670 3645 712 eum
3672 661 3745 717 illa

2200 743 2530 814 perpetualis
2574 742 2768 798 divinae
2807 742 3031 798 ultionis
3060 743 3356 814 indignatio
3388 761 3489 815 qua
3516 748 3747 820 dampna-

2202 835 2403 890 buntur
2429 836 2499 890 illi
2531 835 2729 905 quibus
2757 836 2971 892 dicetur
2996 838 3047 891 in
3074 837 3280 908 judicio
3308 852 3323 891 :
3356 832 3619 910 Discedite,
3649 862 3747 900 ma-

2202 924 2395 994 (edicti,
2434 926 2488 981 in
2519 928 2688 995 ignem
2724 937 2973 982 aeternum
3002 928 3094 998 qui
3135 939 3354 999 paratus
3382 941 3453 984 est
3493 933 3682 989 diabolo
3706 948 3747 991 et

2202 1015 2399 1086 angelis
2421 1016 2554 1086 ejus.
2579 1016 2774 1071 Amen.
2798 1015 2866 1071 Ut
2890 1029 3068 1074 autem
3092 1018 3207 1074 [nec
3230 1019 3449 1075 donatio
3469 1032 3749 1093 perpetuam

2201 1115 2256 1161 et
2275 1105 2643 1161 inconvulsam
2664 1105 2907 1161 obtineat
2929 1108 3261 1175 ﬁrmitatem,
3286 1118 3394 1162 tam
3417 1124 3571 1165 manu
3592 1113 3751 1171 domui

2202 1195 2459 1267 episcopi,
2504 1211 2665 1265 quam
2708 1197 2871 1252 totius
2910 1198 3171 1254 aacclesite
3215 1200 3405 1258 subter
3444 1202 3669 1259 roborari
3694 1222 3748 1261 ex

2202 1289 2383 1344 animo
2409 1290 2627 1360 dignum
2653 1288 2826 1344 visum
2855 1298 2961 1345 est.
2990 1288 3125 1356 Odo,
3156 1289 3502 1348 Carnotensis
3525 1294 3755 1351 ecclesiae

2203 1382 2434 1453 prmsul,
2477 1382 2733 1438 ﬁrmavit.
2770 1381 3082 1454 Suggerius,
3115 1384 3374 1439 decanus.
3416 1384 3608 1455 Salieo,
3645 1403 3753 1459 ype-

2202 1478 2457 1533 decanus.
2473 1474 2788 1546 Suggerius,
2804 1476 3059 1548 claviger.
3078 1476 3422 1544 Lambertus,
3454 1482 3756 1538 archidiaco-

2204 1582 2324 1624 nus.
2346 1566 2625 1633 Rodull‘us,
2639 1575 2958 1636 praecentor.
2975 1565 3157 1634 Wido,
3172 1568 3596 1624 archidiaconus.
3618 1571 3758 1627 Alca-

2204 1660 2337 1727 rius,
2350 1660 2689 1731 praepositus.
2702 1658 2824 1715 Alte
2844 1660 3180 1729 praepositus.
3195 1658 3522 1725 Bernardus,
3536 1665 3759 1732 praeposi-

2205 1763 2311 1809 tus.
2348 1752 2722 1819 Erembertus,
2752 1750 3186 1807 archidiaconus.
3225 1748 3536 1817 Hilduinus,
3572 1752 3761 1808 subedio

2206 1858 2349 1905 tuus.
2369 1843 2470 1899 Wa
2479 1859 2655 1907 racco.
2676 1842 2962 1915 presbiter.
2980 1841 3259 1898 Ardradus
3272 1884 3285 1902 .
3302 1842 3581 1913 presbiter.
3598 1843 3760 1901 Ebroi-

2205 1952 2328 2002 nus,
2360 1937 2644 2007 presbiter.
2694 1934 2866 2001 Isaac,
2894 1935 3181 2005 presbiter.
3212 1932 3446 1998 Wenilo,
3497 1935 3757 2005 presbiter.

2206 2025 2553 2092 llumbertus,
2583 2026 2764 2081 levita.
2781 2024 3191 2090 Winemaudus,
3216 2024 3403 2080 levita.
3432 2025 3758 2096 llildegarius,

2206 2115 2385 2171 levita.
2404 2115 2649 2182 Eirveus,
2673 2114 2849 2169 levita.
2865 2113 3161 2180 Johannes,
3188 2114 3373 2169 levita.
3390 2115 3590 2181 Teudo,
3603 2115 3760 2170 levita.

2204 2209 2565 2274 Gauzbertus,
2593 2209 2769 2264 miles.
2810 2207 3109 2263 Fulcarius.
3143 2206 3463 2261 Romaldus.
3502 2206 3759 2263 Ucbertus.

2206 2299 2379 2370 Hugo.
2422 2300 2693 2354 Albertus.
2739 2296 2883 2354 Salo.
2924 2296 3231 2353 Gilduinus.
3271 2296 3608 2364 Grimvinus,
3645 2297 3765 2352 iudi-

2206 2407 2342 2463 guus
2369 2391 2645 2457 sacerdos,
2676 2389 2915 2459 scripsit.
2950 2386 3083 2445 Data
3118 2388 3287 2447 Nonis
3312 2388 3615 2456 Februarii,
3644 2404 3765 2444 anno

2208 2497 2275 2537 xx
2305 2482 2527 2537 lllotarii
2562 2482 2703 2551 regis
2731 2480 2898 2555 (l07).
2934 2500 2955 2536 ι

2277 2576 2424 2647 (108)
2455 2573 2647 2629 Videat
2679 2573 2917 2644 prudens
2945 2573 3120 2629 lector
3156 2572 3249 2629 ubi
3290 2573 3365 2628 sit
3396 2581 3540 2628 terra
3569 2570 3769 2626 vinealis

2207 2681 2369 2737 quam
2399 2666 2552 2735 juxta
2587 2662 2850 2734 brogilum
2883 2679 3039 2718 suum
3071 2664 3220 2717 dedit
3249 2661 3371 2717 O.lo
3405 2661 3635 2733 praesul;
3664 2662 3769 2730 quia

2207 2769 2308 2810 nec
2335 2764 2475 2809 terra
2514 2768 2543 2807 a
2566 2768 2838 2824 quoquam
2871 2764 3179 2809 nostrorum
3208 2757 3405 2821 scitur,
3436 2769 3535 2809 nec
3560 2753 3771 2823 brogilus

2207 2847 2347 2902 alter
2372 2846 2636 2913 noscitur,
2664 2846 2769 2902 nisi
2790 2846 2883 2917 qui
2909 2846 3122 2901 videtur
3147 2845 3315 2902 fuisse
3342 2845 3500 2918 juxta
3540 2843 3771 2900 Baliolem

2208 2940 2409 2995 villam.

2739 3043 3138 3110 CAPITULUM
3178 3051 3264 3110 Vl.

522 3152 789 3224 Ρ¹¹¹¹³ί⁰¹³³ν
831 3153 935 3209 “id
971 3152 1239 3209 summe“
1284 3151 1512 3207 fuisse“
1558 3150 1747 3206 “me”
1789 3151 1978 3206 morus
2026 3151 2105 3205 in"
2132 3164 2176 3226 C
2212 3167 2286 3224 De
2318 3165 2537 3224 ecclesia
2578 3160 2797 3223 Baliolis
2835 3166 2971 3223 villw
3007 3168 3218 3222 vendita
3254 3162 3491 3222 Geraldo
3520 3164 3773 3222 canonico.

522 3245 685 3303 vidas.
724 3244 967 3315 Cumque
1010 3244 1126 3300 lucc
1166 3251 1223 3299 et
1261 3242 1515 3298 nonnulla
1558 3242 1662 3297 alia
1707 3257 1834 3314 erga
1875 3244 2102 3298 eundem

524 3337 704 3393 locum
731 3335 992 3391 beneﬁcia
1035 3334 1105 3389 ab
1131 3334 1334 3390 eisdem
1372 3334 1806 3389 antecessoribus
1842 3333 2101 3402 exhibita,

525 3426 750 3483 auribus
778 3426 952 3482 sancti
979 3425 1238 3481 antistitis
1266 3424 1603 3496 promulgata
1627 3434 1827 3491 essent,
1862 3424 1974 3491 ille,
2008 3440 2102 3481 eo-

526 3534 648 3575 rum
684 3518 946 3590 exemplis
976 3516 1252 3585 incitatus,
1283 3516 1414 3589 quin
1445 3518 1623 3587 potius
1655 3517 1852 3572 divina:
1892 3516 2105 3587 pietatis

526 3614 699 3681 gratia
751 3620 951 3675 tactus,
1002 3610 1279 3680 respondit
1326 3610 1704 3676 narrantibus,
1756 3624 1861 3664 nou
1909 3608 2106 3664 minori

527 3703 721 3760 aﬁ'ectu
773 3702 885 3775 iam
938 3704 1143 3776 pridem
1200 3703 1345 3760 circa
1375 3703 1514 3759 idem
1556 3701 1863 3758 rmnobium
1914 3716 1975 3757 se
2022 3710 2105 3756 te-

526 3796 649 3853 neri
677 3798 963 3863 desiderio,
994 3812 1163 3868 seque
1204 3796 1309 3852 alia
1356 3810 1425 3851 ex
1468 3804 1623 3866 parte
1664 3793 1733 3848 ad
1760 3792 2105 3849 eﬁicientiam

529 3890 869 3960 perduxisse,
903 3891 1003 3945 nisi
1039 3904 1159 3961 quae
1187 3890 1438 3945 omnibus
1470 3897 1612 3944 notae
1637 3895 1785 3951 sunt,
1814 3884 2107 3940 allicientes

530 3983 632 4037 sibi
658 3984 1009 4038 emersissent
1031 3998 1223 4039 causae.
1252 3982 1462 4038 Interea
1485 3990 1545 4037 ut
1568 3981 1682 4036 haec
1701 3977 2107 4035 deliberationis

530 4072 781 4129 voluntas
829 4073 1081 4131 omnibus
1127 4090 1192 4129 ex
1241 4082 1394 4144 parte
1443 4081 1571 4128 nota
1617 4071 1798 4136 ﬁeret,
1848 4069 1997 4125 dedit
2037 4070 2107 4124 ad

529 4164 762 4220 eundem
791 4164 967 4221 locum
999 4174 1199 4222 terram
1231 4164 1495 4221 vinealem
1531 4178 1603 4219 xx
1636 4162 1954 4227 solidorum,
1986 4175 2108 4231 quae

531 4266 617 4312 est
657 4256 903 4326 proxima
932 4258 1135 4313 civitati
1181 4257 1511 4320 Carnotinte,
1552 4256 1709 4310 sitam
1753 4252 1821 4307 ad
1869 4260 2104 4322 septem-

534 4349 815 4405 trionalem
839 4349 1071 4422 plagam,
1094 4349 1246 4420 juxta
1270 4348 1535 4418 brogilum
1563 4343 1943 4415 episcopalem.
1971 4341 2106 4395 Ter-

534 4444 791 4509 minatur,
828 4457 895 4497 ex
928 4458 1030 4496 una
1068 4451 1241 4513 parte,
1285 4448 1430 4495 terra
1471 4438 1538 4492 de
1574 4437 1761 4491 eadem
1806 4441 2104 4505 potestate,

2789 3260 2952 3333 (Ante
2977 3276 3029 3315 a.
3057 3256 3208 3332 977.)

2282 3374 2301 3408 ‹
2339 3355 2397 3409 ln
2427 3353 2643 3409 nomine
2675 3351 2922 3418 Domini,
2958 3347 3093 3420 Odo,
3125 3344 3549 3409 Carnotensium
3581 3349 3777 3407 humilis

2205 3446 2512 3515 episcopus.
2567 3442 2763 3497 Notum
2819 3455 2940 3497 esse
2994 3439 3242 3496 volumus
3290 3442 3552 3497 omnibus
3599 3438 3777 3494 Christi

2208 3536 2451 3593 ﬁdelibus
2477 3536 2709 3605 qualiter
2744 3534 2966 3589 veniens
3006 3534 3225 3604 quidam
3253 3534 3561 3589 canonicus
3590 3540 3777 3589 noster.

2206 3626 2424 3683 nomine
2452 3624 2732 3687 Geraldus,
2766 3622 2833 3678 ad
2864 3631 3105 3679 nostram
3141 3624 3518 3693 praesentiam,
3548 3621 3784 3692 depreca-

2207 3718 2282 3773 vit
2310 3728 2368 3773 ut
2392 3717 2493 3774 sibi
2523 3733 2589 3773 ac
2617 3715 2707 3771 uni
2747 3714 2951 3771 hteredi
2993 3712 3297 3771 mcclesiam
3338 3729 3411 3771 ex
3450 3714 3577 3769 villa
3618 3720 3781 3767 nostra

2206 3826 2325 3880 qua:
2351 3808 2653 3880 appellatur
2688 3806 2949 3870 Baliolus,
2994 3806 3047 3861 in
3079 3805 3286 3861 honore
3322 3806 3506 3862 sancti
3538 3801 3781 3873 Stephani

2206 3899 2463 3963 dicatam,
2494 3898 2547 3952 in
2574 3896 2895 3952 Carnoteusi
2934 3910 3073 3967 pago
3113 3894 3295 3960 sitam,
3332 3911 3432 3966 per
3463 3894 3673 3949 litteras
3701 3889 3781 3943 ﬁr-

2208 3988 2412 4045 mitatis
2440 3987 2739 4044 concedere
2767 3986 3134 4057 dignarentur.
3167 3983 3276 4040 Nos
3317 3988 3511 4056 itaque
3555 3979 3785 4055 petitioni

2206 4079 2325 4149 ejus
2359 4093 2637 4135 assensum
2665 4077 2878 4143 dantes,
2908 4092 3030 4133 cum
3061 4076 3332 4133 communi
3363 4074 3602 4131 consilio
3628 4081 3677 4129 et
3706 4088 3787 4125 vo-

2207 4171 2413 4225 luutale
2434 4168 2668 4223 ﬁdelium
2694 4176 2999 4223 nostrorum
3023 4166 3345 4223 clericorum
3370 4166 3493 4222 sive
3519 4164 3788 4227 laicorum,

2207 4261 2554 4318 concedimus
2595 4260 2673 4315 eis
2706 4257 2818 4327 jam
2865 4258 3065 4314 dictam
3109 4258 3441 4323 :ecclesiam,
3481 4258 3559 4314 ita
3589 4264 3667 4323 ut,
3694 4255 3791 4310 Deo

2210 4353 2551 4425 prmsidente,
2586 4351 2786 4407 nostris
2831 4350 3136 4421 futurisque
3183 4351 3531 4421 temporibus
3577 4350 3658 4405 sic
3684 4362 3791 4403 eam

2211 4444 2539 4513 possideant,
2573 4453 2761 4513 regant
2806 4450 2969 4513 atque
2999 4442 3306 4512 disponant,
3340 4441 3499 4497 velut
3535 4441 3591 4497 in
3621 4453 3683 4496 ea
3711 4452 3797 4509 per

535 4534 703 4591 altera
734 4543 903 4605 parte,
937 4543 1081 4589 terra
1110 4533 1528 4594 canonicorum;
1564 4526 1730 4582 tercia
1757 4535 1929 4595 parte,
1965 4533 2105 4579 terra

2210 4549 2397 4589 euntes
2424 4534 2623 4603 gradus
2652 4532 2884 4587 ordinati
2916 4531 3111 4598 forent,
3150 4532 3445 4615 nullusque
3474 4546 3573 4587 eos
3603 4528 3797 4599 inqui:-

535 4626 722 4682 Sancti
766 4625 1038 4689 Mauricii;
1077 4632 1269 4694 quarta
1307 4637 1437 4677 vero
1462 4628 1639 4691 parte,
1672 4628 1814 4672 terra
1846 4616 1992 4687 ([06)
2024 4615 2111 4670 via

531 4717 745 4787 publica
780 4733 902 4787 quae
932 4716 1081 4771 ducit
1108 4716 1174 4770 ad
1204 4715 1501 4771 civitatem.
1548 4711 1703 4765 Dedit
1742 4710 1907 4765 etiam
1938 4723 2111 4779 quan-

533 4810 655 4863 dam
686 4807 920 4862 villulam
948 4821 1014 4862 ex
1053 4816 1165 4861 toto
1202 4807 1359 4861 sitam
1405 4805 1457 4858 in
1501 4801 1700 4866 Belsia,
1734 4799 1950 4855 nomine
1988 4799 2113 4854 Pla-

531 4899 864 4955 scentiacum
914 4897 1201 4963 Villarem,
1247 4905 1307 4949 ut
1348 4894 1493 4949 omni
1536 4900 1778 4962 tempore
1823 4901 2112 4959 utrumque

530 4993 881 5062 possideant:
917 4999 1124 5046 tantum
1162 5000 1220 5045 ut
1250 4989 1420 5059 ipsius
1450 4986 1765 5043 memoriam
1794 4984 2026 5039 habeant
2056 4983 2109 5038 in

533 5085 646 5139 suis
670 5085 843 5139 sacris
870 5081 1228 5139 orationibus.
1260 5080 1319 5136 Si
1351 5080 1472 5151 quis
1494 5086 1671 5134 autem
1704 5076 1843 5132 hanc
1866 5074 2113 5129 donatio-

534 5187 658 5228 nem
686 5173 895 5228 irritam
930 5172 1112 5228 facere
1134 5172 1368 5228 voluerit
1392 5178 1487 5225 aut
1525 5167 1826 5231 adnullare,
1852 5174 2111 5236 perpetua

533 5267 1109 5324 excommunicationis
1129 5266 1450 5322 detrimenta
1480 5273 1587 5319 tam
1614 5263 1682 5317 ab
1712 5261 1827 5331 ipso
1853 5275 2014 5331 quam
2041 5260 2110 5315 ab

531 5360 867 5431 coepiscopis
896 5359 1063 5430 ipsius
1108 5359 1379 5423 incurrat,
1410 5356 1646 5413 sociatus
1679 5351 1891 5408 diabolo
1927 5359 1983 5405 et
2011 5364 2111 5404 an-

533 5453 668 5523 gelis
708 5450 843 5520 ejus,
875 5460 928 5507 et
970 5466 1091 5507 cum
1120 5452 1204 5506 his
1229 5450 1319 5522 qui
1350 5446 1593 5504 mittendi
1624 5455 1749 5502 sunt
1775 5443 1829 5499 in
1860 5450 2109 5513 stagnum

536 5544 675 5612 ignis
699 5545 909 5612 aeterni,
941 5545 1030 5599 ubi
1073 5546 1272 5600 vermis
1314 5559 1420 5599 non
1460 5541 1692 5598 moritur
1736 5548 1791 5596 et
1835 5538 1975 5609 ignis
2002 5550 2108 5593 non

603 5654 753 5776 ἓξὲξξ
792 5656 1843 5776 ξιῖθῖέἓὲῗιῗὲἶὲ’ςὲἐιέᾌῖίὲἶιξιέιῖειξθᾶἲιτῑ

606 5723 753 5797 (1οη
792 5723 1152 5797 Publiciiuris
1174 5728 1314 5785 facta
1337 5738 1419 5787 est
1440 5729 1627 5786 charta
1650 5726 1705 5784 in
1727 5723 1868 5783 Gall.
1885 5723 2105 5794 Christ.,

533 5806 572 5850 t.
606 5795 733 5864 Vill,
763 5797 943 5866 instr.,
972 5795 1075 5855 cel.
1104 5799 1229 5854 292.

2215 4639 2329 4683 tare
2352 4641 2415 4681 ac
2445 4626 2569 4680 inde
2596 4639 2875 4679 removere
2904 4633 3216 4695 praesumat,
3247 4624 3350 4679 nisi
3384 4624 3563 4695 (quod
3592 4621 3749 4689 absit)
3773 4634 3798 4671 a

2215 4720 2432 4774 tramite
2470 4716 2808 4772 deviaveriut
2844 4714 3127 4779 veritatis;
3160 4730 3345 4770 verum
3399 4724 3589 4770 tamen
3618 4723 3801 4767 secun-

2212 4810 2339 4865 dum
2382 4806 2697 4863 canonicam
2744 4805 3119 4861 auctoritatem
3147 4820 3266 4861 eam
3311 4804 3493 4859 libera
3544 4808 3804 4873 potestate

2212 4908 2401 4971 regant
2430 4912 2591 4968 atque
2620 4897 2931 4967 disponant,
2963 4896 3229 4966 annisque
3258 4895 3521 4966 singulis,
3565 4894 3621 4947 in
3664 4888 3803 4945 festi-

2210 4994 2379 5047 vitate
2404 4998 2604 5046 sancta:
2632 4989 2831 5054 Marize,
2856 5004 2977 5059 quae
3004 4997 3089 5044 est
3114 5004 3167 5043 vr
3200 4988 3323 5043 ldus
3351 4985 3730 5057 Septembris,
3759 4981 3805 5034 in

2210 5098 2436 5139 censum
2477 5080 2677 5137 solidos
2698 5097 2731 5135 v
2760 5079 3071 5152 persolvant
3096 5080 3283 5150 eisque
3312 5078 3565 5148 amplius
3594 5089 3701 5131 non
3731 5086 3805 5126 re-

2210 5174 2457 5245 quiratur
2484 5173 2535 5227 in
2560 5187 2803 5235 censum,
2829 5171 2929 5226 nisi
2955 5173 3099 5241 quod
3122 5171 3373 5241 superius
3399 5179 3494 5225 est
3522 5170 3804 5225 insertum.

2211 5266 2277 5320 Et
2303 5275 2361 5321 ut
2387 5266 2503 5321 haec
2527 5266 2818 5320 auctoritas
2843 5262 2995 5318 ﬁrma
3023 5271 3354 5333 permaneat,
3385 5277 3563 5317 manu
3593 5256 3806 5332 propria

2211 5371 2330 5412 eam
2381 5356 2714 5412 ﬁrmavimus
2759 5365 2814 5412 et
2870 5355 3117 5411 ﬁdelibus
3167 5355 3368 5411 nostris
3438 5352 3805 5409 roborandam

2213 5446 2549 5501 tradidimus.
2601 5447 2795 5501 Actum
2851 5444 3119 5511 Carnote,
3172 5444 3226 5499 in
3274 5442 3541 5499 ecclesia
3600 5442 3805 5497 Sancte

2188 5535 2409 5614 Maria).
2448 5554 2468 5587 ι

2280 5648 2428 5721 (108)
2469 5648 2629 5721 Deest
2663 5650 2778 5707 haec
2815 5648 3000 5706 notula
3043 5648 3097 5704 in
3134 5646 3320 5721 codice
3352 5643 3424 5711 Β,
3462 5644 3562 5721 ubi
3605 5649 3806 5721 tantum

2208 5708 2448 5863 :egitur':
2480 5718 2634 5841 tiam:
2657 5721 2987 5776 donationem
3010 5730 3191 5791 postea
3219 5716 3319 5774 sibi
3342 5708 3583 5771 enitor-sit
3616 5708 3808 5768 Rodat-

2235 5810 2293 5846 us
2320 5806 2488 5862 praua
2517 5828 2530 5843 .
