3842 6308
134 375 230 433 229

635 490 1036 550 CAPITULUM
1075 492 1188 551 νη.

124 619 252 680 Item
276 622 341 679 de
376 623 560 680 eadem
599 624 816 681 ecclesia
842 626 1068 693 qualiter
1095 629 1166 682 ad
1194 628 1451 684 Sanctum
1493 627 1708 684 Petrum

683 697 944 752 devenerit
975 699 1143 770 (l09).

729 815 911 904 (Febr.
954 815 1102 906 9'77.)

182 987 203 1022 ι
240 967 532 1027 Neminem
555 973 834 1028 ortodoxze
864 973 986 1030 ﬁdei
1016 983 1072 1030 et
1093 973 1385 1032 Catholica:
1413 975 1708 1049 professio-

116 1061 194 1116 nis
229 1061 404 1118 latere
425 1078 817 1135 usquequaque
845 1065 1120 1122 credimus
1145 1077 1354 1139 quanta
1386 1069 1708 1126 excellentia

0 1153 32 1188 :2.
117 1163 217 1206 tam
263 1153 318 1207 in
371 1155 625 1224 presenti
656 1168 820 1226 quam
873 1156 926 1212 in
965 1156 1158 1212 futuro
1190 1159 1426 1230 p‘olleaut
1453 1160 1568 1230 qui,
1608 1177 1709 1231 pro

0 1245 30 1278 π
116 1242 326 1298 nomine
353 1241 676 1309 Christi,'ex
695 1247 937 1318 propriis
953 1247 1312 1306 “facultatibus
1335 1249 1572 1321 aliquam
1598 1250 1709 1307 lar-

0 1334 38 1370 'cI-'
117 1333 331 1404 gitatcm
375 1335 587 1392 sanctis
625 1347 682 1394 et
718 1338 966 1396 ﬁdelibus
1003 1339 1123 1409 ejus
1164 1341 1322 1398 h'llari
1354 1345 1538 1400 animo
1565 1361 1706 1416 pra:-

120 1425 260 1489 bent,
300 1439 426 1481 cum
475 1426 739 1485 Dominus
765 1429 959 1486 dicat:
992 1429 1177 1487 Facite
1221 1433 1362 1488 vobis
1400 1435 1598 1490 a‘micos
1641 1435 1710 1492 de

7 1539 16 1554 .-
118 1529 408 1570 mammona
442 1516 764 1588 iniquitatis,
791 1529 847 1575 et
870 1520 1065 1578 iterum
1097 1539 1112 1577 :
1142 1522 1279 1580 Date
1305 1536 1355 1579 et
1381 1525 1596 1580 dabitur
1619 1544 1705 1582 vo-

0 1611 40 1646 ea
118 1603 206 1658 tis.
239 1604 347 1660 'His
384 1616 441 1662 et
485 1611 702 1665 caeteris
742 1613 1080 1669 documentis
1121 1614 1260 1671 bene
1303 1617 1607 1684 instructio,
1647 1627 1703 1675 et

0 1703 34 1753 gr:
116 1692 343 1763 Spiritus
364 1695 553 1752 Saneti
585 1698 803 1755 ﬂatninc
833 1700 1061 1758 interius
1097 1702 1432 1774 illuminauc,
1468 1721 1568 1776 ego
1596 1706 1704 1765 ϐο-

8 1803 36 1824 ηε
113 1784 284 1839 delc-ra
315 1795 374 1840 et
402 1801 630 1858 compar
659 1804 779 1848 mea
809 1798 916 1846 tam
961 1801 1122 1849 :etate
1163 1809 1325 1865 quam
1357 1798 1557 1868 gratia,
1604 1814 1702 1854 no-
1805 1784 2184 1882 έθξηψίίθξῆδ.

11 1870 26 1921 :__
109 1873 247 1928 mine
283 1875 611 1947 “amomi”,
657 1881 928 1950 quandam
965 1883 1268 1940 mdesiam
1311 1902 1476 1958 quam
1517 1897 1702 1946 laxam
1732 1885 1776 1941 Β
1801 1869 1997 1923 anima:
2024 1869 2218 1928 salutis
2253 1876 2513 1944 remedia,
2544 1879 2741 1950 quibus
2768 1897 2877 1940 non
2923 1885 3099 1942 solum
3143 1890 3398 1948 vitiorum

3 1993 10 2002 π
100 1964 286 2030 preeio
313 1980 344 2020 a
375 1967 613 2037 quodam
648 1971 916 2027 canonico
941 1975 1088 2028 dicto
1126 1973 1382 2044 Geraldo,
1415 1991 1539 2052 cum
1569 1993 1700 2036 con-

0 2072 4 2104 ;
98 2061 259 2111 'sensu
294 2056 484 2112 eximii
516 2060 800 2129 pontiﬁcis
829 2061 1010 2118 domui
1038 2062 1242 2122 Odonis
1275 2066 1586 2124 Carnotioa:
1613 2069 1698 2126 ci-

3 2175 8 2178 ‹
100 2155 298 2212 matis,
329 2148 590 2213 emimus,
633 2163 823 2208 sancto
852 2153 1012 2211 Petro
1040 2157 1410 2228 apostolorum
1439 2161 1696 2233 principi,

7 2259 12 2262 -
92 2252 190 2307 pro
232 2240 582 2300 absolutione
621 2246 996 2316 peccaminum
1039 2259 1581 2325 nostrorum,‘quam
1619 2255 1694 2312 illi

95 2327 240 2385 Deus
270 2337 385 2386 tam
417 2331 474 2388 in
503 2333 669 2390 terris
696 2350 860 2406 quam
897 2346 953 2393 et
983 2338 1038 2394 in
1068 2340 1226 2397 ctelis
1249 2343 1446 2400 merito
1471 2359 1696 2402 conces-

7 2461 10 2468 .
93 2419 192 2482 sit:
227 2427 287 2475 et
309 2435 420 2491 pro
461 2424 705 2481 remedio
731 2427 1038 2484 anhnarum
1067 2439 1398 2498 nostrarum,
1427 2435 1696 2495 donamus

89 2518 140 2562 et
171 2510 370 2568 datum
401 2527 526 2588 esse
553 2515 824 2584 volumus,
873 2535 902 2575 a
939 2524 1192 2591 praesenti
1225 2524 1313 2580 die
1351 2534 1408 2582 et
1452 2525 1508 2582 in
1541 2529 1692 2584 omni

0 2623 6 2638 ι
93 2608 370 2672 tempore.
405 2602 644 2662 Vocatur
666 2617 850 2666 autem
887 2612 1117 2682 pmlata
1156 2614 1402 2672 aecclesia
1431 2617 1691 2676 Baliol'ns.

87 2689 138 2784 in
165 2691 389 2750 honore
406 2698 586 2755 sancti
615 2699 877 2772 Stephani
899 2703 1102 2770 dicata.
1127 2705 1182 2760 in
1207 2705 1528 2766 Caruotensi
1553 2727 1693 2784 pago

0 2804 2 2834 ;
90 2781 212 2847 sita,
235 2790 299 2836 ut
327 2789 585 2844 monachi
617 2790 847 2848 Domino
874 2803 930 2850 et
955 2805 1148 2854 sancto
1175 2795 1342 2855 Petro
1380 2801 1482 2858 sub
1525 2781 1689 2874 regn-

85 2867 185 2927 lari
233 2877 463 2934 tramite
501 2879 638 2938 inibi
684 2881 1012 2942 famulantes
1043 2897 1266 2944 teneant
1308 2899 1474 2962 atque
1510 2867 1688 2964 possi-

87 2963 273 3020 deant.
323 2965 409 3022 Eo
433 2979 614 3026 autem
659 2982 848 3028 tenore
875 2975 1132 3045 praefatus
1173 2981 1372 3049 pracsul
1402 2982 1490 3052 pia
1513 2963 1687 3044 devo-

85 3053 234 3111 tione
258 3062 560 3127 coucessit,
595 3071 655 3118 ut
696 3067 956 3122 memoria
985 3068 1152 3135 illius,
1187 3078 1297 3138 tam
1340 3073 1396 3129 in
1422 3077 1688 3134 orationi-

85 3143 184 3203 bus
210 3164 384 3218 quam
412 3153 466 3207 in
495 3155 784 3211 missarum
813 3158 1132 3228 psollenniis
1159 3172 1420 3234 perpetuo
1443 3166 1686 3224 celebre-

1051 373 1282 434 VETUS
1319 373 1581 433 AGANO.
1615 403 1685 414 -—
1723 371 1854 429 LIB.
1906 371 1991 429 lll.
2032 374 2471 438 WIDBERTUS.

3277 393 3388 455 230

1741 504 1788 562 Α
1814 489 2070 562 episeopo
2117 494 2271 553 datas
2310 494 2590 568 Apostolo,
2621 497 2736 558 suis
2773 501 2961 562 usibus
2994 521 3257 582 usurpare
3289 517 3401 572 non

1815 585 2012 641 timuit;

2321 679 2721 742 CAPITULUM
2758 682 2890 742 Vlll.

1812 784 2171 873 θερί-θερίσαι
2191 791 2351 873 (illi
2378 795 2709 873 regali_sede,
2744 807 2793 852 et
2826 797 3233 873 tigFonliuido,
3259 817 3309 866 et
3337 813 3403 868 de

1883 857 2108 942 Limoio,
2136 857 2274 916 datis
2311 857 2508 918 Sancto
2541 857 2706 922 l’etro'
2726 884 2757 922 a
2796 857 3404 952 nobilissimulelddrde

1882 941 2173 985 conmissa.

2395 1010 2450 1098 (is
2476 1027 2636 1084 Febr.
2669 1032 2821 1106 978.)

1879 1133 1899 1154 ‘
1929 1150 1950 1186 ‹
1981 1132 2302 1194 Mirabiliter
2327 1139 2472 1210 (119)
2499 1141 2788 1225 laudabilis
2810 1157 2862 1203 et
2889 1149 3233 1213 laudabiliter
3258 1173 3406 1215 sem-

1808 1237 1908 1294 per
1935 1225 2214 1304 mirabilis
2233 1231 2473 1303 provida
2499 1234 2831 1306 dispensatio
2858 1239 3170 1305 Conditoris
3199 1249 3399 1317 nostri,

1808 1327 1841 1370 a
1886 1315 2255 1385 primordialis
2302 1323 2526 1380 exordio
2572 1328 2782 1397 mundi,
2826 1332 2918 1401 qui
2969 1336 3263 1408 redemptis
3313 1315 3401 1398 sui

1807 1407 2086 1490 sanguinis
2131 1411 2344 1480 precio,
2391 1423 2474 1478 et,
2522 1417 2660 1488 sacri
2711 1419 3053 1490 baptismatis
3098 1407 3398 1498 ablutione,

1805 1495 2056 1570 originali
2098 1501 2370 1558 mundatis
2411 1505 2661 1579 crimine,
2687 1510 3000 1580 'prznvidens
3027 1526 3082 1572 et
3110 1495 3418 1588 praesciens:

1803 1595 1928 1672 post
1957 1589 2056 1644 ista
2085 1592 2265 1647 omnia
2297 1610 2396 1650 nec
2427 1597 2586 1654 unius
2611 1599 2718 1656 diei
2749 1603 2923 1673 spatio
2961 1622 2992 1662 a
3034 1609 3402 1683 qualicunque

1806 1689 2034 1764 peccato
2078 1685 2386 1756 quempiam
2422 1688 2606 1746 vivere
2652 1692 2951 1764 inmunem;
3001 1715 3100 1756 nec
3147 1704 3401 1763 humanae

1805 1774 2168 1844 corruptionis
2215 1778 2390 1835 labem
2443 1796 2604 1853 posse
2651 1789 2913 1858 evadere,
2959 1793 3190 1852 ςοιῑιλξι
3231 1799 3400 1856 multa

1799 1969 2065 2017 curantur
2104 1965 2376 2033 morbida,
2423 1977 2510 2026 set
2555 1971 2720 2028 etiam
2767 1974 2943 2032 beatas
2987 1977 3406 2039 inmortalitatis

1799 2051 2163 2123 adquiruntur
2188 2058 2421 2127 gaudia;
2452 2060 2595 2117 inter
2618 2078 2758 2134 quae,
2783 2065 3208 2128 elemosinarum
3232 2074 3400 2146 pluris

1798 2158 1947 2201 mum
1978 2146 2122 2202 valet
2149 2147 2394 2223 largitas,
2435 2153 2520 2208 cui
2556 2169 2662 2210 non
2710 2157 2882 2212 solum
2918 2160 3276 2229 plurimorum
3306 2181 3398 2237 pa-

1798 2241 1942 2291 trum
1991 2238 2317 2310 astipulatur
2361 2246 2680 2312 auctoritas,
2717 2256 2803 2302 set
2845 2251 3011 2305 etiam
3061 2255 3232 2324 ipsius
3261 2273 3397 2315 voce

1797 2329 2012 2388 Domini
2043 2332 2294 2392 laudatur
2323 2335 2485 2394 beata
2517 2339 2746 2398 dicentis
2779 2360 2794 2398 :
2828 2343 3088 2402 Dimittite
3120 2359 3170 2404 et
3211 2350 3393 2407 dimit-

1795 2425 1975 2479 temini
1989 2465 2006 2491 ,
2045 2436 2094 2482 et
2131 2445 2470 2502 quacumque
2507 2432 2742 2502 feceritis
2772 2437 2862 2492 uni
2886 2454 2954 2494 ex
2980 2439 3210 2498 minimis
3239 2443 3392 2517 meis,

1794 2515 1952 2570 michi
1975 2518 2266 2575 exioebitis.
2281 2519 2458 2592 Super
2473 2523 2556 2580 his
2573 2525 2735 2582 etiam
2753 2529 2970 2598 quidam
2991 2531 3210 2602 sapiens
3226 2515 3391 2592 dicit:

1795 2609 2104 2684 Redemptio
2129 2615 2321 2672 animo
2346 2617 2466 2684 uiri,
2489 2621 2718 2689 propria:
2743 2623 2940 2679 divitia:
2965 2626 3113 2696 ejus;
3139 2637 3198 2684 et
3225 2625 3390 2688 illud:

1792 2700 1928 2758 Date
1969 2704 2330 2774 elemosinam,
2379 2718 2427 2764 et
2479 2712 2656 2766 omnia
2705 2715 2902 2768 munda
2946 2728 3066 2772 sunt
3115 2719 3288 2787 nobis;
3335 2731 3392 2778 et

1792 2796 1960 2860 multa
1993 2797 2079 2854 his
2123 2799 2322 2856 similia
2351 2800 2703 2860 inveniuntur
2748 2805 2802 2860 in
2832 2807 3010 2863 ἑαυᾱο
3037 2808 3391 2870 elemosinam

1792 2887 1859 2942 ad
1890 2889 2254 2947 hortationem
2287 2893 2582 2964 principiis,
2626 2895 2678 2949 in
2707 2897 2908 2967 quibus
2943 2899 3162 2972 longum
3187 2913 3274 2961 est
3306 2905 3392 2963 ire

1791 2993 1889 3049 per
1917 2981 2152 3052 singula.
2185 2981 2409 3041 Talibus
2447 2986 2710 3042 instructa
2742 2989 3212 3050 exhortationibus
3240 3012 3385 3066 prm-

1791 3072 2100 3127 cedcntium
2134 3073 2358 3130 Patrum
2393 3093 2500 3132 non
2548 3078 2882 3150 inprobanda
2917 3083 3152 3151 devotio,
3198 3096 3390 3158 utpote

1793 3161 1884 3216 lilii
1934 3162 2180 3221 ecclesia:
2236 3167 2419 3224 multis
2472 3169 2798 3240 praediorum
2843 3189 3066 3232 suorum
3119 3179 3387 3239 reditibus

86 3247 190 3308 tur,
225 3252 284 3298 el
316 3254 380 3300 υι
401 3247 656 3303 omnibus
700 3251 858 3304 annis
902 3252 956 3308 in
989 3268 1211 3311 censum
1254 3257 1566 3328 persolvant
1594 3261 1685 3318 de-
1714 3239 1760 3303 Β
1789 3254 2016 3308 eandem
2055 3255 2378 3314 dotaverunt
2415 3259 2726 3328 ecclesiam,
2775 3273 2831 3318 et
2879 3266 3048 3324 multa
3087 3269 3136 3324 ei
3187 3281 3386 3328 contu-

86 3333 272 3390 uarios
301 3351 410 3400 xu,
447 3338 652 3410 absque
677 3345 885 3412 synodo
926 3353 978 3398 et
1027 3343 1268 3403 circada.
1320 3347 1378 3404 Si
1408 3351 1532 3421 quis
1555 3366 1686 3410 vero

87 3436 471 3483 mceessorum
500 3430 618 3501 ejus
640 3442 830 3489 contra
873 3436 1014 3491 hanc
1043 3439 1413 3508 donationem,
1443 3443 1686 3500 avaritiae

88 3527 214 3571 astu
255 3535 583 3588 succensus,
631 3526 817 3580 venire
859 3532 1203 3599 temptaverit
1242 3542 1301 3587 et
1341 3531 1554 3591 irritam
1605 3536 1684 3593 fa-

92 3625 230 3676 cere,
274 3613 434 3670 salvo
481 3616 652 3684 gradu
694 3619 1013 3688 pontiﬁcali,
1051 3621 1160 3679 Deo
1202 3633 1258 3680 et
1299 3635 1492 3682 sancto
1521 3626 1684 3684 Petro

95 3705 358 3762 rationem
407 3711 597 3766 reddat
643 3711 697 3765 in
745 3715 974 3768 extremi
1016 3713 1207 3784 judieii
1255 3717 1343 3774 die
1391 3734 1490 3790 pro
1535 3731 1682 3778 tanta

95 3804 532 3872 pmsumptione.
567 3803 634 3858 Et
667 3815 724 3858 ut
752 3807 866 3861 lure
902 3809 1122 3865 donatio
1146 3811 1303 3866 ﬁrma
1342 3824 1680 3883 permaneat,

99 3909 206 3950 eam
233 3897 766 3954 subterﬁrmavimus
787 3910 842 3955 ct
865 3900 1112 3959 ﬁdelibus
1133 3904 1374 3975 ejusdem
1423 3905 1684 3964 ecclesia:

0 3981 20 4066 '_
102 3998 310 4058 nostra,
343 4000 454 4047 tam
484 3993 706 4050 clericis
727 4010 893 4066 quam
923 3994 1100 4062 laicis,
1131 3997 1496 4056 roborandam
1523 3999 1682 4056 obtu-

105 4075 271 4137 limus.
293 4083 490 4140 Actum
515 4063 775 4151 Carnote',
800 4085 1038 4157 publice.
1059 4086 1200 4155 (ldo,
1227 4091 1401 4160 gratia
1431 4091 1530 4148 Dei
1551 4093 1684 4150 Car-

21 4219 37 4232 ,
109 4173 334 4229 notensis
359 4173 579 4244 prmsul,
605 4176 824 4247 pr0pria
855 4193 1020 4236 manu
1059 4177 1293 4238 ﬁrmavi.
1328 4181 1446 4240 Odo
1471 4197 1678 4242 comes.

113 4241 404 4334 Suggerius,
427 4241 792 4324 archiclavns.
822 4269 1108 4337 Rodull‘us,
1127 4284 1451 4340 praecentor.
1476 4274 1678 4345 Salico,

117 4353 454 4414 subdeeauus.
503 4358 668 4425 Atto,
715 4362 1056 4431 praspositus.
1105 4363 1296 4430 Wido,
1337 4367 1674 4436 prapositus.

120 4444 370 4520 Alcarius,
425 4451 766 4523 praepositus.
824 4451 1040 4516 Vitatis.
1093 4453 1298 4512 Τειιιάο.
1338 4431 1676 4528 ‘Romoldus.

124 4521 438 4610 llodbertust
473 4521 680 4600 etvalii.
713 4544 846 4600 Data
895 4546 948 4600 in
997 4562 1180 4602 mense
1207 4549 1491 4615 lebruarii,
1534 4525 1678 4608 sntio
1705 4590 1757 4652 Β
1785 4561 1891 4607 tam
1925 4569 2024 4623 pro
2051 4555 2185 4611 meis
2216 4555 2536 4611 criminibus
2574 4555 2786 4612 veniam
2825 4557 3181 4627 impetrandis
3209 4575 3372 4632 quam

128 4645 237 4688 mn
264 4604 709 4706 regni'lllotharii
741 4639 904 4709 regis.
959 4636 1297 4726 Grimvinus,
1327 4604 1511 4708 levita,
1541 4643 1678 4699 scri-

131 4724 232 4792 psit.
261 4745 278 4778 ι

0 4772 60 4827 βενε

186 4819 313 4892 (110)
353 4820 603 4890 Quandiu
646 4823 781 4878 vixit
819 4823 900 4878 vir
939 4825 1044 4881 iste
1084 4826 1444 4891 venerabilis,
1484 4825 1682 4896 praesul

38 4955 54 4985 ig,
135 4905 242 4976 Odo,
276 4913 498 4971 ﬁrmiter
524 4916 777 4984 monachi
814 4919 1171 4987 possederunt
1199 4923 1478 4990 praefatam
1501 4922 1680 4980 eccle-

138 5001 274 5075 siam,
319 5021 484 5078 quam
533 5008 638 5065 sibi
683 5009 936 5082 religioso
973 5012 1415 5072 sanctimonialcs
1462 5014 1682 5072 femina:

49 5131 54 5138 ρ
140 5104 363 5166 emerant;
403 5114 628 5171 verum,
665 5103 757 5159 ubi
791 5105 963 5160 exivit
995 5119 1063 5160 ex
1101 5106 1202 5163 hac
1234 5107 1375 5174 vita,
1415 5108 1680 5166 Rodulfus

141 5192 426 5256 pmulloco
453 5192 576 5263 ejus
601 5195 950 5268 subrogatus,
988 5200 1242 5256 avariciae
1281 5210 1415 5258 aestu
1444 5214 1679 5259 succen-

141 5298 223 5356 N8,
253 5297 302 5346 et
331 5289 622 5348 ecclesiam
664 5301 722 5348 et
758 5306 846 5348 res
885 5299 1120 5361 ceteras,
1157 5309 1296 5366 quas
1333 5296 1574 5367 repperit
1609 5294 1680 5351 ab

187 5419 310 5492 (l09)
423 5437 461 5500 ἱ
477 5420 555 5477 De
581 5421 818 5500 ecclesia
843 5421 1066 5500 Baliolis
1097 5424 1263 5495 villw,
1291 5443 1448 5500 quam
1476 5428 1678 5486 Rodul-

138 5491 203 5558 lu
217 5495 394 5558 priests!
419 5491 618 5549 Sancto
651 5491 813 5550 Petro
835 5496 1072 5552 abstulit.

186 5509 201 5546 ι
247 5509 392 5548 τωιιι
419 5509 618 5549 nancta
651 5509 813 5550 retro
835 5509 1072 5552 aestum.

502 5568 1323 5652 sequuntur.desunt_in_codice
1347 5568 1410 5623 Β.

187 5633 310 5706 (lli)
345 5638 412 5700 Δ,
442 5636 498 5690 in
528 5633 730 5703 indice,
753 5633 979 5694 Giseico.
1011 5639 1071 5694 B.
1103 5641 1333 5695 Jesiuco.

188 5705 312 5781 (112)
348 5706 572 5781 Exstat,
638 5708 908 5781 nonnullis
955 5711 1370 5781 prmlcrmissis.
1421 5713 1474 5768 in
1531 5711 1673 5768 Gali.

135 5773 379 5854 glutinat.
411 5778 697 5854 ll,_instr_.,
730 5778 921 5854 co|.77,
947 5773 1194 5854 apudque
1221 5783 1318 5838 l'h.
1349 5773 1554 5854 Labhc,
1585 5784 1678 5840 Ai-

134 5847 268 5905 liam
291 5850 545 5919 clrrouol.,
580 5859 620 5906 ι.
652 5851 693 5916 1,
720 5866 774 5922 p.
804 5853 927 5908 579.

1789 3343 1988 3410 lerunt,
2033 3349 2656 3434 variisnecessitatibus
2701 3354 3009 3425 profutura,
3049 3362 3250 3430 quibus
3284 3379 3389 3436 per
3431 3427 3456 3450 ο

1787 3437 2148 3506 quadriﬁdum
2193 3442 2482 3498 decoratur
2527 3445 2715 3500 orbem
2767 3455 2824 3502 et
2871 3462 3053 3505 rerum
3103 3453 3382 3523 opulentia

1787 3530 2058 3596 dilatatur,
2105 3537 2307 3605 gaudet
2349 3543 2406 3592 et
2453 3537 2682 3594 exultat.
2735 3537 2938 3596 l‘lorum
2987 3557 3089 3614 ego
3139 3544 3384 3616 Ledgar-

1786 3623 1870 3681 dis
1906 3625 2055 3698 (115)
2099 3629 2350 3700 exetnpla
2379 3641 2586 3698 secuta,
2635 3633 2894 3690 instinctu
2939 3637 3123 3694 divino
3168 3655 3380 3697 ammo-

1786 3715 1918 3780 nita,
1949 3719 2204 3788 proposui
2248 3720 2302 3775 in
2329 3723 2510 3778 cordis
2539 3723 2642 3779 mei
2674 3727 2992 3791 secretario,
3025 3729 3284 3799 quatinus
3311 3733 3386 3790 de

1785 3809 2112 3880 praediorum
2141 3826 2386 3869 meorum
2413 3815 2856 3884 possessionibus
2885 3819 3272 3886 hereditariam
3299 3822 3382 3879 fa-

1783 3917 1964 3958 cerem
2003 3912 2250 3960 sanctam
2286 3904 2384 3962 Dei
2427 3907 2736 3965 ecclesiam.
2773 3907 3011 3977 Veron,
3055 3913 3181 3984 quia
3214 3913 3382 3973 beato

1782 3991 1948 4050 Petro
1977 3995 2220 4066 apostolo
2260 3994 2570 4070 specialiter
2609 3999 2806 4057 collata
2852 4012 2934 4057 est
2983 4011 3225 4075 potestas
3270 4009 3380 4064 sol-

1781 4087 1942 4143 vendi
1967 4096 2130 4159 atque
2162 4090 2359 4162 ligandi
2406 4106 2439 4148 a
2478 4091 2728 4159 Domino,
2759 4102 2820 4148 ut
2848 4096 3226 4168 quodcumque
3261 4100 3375 4156 sol-

1781 4181 1924 4236 verit
1965 4191 2022 4238 et
2066 4183 2316 4255 ligaverit
2348 4185 2403 4240 in
2433 4186 2616 4253 terris,
2661 4187 2898 4243 solutum
2945 4198 3002 4244 et
3047 4188 3272 4261 ligatum
3305 4194 3378 4250 sit

1782 4273 1966 4328 statim
2007 4273 2059 4329 in
2103 4273 2279 4342 cmlis,
2318 4275 2524 4332 nullum
2555 4277 2750 4334 melius
2771 4279 2956 4334 censui
2987 4280 3148 4338 michi
3181 4296 3378 4340 consu-

1781 4363 1998 4421 leudum
2017 4373 2098 4421 et-
2121 4381 2220 4436 pro
2264 4369 2501 4440 peccatis
2527 4369 2682 4435 meis,
2715 4379 2846 4442 aput
2875 4385 2998 4426 eum
3029 4387 3188 4443 quem
3225 4383 3380 4434 tanto

1782 4458 1975 4516 dilexit
2008 4449 2216 4529 amore,
2259 4461 2686 4519 misericorditer
2733 4463 3197 4522 intercedendum.
3231 4467 3392 4540 Ergo.

1785 4663 1885 4720 pro
1927 4649 2244 4706 nobilissimi
2287 4648 2518 4707 senioris
2553 4650 2658 4706 mei
2691 4659 2856 4722 atque
2893 4651 3116 4724 gloriosi
3155 4653 3378 4710 comitis

1785 4740 2072 4808 Tedbaldi,
2117 4751 2176 4798 ut
2216 4743 2462 4815 utrisque
2501 4742 2762 4800 Dominus
2803 4743 3085 4816 indulgere
3121 4746 3380 4816 dignetur

1783 4837 2024 4892 omnium
2074 4844 2417 4908 peccatorum
2462 4838 2863 4906 remissionem,
2903 4838 3376 4894 consentientibus

1781 4929 1928 4986 omni
1961 4931 2166 4986 honore
2201 4929 2548 5001 dignissimis,
2589 4929 2970 5000 archiprzesule
3009 4928 3218 4986 scilicet
3259 4929 3372 4985 llu-

1781 5038 1920 5095 gone
1963 5033 2019 5078 et
2059 5023 2513 5079 excellentissimo
2555 5023 2754 5077 comite
2793 5011 3004 5090 Odoue,
3045 5020 3170 5078 ﬁliis
3205 5023 3370 5089 meis,

1780 5118 1916 5174 cedo
1949 5117 2014 5174 ad
2052 5117 2229 5174 locum
2272 5115 2456 5172 Sancti
2496 5113 2640 5171 Petri
2687 5113 3038 5171 Carnotensis
3063 5115 3370 5174 acclesiam

1781 5209 1836 5266 in
1869 5211 2074 5266 honore
2115 5209 2479 5282 apostolorum
2520 5206 2782 5278 principis
2823 5205 3186 5280 clavigerique
3215 5210 3367 5283 regni

1780 5301 2070 5371 ctelorum,
2113 5301 2284 5368 Petri,
2329 5307 2736 5368 consecratam,
2777 5298 2834 5355 in
2880 5297 3001 5357 loco
3037 5301 3130 5374 qui
3169 5302 3371 5360 dicitur

1852 5434 2306 5522 (11.5)Πηςξιιζιθνιῐ
2329 5475 2342 5498 ,
2372 5431 2956 5522 comgitis‘jricas'sini,
3001 5433 3142 5522 tilia,
3174 5436 3369 5522 primis

1780 5503 2340 5577 nuptiisGuillelmum
2372 5504 2553 5577 Longa
2571 5503 2742 5577 Spata
2769 5505 2996 5577 dictum,
3019 5503 3368 5563 Norm'auuin:

1705 5597 1711 5602 ’
1779 5575 1995 5642 ducem,
2027 5576 2278 5632 secundis
2301 5591 2428 5631 vero
2453 5575 2782 5631 Tedbaldum
2810 5577 2857 5633 le
2895 5576 3166 5640 Tricheur.
3197 5578 3369 5632 comi-

1781 5657 1890 5704 tem
1932 5647 2348 5712 Carnotensem,
2392 5647 2634 5718 maritos
2657 5647 2862 5702 habuit.
2909 5649 3055 5704 Inter
3093 5647 3370 5718 principes

1819 5718 2122 5801 impietate
2165 5718 2554 5801 monasterium
2604 5715 2987 5801 Sanpetrinlt.m
3031 5715 3370 5785 ditaverunt,
3409 5767 3413 5772 .

1819 5736 1870 5774 ιιι
1922 5735 2122 5790 plelale
2165 5735 2554 5773 monaswrtum
2605 5735 2987 5801 aanpetrmum
3031 5735 3098 5774 un

1779 5735 2204 5861 paene-primum
2233 5788 2406 5846 locum
2435 5785 2642 5846 o‘btinet
2665 5789 2782 5847 hare
2803 5790 3098 5846 cominssa.
