3842 6308
418 368 519 432 251
541 368 547 373 “

418 489 715 564 vulgarlter
741 486 917 555 Gizei,
962 480 1088 544 cum
1128 483 1256 541 villa
1298 483 1489 543 eodem
1536 485 1802 540 vocabulo
1851 481 1997 539 dicta
2026 485 2077 547 Α

418 583 594 651 Gizel,
627 598 751 639 cum
779 580 985 637 mansis
1009 593 1122 648 m,
1151 593 1272 634 cum
1304 576 1463 634 terris
1490 575 1651 633 cultis
1679 586 1735 634 et
1762 575 2004 644 incultis,

418 673 698 746 hospiciis,
725 672 918 744 pratis,
950 664 1144 736 vineis,
1174 668 1331 739 aquis
1360 664 1734 740 aquarumque
1760 668 2005 726 decursi-

418 765 557 833 bus;
608 765 662 821 in
691 765 799 821 alio
837 777 1053 835 quoque
1079 762 1200 819 loco
1226 761 1495 833 quandam
1537 768 1883 832 potestatem,
1914 776 2008 819 vo-

420 856 615 914 cabulo
653 855 1043 922 Fontenedum,
1090 869 1214 911 cum
1251 852 1482 910 ecclesia
1521 853 1576 909 in
1619 855 1808 911 eadem
1855 865 2007 927 pote-

420 957 562 1006 state
590 949 787 1021 posita,
816 963 940 1005 cum
973 947 1268 1019 masingilis
1298 945 1448 1019 (III)
1479 955 1535 1004 et
1566 946 1767 1016 vineis,
1797 958 1853 1003 et
1880 963 2006 1005 cum

418 1043 566 1097 omni
607 1042 919 1114 integritate
959 1041 1028 1097 ad
1068 1040 1244 1111 ipsum
1287 1040 1625 1111 pertinente;
1674 1048 1731 1098 et
1774 1041 1903 1097 item
1950 1041 2006 1121 in

419 1137 525 1193 alio
572 1136 721 1205 loco,
771 1138 825 1193 in
867 1135 990 1193 villa
1040 1150 1192 1208 quae,
1237 1134 1417 1206 lingua
1465 1135 1705 1202 rustica,
1760 1136 2007 1191 nomina-

420 1236 509 1284 tur
540 1224 759 1295 Limais,
808 1236 1305 1299 quantumcumque
1350 1226 1419 1282 ad
1461 1242 1549 1283 me
1584 1227 1798 1284 videtur
1838 1228 2007 1300 perti-

420 1338 571 1379 nere.
617 1322 753 1378 Sunt
796 1331 978 1377 autem
1022 1320 1261 1393 praefata:
1303 1335 1391 1377 res
1438 1320 1491 1376 in
1536 1335 1672 1393 pago
1716 1319 2005 1377 Velcasino

418 1425 583 1481 super
621 1409 841 1466 ﬂuvium
890 1410 1179 1482 Sequanae.
1220 1410 1346 1467 Haec
1391 1410 1606 1478 omnia,
1649 1419 1710 1467 ut
1754 1412 2007 1484 praescri-

416 1512 565 1574 ptum
601 1510 703 1569 est,
738 1503 891 1559 trado
916 1514 970 1559 et
1001 1504 1254 1558 traditum
1292 1516 1414 1559 esse
1455 1503 1575 1560 volo
1617 1502 1672 1559 in
1714 1516 2005 1576 perpetuas

416 1593 768 1649 teternitates.
814 1592 870 1649 Si
917 1595 1039 1665 quis
1079 1610 1208 1650 vero
1243 1603 1431 1651 contra
1480 1596 1620 1653 hanc
1659 1596 2003 1653 donationem

419 1694 661 1740 nostram
737 1686 915 1757 (quod
988 1687 1162 1757 absit)
1224 1687 1408 1744 venire
1470 1697 1563 1743 aut
1624 1705 1744 1745 eam
1807 1689 2003 1746 infrin-

418 1786 550 1842 gere
582 1775 947 1844 temptaverit,
980 1784 1073 1830 aut
1118 1776 1351 1847 aliquam
1405 1775 1606 1834 inferre
1649 1779 1998 1844 calumniam,

1317 362 1523 423 PAULI
1556 361 1617 423 S.
1652 361 1860 425 PETRI
1898 354 2384 423 CARNOTENSIS
2424 356 2755 415 MONACIII.

3608 360 3725 418 9τά

2634 477 3031 537 CAPITULUM
3062 476 3159 536 IX.
3604 491 3609 494 '

2110 569 2185 626 De
2205 570 2433 626 alodoiu
2459 568 2695 627 Probata
2748 571 2890 627 Villa
2923 589 2955 626 a
2985 572 3486 629 sanctimonialibus
3515 586 3724 647 empto.

2336 650 2341 656 '
2684 662 2775 734 (to
2803 664 2943 736 Aug.
2970 663 3120 733 979.)

2184 772 2204 808 ‹
2239 753 2351 824 Ego
2374 754 2429 809 in
2469 754 2562 811 Dei
2600 754 2820 811 nomine
2847 755 3170 827 Ledgardis,
3226 758 3602 815 devotissima
3639 770 3726 813 at-

2105 859 2212 917 que
2239 844 2551 901 ﬁdelissima
2573 844 2902 901 famularum
2931 848 3048 903 Dei.
3097 846 3296 903 Notum
3346 848 3424 905 sit
3450 849 3729 905 omnibus

2105 937 2425 993 orthodoxae
2445 946 2499 994 et
2532 936 2818 994 catholica:
2844 936 3107 994 :ecclesiae
3138 938 3415 1005 ﬁdelibus,
3450 942 3611 1010 quod
3624 956 3728 1011 ego

2106 1030 2224 1101 ipsa
2245 1039 2295 1087 et
2327 1030 2574 1101 quaedam
2608 1030 2713 1085 alia
2744 1030 2855 1086 Deo
2894 1041 3132 1099 sacrata,
3166 1032 3391 1087 nomine
3420 1032 3725 1096 Godeleia,

2108 1122 2276 1178 michi
2310 1129 2420 1177 tam
2451 1137 2683 1192 corpore
2732 1138 2898 1192 quam
2948 1122 3131 1177 anima
3179 1121 3502 1192 conjuncta,
3547 1138 3732 1195 quen-

2106 1213 2232 1268 dam
2281 1209 2538 1279 alodum,
2568 1212 2929 1268 conventione
2970 1213 3179 1280 habita,
3233 1215 3477 1273 emimus
3512 1231 3550 1270 a
3593 1230 3732 1285 quo.

2106 1307 2229 1362 dam
2261 1306 2399 1371 viro,
2434 1308 2651 1363 nomine
2682 1306 2972 1374 Othberto,
3011 1316 3183 1363 totum
3206 1318 3266 1364 et
3289 1309 3359 1364 ad
3405 1309 3726 1382 integrum,

2105 1398 2365 1469 quidquid
2389 1399 2510 1469 jure
2535 1400 2863 1456 hereditario
2896 1408 3005 1455 tam
3030 1400 3099 1456 ab
3129 1401 3247 1458 avis
3291 1417 3462 1472 quam
3515 1403 3728 1457 altaris

2106 1488 2180 1544 illi
2205 1490 2518 1547 derelictum
2550 1500 2711 1562 atque
2741 1491 3021 1548 dimissum
3046 1503 3148 1558 est,
3175 1493 3230 1548 in
3266 1494 3389 1549 villa
3413 1509 3551 1564 qua:
3573 1509 3729 1550 eom-

2105 1581 2255 1637 muni
2279 1582 2539 1639 vocabulo
2574 1582 2810 1640 Probata
2864 1583 2997 1640 Villa
3037 1585 3255 1653 dicitur,
3316 1595 3513 1641 taxato
3564 1596 3729 1655 prout

2105 1681 2432 1742 oportunum
2460 1675 2782 1745 fuitprecio,
2819 1677 2875 1731 in
2927 1677 3191 1732 comitatu
3239 1677 3455 1734 scilicet
3501 1676 3727 1733 Carno-

2107 1764 2375 1832 tensi;vea
2414 1767 2622 1823 ratione
2648 1778 2703 1823 ut
2728 1769 2796 1824 ab
2816 1767 3058 1837 ejusdem
3096 1783 3327 1839 persona
3374 1780 3436 1825 et
3481 1771 3628 1841 jure
3675 1769 3725 1823 in

421 1849 515 1917 Dei
559 1865 945 1935 omnipotentis
991 1866 1417 1938 indignationem
1473 1867 1998 1940 inrecuperabiliter,

2135 1865 2373 1925 instram,
2400 1859 2469 1915 ab
2499 1859 2761 1916 hodierna
2785 1861 2870 1917 die
2902 1870 2958 1917 et
2985 1861 3040 1917 in
3074 1862 3339 1932 reliquum
3362 1862 3470 1917 aevi
3520 1863 3725 1918 termi-

422 1952 526 2007 nisi
556 1952 665 2008 cito
696 1956 1001 2025 resipuerit,
1031 1957 1351 2014 incurratet
1376 1959 1709 2016 teternaliter
1758 1960 2001 2017 inferna-

422 2044 563 2101 libus
588 2045 904 2104 detrudatur
948 2051 1299 2118 cruciatibus,
1350 2053 1443 2108 ubi
1480 2054 1681 2110 vermis
1721 2055 1813 2125 qui
1862 2070 2003 2112 nun-

344 2194 349 2203 ,
420 2150 584 2206 quam
626 2140 854 2194 moritur
888 2140 1003 2210 ejus
1048 2144 1313 2200 conrodat
1349 2158 1565 2212 carnes,
1620 2155 1675 2201 et
1720 2146 1863 2219 ignis
1909 2146 2001 2219 qui

422 2242 698 2297 nunquam
727 2232 1061 2302 extinguitur
1098 2233 1213 2303 ejus
1242 2248 1461 2307 semper
1484 2249 1740 2307 pascatur
1789 2241 2003 2296 crucia-

422 2318 587 2374 tibus.
621 2320 688 2376 Ut
710 2330 888 2376 autem
916 2324 1031 2378 luec
1082 2325 1303 2383 donatio
1352 2326 1717 2385 inviolabilem
1760 2330 2007 2388 obtineat

367 2455 377 2465 .
420 2407 754 2473 firmitatem,
783 2413 1031 2470 manibus
1082 2418 1318 2487 prOpriis
1368 2433 1487 2473 eam
1535 2420 1895 2488 ﬁrmavimus,
1948 2432 2006 2479 et

420 2499 990 2560 ﬁdeliumnoslrorum
1047 2509 1294 2565 manibus
1344 2512 1708 2567 roborandam
1758 2514 2005 2570 decrevi-

421 2606 565 2647 mus.
594 2594 655 2650 In
684 2597 830 2653 calce
858 2611 1074 2670 quoque
1106 2599 1264 2670 hujus
1293 2602 1576 2673 scriptura;
1606 2603 1864 2660 intimare
1911 2619 2007 2660 vo-

421 2682 496 2739 lui
517 2686 660 2755 quia,
694 2689 833 2744 sicut
859 2705 958 2760 pro
986 2691 1162 2747 anima
1195 2706 1314 2748 mea
1344 2694 1527 2749 omnia
1551 2693 1758 2765 prefata
1782 2694 2003 2754 Christo

421 2786 479 2830 et
508 2778 666 2833 beato
689 2778 852 2836 Petro
879 2781 1124 2852 apostolo
1150 2783 1434 2839 monachis
1482 2782 1889 2852 famulantibus,
1949 2787 2005 2842 in

421 2863 612 2921 eorum
642 2868 848 2935 usibus,
876 2872 1141 2937 concessi,
1193 2871 1265 2926 ita
1296 2887 1396 2943 pro
1439 2873 1619 2929 anima
1672 2875 1845 2945 patris
1898 2876 2007 2932 mei

422 2956 717 3025 Ileirberti,
746 2959 1051 3018 Trecassini
1079 2964 1297 3019 comitis
1323 2965 1415 3036 qui
1447 2965 1611 3022 michi
1642 2967 1898 3038 praefatas
1920 2983 2006 3025 res

423 3049 481 3106 in
506 3049 862 3108 hereditatem
897 3053 1046 3110 dedit
1074 3062 1240 3127 atque
1267 3057 1561 3114 concessit.

501 3182 523 3218 α
561 3164 679 3221 Odo
705 3181 907 3222 comes.
944 3167 1119 3240 IIugo,
1169 3177 1370 3225 sanctae
1412 3168 1773 3243 Biturigeusis
1816 3171 2009 3236 :eccle-

2106 1964 2260 2019 num,
2292 1959 2532 2007 transeat
2561 1954 2985 2009 dominationem
3016 1966 3181 2025 atque
3228 1963 3604 2025 potestatem.
3636 1954 3729 2009 ibt

2106 2049 2286 2098 autem
2310 2043 2425 2100 hare
2445 2044 2646 2114 emptio
2673 2045 2765 2101 tali
2789 2056 2977 2102 tenore
2998 2056 3054 2103 et
3075 2047 3359 2103 devotione
3381 2046 3613 2111 habita,
3649 2059 3726 2110 ut,

2106 2134 2345 2205 quandiu
2370 2139 2695 2207 superstites
2721 2138 3009 2205 fuerimus,
3042 2140 3095 2195 in
3147 2151 3349 2196 nostra:
3402 2141 3730 2196 volantatis

2106 2228 2462 2300 dispositione
2512 2240 2759 2298 maneat;
2804 2239 2927 2301 post
2982 2230 3368 2301 depositionem
3422 2230 3571 2288 vero
3633 2245 3731 2287 no-

2106 2329 2300 2390 stram,
2331 2323 2387 2378 in
2420 2332 2688 2395 potestate
2713 2333 2770 2381 et
2794 2323 3033 2381 dominio
3073 2324 3275 2396 Sancti
3292 2323 3465 2392 Petri,
3502 2324 3571 2380 in
3602 2325 3731 2380 sui»

2106 2411 2263 2470 urbio
2302 2412 2552 2471 Carnotis
2588 2416 2890 2482 constituti,
2917 2425 2972 2473 et
3003 2417 3234 2473 fratrum
3274 2415 3406 2473 inibi
3460 2418 3593 2473 Deo
3651 2416 3729 2472 fa-

2105 2506 2451 2577 mulantium,
2505 2525 2628 2566 cum
2677 2512 2827 2568 omni
2878 2512 3191 2585 integritate
3236 2521 3291 2569 et
3339 2510 3566 2584 absque
3620 2512 3727 2569 ulla
3816 2560 3821 2567 .

2105 2602 2353 2673 opposita
2378 2618 2612 2675 persona
2663 2605 2767 2662 hoc
2810 2605 3186 2674 ealunmianti,
3240 2615 3489 2662 transeat
3553 2615 3727 2678 atquc

2105 2694 2389 2752 dirivetur.
2427 2695 2576 2753 Hanc
2596 2708 2777 2754 autem
2803 2706 3035 2767 cartam,
3065 2706 3125 2754 ut
3156 2698 3363 2754 ﬁrmior
3415 2699 3727 2772 ναῖοι-«ιω

2104 2790 2381 2856 credatur,
2408 2802 2569 2845 manu
2596 2792 2812 2862 propria
2838 2792 3210 2862 manibusque
3227 2791 3469 2847 ﬁdelium
3503 2803 3727 2849 saltem:

2106 2877 2201 2935 Dei
2231 2880 2491 2936 tecclesia:
2513 2881 2760 2938 roborari
2790 2881 3038 2937 fecimus.
3064 2883 3261 2937 Actum
3291 2882 3594 2950 Carnotis,
3623 2899 3726 2955 pu-

2105 2967 2265 3025 blice.
2296 2969 2414 3028 Odo
2438 2985 2644 3028 comes.
2671 2970 2948 3029 Conamus
2969 2986 3154 3028 comes
3189 2972 3537 3028 Brittanniaa.
3578 2973 3729 3030 Lan-

2107 3059 2311 3117 dricus.
2340 3059 2637 3120 A-rduinus.
2663 3062 2985 3121 Radbertus.
3002 3064 3429 3121 Erchembaldus
3447 3065 3723 3123 ciet-iens.

2109 3150 2407 3208 Teduinus.
2436 3153 2572 3210 Data
2597 3170 2667 3211 xv
2686 3154 2959 3213 Kalendas
3011 3154 3367 3228 Septembris,
3420 3170 3582 3214 anno
3619 3171 3728 3213 xxv

423 3256 520 3312 sia:
549 3256 1009 3328 archiepiscopus.
1031 3228 1190 3327 “Odo,
1220 3259 1569 3317 Carnotensis
1588 3228 1824 3331 "pracsul.
1866 3261 2004 3319 Led-

2135 3244 2265 3315 ’egni
2286 3244 2550 3303 Clotharii
2581 3246 2743 3318 regis.
2780 3266 2800 3302 υ

380 3396 403 3417 ,
423 3348 609 3420 gnrdis
630 3350 926 3419 comitissa,
961 3366 1081 3423 qua:
1106 3351 1220 3409 haec
1241 3351 1435 3425 largita
1455 3361 1561 3409 est.
1589 3355 1779 3410 Enuna
1830 3356 2005 3412 conti-

426 3440 555 3494 tissa
581 3440 813 3497 Pictava:
837 3443 1003 3499 urbis.
1021 3443 1338 3500 Landricus.
1353 3443 1665 3515 IIilgaudus.
1689 3445 2007 3519 Suggerius.

424 3529 713 3589 Rotrocus.
746 3532 1039 3591 Arduinus.
1069 3533 1351 3592 Ucbertus.
1407 3536 1743 3593 Fulcherius.
1797 3536 2003 3595 Teudo.

426 3619 754 3707 Widgerias.
779 3623 1153 3682 Ercmbertus.
1186 3626 1338 3698 Hugo
1368 3629 1434 3684 de
1456 3628 1635 3684 Aloia.
1681 3628 2002 3687 Gelduinus.

422 3712 794 3785 Avesgaudus.
826 3717 998 3774 Isaac.

502 3842 523 3877 ι
562 3826 697 3883 Iluic
733 3837 991 3886 materna:
1013 3830 1290 3889 donationi
1323 3832 1525 3889 iccirco
1552 3845 1654 3905 ego
1693 3833 1869 3907 llugo,
1892 3836 2007 3907 pri-

425 3930 641 3973 morum
658 3919 875 3989 primus
903 3922 1276 3994 archiprzesul,
1303 3934 1375 3983 et
1406 3924 1522 3983 Odo
1572 3941 1758 3983 comes
1799 3926 2007 3983 ditissi-

426 4022 570 4074 mus,
623 4024 903 4067 assensum
970 4014 1320 4083 prebuimus,
1364 4023 1426 4073 ut
1472 4016 1713 4086 cotidie,
1765 4017 2008 4090 exceptis

423 4097 638 4157 feriatis
658 4101 867 4171 diebus,
897 4106 1138 4175 psalmus
1160 4107 1314 4164 nobis
1342 4124 1372 4163 a
1402 4106 1666 4167 fratribus
1713 4111 2003 4181 praenomi-

427 4191 541 4246 nati
572 4191 698 4259 loci,
724 4192 954 4261 Inclina,
986 4195 1225 4267 Domine,
1253 4214 1435 4254 aurem
1458 4208 1628 4267 tuam,
1682 4202 2008 4265 decantetur

423 4294 486 4339 et
505 4287 764 4342 memoria
800 4290 968 4344 nostri
997 4291 1213 4347 assidue
1234 4292 1329 4347 ﬁat
1352 4292 1406 4348 in
1430 4291 1628 4349 ofﬁciis
1668 4295 2006 4350 matutinali-

425 4377 548 4446 bus,
582 4380 816 4449 quandiu
840 4382 1160 4452 superstites
1189 4384 1523 4452 vixerimus;
1549 4394 1675 4458 post
1696 4394 2002 4444 excessum

423 4484 559 4527 vero
590 4460 832 4528 uestrum
861 4464 1228 4532 anniversaria
1274 4476 1392 4533 dies
1442 4488 1752 4534 nostrorum
1798 4478 2006 4535 ofﬁcio-

420 4561 638 4619 sissime
661 4579 783 4620 cum
818 4565 1130 4637 antiphonis
1156 4577 1212 4622 et
1238 4569 1620 4640 rcsponsoriis,
1670 4570 2005 4641 interpositis
2037 4586 2085 4648 υ

421 4648 749 4711 lectionibus
768 4657 1257 4715 consuetudinariis
1301 4668 1355 4716 et
1403 4659 1693 4737 missarum
1749 4661 2004 4733 psollem-

420 4747 589 4816 pniis,
612 4746 937 4804 celebretur.
969 4748 1124 4806 Adsit
1145 4751 1310 4807 etiam
1338 4751 1411 4808 ita
1443 4768 1543 4825 pro
1566 4754 1727 4810 nobis
1753 4753 2005 4810 laboran-

420 4842 568 4897 tibus
598 4831 861 4899 frattihus
889 4842 1141 4916 cepiosus
1170 4845 1223 4901 in
1257 4846 1380 4902 cibo
1411 4855 1466 4902 et
1489 4856 1621 4919 potu
1670 4848 1863 4904 eadem
1917 4848 2005 4904 die

422 4920 840 5005 apparatus‘aEt
878 4936 981 4992 hoc
1013 4937 1329 4995 memoriale
1384 4947 1631 4995 nostrum
1683 4939 1827 4995 nulla
1873 4940 2005 4996 obli-

422 5025 582 5080 vione
606 5026 870 5093 deleatur,
915 5027 1041 5084 dum
1092 5029 1200 5087 duo
1249 5031 1448 5087 fratres
1500 5031 1900 5102 supervixerint
1950 5032 2004 5087 in

419 5118 769 5185 generatione
794 5121 1229 5188 generationum,
1259 5131 1386 5179 ante
1434 5122 1602 5179 Deum
1648 5131 1704 5179 et
1754 5133 2002 5179 sanctum

424 5203 671 5273 Petrum,
694 5207 936 5277 ejusdem
965 5209 1069 5266 loci
1095 5211 1377 5268 custodem
1404 5220 1459 5268 et
1487 5220 1850 5284 protectorem
1881 5228 2006 5268 cun-
2034 5210 2039 5213 ’

425 5294 656 5351 tinuum.
688 5298 821 5354 Data
849 5303 1005 5359 nonis
1036 5303 1297 5360 februarii
1318 5305 1423 5371 die,
1455 5314 1717 5376 regnante
1745 5303 2005 5361 Lothario
2034 5314 2039 5319 ‘

421 5401 571 5457 rege,
599 5402 741 5445 anno
769 5406 948 5455 xxun,
976 5394 1311 5465 propiciante
1335 5394 1588 5453 Domino.
1622 5414 1642 5448 ι

2656 3340 2739 3396 (Ἀ
2749 3339 2904 3397 ΡΙΤο
2912 3340 3053 3399 LUllI
3085 3339 3153 3396 Χ.

2149 3426 2222 3483 De
2253 3444 2305 3484 vt
2348 3430 2613 3501 aripeuuis
2654 3432 2816 3486 vinea:
2857 3432 2994 3486 beati
3036 3431 3343 3505 Sigemundi
3373 3436 3691 3507 presbiteri.

2720 3524 2874 3591 (Feb.
2902 3524 3052 3593 98L)

2185 3628 2204 3662 ι
2238 3610 2299 3666 In
2319 3612 2466 3684 (IIS)
2498 3616 2714 3670 nomine
2743 3614 3198 3687 Cunctipotentis.
3230 3618 3591 3687 Fulcherius,
3627 3622 3723 3694 qui

2112 3701 2381 3758 abbatiam
2407 3703 2590 3760 Sancti
2622 3705 2867 3771 Leobini,
2896 3724 3016 3778 quae
3048 3718 3132 3764 est
3165 3709 3216 3764 iu
3254 3711 3524 3767 suburhio
3581 3711 3722 3769 Car-

2110 3793 2275 3861 notis,
2302 3809 2401 3864 per
2425 3796 2761 3868 largitionem
2810 3801 3043 3855 senioris
3084 3802 3190 3857 mei
3233 3799 3440 3858 Odonis
3490 3806 3721 3862 cornitis

2111 3891 2294 3940 tenere
2321 3886 2526 3958 videor,
2552 3897 2738 3945 notum
2761 3904 2884 3947 esse
2910 3891 3032 3947 volo
3059 3894 3270 3950 cunctis
3293 3897 3722 3954 successoribus

2111 3977 2513 4050 meisqualiter
2535 3976 2827 4055 aripennos
2851 3999 2905 4040 v1
2942 3994 2999 4041 et
3041 3985 3271 4055 amplius
3299 3986 3368 4044 de
3409 3989 3609 4057 vinea,
3652 4007 3719 4046 ex

2108 4076 2381 4141 potestate
2409 4076 2703 4146 supradicti
2731 4076 2918 4135 Sancti
2944 4078 3192 4150 Leobini,
3216 4079 3559 4154 Sigemundo
3589 4100 3722 4157 ιιι-οι

2108 4159 2336 4242 sbitero,
2364 4180 2487 4221 cum
2517 4166 2727 4225 duobus
2749 4172 2999 4229 monachi
3034 4174 3217 4232 Sancti
3236 4174 3404 4242 Petri,
3454 4175 3635 4236 Petro
3664 4187 3721 4237 et

2108 4241 2383 4325 Durando,
2407 4274 2505 4330 per
2525 4261 2887 4320 manuﬁrman
2932 4268 3261 4324 censualiter
3307 4272 3714 4329 concessimus.

2108 4344 2456 4405 Terminatur
2474 4365 2542 4407 ex
2566 4352 2775 4410 duabus
2802 4356 3050 4426 partibus
3079 4358 3146 4414 de
3188 4358 3307 4429 ipsa
3331 4368 3636 4429 potestate,
3662 4373 3718 4418 et

2110 4435 2178 4493 de
2205 4437 2328 4495 aliis
2355 4443 2601 4511 partibus
2628 4445 2730 4500 viis
2757 4446 3010 4516 publicis.
3060 4448 3165 4506 Per
3192 4450 3333 4507 hanc
3366 4465 3500 4507 vero
3525 4457 3718 4527 cogni-

2115 4527 2315 4585 tionem
2344 4531 2420 4588 ita
2451 4533 2530 4589 eis
2543 4535 2611 4589 ad
2632 4549 2856 4592 censum
2878 4540 3245 4605 concedimus,
3301 4550 3361 4598 ut
3388 4542 3536 4600 hanc
3596 4554 3714 4600 ter-

2114 4637 2231 4678 ram
2263 4623 2492 4681 ﬁrmiter
2523 4636 2742 4685 teneant
2767 4638 2823 4686 et
2843 4632 3175 4703 possideant,
3198 4640 3255 4689 et
3285 4634 3446 4689 annis
3475 4635 3715 4708 singulis

2114 4713 2169 4769 in
2195 4714 2485 4774 festivitate
2512 4723 2687 4778 sancti
2713 4722 2959 4790 Leobini,
2981 4739 3104 4796 quae
3128 4735 3212 4781 est
3238 4727 3475 4799 septimo
3486 4730 3713 4787 decimo

2110 4805 2368 4867 kalendas
2390 4812 2655 4882 oclobris,
2691 4815 2745 4871 in
2774 4832 2997 4873 censum
3041 4819 3243 4875 solidos
3282 4835 3341 4877 ut
3382 4821 3644 4898 denarios
3672 4840 3711 4877 ν

2106 4903 2451 4972 persolvant;
2476 4916 2526 4961 et
2562 4908 2609 4964 si
2635 4907 2703 4964 de
2725 4908 2828 4967 hoc
2859 4911 3189 4984 negligentes
3238 4913 3465 4982 fuerint,
3517 4916 3709 4989 legali-

2110 5003 2191 5049 ter
2214 4997 2522 5064 emendem,
2545 5007 2599 5055 et
2631 5001 2842 5056 vineam
2867 5017 2973 5057 non
3014 5004 3275 5073 perdant;
3330 5013 3416 5061 set
3463 5005 3707 5062 habeant

2107 5082 2679 5146 licentiamvcndendi
2719 5090 2811 5147 vel
2833 5090 2995 5147 dandi
3037 5094 3360 5166 cuicumque
3403 5095 3698 5159 voluerint,

2107 5174 2182 5229 ita
2212 5185 2270 5230 ut
2297 5176 2636 5235 venditiones
2664 5188 2722 5236 et
2742 5196 2941 5238 census
2959 5183 3027 5238 ad
3053 5184 3325 5240 seniorem
3355 5186 3604 5242 veniant.
3632 5186 3701 5244 ιε

2108 5278 2290 5324 autem
2320 5269 2434 5327 haec
2457 5282 2606 5328 carta
2637 5273 2846 5331 ﬁrmior
2864 5275 2955 5342 sit,
2999 5291 3160 5331 manu
3192 5278 3411 5348 propria
3450 5293 3575 5335 eam
3607 5282 3705 5333 ﬁr-

2108 5362 2273 5429 mavi,
2300 5373 2356 5420 et
2376 5365 2578 5422 seniori
2603 5382 2723 5423 meo
2750 5366 2975 5439 ejusque
3027 5369 3275 5425 ﬁdelibus
3327 5372 3691 5428 roborandam

2108 5453 2297 5508 obtuli.
2326 5454 2517 5511 Actum
2543 5455 2817 5526 Carnotis,
2858 5459 3089 5528 publice.
3140 5460 3256 5519 Odo
3308 5476 3513 5519 comes.
3570 5461 3696 5517 Ful-

2108 5542 2326 5602 clierius
2354 5547 2538 5604 abbas.
2568 5549 2850 5607 Vivianus.
2884 5550 3211 5609 Rodbertus.
3235 5553 3445 5611 Teudo.
3493 5555 3691 5612 Errar-

673 5712 1059 5804 Iglqssirtgetl‘uqt.
1098 5715 1240 5804 idem
1266 5718 1596 5804 videtur-“ac.
1621 5719 1991 5804 Maligna-Iliun,
2028 5722 2096 5781 de
2123 5740 2229 5798 quo
2258 5728 2380 5785 vide
2408 5728 2485 5787 Du
2517 5728 2718 5804 Gange,
2750 5728 2991 5789 Glossar.
3025 5734 3077 5791 in
3108 5749 3262 5792 voce.

489 5782 640 5857 (115)
670 5785 831 5841 Extat
853 5782 906 5842 in
937 5784 1079 5856 Call.
1110 5784 1329 5859 Christ.,
1354 5798 1395 5848 t.
1426 5790 1561 5861 VIII,
1584 5782 1996 5859 inst.,'col.293.
