3842 6308
566 387 676 445 235

1513 373 1716 432 PAULI
1755 371 1813 429 S.
1856 370 2063 428 PETRI
2103 368 2580 428 CARNOTENSIS
2622 370 2925 430 MONACHI
3670 384 3741 440 ω

553 493 889 567 negligentes
915 488 1216 555 extiterint,
1241 484 1532 544 emendent
1550 483 1818 556 legaiiter,
1846 491 1902 538 et
1928 482 2142 536 vineam
2174 483 2221 542 Α
2250 479 2525 538 diaconus.
2560 480 2915 539 Arembertns
2937 481 3316 540 subdiaconus.
3372 485 3627 558 Suggerius
3657 492 3741 547 cla.

552 602 664 643 non
693 584 973 655 perdant,
1007 589 1092 638 set
1134 579 1373 636 habeant
1418 576 1694 633 licentiam
1748 571 2018 630 vendendi
2060 570 2148 627 vel

553 654 721 732 dandi
768 654 1074 742 cuicunque
1122 669 1411 726 voluerint.
1480 665 1549 723 Ut
1592 658 1777 735 autem
1832 663 1950 718 haec
1996 669 2147 718 carta

554 764 871 831 ﬁrmiorsit,
911 778 1073 819 manu
1112 760 1328 832 propria
1375 773 1497 815 eam
1557 756 1790 823 ﬁrmavi,
1845 763 1901 810 et
1944 754 2145 812 seniori

555 871 680 913 meo
704 840 883 912 OdOni
912 853 1092 917 comiti
1116 852 1340 923 ejusque
1362 846 1613 905 ﬁdelibus
1637 846 2005 904 roborandam
2043 846 2145 903 ob-

554 947 676 1004 tuli.
711 948 907 1003 Actum
931 945 1182 1003 Carnotis
1211 943 1444 1015 publice.
1784 938 1789 943 “

558 1088 561 1091 ,
631 1059 653 1094 ι
692 1038 808 1097 Odo
865 1053 1067 1096 comes.
1113 1036 1436 1093 Fulclierius
1477 1034 1667 1091 abbas.
1720 1032 1980 1089 Vivianus
2033 1030 2147 1103 (qui

553 1142 745 1205 postea
774 1133 949 1188 factus
983 1130 1282 1187 monachus
1314 1130 1465 1186 dedit
1500 1128 1849 1184 Pomeretam
1890 1142 2015 1183 cum
2047 1140 2145 1197 ap-

558 1226 817 1298 penditiis
842 1224 971 1289 suis,
999 1224 1160 1280 terris
1176 1222 1337 1279 cultis
1362 1230 1419 1278 et
1448 1221 1688 1287 incultis,
1714 1235 1838 1277 cum
1895 1218 2142 1289 brogilis,

551 1319 761 1393 arbutis
791 1326 844 1373 et
863 1316 1145 1381 frutectis;
1185 1316 1338 1372 dedit
1362 1314 1530 1371 etiam
1561 1314 1616 1368 in
1644 1312 1806 1368 Lovis
1832 1311 1969 1367 Villa
1992 1311 2147 1382 quic-

548 1411 679 1481 quid
702 1410 772 1465 ibi
814 1410 1017 1466 habere
1063 1409 1380 1474 videbatur;
1414 1415 1478 1481 et
1512 1405 1769 1477 quicquid
1815 1405 1965 1460 dedit
1997 1403 2144 1459 omni

548 1500 694 1555 mala
749 1500 1145 1567 consuetudine
1188 1513 1378 1554 carere
1422 1498 1729 1553 videbatur.
1790 1493 2143 1563 IIarduinus.)

549 1592 850 1649 Teduinus.
892 1592 1201 1649 Alcharius.
1250 1591 1548 1648 Ebrardus.
1598 1589 1945 1647 Guauslinus.
1994 1586 2143 1643 Rod-

544 1685 759 1741 bertus.
789 1704 808 1739 ι

619 1773 1207 1845 Censumsupradictaa
1226 1774 1423 1839 vineae,
1455 1773 1673 1828 vivente
1724 1770 1996 1825 Landrico
2042 1769 2143 1824 ab-

548 1850 700 1929 bate,
726 1864 927 1919 Sancto
959 1864 1123 1920 Petro
1149 1865 1360 1921 remisit
1386 1863 1728 1931 Fulcherius,
1754 1861 2030 1917 Nivelonis
2079 1863 2145 1917 Ii-

546 1955 682 2020 lius,
715 1970 812 2025 pro
843 1956 1215 2019 incolumitate
1259 1956 1480 2027 propria
1511 1966 1674 2025 atque
1726 1954 2011 2008 animabus
2045 1968 2146 2024 pa-

554 2057 774 2102 rentum
807 2063 1050 2115 suorum,
1103 2064 1227 2104 cum
1284 2047 1530 2103 tecclesia
1582 2046 1767 2102 Sancti
1816 2045 2038 2101 Leobini
2083 2061 2147 2101 ac

542 2137 788 2206 .quadam
836 2147 978 2193 terra
1018 2138 1172 2208 juxta
1218 2138 1546 2193 cimiterium
1598 2138 1766 2207 ipsius
1811 2136 2145 2203 azcclesiamt

547 2242 765 2299 quoque
817 2228 1021 2286 solidos
1074 2245 1420 2288 nummorum
1477 2231 1534 2285 in
1587 2229 1951 2302 psolennitate
1999 2230 2145 2287 beati

536 2320 794 2378 Leebini.

1073 2414 1474 2473 CAPITULUM
1514 2415 1629 2471 XII.

546 2546 627 2603 De
654 2550 1053 2604 commutatione
1078 2548 1222 2619 facta
1247 2549 1385 2604 inter
1412 2550 1690 2604 canonicos
1720 2547 1933 2619 Sam-tce
1954 2548 2144 2604 Maria:

622 2620 955 2674 Carnotensis
982 2618 1233 2675 «ecclesia:
1258 2630 1305 2673 et
1326 2622 1611 2674 monachos
1637 2619 1825 2674 Sancti
1866 2618 2033 2683 Petri,
2086 2626 2143 2673 in

618 2690 1149 2771 suburbiocjusdem
1191 2692 1415 2746 civitatis
1464 2691 1532 2745 ad
1591 2691 1876 2745 australem
1930 2690 2141 2761 plagam

564 2808 567 2811 .
618 2772 924 2816 εοηιιηιειι.

1145 2853 1308 2925 (Ante
1336 2868 1365 2906 a
1397 2851 1547 2923 986.)

534 3022 538 3027 ,
622 2965 680 3020 in
711 2965 803 3021 Dei
825 2964 1008 3019 Patris
1039 2973 1093 3019 et
1117 2964 1245 3019 Filii
1295 2974 1350 3020 et
1397 2965 1637 3035 Spiritus
1672 2962 1858 3022 Sancti
1900 2968 2140 3035 nomine,

532 3058 641 3128 qui
667 3065 750 3112 est
774 3072 913 3111 unus
935 3057 1306 3126 potentialiter
1330 3065 1386 3112 et
1419 3057 1592 3113 trinns
1619 3058 2001 3128 personaliter.
2041 3060 2143 3116 Fa-

538 3159 635 3205 cta
669 3159 753 3205 est
779 3149 1131 3204 commutatio
1156 3149 1299 3205 inter
1342 3150 1636 3205 canonicos
1693 3149 1909 3206 Sancta).
1956 3152 2140 3209 Maria:
2168 3180 2212 3242 ρ

543 3241 895 3297 Carnotensis
925 3238 1184 3295 aeeclcsite
1222 3248 1278 3294 et
1301 3240 1597 3294 monachos
1652 3238 1837 3295 Sancti
1870 3240 2039 3306 Petri,
2086 3242 2140 3295 in

542 3330 803 3387 suburbio
829 3329 1071 3405 ejusdem
1094 3328 1330 3386 civitatis
1353 3330 1418 3384 ad
1441 3330 1733 3386 australem
1756 3330 1988 3401 plagam,
2011 3332 2138 3387 olim

522 3421 719 3486 ,multa
748 3420 1017 3491 elegantia
1042 3435 1108 3476 ac
1134 3421 1416 3476 nobilitate
1444 3435 1543 3476 nec
1581 3421 1761 3476 minus
1793 3422 1951 3495 modo
1970 3438 2141 3493 quan-

518 3523 657 3571 ,tum
682 3512 749 3567 ad
784 3527 1008 3583 presens
1031 3528 1205 3567 ternm
1237 3513 1449 3576 attinet,
1501 3513 1824 3569 constructi.
1866 3514 2141 3571 Dcdcrunt

539 3619 673 3659 sane
703 3605 896 3683 pi‘elati
927 3603 1176 3659 canonici
1205 3611 1408 3659 sancta:
1435 3604 1661 3674 virginis
1690 3604 1873 3658 Mariae
1905 3606 1972 3660 ad
2001 3620 2138 3661 eun-

541 3700 664 3751 dem
693 3695 868 3750 locum
892 3695 1056 3751 Moris
1093 3696 1283 3752 Villam
1329 3703 1385 3751 et
1429 3696 1692 3766 quicquid
1743 3697 1795 3752 in
1847 3694 2140 3754 Subritana

540 3796 597 3842 et
624 3787 676 3840 in
711 3784 811 3841 Uni
835 3785 970 3843 Vilia
1006 3788 1259 3843 videntur
1312 3787 1534 3852 habere,
1580 3802 1736 3858 aequo
1778 3797 1834 3844 et
1888 3799 2140 3860 prompto

541 3878 745 3939 animo.
778 3886 938 3948 prout
976 3878 1129 3934 decet
1153 3887 1372 3934 sanctos
1397 3877 1701 3933 consultum
1731 3879 1812 3934 ire
1856 3881 2137 3936 venerabi-

512 3966 685 4025 libus
713 3977 767 4022 et
796 3967 906 4022 Deo
928 3956 1107 4039 dignis
1163 3968 1428 4022 moribus.
1476 3968 1714 4023 Econtra
1754 3984 1903 4035 vero,
1953 3980 2136 4026 mutua

514 4060 935 4131 (vicissitudine,
966 4069 1288 4129 receperunt
1322 4075 1351 4113 a
1383 4059 1540 4115 nobis
1588 4062 1892 4126 monachis,
1950 4065 2138 4120 videli-

540 4165 632 4211 cet
657 4154 840 4209 Sancti
872 4152 1039 4218 Petri,
1066 4153 1117 4207 in
1147 4169 1245 4209 sua
1278 4152 1506 4217 ditionc,
1554 4159 1726 4207 totum
1765 4155 1911 4225 quod
1933 4154 1987 4210 in
2041 4158 2138 4213 Gi-

537 4258 687 4301 none
716 4241 852 4297 Villa
875 4251 929 4297 et
958 4241 1328 4311 Petripertusa
1355 4258 1385 4296 a
1415 4241 1611 4312 priscis
1635 4243 1965 4314 temporibus
1986 4246 2134 4303 vide-

538 4336 736 4389 bamur
764 4332 1061 4404 possidere.
1123 4331 1326 4387 Harum
1371 4341 1552 4387 autem
1604 4332 1741 4389 situs
1783 4334 2029 4391 villarum
2084 4338 2136 4392 in

538 4442 681 4498 pago
701 4425 1022 4482 Carnotensi
1048 4439 1169 4481 esse
1192 4424 1514 4480 dinoscitur.
1552 4423 1706 4492 Quod
1726 4440 1791 4482 ea
1816 4426 2029 4482 ratione
2052 4436 2138 4481 at-

520 4531 649 4592 que
680 4515 979 4571 intentione
1009 4515 1259 4571 noverint
1283 4522 1395 4569 tam
1426 4524 1707 4585 presentes
1752 4531 1914 4586 quam
1948 4532 2136 4588 super—
2169 4531 2212 4585 1)

504 4680 513 4686 _
541 4609 754 4666 venturi
783 4607 967 4665 fideles
989 4615 1174 4664 sancte
1203 4605 1298 4662 Dei
1318 4606 1574 4663 aecclesite
1620 4606 1842 4675 factum,
1877 4618 1934 4664 ut
1962 4609 2135 4666 invio-

543 4701 723 4758 labilis
750 4709 804 4757 et
831 4715 1047 4771 semper
1071 4699 1319 4756 beneiida
1349 4700 1594 4756 caritatis
1622 4700 1869 4756 custodia
1916 4717 2135 4758 conser~

502 4862 514 4871 ,
540 4804 701 4849 vetur
726 4793 865 4849 inter
889 4801 1180 4862 utrumque
1204 4792 1475 4859 ordinem,
1499 4802 1661 4863 prout
1692 4801 1902 4865 tempus
1945 4803 1999 4851 et
2027 4811 2132 4863 res,

544 4886 656 4940 Deo
682 4884 988 4955 provisere,
1033 4882 1345 4939 dictaverit.
1376 4880 1447 4938 Ut
1491 4893 1675 4938 autem
1704 4883 1821 4939 haec
1854 4884 2135 4940 inconvul-

546 4992 663 5032 sam
695 4976 944 5033 obtineat
969 4974 1307 5041 ﬁrmitatem,
1346 4973 1598 5030 manibus
1628 4974 1950 5033 clericorum
1973 4976 2134 5032 obtu-

504 5134 513 5139 _
542 5068 704 5124 limus
727 5068 1058 5143 examussim
1086 5062 1468 5123 roborandam.

624 5178 644 5212 ι
680 5158 795 5217 Odo
815 5160 1029 5231 prtesul.
1058 5159 1353 5232 Suggerius
1400 5161 1656 5214 decanus.
1716 5158 1894 5216 Salico
1936 5162 2136 5233 ypode—

547 5267 734 5308 canus.
753 5252 1057 5309 Lanbertus
1070 5255 1499 5311 archidiaconus.
1518 5252 1780 5309 Rodulfus
1793 5258 2129 5326 praepositus.

544 5346 675 5400 Atto
700 5345 1036 5413 praepositus.
1056 5344 1558 5401 Hunbertuslevita.
1577 5344 1734 5399 Aimo
1751 5346 2132 5401 subdiaconus.

549 5437 858 5495 llilduinus.
892 5435 1072 5490 levita.
1104 5437 1254 5491 lsaac
1280 5436 1557 5493 sacerdos.
1595 5434 1913 5491 Warnerius
1952 5438 2133 5494 levita.

548 5532 724 5589 Guido
779 5530 1215 5587 archidiaconus.
1270 5532 1609 5588 Gauzbertus
1650 5530 1833 5583 levita.
1882 5529 2138 5587 Adelmns

547 5623 907 5695 decanusjul.
946 5622 1115 5696 (120).
1144 5623 1432 5681 Morandus
1460 5624 1642 5681 levita.
1694 5624 1954 5682 Erbertus
2004 5625 2136 5681 sub-

621 5782 640 5828 l
652 5783 765 5843 r20)
797 5781 905 5838 Sic.

2250 572 2417 642 viger.
2446 572 2723 631 Ailbertus
2742 574 3129 633 subdiaconus.
3146 577 3432 635 Romoldus
3445 582 3741 642 subdiaconus.

2249 662 2588 722 Gauzbertus
2619 666 2797 724 miles.
2825 686 2843 721 ι

2761 759 3162 818 CAPITULUM
3194 760 3329 818 XIII.

2248 845 2327 901 De
2352 847 2506 903 alodo
2526 848 2652 904 dato
2676 848 2873 927 sancto
2900 849 3060 927 Petro
3080 869 3113 905 a
3133 850 3487 927 _Lam_berto‘in
3507 852 3610 910 uilla
3626 856 3745 927 prim

2604 922 2816 976 nomine
2840 923 3071 977 vocitata
3121 921 3478 995 Guadresigia.

2849 1014 3011 1085 (Ante
3039 1030 3072 1070 a
3094 1014 3247 1087 986.)

2325 1121 2344 1154 ‹
2376 1101 2712 1160 Posthabitis
2734 1104 3132 1177 aliquantulum
3156 1106 3490 1163 mordacibus
3515 1106 3646 1178 hujus
3673 1122 3743 1165 se-

2248 1194 2355 1250 culi
2379 1198 2545 1263 curis,
2576 1198 2632 1253 in
2656 1196 2853 1269 quibus
2882 1197 3099 1254 laetatur
3122 1213 3274 1269 caro,
3304 1199 3512 1270 spiritus
3535 1200 3748 1258 contrista-

2248 1295 2358 1353 tur,
2386 1296 2560 1345 tactus
2586 1290 2817 1359 quodam
2839 1289 3135 1359 spiramine
3161 1289 3498 1356 intrinsecus,
3537 1305 3620 1361 ego
3639 1289 3748 1344 Lnn-

2246 1380 2451 1449 bertus,
2487 1381 2714 1437 audiens
2734 1380 2983 1437 deilicam
3027 1396 3218 1437 vocem
3272 1380 3529 1437 dicentem
3571 1396 3585 1434 :
3623 1378 3749 1434 Facite

2247 1471 2387 1527 vobis
2414 1471 2613 1525 amicos
2636 1470 2704 1524 de
2722 1486 3025 1525 mammona
3044 1470 3361 1541 iniquitatis,
3375 1478 3430 1524 et
3449 1467 3569 1524 Date
3591 1477 3629 1523 et
3644 1468 3746 1522 dabi-

2246 1570 2334 1615 tur
2362 1561 2535 1626 vobis;
2563 1560 2752 1617 volens
2780 1561 3109 1617 omnimodis
3148 1561 3385 1632 aliquam
3405 1568 3594 1631 partem
3611 1559 3748 1615 habere

2247 1668 2369 1708 cum
2394 1654 2479 1709 his
2508 1655 2600 1723 qui
2630 1655 2734 1710 hoc
2757 1662 3093 1731 praeceptum
3119 1654 3358 1722 Domini,
3382 1652 3536 1710 corde
3578 1651 3747 1722 pet-lecto

2246 1753 2303 1798 et
2328 1743 2555 1811 obtimo,
2586 1743 2887 1814 adimplere
2932 1745 3284 1811 studuerunt,
3332 1743 3551 1816 cogitavi
3591 1751 3636 1798 et
3667 1750 3748 1796 voto

2174 1830 2220 1890 B
2248 1832 2456 1889 meliori
2506 1834 2692 1889 statim
2725 1847 2814 1889 me
2851 1832 3086 1905 obligavi
3113 1834 3180 1890 de
3206 1833 3370 1889 rebus
3411 1832 3535 1889 meis
3577 1846 3681 1901 quas
3716 1832 3749 1885 in

2250 1926 2351 1981 hoc
2377 1925 2628 1995 praesenti
2660 1924 2858 1981 saeculo
2887 1925 3080 1981 videor
3124 1925 3427 1996 possidere,
3475 1922 3647 1994 aliquid
3686 1934 3749 1991 pro

2248 2033 2434 2074 amore
2458 2026 2514 2073 et
2544 2026 2797 2088 respectu
2824 2018 3217 2088 omnipotentis
3268 2017 3366 2073 Dei
3421 2014 3639 2072 conlerre
3674 2012 3750 2067 loco

2251 2108 2441 2164 Sancti
2468 2108 2613 2164 Petri
2645 2118 2702 2165 et
2734 2108 2909 2165 servis
2934 2107 3177 2179 ejusdem
3225 2109 3391 2176 inibi,
3427 2111 3521 2165 sub
3552 2106 3637 2162 levi
3667 2104 3753 2174 ius!

2248 2202 2462 2259 Domini
2485 2213 2539 2259 et
2560 2202 2659 2259 sub
2685 2201 2919 2275 regulari
2950 2201 3290 2273 professione
3341 2200 3509 2258 sancti
3555 2194 3752 2255 Benedicti

2247 2294 2734 2359 commorantibus,
2757 2293 2955 2364 quibus
2984 2307 3221 2364 praeesse
3252 2292 3465 2349 videtur
3508 2285 3751 2347 venerabilis

2246 2387 2417 2443 abbas
2451 2386 2788 2453 Widbertus,
2820 2386 3029 2456 absque
3056 2385 3168 2440 ulla
3189 2385 3469 2451 dilatione,
3498 2395 3577 2449 ne,
3597 2378 3752 2437 fortuito

2247 2492 2375 2533 casu
2399 2477 2738 2547 subripiente
2765 2476 2962 2532 mortis
2982 2474 3238 2542 articulo,
3263 2489 3392 2531 rens
3417 2472 3633 2529 inveniar
3646 2466 3751 2535 huius

2247 2567 2557 2639 inperfecta:
2580 2568 2892 2624 voluntatis.
2921 2567 3005 2623 Ab
3034 2567 3264 2623 odierna
3311 2580 3442 2638 ergo
3466 2564 3546 2621 die
3571 2572 3618 2618 et
3649 2558 3751 2614 dein-

2247 2674 2397 2730 ceps,
2433 2675 2533 2731 pro
2569 2659 2812 2715 remedio
2842 2659 3039 2715 animas
3069 2672 3206 2714 meat
3238 2667 3298 2714 et
3350 2656 3528 2713 uxoris
3567 2652 3753 2709 filiorum-

2243 2765 2351 2822 que
2379 2765 2623 2805 meorum
2653 2751 2709 2806 in
2734 2750 3156 2807 succedentibus
3185 2747 3632 2822 generationibus,
3649 2740 3753 2797 trado

2245 2852 2301 2897 et
2325 2844 2581 2900 traditum
2611 2859 2735 2901 esse
2763 2842 2908 2910 volo,
2941 2842 3076 2898 cedo
3098 2850 3155 2898 et
3176 2856 3396 2899 cessum
3441 2840 3551 2896 sine
3575 2835 3659 2891 ulla
3694 2844 3754 2886 cs-

2245 2934 2447 2991 luinnia
2477 2952 2599 2992 esse
2626 2934 2809 3007 eupio,
2830 2934 3062 3006 praefato
3087 2935 3229 3003 loco,
3288 2935 3501 2991 aiodum
3537 2928 3753 3002 quendam.

2243 3034 2417 3080 totum
2450 3028 2517 3081 ad
2546 3025 2841 3097 integrum,
2872 3025 3034 3082 situm
3066 3025 3120 3080 in
3142 3025 3272 3080 villa
3307 3026 3483 3097 prisco
3499 3022 3755 3079 nominere-

2246 3118 2406 3173 citata
2437 3116 2818 3190 Guadresigia,
2841 3128 2900 3173 ut
2932 3118 3188 3186 habeant,
3215 3125 3507 3174 teneantet
3526 3110 3756 3187 possideant

2243 3209 2390 3264 omni
2420 3219 2662 3279 tempore
2711 3208 2915 3276 seculi;
2964 3209 3328 3265 conventione
3385 3208 3522 3263 facta
3563 3213 3627 3268 ut,
3670 3199 3754 3254 dull

2245 3301 2453 3366 vixero,
2485 3309 2701 3355 teneam
2732 3308 2786 3355 et
2812 3300 3043 3369 singulis
3078 3300 3237 3355 annis
3266 3300 3432 3355 missa
3463 3296 3614 3354 sancti
3640 3288 3758 3353 Petri.

2242 3409 2363 3463 qua:
2391 3400 2474 3446 est
2504 3391 2673 3447 tercio
2707 3390 2979 3446 Kalendas
3006 3389 3156 3455 Julii,
3182 3391 3235 3445 in
3286 3401 3505 3447 censum
3531 3384 3757 3460 persolvat!

2242 3501 2321 3539 an
2351 3484 2637 3550 denarios;
2692 3491 2815 3554 post
2858 3483 3248 3556 discessionem
3299 3497 3432 3538 vero
3487 3489 3537 3537 et
3584 3470 3757 3545 corporis

2243 3576 2347 3630 mei
2370 3574 2787 3644 depositionem,
2816 3568 2960 3629 Sicut
2990 3573 3104 3628 haec
3161 3588 3405 3643 praesens
3440 3571 3672 3640 scriptura
3708 3572 3757 3614 Ie-

2242 3673 2437 3730 statur,
2465 3679 2570 3735 quo
2602 3665 2797 3719 animae
2825 3679 2957 3720 mea:
2982 3678 3107 3717 mox
3130 3664 3424 3719 subveniat
3446 3672 3501 3718 et
3544 3664 3756 3715 occurrat

2242 3758 2490 3828 dignetur
2512 3758 2719 3826 primus
2739 3764 2794 3812 et
2821 3757 2943 3825 pius
2972 3766 3158 3827 pastor
3185 3757 3455 3813 aecciesiae
3481 3754 3661 3810 Petrus,
3678 3757 3757 3801 cui

2242 3847 2389 3902 omni
2427 3845 2804 3902 melioratione
2848 3855 2906 3900 et
2936 3846 3251 3915 integritate
3303 3846 3374 3900 ad
3409 3842 3650 3915 prelatum
3685 3846 3757 3889 cut-

2241 3937 2461 3992 nobium
2493 3947 2820 3993 revertatur.
2854 3936 2969 3991 Hoc
3006 3937 3171 4007 igitur
3215 3936 3476 3991 omnibus
3520 3928 3759 3989 orthodox:

2241 4039 2295 4083 et
2322 4029 2634 4100 apostolica:
2665 4029 2789 4084 ﬁdei
2841 4016 3141 4085 cultoribus
3180 4037 3374 4084 notum
3422 4041 3543 4083 esse
3578 4022 3690 4077 voIO-
3721 4013 3758 4069 Si

2239 4122 2362 4191 quis
2386 4135 2515 4177 vero
2543 4128 2734 4176 contra
2777 4120 2921 4176 hanc
2951 4120 3303 4176 donationem
3354 4120 3539 4175 venire
3591 4108 3759 4186 quodam

2239 4231 2373 4269 ausu
2406 4213 2773 4285 temptaverit,
2801 4212 3236 4268 maledictionem
3287 4212 3444 4269 Inda:
3488 4214 3705 4281 apostatz
3726 4208 3760 4252 et

2242 4305 2527 4361 traditoris
2567 4304 2780 4361 Domini
2817 4305 2872 4360 in
2906 4307 3070 4361 corde
3109 4310 3165 4360 et
3193 4318 3433 4375 corpore
3473 4301 3587 4358 ilico
3635 4288 3760 4367 ρεωίο

2236 4399 2369 4466 piat.
2404 4398 2553 4453 Hanc
2576 4413 2705 4466 ergo
2726 4397 3076 4453 donationem
3118 4412 3283 4451 manu
3315 4395 3507 4453 obtimi
3536 4387 3761 4449 comitiset

2239 4489 2473 4545 senioris
2501 4490 2605 4544 mei
2626 4487 2835 4545 Odonis
2869 4490 3228 4559 manibusque
3260 4488 3499 4544 fidelium
3522 4484 3623 4555 ejus
3651 4479 3762 4535 robo-

2238 4592 2361 4632 rare
2385 4594 2506 4653 cum
2538 4593 2699 4633 manu
2730 4592 2847 4632 mea
2876 4579 3112 4633 decrevi.
3136 4578 3336 4633 Actum
3362 4577 3567 4649 publice
3604 4572 3758 4627 Carno-

2239 4669 2328 4726 tis.
2356 4670 2471 4727 Odo
2500 4686 2701 4727 comes.
2730 4671 3021 4727 Rotrocus.
3044 4662 3343 4726 Arduinus.
3395 4669 3665 4727 Teduinus.
3697 4657 3761 4715 ΑΙ·

2238 4761 2475 4817 charius.
2507 4761 2817 4818 Gauslinus.
2846 4754 3189 4830 Lambertus,
3215 4760 3472 4833 quihanc
3486 4756 3760 4815 donationem

2237 4854 2384 4911 fecit.
2409 4875 2428 4908 ι

2310 4950 2402 5004 Set
2429 4958 2609 5004 utrum
2638 4948 2935 5004 habeamus
2962 4966 3027 5004 an
3073 4968 3205 5014 non,
3228 4950 3315 5006 vel
3347 4950 3390 5005 si
3417 4948 3572 5004 modo
3593 4942 3678 4999 alio
3697 4948 3760 4991 ηο-

2238 5040 2383 5095 mine
2410 5040 2694 5103 vocit-tnr,
2752 5060 2806 5095 re
2832 5043 2941 5099 icto
2994 5041 3438 5113 priori'nomine,
3483 5036 3563 5094 vel
3604 5032 3676 5089 ubi
3712 5026 3761 5081 sil

2237 5129 2435 5185 fundus
2475 5132 2594 5199 iste,
2625 5134 2840 5204 penitus
2872 5134 3204 5204 ignoramus.

2746 5225 3147 5284 CAPI'I‘ULUM
3185 5225 3324 5281 XIV.

2237 5319 2316 5376 De
2340 5320 2575 5377 (ecclesia
2617 5321 3083 5386 Ermenteriarum,
3114 5331 3164 5377 et
3190 5321 3255 5375 de
3305 5320 3449 5375 omni
3493 5328 3619 5386 terra
3648 5317 3760 5380 ᾳκειι

2307 5406 2535 5446 emerant
2569 5394 2812 5447 monachi
2843 5391 3026 5447 Sancti
3054 5384 3201 5447 Petri
3229 5392 3294 5446 ab
3335 5384 3629 5454 Archias!!!)
3668 5394 3759 5448 (μιν

2306 5464 2429 5518 dam
2458 5465 2635 5519 milite.

2832 5535 2994 5605 (Ante
3023 5551 3074 5590 a.
3104 5531 3255 5605 986.)

2315 5641 2336 5677 ‹
2364 5623 2418 5679 In
2444 5624 2660 5682 nomine
2677 5602 2884 5681 Domini
2908 5636 2963 5683 et
2985 5602 3466 5685 salvatoris‘nosttzi
3480 5620 3626 5681 llrzs't
3645 5602 3763 5670 Ulli“
