3842 6308
101 383 193 439 23⁸1

1053 377 1284 437 VETUS
1321 376 1578 437 AGANO.
1622 409 1689 421 -
1713 378 1838 436 LIB.
1881 379 1966 435 lll.
1997 379 2434 438 WlDBERTUS.

3229 395 3339 452 258

100 501 178 558 sti.
198 496 381 554 Comes
411 490 720 558 Walterius,
737 500 931 549 notum
974 507 1099 550 esse
1125 493 1373 550 volumus
1399 493 1653 550 omnibus
1682 500 1729 557 Α
1757 493 1914 558 turis,
1936 494 2065 563 quia
2099 493 2236 549 adiit
2263 493 2610 564 praesentiam
2644 505 2888 554 nostram
2919 500 3001 556 vir
3021 502 3340 562 nobilisAr.

101 602 194 646 tam
221 585 566 658 presentibus
591 598 756 655 quam
782 583 998 652 futuris,
1058 584 1187 655 quia
1218 585 1470 642 adierunt
1527 599 1654 654 pre-

96 681 302 738 sentiam
333 685 577 734 nostram
605 675 856 732 monachi
888 675 1075 733 Sancti
1101 675 1249 732 Petri
1277 676 1653 744 Carnotensis,

95 782 145 827 ut
166 773 237 826 eis
256 785 321 825 ex
341 778 527 824 nostra
553 776 708 838 parte
740 767 1136 824 concederetur
1182 767 1439 838 quatinus
1464 767 1656 823 liceret

91 865 470 932 oiscomparare
482 859 766 916 ecclesiam
779 875 846 915 ex
869 859 1134 915 beneﬁcio
1160 858 1458 916 Arehinulﬁ
1481 859 1654 916 ﬁdelis

91 954 262 1018 nostri,
278 955 342 1008 de
369 951 530 1022 cujus
545 958 630 1006 est
648 949 915 1006 beneﬁcio
941 949 1159 1006 nomine
1183 948 1554 1015 Ermenteriaa,
1576 949 1652 1004 si-

91 1046 183 1103 mul
193 1059 306 1101 cum
319 1043 637 1100 omnibusin
659 1043 849 1098 eadem
872 1041 998 1096 villa
1018 1051 1074 1097 et
1095 1041 1336 1110 ejusdem
1354 1039 1654 1097 Archinulﬁ

87 1134 323 1192 beneﬁcio
334 1132 754 1204 pertinentibus.
769 1131 945 1200 Quod,
960 1146 1026 1187 eo
1039 1131 1413 1187 consentiente
1424 1131 1586 1188 simul
1598 1139 1655 1188 et

88 1234 342 1297 precante,
374 1223 569 1279 libenti
598 1222 783 1278 animo
836 1223 1148 1301 annuimus.
1183 1222 1535 1279 Terminatur
1553 1239 1653 1280 au-

98 1327 190 1372 tem
218 1317 327 1388 ipsa
361 1323 512 1368 terra
558 1328 627 1370 ex
665 1328 774 1369 uno
823 1312 994 1369 latere
1033 1311 1199 1370 ﬂuvio
1242 1314 1424 1382 Arvas,
1477 1314 1651 1371 altero

89 1406 240 1462 latere
262 1405 348 1460 via
371 1405 617 1475 publica,
641 1418 748 1458 una
773 1402 1182 1459 fronteﬁuviolo
1197 1403 1406 1474 vulgari
1433 1405 1653 1460 nomine

87 1498 222 1553 Berlo
246 1496 504 1562 vocitata,
530 1504 728 1566 quarta
757 1493 939 1550 fronte
968 1494 1233 1574 dividitur
1259 1495 1378 1566 ipsa
1407 1504 1555 1550 terra
1582 1495 1651 1550 ab

88 1589 162 1644 illa
193 1603 304 1658 qua:
342 1590 665 1643 continetur
694 1586 763 1642 ab
793 1585 1028 1642 Evroldo
1063 1585 1292 1643 Villare.
1343 1585 1490 1640 Infra
1550 1587 1650 1641 has

88 1680 489 1746 terminationes,
547 1687 721 1735 totum
779 1679 924 1750 quod
963 1678 1038 1735 ibi
1089 1679 1406 1734 continetur
1447 1692 1651 1734 conce-

1759 585 1980 651 duinus,
2025 585 2202 641 fidelis
2241 596 2448 653 noster,
2510 585 2870 647 manifestans
2921 596 3076 652 nobis
3105 600 3342 670 qualiter

1757 677 2035 734 venientes
2063 679 2318 736 monachi
2349 678 2523 737 sancti
2566 681 2713 738 Petri
2743 683 3116 759 Carnotensis,
3140 694 3339 763 quibus

1756 784 1992 840 praeesse
2022 771 2239 828 videtur
2287 772 2460 830 abbas
2514 773 2817 841 Wibertus,
2867 789 3112 847 petentes
3154 781 3258 840 sibi
3281 795 3342 840 ut

1753 863 1836 918 eis
1861 863 2136 932 quandam
2190 874 2392 920 terram
2438 882 2506 923 ex
2557 866 2824 926 beneﬁcio
2856 885 2956 926 suo
3006 873 3076 929 ad
3112 889 3339 933 censum

1755 953 2100 1008 concederet.
2129 952 2366 1021 Quorum
2391 957 2708 1028 petitionem
2738 959 3115 1019 rationabilem
3154 967 3338 1023 consi-

1755 1044 1979 1111 derans,
2013 1060 2139 1101 cum
2188 1061 2461 1104 consensu
2518 1049 2689 1120 ipsius
2731 1049 2959 1108 Arduini
3010 1065 3068 1112 et
3107 1057 3337 1117 aliorum

1755 1132 2018 1200 ﬁdelium,
2046 1144 2156 1190 tam
2189 1135 2512 1193 clericorum
2549 1155 2713 1210 quam
2747 1140 3029 1213 laicorum,
3055 1164 3336 1206 assensum

1754 1223 1907 1290 dedi;
1939 1237 2004 1278 eo
2037 1232 2222 1280 tenore
2253 1233 2314 1280 ut
2339 1227 2592 1284 omnibus
2629 1231 2790 1288 annis
2818 1232 3113 1292 festivitate
3151 1247 3340 1294 sancte

1754 1313 1943 1381 Mai-ie,
1985 1330 2107 1386 quae
2137 1326 2222 1372 est
2265 1333 2368 1373 vm
2417 1320 2631 1377 decimo
2681 1321 2944 1381 kalendas
2977 1326 3335 1400 Septembris,

1753 1408 1970 1464 solvant
1998 1409 2082 1465 vel
2123 1409 2223 1480 ipsi
2270 1412 2370 1467 aut
2413 1413 2488 1468 illi
2536 1416 2629 1486 qui
2678 1418 2853 1488 ipsum
2883 1419 3206 1478 beneﬁcium
3261 1434 3339 1480 te-

1751 1499 1969 1554 nuerint
2015 1500 2069 1554 in
2116 1515 2362 1570 censum,
2406 1504 2637 1561 solidum
2673 1525 2860 1567 unum.
2902 1512 3006 1581 Qui
3055 1513 3104 1568 si
3138 1513 3206 1570 de
3231 1515 3338 1572 hoc

1750 1609 1914 1647 censu
1945 1593 2082 1649 tardi
2124 1595 2406 1653 extiterint
2446 1607 2541 1654 aut
2585 1601 2948 1675 negligentes,
2999 1606 3117 1679 lege
3147 1621 3338 1664 emen-

1749 1686 1880 1740 dent
1907 1699 2024 1751 sua,
2057 1694 2113 1741 et
2148 1696 2437 1758 propterea
2479 1693 2796 1762 pradictam
2851 1705 3054 1755 terram
3079 1714 3188 1756 non
3211 1714 3339 1771 per-

87 1772 255 1837 dimus,
287 1781 464 1830 terras
503 1782 620 1827 tam
655 1771 830 1828 cultas
859 1787 1024 1842 quam
1077 1771 1333 1837 incultas,
1387 1779 1497 1826 tam
1525 1785 1647 1826 eam
1681 1846 1722 1863 ἢ
1750 1774 1908 1842 dant;
1952 1786 2034 1832 set
2075 1777 2333 1848 habeant,
2369 1782 2639 1841 aediﬁcent
2679 1795 2843 1858 atque
2881 1791 3194 1859 possideant
3240 1806 3339 1863 per

87 1877 186 1932 qua
210 1863 414 1918 videtur
437 1879 567 1920 esse
591 1862 748 1930 silva,
777 1878 876 1935 pro
901 1864 1086 1934 precio
1109 1865 1253 1935 quod
1279 1864 1425 1919 inter
1446 1863 1646 1920 Archi-
1681 1846 1724 1902 Β
1749 1877 1942 1922 cuneta
1957 1871 2304 1928 succedentia'
2319 1846 2560 1945 tempora
2573 1877 2691 1932 sine
2709 1846 3336 1939 ulliuscontradictiono.

89 1953 260 2008 nullum
279 1963 334 2010 et
355 1957 662 2013 monachos
685 1956 1052 2027 complacuit;
1085 1971 1148 2012 ea
1168 1957 1383 2012 ratione
1407 1965 1468 2012 ut
1491 1958 1647 2013 annis
1746 1963 1841 2020 Est
1861 1973 2041 2020 autem
2071 1968 2185 2038 ipsa
2206 1977 2346 2023 terra
2366 1968 2420 2022 in
2443 1983 2578 2039 pago
2599 1969 2856 2041 Dunensi,
2883 1987 3045 2046 super
3064 1975 3338 2045 quandam

89 2045 278 2118 singulis
299 2046 353 2101 in
382 2045 690 2102 festivitate
709 2047 885 2102 sancti
915 2045 1156 2112 Martini,
1179 2061 1302 2117 qua:
1325 2055 1416 2102 est
1441 2062 1501 2102 ιιι
1525 2046 1647 2103 idus
1745 2071 1945 2128 aquam
1971 2073 2092 2128 quae
2118 2061 2459 2131 noncupattir
2506 2060 2702 2130 Edera,
2732 2045 2978 2135 proxima
3010 2066 3210 2122 villulae
3234 2081 3336 2123 vo-

89 2137 386 2204 novembris,
421 2137 566 2194 dem
608 2137 864 2193 monachi
901 2136 1246 2204 Archinull'o,
1283 2146 1340 2194 et
1367 2149 1493 2210 post
1529 2139 1646 2210 ejus
1747 2146 1939 2202 eabulo
1967 2146 2250 2206 Buxidulo.
2281 2149 2457 2220 Habet
2493 2165 2626 2207 vero
2666 2153 2780 2224 ipsa
2831 2163 2976 2211 terra
3028 2155 3081 2210 in
3110 2156 3332 2226 longum

87 2227 263 2282 obitum
284 2229 396 2284 suis
433 2227 758 2294 heredibus,
805 2227 1008 2286 solidos
1037 2229 1174 2308 duos
1204 2244 1305 2302 pro
1335 2230 1564 2288 caritate
1591 2238 1647 2287 et
1747 2239 1982 2308 perticas
2007 2242 2288 2310 ducentas,
2321 2242 2374 2296 in
2415 2251 2788 2298 transversum
2819 2241 3214 2317 quinquaginta
3239 2285 3257 2312 ,
3284 2254 3337 2301 et

87 2319 296 2376 custodia
324 2322 459 2389 loci;
503 2333 564 2380 et
599 2323 749 2378 nulla
793 2322 1016 2378 omnino
1071 2322 1182 2378 alia
1213 2337 1302 2379 res
1340 2322 1410 2378 ab
1449 2323 1530 2380 eis
1561 2339 1648 2381 re-
1747 2331 2073 2388 terminatur
2111 2333 2284 2389 tribus
2329 2334 2586 2405 partibus
2626 2341 2769 2390 terra
2803 2334 2989 2392 Sancti
3028 2337 3174 2394 Petri
3201 2339 3337 2394 Car-

89 2410 319 2479 quirawr.
351 2426 523 2484 atque
545 2413 855 2471 aceleSiam
886 2428 1214 2486 omnemque
1246 2424 1452 2470 lenam
1480 2429 1644 2486 quam
1747 2425 1993 2480 notensis
2027 2427 2282 2488 cmnobii,
2328 2435 2523 2496 quarta
2558 2435 2712 2498 parte
2759 2427 3102 2497 supradictus
3147 2429 3338 2486 ﬂuvio-

93 2501 301 2560 diximus
317 2505 439 2576 jure
455 2517 746 2579 perpetuo,
769 2507 1008 2564 sineulla
1023 2507 1313 2573 calomnia,
1329 2507 1646 2577 possideant
1743 2513 1829 2569 lus
1857 2514 2028 2588 (121).
2061 2517 2124 2572 Et
2153 2525 2214 2572 ut
2241 2517 2359 2572 haec
2379 2517 2600 2573 donatio
2625 2517 2780 2572 ﬁrma
2809 2527 2865 2574 et
2888 2517 3097 2574 stabilis
3125 2535 3336 2590 perma-

96 2608 150 2648 ac
181 2603 380 2652 teneant
401 2613 802 2669 nunquamque
831 2597 1174 2664 ammittant;
1207 2597 1435 2653 alteram
1464 2605 1644 2653 autem
1745 2616 1892 2673 neat,
1921 2610 2002 2664 eis
2034 2611 2132 2664 has
2157 2609 2366 2665 litteras
2391 2608 2507 2665 ﬁeri
2535 2608 2898 2674 decrevimus,
2927 2617 2984 2664 et
3019 2625 3181 2664 manu
3214 2626 3332 2667 mea

74 2686 373 2758 ecclesiam,
409 2706 538 2762 qua:
571 2691 626 2746 in
675 2691 854 2746 vicino
887 2698 1008 2758 est,
1049 2690 1286 2745 Boheria
1348 2689 1515 2758 dicta,
1549 2705 1646 2760 pro

1755 2708 1802 2754 et
1823 2701 2049 2755 aliorum
2079 2711 2184 2755 tam
2213 2701 2536 2756 clericorum
2567 2715 2730 2771 quam
2768 2695 3049 2756 laicorum'
3073 2703 3336 2759 corrobo-

91 2776 396 2835 animtemeae
416 2781 669 2836 remedio
695 2789 750 2836 et
776 2781 962 2836 uxoris
990 2795 1125 2834 meae
1145 2778 1273 2834 Eva:
1300 2779 1642 2845 voluntariae,

1755 2789 1857 2844 rari
1881 2789 2099 2860 dignum
2130 2791 2400 2846 duximus.
2426 2793 2621 2846 Actum
2648 2789 2925 2857 Caritatis,
2957 2790 3190 2862 publice.
3215 2793 3338 2850 Odo

92 2864 198 2934 ipsis
231 2871 625 2927 concessimus.
671 2871 963 2940 Etiamque
1010 2870 1388 2936 Archinnlfus,
1439 2873 1533 2942 qui
1589 2871 1644 2927 in
1746 2891 1952 2932 comes.
1984 2879 2260 2934 Arduiuus
2281 2880 2458 2945 miles,
2489 2878 2646 2947 hujus
2672 2889 2832 2935 terra:
2861 2879 3134 2950 largitoris
3157 2881 3334 2952 (ηε).

91 2958 244 3014 eadem
265 2961 509 3019 ecclesia
537 2971 750 3034 partem
775 2961 1033 3027 habebat.
1058 2976 1181 3017 cum
1207 2961 1319 3018 ﬁlio
1331 2977 1430 3018 SUO
1443 2962 1647 3018 Rosce-
1743 2968 2044 3041 Suggerius
2099 2972 2460 3028 archiclavus.
2511 2972 2854 3028 Fulcherius.
2902 2972 3199 3030 Teduinus.
3226 2974 3337 3028 Ar-

93 3047 199 3114 lino,
225 3053 526 3124 exemplum
564 3063 811 3109 nostrum
840 3062 1086 3120 secutus,
1113 3053 1304 3110 eodem
1356 3062 1543 3111 tenore
1569 3055 1645 3110 si-
1745 3061 2063 3119 chebaldus.
2118 3063 2369 3120 Aldricus
2424 3063 2769 3135 praepositus.
2819 3065 3133 3136 Stephanus
3181 3066 3335 3123 vica-

95 3141 261 3198 militer
287 3145 430 3201 facit.
461 3146 538 3202 Ut
560 3156 743 3202 autem
761 3147 863 3203 hec
880 3145 1204 3204 traditiones
1224 3149 1372 3202 omni
1397 3158 1644 3218 tempore
1672 3197 1712 3218 η
1748 3151 1881 3208 rius.
1916 3172 1935 3206 ι
2879 3180 2881 3182 ·

93 3232 230 3290 ﬁrmae
249 3246 300 3291 et
326 3239 559 3294 stabiles
586 3250 962 3308 permaneant,
991 3240 1294 3297 secundum
1324 3240 1644 3312 petitionem

95 3331 464 3397 monachorum,
499 3331 926 3402 conscriptionis
952 3342 1162 3390 cartam
1191 3334 1272 3388 eis
1313 3333 1568 3399 fecimus,
1589 3343 1648 3390 et
1733 3345 1742 3352 '

95 3431 225 3474 manu
252 3434 430 3478 nostra
467 3439 538 3480 ac
567 3423 810 3479 ﬁdelium
861 3433 1176 3482 nostrorum
1230 3427 1646 3483 subter-ﬁrmare

95 3512 380 3570 curavimus.
411 3516 470 3571 Si
501 3515 633 3586 quis
659 3517 824 3588 igitur
853 3517 954 3574 has
983 3511 1306 3574 donationes
1334 3515 1519 3574 irritas
1557 3519 1642 3574 fa-

95 3615 194 3656 ccre
217 3603 454 3673 voluerit,
485 3616 587 3662 aut
621 3607 806 3678 aliquo
845 3609 1009 3666 modo
1046 3609 1351 3674 destruere,
1400 3618 1496 3664 aut
1525 3609 1646 3679 plus

97 3689 263 3762 aliquid
293 3713 448 3766 quam
493 3714 662 3768 supra
691 3700 974 3770 posuimus
999 3700 1304 3771 requirere,
1335 3709 1428 3754 aut
1465 3699 1645 3770 aliqua

97 3794 228 3849 prava
257 3789 650 3843 consuetudine
681 3789 1020 3845 habitatores
1050 3793 1324 3862 fgravare,
1376 3791 1513 3845 iram
1548 3789 1645 3846 Dei

96 3875 434 3945 omnipotentis
485 3880 760 3944 incurrat,
818 3890 1025 3936 etcum
1093 3882 1306 3936 Dathan
1338 3888 1392 3937 et
1439 3881 1644 3937 Abiron

97 3973 228 4035 atque
260 3969 388 4026 .luda
432 3973 705 4029 traditore
727 3982 782 4030 et
809 3975 928 4045 ipso
975 3974 1317 4030 Antichristo
1351 3984 1400 4030 et
1437 3976 1645 4047 angelis

96 4053 187 4120 ejus
226 4057 540 4118 infernaletn
589 4064 1034 4134 dampnationem
1067 4065 1122 4120 in
1173 4063 1450 4122 ﬂammam
1504 4066 1643 4137 ignis

2251 3265 2649 3324 CAPITULUM
2689 3265 2827 3323 XVI.

1746 3397 1825 3454 De
1852 3399 2006 3471 αἱράο
2033 3401 2086 3456 in
2119 3401 2402 3471 Erminulﬁ
2449 3401 2586 3458 Villa
2616 3404 2808 3470 majori
2839 3403 3110 3458 monachis
3150 3403 3340 3461 Sancti

1895 3469 2040 3533 Petri
2069 3473 2271 3528 vendito
2303 3492 2334 3528 a
2363 3469 2593 3544 quodam
2619 3469 2829 3529 nomine
2856 3473 3193 3562 lletdebert‘o.

2334 3583 2498 3651 (Ante
2523 3597 2578 3637 a.
2607 3581 2760 3654 986.)

1831 3712 1851 3745 ι
1895 3692 1954 3748 1n
1981 3692 2185 3748 Christi
2214 3693 2457 3759 nomine,
2484 3693 2740 3750 convenit
2761 3694 2904 3750 inter
2930 3709 3019 3752 me
3043 3694 3340 3754 Heldeber-

1717 3793 1860 3840 -tum
1891 3793 1946 3841 et
1971 3785 2266 3840 monachos
2294 3783 2481 3841 Sancti
2527 3785 2674 3842 Petri
2713 3785 3091 3856 Carnotensis,
3135 3789 3336 3860 quibus

1745 3892 1982 3949 praeesse
2011 3877 2224 3932 videtur
2250 3876 2526 3934 Wibertus
2557 3877 2746 3946 abbas,
2772 3887 2832 3933 ut
2857 3878 2938 3936 eis
2957 3879 3174 3937 alodum
3191 3878 3337 3952 juris

1747 3968 1852 4023 mei
1881 3968 2113 4024 vendere
2142 3968 2393 4024 deberem
2417 3968 2562 4038 quod
2578 3983 2649 4026 ex
2680 3971 3024 4028 successione
3048 3982 3335 4042 parentum

1745 4058 1914 4114 michi
1939 4060 2280 4131 contigerat:
2315 4060 2462 4130 quod
2501 4069 2559 4135 et
2584 4060 2689 4118 l'eci
2717 4069 2841 4118 cu'm
2875 4063 3106 4120 consilio
3142 4080 3338 4136 paren-

96 4150 250 4204 teterni
276 4151 663 4223 perpetualiter
687 4155 953 4210 incurrat.
1747 4159 1860 4206 tum
1897 4151 1980 4205 vel
2015 4153 2314 4208 amicorum
2340 4167 2602 4209 meorum.
2629 4155 2726 4210 Eat
2753 4165 2931 4212 autem
2956 4157 3122 4212 situm
3140 4157 3210 4214 'in
3235 4158 3338 4216 Er-

155 4253 171 4288 t
202 4241 378 4296 Actum
415 4243 630 4311 Drocis,
663 4245 898 4316 publice.
1717 4257 1720 4260 ’
1747 4245 1962 4300 ηιίηιιιῐί
1993 4245 2128 4300 Villa
2157 4245 2398 4315 majore;
2429 4255 2486 4303 et
2509 4247 2836 4304 terminatur
2860 4265 2968 4304 uno
2987 4249 3161 4305 latere
3186 4257 3335 4308 terra

160 4348 176 4379 ι
215 4331 498 4392 Walterius
543 4351 746 4394 comes.
789 4338 899 4393 Eva
937 4339 1238 4394 comitissa.
1281 4337 1643 4396 Erchenull'us
1745 4337 2036 4402 Carbonis,
2075 4337 2248 4394 altero
2291 4339 2461 4395 latere
2500 4340 2660 4396 alodo
2718 4351 3006 4411 parentum
3063 4356 3332 4409 meorum,

98 4429 138 4471 et
157 4419 474 4494 Rosceliuus,
532 4428 678 4484 ﬁlius
711 4430 850 4500 ejus,
882 4429 974 4500 qui
1003 4429 1318 4487 venditores
1342 4439 1397 4486 et
1425 4431 1645 4488 datores
1746 4442 1855 4482 uno
1886 4427 2067 4484 fronte
2087 4429 2174 4482 via
2199 4429 2411 4499 publica
2443 4439 2498 4486 et
2544 4431 2716 4486 altero
2736 4431 2916 4489 fronte
2957 4442 3104 4489 terra
3142 4431 3333 4491 Sancti

102 4507 282 4598 inerunt
330 4519 686 4589 praelatarum
739 4536 945 4576 rerum.
995 4505 1274 4577 Alhertus.
1299 4543 1304 4550 ί
1333 4520 1638 4578 Baldricus.
1673 4543 1719 4598 ι)
1747 4515 2014 4572 MauriCii.
2052 4518 2252 4588 Accepi
2290 4528 2470 4575 autem
2519 4520 2574 4575 in
2601 4521 2913 4578 venditione
2944 4522 3147 4580 solidos
3167 4524 3336 4596 quin-

104 4597 233 4658 Urso.
281 4607 652 4666 Marcuardus.
700 4612 904 4668 Salico.
953 4611 1371 4672 lladebrandus.
1422 4604 1643 4668 Gosl're-
1676 4597 1691 4598 ﬂ
1744 4622 1881 4676 que;
1920 4616 1974 4661 et
2011 4608 2208 4664 tradidi
2247 4609 2327 4664 eis
2375 4609 2550 4680 ipsam
2583 4617 2788 4666 terram
2830 4612 3236 4684 perpetualiter,
3275 4623 3335 4670 ut

103 4692 482 4760 dus.Nanterus.
505 4704 758 4760 AllSL‘iUS.
785 4703 1099 4760 Rainardus
1122 4705 1411 4775 presbiter.
1447 4703 1644 4760 Anfre-

1755 4698 2002 4768 quicquid
2025 4713 2092 4753 ex
2118 4711 2205 4760 ea.
2229 4715 2260 4754 a
2283 4700 2371 4756 die
2391 4702 2666 4772 prmsenti,
2697 4701 2876 4760 facere
2896 4704 3188 4772 voluerint,
3217 4705 3336 4762 sine

103 4780 197 4838 dus.
234 4787 570 4850 Ereubeuus,
630 4795 844 4851 mimo,
906 4795 1264 4852 Gislebertus.
1346 4795 1639 4852 Hubertus.
1745 4789 1851 4845 ulla
1875 4789 2278 4861 contrarietate,
2315 4793 2681 4850 ﬁrmissimam
2711 4803 3034 4864 potestatem
3057 4797 3329 4867 habeant;

105 4877 240 4954 llugn.
291 4886 492 4944 Einmo.
545 4888 927 4960 Magenardus.
977 4887 1281 4960 Hilgaldus.
1332 4889 1634 4945 Evrardus.
1715 4900 1974 4954 eamque
1995 4889 2096 4944 sub
2119 4888 2442 4943 auctoritate
2463 4896 2629 4942 cartte
2650 4886 2782 4956 ipsis
2806 4887 3027 4951 tradidi,
3057 4902 3333 4960 manuque

106 4971 197 5026 Aio.
219 4975 370 5048 lingu.
409 4999 427 5032 ι
1745 4981 1966 5048 propria
2019 4995 2138 5036 eam
2172 4979 2404 5044 ﬁrmavi,
2439 4977 2789 5048 stipulatione
2817 4976 3072 5032 subnixa.
3122 4977 3180 5034 Si
3205 4979 3333 5050 quis

1715 5097 1722 5106 ο
1747 5080 1926 5123 autem
1953 5077 2142 5124 contra
2173 5070 2315 5124 hanc
2345 5068 2714 5122 venditionem
2747 5065 2831 5121 vel
2856 5065 3206 5122 traditionem
3232 5081 3332 5123 ve-

1747 5157 1866 5212 nire
1887 5153 1971 5213 vel
1997 5157 2322 5212 calumniam
2369 5157 2576 5212 inferre
2617 5156 2990 5226 temptaverit,
3046 5154 3334 5226 inferimus

1747 5249 1796 5303 ei
1831 5248 2055 5304 multam
2104 5249 2220 5304 auri
2256 5247 2450 5304 libram
2495 5261 2689 5313 unam;
2729 5261 2794 5302 ac
2819 5261 3059 5319 praesens
3087 5248 3332 5305 venditio

1743 5341 1894 5398 omni
1927 5351 2172 5412 tempore
2199 5349 2318 5395 rata
2341 5347 2681 5410 permaneat.
2718 5339 2913 5396 Actum
2944 5337 3201 5396 Caruotis
3227 5354 3331 5411 pu-

621 5409 788 5482 (Ante
811 5426 863 5466 θ·
893 5408 1045 5481 986-)
1705 5434 1908 5490 .blice.
1931 5408 2162 5506 Signum
2205 5408 2516 5488 Heldeberti
2545 5433 2866 5492 venditoris.
2897 5431 2958 5492 s.
2997 5408 3329 5492 Salomonis.

167 5513 260 5586 Ego
279 5520 327 5576 in
351 5522 440 5579 Dei
468 5525 685 5582 nomine
707 5525 1286 5593 Odo,Caruotensium
1307 5535 1521 5590 comes,
1546 5538 1644 5579 no-
1748 5526 1806 5582 S.
1835 5525 2155 5582 Amalberti.
2193 5525 2252 5582 S.
2279 5522 2546 5582 Teodulﬁ.
2579 5541 2598 5579 ι

118 5610 318 5667 lumesse
340 5617 576 5675 volumus
599 5619 850 5676 omnibus
883 5628 992 5674 tam
1011 5617 1543 5690 praesentibusquam
1558 5613 1644 5671 [ιι-
2643 5664 2645 5666 -
2681 5652 2722 5684 .s
2753 5634 2791 5680 Α
2854 5631 2876 5660 -‘-

572 5113 973 5171 CAPlTULUM
1012 5112 1132 5170 XV.

167 5221 227 5276 De
247 5238 371 5280 terra
384 5226 538 5296 Juxta
569 5229 869 5290 Buxedulo,
895 5228 1022 5282 data
1041 5227 1108 5282 ab
1140 5226 1380 5286 Δι’άαὶηο
1411 5225 1573 5281 utilite

330 5300 588 5353 monachis
615 5298 802 5354 Sancti
825 5297 995 5363 Petri,
1025 5299 1093 5353 ad
1125 5313 1360 5352 censum.

176 5798 298 5876 (121)
322 5805 390 5864 Ita
415 5807 515 5868 duo
543 5812 700 5870 codd.
727 5827 854 5871 casu
893 5787 1250 5872 nominativo.
1585 5796 1589 5800 ”

1815 5804 1966 5878 (tea)
1995 5802 2106 5860 Sic.
