3890 6302
560 382 660 437 239

1072 491 1467 553 CAPITULUM
1509 491 1668 546 XVII.

591 630 667 687 De
696 631 847 687 terris
872 629 1087 683 redditis
1110 626 1384 750 monaocZis
1421 622 1605 679 Sancti
1639 621 1781 677 Petri
1807 638 1842 675 α
1880 620 2105 691 prmule

1338 712 1454 749 one.

1338 712 1454 749 οηε.

1137 829 1299 902 (Ante
1323 843 1373 883 a.
1401 827 1558 899 986.)

630 989 647 1019 ι
686 970 743 1023 In
773 967 920 1039 “‘25)
942 965 1141 1022 Christi
1178 962 1416 1025 nomine,
1443 962 1561 1020 Odo
1585 962 1939 1021 Carnotensis
1963 963 2139 1020 eccle-

555 1062 651 1118 sia:
678 1060 939 1116 cathedra
967 1056 1313 1121 sublimatus,
1348 1064 1538 1110 notum
1565 1071 1684 1112 esse
1723 1055 1971 1111 volumus
2002 1056 2129 1111 ﬁliis

555 1159 757 1207 sancta:
791 1158 991 1207 nostrae
1040 1146 1299 1203 aecclesia:
1354 1156 1462 1203 tam
1501 1148 1842 1217 presentibus
1868 1164 2031 1219 quam
2059 1147 2140 1203 fu-

557 1242 713 1307 turis,
740 1241 864 1313 quia
895 1238 1027 1294 adiit
1077 1237 1408 1307 presentiam
1463 1248 1707 1294 nostram
1753 1240 1906 1295 turba
1947 1255 2138 1295 mona-

554 1337 802 1399 chorum,
826 1332 910 1389 cui
937 1343 1171 1402 praeesse
1188 1330 1399 1385 videtur
1420 1330 1697 1386 Wibertus
1715 1332 1935 1387 humilis
1948 1333 2136 1399 abbas,

554 1428 609 1482 in
642 1427 904 1483 suburbio
935 1426 1178 1498 ejusdem
1204 1422 1584 1494 urbisposita,
1621 1435 1677 1477 ιιι
1718 1424 1796 1478 eis
1826 1424 2135 1492 videbatur,

549 1517 798 1587 quaedam
830 1534 860 1573 a
887 1529 1074 1575 nostra
1116 1516 1531 1574 mansuetudine
1559 1529 1858 1584 exposcens
1903 1518 2138 1571 rationa‘

553 1611 703 1667 bilia.
750 1612 1143 1668 Reclamabant
1170 1611 1315 1666 enim
1347 1610 1448 1679 ipsi
1490 1607 1771 1673 monachi,
1803 1609 1855 1663 in
1889 1610 2135 1679 proximo

552 1703 718 1758 dictae
746 1703 1007 1769 civitatis,
1040 1702 1301 1774 quasdam
1326 1711 1498 1756 terras
1526 1710 1712 1755 nostro
1756 1701 2031 1773 episcOpio
2056 1703 2137 1759 in-

554 1797 865 1863 termittas,
906 1812 1045 1867 quas
1090 1797 1170 1852 eis
1217 1796 1519 1852 reddendas
1566 1810 1597 1848 a
1645 1803 1833 1849 nostra
1877 1797 2136 1866 religione

552 1902 899 1957 summopere
958 1886 1340 1957 deposcebant.
1413 1886 1509 1941 Set
1559 1899 1656 1940 nos
1713 1889 2132 1955 praecedentium

553 1977 713 2047 hujus
735 1979 878 2034 sedis
898 1978 1271 2049 episcoporum
1293 1990 1607 2049 sequentes,
1640 1996 1736 2051 pro
1764 1996 1942 2051 posse,
1976 1982 2139 2037 vcsti-

551 2071 662 2139 gia,
694 2070 785 2139 qui
820 2071 1049 2124 eundem
1096 2069 1270 2133 locum
1313 2070 1607 2124 sublimare
1639 2078 1713 2135 et,
1757 2082 1917 2141 prout
1957 2072 2135 2142 possi-

553 2162 658 2216 bile
674 2160 798 2227 fuit,
825 2159 1258 2231 possessionibus
1279 2160 1454 2215 ditare
1478 2161 1804 2227 maluerunt,
1832 2178 1937 2217 non
1964 2162 2135 2217 solum

550 2267 675 2323 qua:
704 2254 757 2306 in
790 2252 1062 2306 calumnia
1092 2259 1251 2305 erant
1280 2251 1568 2306 restituere
1588 2251 2030 2317 deliberavimus,
2054 2260 2137 2307 set

546 2345 713 2399 etiam
753 2359 873 2413 qua:
902 2361 969 2399 ex
1007 2354 1194 2399 nostro
1248 2344 1319 2399 ibi
1366 2346 1621 2417 contigua
1668 2354 1825 2400 erant
1859 2345 2136 2416 indulgere

548 2436 891 2511 censuimus;
917 2450 1037 2505 qua:
1071 2447 1126 2490 et
1152 2435 1257 2490 illis
1284 2437 1550 2507 stipendia
1577 2437 1787 2503 ﬁerent,
1823 2446 1878 2492 et
1907 2452 2006 2507 pro
2037 2452 2137 2492 n0-

551 2525 635 2579 l.is
666 2525 922 2596 omnique
948 2534 1095 2580 statu
1120 2536 1321 2581 nostra:
1343 2526 1601 2581 mcclesiae
1623 2527 1902 2581 cotidiana
1926 2528 2135 2582 oratio-

534 2631 680 2669 rnum
708 2616 777 2671 ab
811 2614 943 2684 ipsis
972 2615 1377 2685 impenderetur
1400 2630 1629 2672 merces.
1658 2615 1827 2672 Terra
1862 2626 2043 2672 autem
2071 2620 2137 2673 de

550 2719 654 2773 qua
707 2704 999 2773 loquimur,
1045 2720 1173 2774 pars
1202 2706 1449 2775 qnmdam
1490 2704 1735 2775 conjacet
1779 2708 1831 2761 in
1859 2706 1984 2763 villa
2016 2723 2137 2777 qua:

550 2794 748 2850 dicitur
778 2795 966 2851 Manus
988 2795 1231 2861 Villaris,
1258 2802 1314 2850 et
1339 2798 1663 2852 terminatur
1688 2813 1753 2852 ex
1776 2800 1985 2855 duabus
2013 2815 2137 2869 par-

553 2887 696 2941 tibus
720 2895 862 2941 terra
890 2886 1105 2942 Sanctae
1128 2887 1308 2942 Maria:
1336 2888 1403 2943 de
1427 2890 1586 2945 rebus
1622 2890 1848 2945 fratrum
1875 2892 2033 2947 dicta:
2052 2907 2139 2948 se-

552 2974 665 3038 dis,
716 2990 825 3029 nno
876 2975 1045 3030 latere
1088 2986 1231 3037 terra
1268 2979 1529 3049 episc0pii
1581 2991 1634 3035 et
1678 2980 1928 3049 fratrum,
1961 2982 2137 3038 altero

550 3061 721 3119 latere
752 3067 834 3120 via
864 3082 984 3136 qum
1014 3066 1161 3121 ducit
1190 3067 1256 3122 ad
1280 3068 1601 3125 Amiliacum
1635 3071 1836 3126 villam.

629 3170 647 3203 ι
684 3152 1061 3211 Concessimus
1084 3156 1247 3211 etiam
1273 3159 1372 3222 eis,
1392 3158 1457 3226 in
1481 3159 1654 3214 altero
1674 3160 1793 3217 loco
1822 3162 1911 3232 qui
1939 3163 2137 3219 dicitur

551 3241 788 3313 Campus
813 3244 994 3308 Follis,
1029 3234 1148 3314 quae
1170 3246 1269 3301 sub
1299 3256 1486 3303 nostra
1518 3249 1731 3305 dicione
1757 3253 1954 3319 partim
1984 3253 2136 3308 vide-

548 3334 746 3390 bamur
774 3335 993 3390 habere.
1018 3337 1148 3403 Quae
1180 3338 1345 3392 etiam
1382 3348 1524 3405 terra
1558 3341 1884 3397 terminatur
1916 3357 2022 3397 uno
2053 3344 2131 3397 la-

552 3440 666 3488 tere
698 3434 781 3488 via
815 3434 1051 3504 publica,
1086 3434 1257 3489 altero
1284 3434 1454 3491 latere
1498 3452 1669 3507 usque
1707 3438 1773 3493 ad
1816 3453 2133 3494 concessam

550 3527 852 3593 precariam
900 3540 1065 3596 quam
1119 3524 1361 3581 llerveus
1394 3535 1563 3593 tenet,
1612 3544 1719 3583 una
1768 3529 1946 3585 fronte
1991 3540 2135 3586 terra

513 3646 523 3651 —
548 3617 733 3673 Sancti
758 3617 894 3672 Piati
922 3628 975 3673 et
1008 3619 1073 3673 de
1098 3627 1369 3689 potestate
1410 3620 1727 3692 episcopali,
1756 3623 1927 3678 altera
1956 3622 2133 3681 fronte

550 3724 715 3781 prepe
738 3708 930 3763 vallem
961 3724 1082 3778 qua:
1109 3709 1309 3764 dicitur
1338 3710 1523 3765 Saneti
1554 3712 1844 3766 Caurauni.
1879 3712 2005 3769 Haec
2033 3714 2133 3784 igi-

550 3810 641 3852 tur
693 3802 876 3856 omnia
926 3802 1066 3856 sicut
1095 3802 1359 3871 premissa
1398 3812 1548 3869 sunt,
1585 3813 1771 3859 nostra
1811 3807 2133 3862 auctoritate

514 3930 521 3935 .
546 3902 603 3945 et
630 3907 898 3948 consensu
924 3892 1185 3949 zecclesia:
1218 3904 1435 3960 nostrte,
1464 3903 1572 3949 tam
1606 3895 1933 3952 clericorum
1964 3913 2128 3967 quam

509 4011 516 4018 ο
550 3984 834 4047 laicorum,
863 3984 943 4039 eis
968 3985 1348 4050 concedimus;
1383 3994 1436 4041 et
1467 3994 1526 4041 ut
1545 3997 1863 4057 perpetuam
1890 3989 2132 4044 obtineat

547 4075 897 4130 stabilitatem
930 4076 1261 4130 unanimiter
1286 4077 1658 4143 decrevimus;
1693 4086 1749 4131 et
1782 4087 1839 4132 ut
1874 4078 2131 4135 inviolato

548 4168 741 4222 robore
770 4177 1192 4231 conserventur,
1233 4167 1632 4238 subscriptione
1667 4184 1862 4224 manus
1898 4172 2129 4241 propriae

545 4260 896 4327 omniumque
921 4259 1157 4314 fidelium
1189 4268 1495 4313 nostrorum
1524 4261 1869 4316 adnotatione
1894 4263 2132 4317 correxi-

546 4367 689 4408 mus.
724 4351 780 4408 Si
811 4352 933 4421 quis
963 4361 1144 4406 autem
1166 4361 1351 4406 contra
1375 4351 1475 4406 hoc
1506 4350 1899 4406 beneficientiaa
1930 4361 2128 4407 nostra:

542 4444 745 4499 donum
787 4458 845 4498 se
881 4446 1157 4513 obponere
1215 4442 1472 4507 voluerit,
1519 4451 1613 4497 aut
1653 4458 1775 4497 eum
1833 4443 2126 4515 infringere

2162 1849 2209 1908 Β

1506 372 1710 430 PAULI
1750 370 1806 427 8.
1844 369 2045 425 PETRI
2084 367 2561 426 CARNOTENSIS
2601 366 2906 426 MONACHI
3703 378 3790 438 uo

2169 489 2217 547 Α

2718 482 3114 540 CAPITULUM
3155 482 3337 541 XVIII.

2242 597 2318 652 De
2324 600 2460 679 “loco
2509 598 2596 679 qui
2626 597 2855 679 Aurion,
2894 600 3046 667 vulgo
3082 597 3431 679 verojlvron,
3468 598 3590 679 dato
3623 602 3787 664 Sancto

2312 666 2568 791 Pelrobin
2606 666 2925 737 subjectione
2956 666 3113 739 atque
3165 668 3438 724 abbatibus
3483 668 3785 736 Carnotentir

2309 753 2455 793 anno
2492 753 2549 791 ιι.

2861 852 3041 923 (Anno
3075 852 3231 925 985.)

2316 986 2335 1020 ι
2372 966 2553 1023 Mundi
2581 966 2871 1024 terminum
2895 968 3245 1039 omniumque
3269 984 3391 1039 qua:
3414 968 3582 1038 ipsius
3608 986 3793 1047 compa-

2240 1057 2364 1129 gine
2394 1058 2741 1116 continentur
2770 1068 3188 1114 evanescentem
3221 1059 3509 1135 imminere
3539 1064 3791 1125 transitum

2239 1151 2579 1206 continuatio
2613 1150 2992 1222 multiplicium
3044 1159 3336 1206 atteStatur
3386 1152 3678 1224 signorum.
3705 1156 3794 1215 Nc.

2240 1244 2373 1299 mini
2412 1243 2594 1314 itaque
2627 1242 2985 1299 dill'erendum
3012 1258 3108 1299 seu
3150 1245 3682 1315 procrastinandum;
3720 1266 3796 1307 ne-

2240 1333 2370 1387 mini
2432 1336 2560 1391 dum
2617 1342 2799 1403 vacat,
2844 1337 2911 1390 de
2958 1336 3190 1405 propria:
3240 1335 3432 1392 salutis
3481 1337 3800 1399 acceleranda

2239 1425 2595 1481 conversione
2630 1424 3104 1495 dissimulandum,
3138 1425 3307 1482 immo
3332 1426 3399 1482 de
3455 1426 3641 1484 inolita
3665 1430 3797 1487 beni-

2238 1517 2443 1588 gnitate
2468 1515 2777 1572 Conditoris
2806 1517 2978 1571 nostri
3028 1516 3420 1572 miserabiliter
3451 1517 3796 1578 dilIidendum.

2239 1608 2503 1676 Quocirca
2559 1608 2884 1664 universalis
2938 1607 3202 1664 azcclesia:
3234 1608 3327 1664 Dei
3361 1624 3588 1679 presens
3636 1614 3799 1684 utique

2240 1716 2410 1755 necne
2429 1700 2608 1755 futura
2634 1716 2731 1769 per
2756 1699 3097 1756 succedentis
3116 1699 3215 1754 aevi
3248 1700 3667 1770 perpetuitatem
3700 1718 3803 1772 per-

2238 1792 2482 1863 penderit
2504 1792 2702 1847 milicia
2726 1791 2959 1862 qualiter
2984 1789 3067 1847 vel
3092 1792 3290 1861 quibus
3333 1789 3686 1848 facultatibus
3716 1810 3801 1866 ego

2240 1881 2490 1953 indignus
2523 1882 2849 1948 Rodberlus,
2910 1882 3225 1953 perlascivis
3272 1881 3486 1938 actibus
3544 1884 3802 1942 admodum

2242 1974 2560 2043 implicitus,
2593 1990 2691 2045 pro
2721 1974 3068 2045 ademptione
3090 1972 3376 2043 culparum
3414 1990 3510 2029 seu
3546 1976 3805 2048 adeptione

2248 2070 2614 2140 praemiorum,
2647 2070 2787 2125 intra
2827 2070 3003 2124 locum
3037 2068 3089 2123 in
3148 2068 3354 2123 honore
3389 2079 3665 2139 perpetuae
3701 2070 3805 2127 Vir-

2241 2160 2381 2230 ginis
2411 2176 2475 2215 ac
2506 2159 2773 2231 praecelsa:
2796 2159 2888 2213 Dei
2909 2158 3189 2230 genitricis
3216 2156 3550 2223 dedicatum,
3586 2160 3637 2214 in
3662 2159 3802 2217 Cino-

2242 2252 2493 2307 mannico
2514 2267 2651 2323 pago
2672 2252 2856 2319 situm,
2878 2250 2971 2323 qui
3001 2251 3203 2306 dicitur
3220 2250 3446 2315 Aurion,
3465 2251 3625 2322 vulgo
3649 2260 3809 2309 tamen

2241 2352 2581 2413 noncupante
2625 2342 2826 2409 Evron,
2855 2357 3018 2413 quem
3049 2357 3117 2397 ex
3142 2341 3408 2396 beneficio
3453 2342 3688 2398 senioris
3716 2344 3806 2399 mei

2239 2434 2456 2489 comitis
2506 2433 2731 2501 Odonis,
2775 2449 2901 2490 cum
2952 2433 3072 2489 aliis
3123 2432 3293 2489 multo
3344 2422 3718 2504 amplioribus,
3746 2445 3809 2490 te-

2249 2544 2379 2584 uere
2408 2526 2615 2594 videor,
2663 2536 2724 2583 ut
2751 2527 2817 2583 ab
2867 2526 3161 2598 antiquiori
3192 2527 3395 2593 fuerat,
3432 2526 3811 2582 monasterium

2241 2618 2374 2674 inibi
2408 2617 2540 2683 Deo,
2559 2618 2913 2689 magistrante
2936 2626 3092 2689 patre
3117 2616 3810 2683 Benedicto,servientium,

2240 2707 2607 2771 deliberando,
2638 2721 2737 2777 pro
2765 2707 2994 2771 viribus,
3036 2706 3280 2777 propicia
3314 2705 3632 2769 divinitate,
3675 2706 3815 2759 desu-

2245 2798 2507 2854 daverim.
2541 2797 2674 2852 Dum
2704 2797 2819 2851 hmc
2841 2796 3234 2868 igiturmecum
3257 2796 3492 2852 sollicita
3530 2804 3707 2849 mente
3731 2794 3814 2848 de-

2239 2889 2520 2945 liberando
2572 2888 2980 2959 pervolverem,
3030 2886 3359 2943 revolvendo
3416 2886 3811 2949 deliberarem,

2241 2989 2402 3050 atque
2423 2980 2475 3034 id
2500 2979 2675 3050 ipsum
2698 2976 2832 3033 eﬂici
2844 2978 2997 3046 juxta
3024 2976 3167 3032 vires
3197 2976 3562 3047 proprietatis
3591 2973 3818 3045 impossi-

2239 3074 2346 3129 bile
2368 3072 2481 3127 fore
2504 3072 2879 3136 decernerem,
2895 3068 3283 3125 monasterium
3312 3068 3606 3124 beatorum
3626 3075 3821 3137 aposto~

2239 3164 2415 3221 lorum
2442 3165 2586 3219 Petri
2614 3173 2667 3219 et
2693 3162 2868 3229 Pauli,
2895 3164 2947 3217 in
2973 3162 3286 3218 suburbana
3316 3160 3643 3217 Carnotinze
3665 3160 3818 3221 urbis,

2240 3257 2585 3327 speculativze
2631 3255 2756 3310 vitae
2810 3252 3074 3309 institutis
3124 3251 3383 3306 divinitus
3436 3252 3821 3311 innormatum,

2238 3363 2401 3420 opere
2430 3347 2660 3417 pretium
2700 3345 2827 3401 duxi
2885 3344 3083 3399 festiue
3112 3357 3177 3399 ac
3220 3342 3550 3413 suppliciter
3583 3352 3824 3412 expeten-

2239 3447 2405 3509 dum;
2455 3442 2807 3512 ejusdemque
2857 3437 3194 3502 archisterii,
3232 3437 3349 3508 _qui
3389 3445 3526 3490 tunc
3586 3440 3826 3506 praeerat,

2237 3532 2414 3602 magis
2447 3540 2627 3586 tamen
2658 3529 2938 3598 proderat,
2990 3525 3172 3580 abbati
3211 3534 3267 3579 et
3306 3525 3616 3594 provisori,
3643 3521 3826 3576 domno

2238 3624 2424 3694 utique
2450 3621 2700 3676 Wiberto
2728 3615 3050 3684 venerabili,
3099 3615 3268 3687 ipsius
3316 3630 3548 3685 quoque
3578 3612 3829 3667 lratribus

2237 3716 2435 3771 ibidem
2465 3714 2720 3769 alacriter
2776 3710 3138 3784 agonizando,
3164 3708 3276 3762 Deo
3304 3723 3408 3761 non
3470 3707 3583 3761 sibi
3614 3703 3828 3759 viventi-

2234 3806 2354 3869 bus,
2393 3805 2499 3859 mei
2531 3803 2694 3858 animi
2740 3802 3010 3859 diutinum
3054 3806 3224 3868 atque
3259 3798 3513 3853 votivum
3548 3812 3620 3851 ex
3653 3794 3828 3851 intimo

2233 3900 2462 3971 patefeci
2500 3897 2857 3953 desiderium.
2888 3892 3231 3963 Complacuit
3259 3908 3389 3963 ergo
3414 3902 3643 3948 mterno
3672 3900 3727 3946 et
3754 3890 3823 3942 in-

2234 3989 2601 4047 commutabili
2617 3983 3005 4058 omnipotentis
3020 3984 3231 4038 Domini
3250 3985 3420 4039 nostri
3438 3984 3621 4040 Jhesu
3639 3980 3829 4038 Christi

2234 4082 2460 4137 consilio
2484 4081 2760 4135 dominum
2779 4094 2984 4147 meum,
3007 4079 3195 4148 utique
3220 4076 3503 4140 Odonem,
3524 4073 3696 4129 simul
3720 4085 3832 4126 cum

2233 4193 2330 4233 sua
2380 4184 2554 4231 matre
2601 4174 2903 4245 Ledgarde,
2964 4172 3278 4244 pariterque
3326 4171 3633 4224 dominam
3667 4178 3834 4221 meam

2232 4270 2473 4335 Bertam,
2520 4266 2688 4337 ipsius
2721 4280 2877 4335 atque
2921 4262 3224 4333 conjugcm,
3276 4260 3404 4315 huic
3441 4258 3729 4315 voluntati
3761 4253 3835 4308 vel

2230 4359 2611 4419 deliberationi
2650 4373 2785 4413 mea:
2818 4355 3193 4413 favorabiliter
3238 4350 3682 4412 consentiendo,
3710 4361 3833 4402 con-

2232 4467 2483 4519 currere;
2528 4452 2857 4521 eosdemque
2878 4450 3043 4504 etiam
3075 4460 3283 4502 mecum
3312 4444 3539 4513 praefati
3573 4443 3679 4497 loci
3706 4440 3836 4493 "au-

545 4538 922 4606 temptaverit,
974 4542 1251 4606 perpetua:
1326 4533 1724 4589 maledictionis
1770 4534 2127 4601 {confodiatur
2158 4556 2204 4611 ι)
2232 4546 2349 4602 rion
2383 4544 2704 4607 οι-ειιοιιίιιιη,
2733 4541 2846 4612 jam
2895 4540 3213 4612 praescripto
3252 4537 3619 4591 xcnodochio
3666 4530 3835 4602 (i‘ZI).

542 4626 916 4691 anathemate,
980 4634 1299 4696 partemque
1348 4639 1473 4679 cum
1526 4624 1610 4679 bis
1652 4624 1869 4690 habeat,
1906 4627 2128 4682 aeternis

540 4722 792 4774 detrusus
833 4717 1126 4780 incendiis,
1157 4717 1249 4785 qui
1284 4717 1538 4771 dixerunt
1570 4716 1799 4771 Domino
1827 4718 1937 4771 Deo
1968 4734 1982 4769 :
2018 4716 2125 4772 Re-

500 4812 659 4865 -rede
710 4827 742 4863 a
792 4809 956 4871 nobis,
1008 4807 1279 4861 scientiam
1338 4808 1544 4859 viarum
1596 4816 1807 4860 tuarum
1857 4806 2119 4861 nolumus.

538 4903 769 4975 Signum
792 4902 998 4957 Odonis
1026 4898 1291 4971 praesulis.
1321 4896 1381 4953 S.
1408 4897 1657 4969 Suggerii
1687 4899 1897 4954 deeani.
1927 4898 1984 4953 S.
2014 4900 2123 4954 llu-

537 4996 695 5062 gonis
754 4991 1176 5063 archiepiscopi.
1237 4990 1296 5044 8.
1346 4989 1640 5047 Ᾰτιιιςοιιὶε.
1695 4989 1753 5045 8.
1819 4991 2115 5047 Fulcherii.

537 5090 599 5146 8.
646 5089 911 5159 Ilelgaldi.
944 5090 1005 5143 S.
1042 5087 1271 5144 Giraldi.
1317 5086 1375 5141 8.
1410 5086 1684 5142 Widonis.
1735 5086 1793 5143 8.
1844 5088 2119 5145 Aimerici.

496 5179 597 5235 'S.
636 5180 869 5235 Rodulli.
918 5180 988 5236 8.
1048 5180 1286 5234 Attonis.
1335 5179 1393 5234 8.
1444 5178 1703 5235 Alcherii.
1758 5179 1818 5235 S.
1874 5180 2119 5252 Wigerii.

536 5271 596 5327 8.
626 5271 903 5327 Gelduini.
931 5271 990 5327 S.
1016 5271 1344 5325 Aremberti.
1377 5268 1435 5323 8.
1462 5269 1721 5325 Hilduini.
1754 5270 1811 5327 8.
1837 5271 2119 5329 Johannis.

492 5363 597 5417 ’8.
637 5364 875 5419 llerivei.
933 5366 991 5421 8.
1039 5366 1235 5420 Adam.
1295 5365 1353 5420 S.
1401 5366 1653 5421 Ardradi.
1697 5367 1757 5423 8.
1820 5368 2117 5425 Lamberti.

537 5455 594 5509 8.
626 5457 910 5512 Bernardi.
939 5457 998 5513 S.
1032 5458 1295 5513 Dodonis.
1332 5459 1390 5513 8.
1422 5458 1697 5514 Fulconis.
1749 5461 1808 5515 S.
1859 5461 2117 5517 Odilardi.

536 5548 593 5597 S.
632 5548 895 5605 Romaldi.
929 5548 987 5604 S.
1018 5550 1225 5605 Alonis.
1252 5550 1309 5605 8.
1344 5550 1535 5605 Ysaac.
1568 5551 1625 5606 S.
1659 5552 1884 5621 angisi.
1927 5573 1943 5602 ι

634 5725 752 5791 193)
818 5725 1040 5793 Vulgata
1095 5725 1147 5779 in
1206 5725 1291 5779 Gai

609 5793 751 5862 (lii)
785 5792 1195 5851 Xenodochium.
1229 5797 1291 5853 A.

2231 4635 2428 4693 summi
2495 4633 2764 4705 privilegii
2820 4631 3191 4703 apostolorum
3260 4627 3547 4699 perhenni
3601 4627 3836 4686 ditioue,

2228 4727 2545 4800 subiugasse
2572 4738 2625 4785 et
2649 4726 2990 4798 subjugando
3003 4723 3371 4787 concessisse;
3407 4720 3694 4777 convenit
3715 4731 3836 4787 quo-

2226 4839 2331 4894 que
2352 4824 2465 4893 jam
2489 4821 2805 4892 pradictum
2830 4820 3000 4875 beatae
3029 4814 3307 4872 memoria:
3333 4814 3615 4869 abbatem
3644 4828 3711 4867 ex
3736 4809 3836 4864 suis

2228 4917 2527 4970 monachos
2580 4910 3037 4973 contuberniales,
3089 4907 3245 4976 juxta
3292 4905 3686 4976 professionis
3738 4914 3836 4957 sua!

2229 5020 2498 5070 normam,
2534 5003 2604 5058 ad
2634 5001 3005 5057 famulandum
3051 4997 3164 5051 Deo
3207 4996 3442 5066 ejusque
3474 4996 3737 5050 inlibatae
3784 5005 3834 5043 ac

2227 5106 2498 5168 perpetuae
2552 5096 2802 5169 genitrici
2859 5094 3110 5150 devotius
3158 5091 3579 5155 assistentium,
3644 5088 3834 5145 adibito

2227 5190 2501 5244 communi
2558 5188 2785 5243 consilio
2840 5186 3091 5251 fratrum,
3132 5184 3433 5239 direxisse.
3472 5182 3605 5254 Ego
3642 5192 3834 5244 autem,

2228 5283 2281 5336 in
2312 5280 2720 5349 recuperatione
2768 5279 2936 5349 ipsius
2982 5277 3088 5331 loci
3138 5277 3253 5330 sive
3276 5276 3328 5328 in
3360 5274 3651 5329 alimonia
3677 5289 3771 5337 seu
3796 5272 3834 5323 in

2226 5373 2496 5427 vestiariis
2518 5369 2875 5433 fratrun:,tvel
2896 5368 3238 5438 susceptione
3263 5365 3565 5435 hospitum
3580 5406 3597 5430 ,
3613 5380 3713 5419 seu
3736 5362 3834 5431 qui-

2223 5464 2460 5520 buslibet
2487 5460 2923 5519 necessitatibus
2939 5458 3240 5529 explendis,
3267 5465 3437 5528 prout
3463 5456 3659 5526 potui,
3677 5454 3833 5509 eidem

2226 5552 2615 5612 monasteriolo
2637 5553 2691 5611 in
2716 5550 3126 5624 praesentiarum
3153 5546 3368 5604 restitui
3386 5544 3834 5614 rcstituendiqut

818 5722 1040 5796 Yulgala
1095 5724 1147 5779 in
1206 5723 1346 5782 Gall.
1398 5726 1619 5794 Christ,
1677 5736 1714 5784 t.
1770 5727 1901 5796 VIII,
1954 5728 2106 5793 inst.,
2150 5735 2252 5787 col.
2283 5732 2409 5788 293.
