3842 6308
86 393 172 448 Ill
982 384 1218 443 VETUS
1253 384 1510 444 AGANO.
1545 415 1616 428 -—
1659 384 1788 442 LIB.
1823 384 1912 442 Ν.
1951 380 2361 442 GISBERTUS.
3203 387 3319 446 at?

86 524 114 560 ν
131 516 247 558 num
270 511 441 564 teneo.
471 501 660 557 tenebo
677 507 745 555 et
768 499 939 560 tenui.
970 497 1090 568 Quo
1113 499 1313 570 abbate
1339 499 1482 554 intra
1505 512 1631 569 gre-
1659 498 1708 554 A
1731 495 1958 562 ordinis,
1991 511 2155 553 sexus
2175 494 2259 550 vel
2281 492 2583 567 dignitatis,
2615 496 2942 570 quicumque
2968 501 3126 572 hujus
3154 516 3310 559 secn-

86 595 231 652 rnium
285 592 506 664 placida:
527 591 761 665 regionis
807 599 1050 663 recepto,
1084 591 1254 662 ipsius
1285 589 1630 646 nichilbom'i-
1733 589 1910 644 ritatis
1927 587 2142 645 evulsor
2169 587 2248 643 vel
2279 586 2533 644 etl‘ractor
2559 589 2850 660 persistere
2875 594 3314 661 praesumpserit,

87 704 170 744 nus
213 701 596 751 successorem,
634 686 896 741 domuum
949 685 1204 740 videlicet
1249 692 1306 739 et
1351 683 1632 739 imitabilis
1733 680 1786 736 in
1815 679 2065 752 praesenti
2096 679 2313 749 quidem
2357 694 2484 734 cum
2521 678 2696 746 Giezi,
2727 692 3034 738 mercatore
3079 681 3312 750 fraudis,

85 781 189 833 vitta
209 777 506 834 Cisbertum
534 778 805 842 abbatem,
835 777 1061 847 supplex
1083 791 1151 831 ac
1177 776 1408 832 devotus
1429 775 1632 845 suppli-
1732 769 2201 842 participationem
2249 767 2498 838 adeptus,
2571 769 2902 826 mternaliter
2950 780 3130 826 autem
3188 787 3324 840 cum,

85 878 216 924 cstor
239 867 457 938 expetii,
496 876 555 921 ut
579 882 744 921 unum
775 881 842 921 ex
881 866 998 921 suis
1037 865 1364 924 monachum
1409 864 1633 920 benedi-
1733 860 1943 916 Dathan
1966 867 2022 914 et
2049 857 2252 913 Abiron
2285 856 2586 913 tenebrosis
2611 855 2932 926 caliginibus
2951 859 3310 932 mancipatus,

83 960 232 1016 cendo
259 958 309 1012 in
348 957 608 1030 praedicto
628 956 928 1014 oratoriolo
952 956 1207 1012 abbatem
1251 955 1630 1012 snbstitueret.
1735 958 1865 1005 tunc
1921 947 2135 1004 veniam
2165 955 2530 1016 consequatur
2567 947 2784 1018 quando
2810 958 3200 1012 consecuturus
3231 958 3315 1005 est

84 1051 210 1118 Quod
235 1049 406 1121 primo
429 1048 648 1119 quidem
683 1047 896 1112 abnuit,
941 1048 1162 1103 tandem
1198 1045 1495 1118 aliquando
1525 1044 1634 1101 mei
1734 1038 1999 1096 diabolus.
2023 1035 2460 1108 Obsecroitaque
2480 1037 2822 1094 clementiam
2846 1053 3032 1111 regum
3053 1041 3317 1096 omnium-

82 1145 220 1200 etiam
242 1142 416 1198 domui
441 1141 690 1212 meisque
709 1138 1138 1196 commilitonum
1151 1153 1367 1208 quoque
1388 1151 1634 1192 meorum
1734 1145 1842 1202 que
1873 1132 1926 1187 in
1959 1131 2176 1190 Christo
2207 1133 2552 1203 dignitatum,
2605 1139 2684 1196 ut,
2720 1133 2764 1187 si
2808 1131 3155 1203 subsequenti
3202 1147 3318 1189 aevo

81 1233 394 1306 precibus,ut
419 1232 831 1289 eratbenivolus
853 1239 1020 1303 atque
1041 1229 1633 1296 exorabilis,devictns,
1737 1222 1903 1294 (quod
1931 1221 2093 1290 absit,
2119 1225 2263 1295 quod
2289 1224 2496 1294 utique,
2522 1231 2583 1277 ut
2615 1221 2877 1290 creditur,
2900 1222 3096 1298 aberit)
3123 1224 3318 1299 aliquis

84 1324 392 1381 assentiendo
427 1325 572 1396 quod
607 1324 934 1396 suppliciter
963 1337 1345 1389 exoraveram,
1402 1323 1637 1394 benigne
1737 1315 1877 1369 abba
1906 1313 1959 1368 in
1988 1313 2311 1370 Carnotensi
2369 1310 2617 1369 coenobio
2671 1313 2979 1381 emerserit,
3035 1317 3125 1386 qui
3155 1333 3316 1390 supra

83 1415 348 1486 supplevit;
408 1430 475 1471 ea
505 1414 720 1472 scilicet
763 1415 948 1471 domn]
998 1414 1126 1478 mel,
1161 1429 1249 1471 me
1274 1411 1632 1485 deprecante,
1737 1404 1998 1474 scriptum
2029 1401 2269 1459 Haurion
2294 1401 2758 1469 monasteriolum,
2781 1404 3044 1461 existente
3069 1407 3186 1465 sine
3208 1411 3318 1466 Deo

83 1503 386 1574 promulgata
447 1504 783 1570 conditione,
843 1505 975 1575 regii
1042 1506 1268 1574 insuper
1337 1517 1639 1560 consensus
1738 1494 2052 1566 cupiditate,
2103 1510 2224 1566 qua:
2268 1509 2365 1549 sua
2417 1503 2562 1562 sunt,
2596 1508 2704 1548 non
2731 1509 2850 1564 qua:
2895 1495 3062 1556 Jhesu
3091 1499 3318 1566 Christi,

83 1596 339 1652 accedente
395 1595 778 1662 immunitate,
831 1595 1267 1653 conformidabili
1320 1595 1636 1666 pontiﬁcum
1739 1601 1997 1658 querens,
2034 1587 2280 1644 desolare
2308 1585 2560 1648 voluerit,
2602 1584 2809 1640 nullum
2855 1589 2908 1644 in
2936 1594 3320 1661 prosecutione

84 1685 522 1750 interminatione,
574 1683 798 1741 decreto
829 1699 1048 1756 quoque
1081 1694 1190 1740 tam
1221 1684 1638 1742 mcelesiastica-
1738 1679 1982 1737 obtineat
2009 1676 2282 1751 ellectum,
2308 1687 2364 1740 et
2391 1680 2571 1753 sepius
2596 1681 2798 1740 dictum
2831 1682 3095 1740 stabiliter
3108 1699 3321 1754 perma-

83 1792 182 1833 rurn
207 1791 360 1848 quam
387 1777 734 1833 saecularium
768 1784 1123 1848 potestatum,
1164 1791 1273 1831 una
1303 1791 1428 1832 cum
1471 1777 1638 1832 totius
1667 1844 1705 1850 _
1741 1783 1869 1831 neat
1894 1774 2281 1832 ccenobiolnm.
2315 1774 2384 1834 Ut
2415 1786 2597 1833 autem
2633 1778 2793 1850 hujus
2819 1776 3128 1834 securitatis
3155 1791 3320 1832 causa

85 1844 396 1938 plebis-scito,
426 1877 489 1924 ut
509 1883 645 1939 sepe
667 1844 842 1922 dictus
867 1867 1108 1924 Haurion
1129 1867 1280 1924 locus
1304 1882 1404 1938 pro
1422 1868 1638 1924 traden-
1667 1844 1712 1905 Β
1741 1866 2127 1939 perpetualiter
2155 1867 2423 1922 consistat
2449 1844 2786 1934 incunvulsa,
2825 1865 3110 1938 suggillata
3143 1864 3321 1938 ι)ωηί-

57 1957 151 2011 ‘dis
181 1957 666 2022 benedictionibus,
693 1956 780 2011 vel
803 1957 1204 2014 substituendis
1229 1956 1542 2022 abbatibus,
1583 1959 1636 2014 in
1749 1965 1825 2016 ‘.us
1857 1957 2021 2013 totius
2047 1956 2255 2013 fraudis
2283 1957 2368 2014 vel
2389 1955 3323 2030 calumpnitecontroversia,domno

86 2056 314 2118 potestate
343 2049 557 2119 praelati
581 2050 898 2106 arcbisterii
929 2048 1204 2121 suppremi
1231 2049 1402 2119 apicis
1423 2057 1640 2120 aposto-
1738 2063 1860 2104 meo
1893 2047 2084 2114 obtuli,
2109 2048 2230 2104 duci
2267 2063 2484 2119 quoque
2513 2049 2820 2120 ceterisque
2852 2048 2905 2104 in
2934 2047 3154 2102 Christo
3183 2059 3312 2116 pro-

86 2138 251 2202 lorum,
275 2137 520 2209 ejusdem
575 2139 678 2194 loci
708 2139 1031 2210 provisoris,
1079 2136 1474 2210 perpetualiter
1509 2151 1638 2207 per-
1739 2142 1975 2211 ceribus,
2001 2143 2495 2208 corroborandam;
2524 2141 2835 2212 placuitque
2872 2149 3032 2210 atque
3059 2136 3314 2193 convenit

87 2238 284 2294 maneat,
310 2231 510 2302 quippe
537 2245 572 2286 a
600 2246 709 2302 quo
727 2247 838 2287 sum
859 2229 1292 2300 recuperationis
1311 2243 1408 2286 seu
1436 2228 1640 2284 iustau-
1743 2235 1960 2290 tandem
1993 2234 2044 2289 in
2070 2241 2300 2304 utroque
2328 2233 2449 2289 loco
2488 2248 2596 2288 uno
2626 2242 2813 2287 tenore
2837 2231 3136 2299 eademque
3163 2225 3320 2283 habi-

87 2320 279 2375 rationis
303 2336 584 2378 summam
612 2322 777 2378 habet
811 2331 868 2378 et
897 2321 1248 2392 principium.
1283 2318 1424 2391 Sepe
1449 2319 1639 2390 scripti
1742 2327 1925 2382 tudine
1953 2327 2316 2398 conscriptam
2346 2325 2634 2382 contineri.
2677 2325 2902 2399 Signum
2947 2321 3189 2394 llugonis
3219 2320 3320 2373 dn-

89 2412 242 2480 utique
267 2411 510 2471 llaurion
564 2411 859 2470 emnobioli
917 2412 1172 2468 abbatem
1223 2410 1606 2467 Carnotensiur

1806 2437 1842 2474 ς.
1900 2419 1955 2474 S.
2011 2417 2213 2474 Odonis
2242 2419 2479 2474 comitis.
2532 2416 2592 2472 S.
2637 2415 2901 2488 Hugonis,
2936 2422 3136 2469 sanctae
3175 2409 3323 2482 (125)

87 2513 229 2572 νειοῖο
273 2520 432 2576 quem
517 2508 820 2562 secundum
891 2504 1213 2572 decreverit,
1293 2501 1642 2574 subrogando
1742 2508 2098 2566 Bituricensis
2135 2506 2556 2579 archipraesulis.
2591 2505 2651 2563 S.
2689 2504 2971 2577 Letgardis
3012 2500 3325 2584 comitissae.

91 2591 358 2662 substituat,
405 2596 712 2652 accedente
761 2595 818 2650 in
869 2609 1036 2650 unum
1094 2607 1317 2648 suorum
1359 2593 1605 2664 ulriusqu

1877 2600 2054 2656 Bertae
2113 2600 2427 2656 comitissae.
2500 2597 2560 2654 S.
2635 2596 2916 2654 Gauzfridi
2970 2592 3325 2650 vicecomitis.

91 2683 190 2749 loci,
211 2685 429 2743 fratrum
457 2702 736 2744 consensu
771 2685 932 2744 simul
961 2700 1085 2743 cum
1108 2684 1374 2740 electione
1396 2684 1608 2755 ejusdcr

1830 2690 2069 2762 llugonis
2117 2691 2183 2746 de
2234 2689 2358 2745 villa
2389 2689 2617 2760 ,Aloyae.
2640 2685 2700 2743 S.
2727 2686 2974 2742 Huberti.
2999 2679 3327 2754 Avesgaudi.

92 2774 233 2830 locelli
261 2776 571 2834 defensoris
597 2777 681 2834 vel
728 2776 1000 2844 advocati,
1024 2775 1071 2832 si
1097 2775 1315 2846 quidem
1344 2775 1437 2830 Dei
1467 2775 1644 2830 zelum
1750 2784 1808 2840 S.
1845 2783 2139 2839 Fulcherii.
2168 2781 2230 2838 S.
2259 2780 2536 2838 Landrici.
2566 2779 2626 2837 S.
2659 2777 2942 2848 Helgaudi.
2971 2772 3328 2836 S.Rodberti,

93 2871 317 2937 rapuerit;
349 2871 466 2942 ipse
485 2880 676 2927 autem
692 2871 978 2928 ordinatus
998 2869 1051 2924 in
1078 2868 1370 2940 prmsentia
1401 2869 1646 2924 suiordi-
1745 2875 1838 2947 qui
1897 2877 2042 2931 hanc
2097 2874 2552 2944 conscriptionem
2590 2870 2709 2927 fieri
2741 2868 2926 2941 jussit.
2947 2866 3008 2922 S.
3059 2862 3325 2936 Suggerii.

93 2962 263 3018 tutoris
281 2961 361 3018 vel
390 2963 596 3033 patris,
624 2979 732 3019 non
756 2964 1032 3033 prioratus
1057 2961 1141 3017 vel
1189 2960 1520 3032 aequalitatis
1547 2976 1608 3018 se

1839 2965 2079 3022 Rotroci.
2123 2963 2182 3021 S.
2212 2963 2497 3022 Harduini.
2526 2963 2586 3020 S.
2622 2962 2914 3022 Teudonis.
2953 2959 3015 3017 S.
3065 2955 3327 3016 Gilduini.

95 3052 337 3118 parililatis
357 3054 569 3123 locum,
591 3066 675 3112 set
685 3055 920 3126 iunioris
933 3061 989 3110 et
1015 3051 1260 3124 discipuli
1285 3051 1645 3108 humilitatem
1749 3057 1810 3116 S.
1840 3058 2009 3114 Isaac.
2047 3078 2068 3112 ι

94 3145 664 3220 attendat,omnemque
687 3148 864 3204 eidem
897 3144 1317 3215 subiectionem,
1342 3145 1643 3201 secundum
1673 3187 1716 3246 ο
1820 3149 2064 3218 Quantas
2093 3147 2337 3205 invenire
2375 3147 2526 3219 potui
2579 3157 2782 3215 cartas,
2811 3146 2911 3203 sub
2939 3152 3182 3212 tempore
3213 3139 3331 3196 Wi-

96 3233 122 3286 ia
137 3236 638 3298 stitutionemsancti
653 3239 946 3306 Benedicti,
962 3238 1140 3295 vicino
1153 3238 1494 3296 obmdientiae
1509 3239 1648 3310 pede
1676 3233 1716 3246 “”
1749 3241 1893 3299 herti
1923 3242 2137 3298 abbatis
2160 3241 2411 3312 scriptas,
2440 3241 2494 3294 in
2529 3240 2630 3297 hoc
2672 3236 2936 3311 opusculo
2967 3251 3065 3308 per
3088 3233 3332 3292 ordinem

95 3327 294 3395 ωῑδεεικ
326 3330 1072 3403 Pareat,inquam,jubenti,
1103 3330 1446 3401 obtemperet
1475 3329 1646 3400 impe-
1746 3334 1972 3406 scripsi;
2010 3348 2152 3388 nunc
2207 3343 2388 3388 autem
2441 3332 2728 3404 aggrediar
2777 3330 3020 3387 scribere
3071 3341 3166 3382 eas
3214 3337 3336 3394 qua:

97 3418 226 3471 ηυῑί·
251 3417 302 3475 εί
327 3437 455 3494 ergo
507 3423 900 3495 ιϐτεῑνθΐεεῑοῐ
927 3430 1022 3478 alii
1062 3421 1391 3493 inpugnalor
1418 3421 1644 3492 ειιρίθηε
1751 3427 1919 3484 michi
1948 3427 2202 3482 videntur
2229 3424 2389 3480 editae
2433 3423 2672 3480 Gisberti
2701 3423 2914 3480 abbatis
2939 3419 3040 3477 sub
3068 3426 3332 3487 tempore.

95 3504 1644 3584 existere(quodabsitl)diaboliell‘ectusimitator,decollo
1751 3517 1892 3594 [Hoc
1937 3525 2117 3572 autem
2166 3513 2290 3570 volo
2318 3516 2458 3572 scire
2509 3517 2796 3588 legentem,
2838 3514 2982 3585 quod
3029 3511 3113 3567 vir
3140 3509 3335 3566 beatus

96 3595 354 3668 suojugum
373 3601 580 3658 debitae
595 3601 943 3670 subiectionis
965 3601 1270 3670 procaciter
1280 3610 1538 3657 excutere
1549 3616 1613 3658 vo

1821 3609 2028 3665 ibertus
2060 3607 2298 3662 moriens
2333 3605 2498 3676 jussit
2519 3623 2716 3677 corpus
2742 3624 2899 3672 suum
2931 3605 3056 3678 poni
3101 3604 3156 3660 in
3183 3617 3335 3658 com-

98 3681 243 3755 luerit,
281 3693 810 3750 escommunicetur.
834 3694 986 3762 Quod
1004 3695 1052 3750 si
1074 3694 1253 3750 adhuc
1286 3693 1567 3764 improbus
1587 3693 1615 3750 in

1816 3699 1902 3754 uni
1952 3697 2254 3770 poliandro,
2292 3700 2478 3755 dicens
2531 3699 2675 3770 quod
2705 3699 2845 3762 intra
2881 3693 3333 3751 ecclesiam-dum

99 3788 175 3829 sua
197 3782 476 3847 perstiterit
507 3785 835 3856 pertinacia,
849 3787 1174 3857 deponatur,
1197 3784 1483 3856 eidemque
1505 3785 1646 3842 alius
1749 3798 2028 3862 ponuntur
2071 3802 2300 3857 corpora
2349 3799 2717 3862 peccatorum,
2749 3796 3015 3860 augentur
3036 3787 3089 3840 in
3119 3783 3334 3840 inferno

101 3865 400 3942 subrogetnr,
425 3877 712 3946 praeclaris
733 3887 898 3950 atque
955 3877 1276 3936 victricibus
1296 3879 1643 3936 oboedientiae
1747 3896 1921 3956 pmttte
1944 3879 2248 3937 animarum
2283 3879 2522 3956 eorum.]

101 3961 235 4019 armis
283 3967 472 4026 melius
527 3969 852 4028 instructus.
905 3971 1021 4043 Ipse
1075 3987 1205 4029 vero
1235 3981 1329 4026 aut
1357 3971 1646 4042 cujuslibet

155 4095 284 4171 (l35)
309 4100 494 4175 Suppl.
533 4104 808 4162 Ecclesia.

1076 4419 1495 4536 LIBER
1606 4417 2269 4550 QUARTUS

1622 4643 1760 4690 ειη

931 4787 1658 4881 GISBERTI
1768 4787 2439 4880 ABBATIS

1140 4983 1245 5058 (Ab
1281 4998 1426 5043 anno
1456 4985 1562 5043 984
1585 4985 1651 5040 ad
1682 4999 1884 5040 annum
1914 4983 2137 5042 circiter
2165 4981 2349 5055 1001.)

1486 5161 1937 5178 _—_-————o

621 5241 1018 5304 CAPITULUM
1055 5247 1096 5302 l.
1678 5251 1731 5312 ι)
1759 5249 1895 5316 rius,
1925 5245 2170 5319 propicia
2220 5242 2504 5300 divinitate
2549 5254 2665 5296 rex.
2719 5235 2871 5294 Sicut
2907 5238 2972 5296 de
3005 5235 3340 5294 tabernaculi

216 5357 222 5364 ·
310 5341 384 5397 De
405 5341 673 5416 priuilegio
697 5359 730 5397 a
766 5357 884 5411 rege
908 5340 1179 5398 Clothorio
1202 5341 1435 5412 firmato.
1761 5339 1949 5412 gloriae
1983 5338 2076 5394 Dei
2109 5338 2305 5394 decore
2346 5335 2400 5391 in
2431 5331 2685 5404 presenti
2720 5329 2918 5389 saeculo
2951 5330 3340 5402 cogitantibus,

686 5433 867 5508 (Anno
898 5433 1053 5504 985.)
1762 5431 1816 5487 in
1840 5430 2005 5485 domo
2025 5427 2348 5485 aeternitatis
2373 5425 2545 5496 ipsius
2575 5423 2700 5479 vitae
2725 5430 3004 5479 reseratur
3037 5421 3235 5488 aditus,
3266 5420 3340 5475 ita

176 5525 191 5538 '
215 5539 232 5572 ι
260 5522 312 5578 ln
345 5525 491 5598 (126)
517 5526 735 5582 nomine
761 5534 964 5582 sanctte
987 5532 1045 5581 ct
1087 5524 1381 5583 individua:
1407 5525 1656 5582 Trinita-
1764 5519 2008 5590 ejusdem
2038 5517 2430 5588 pervasoribus
2458 5514 2646 5587 procul
2678 5513 2844 5571 dubio
2873 5511 2927 5568 in
2954 5510 3151 5567 inferni
3177 5509 3342 5564 bara-

127 5608 197 5678 lis,
223 5613 384 5675 Patris
406 5619 681 5687 videlicet,
707 5619 832 5676 Filii
861 5627 918 5674 et
945 5616 1186 5692 Spiritus
1214 5618 1410 5675 sancti.
1441 5617 1664 5674 Clotha-
1763 5621 1852 5667 tro
1893 5617 2170 5682 perpetua:
2207 5607 2400 5663 mortis
2447 5605 2658 5678 patebit
2701 5606 3006 5680 ingressus;
3051 5601 3176 5658 huic
3223 5599 3342 5672 spei

188 5768 315 5842 (lib)
339 5771 536 5833 Publici
575 5776 716 5851 juris
763 5777 907 5835 facta
943 5786 1026 5834 est
1070 5778 1185 5835 hac
1215 5777 1405 5835 charta
1438 5777 1494 5835 iu
1521 5773 1663 5832 Gali.
1697 5772 1922 5842 Christ,
1953 5781 1994 5829 t.
2020 5770 2155 5842 Vill,
2188 5773 2380 5841 instr.,
2412 5769 2515 5829 col.
2543 5768 2670 5830 294.
