3890 6302
541 403 648 460 εδδ

1432 393 1639 452 PA'ULI
1671 392 1730 449 S.
1771 388 1979 448 PETRI
2016 385 2500 447 CARNOTENSIS
2539 381 2848 442 MONACHI

3693 371 3794 431 ω

541 515 772 574 tldeliter
828 513 1169 570 inconbendo
1221 510 1475 568 invisibili
1525 510 1755 566 veritate
1797 509 2116 580 gaudemus,
2147 509 2196 566 Α
2221 505 2429 561 cunctis
2475 503 2669 559 ﬁnibus
2699 515 2879 558 rerum
2925 498 2977 555 in
3009 492 3276 553 universis
3321 489 3663 550 comitatibus
3691 493 3797 550 sive

542 609 670 665 huic
715 607 1014 664 inherendo
1060 606 1359 661 ﬁrmamnr.
1412 603 1750 674 Quapmpter
1797 598 2124 656 universalis

543 701 636 756 Dei
665 699 925 755 tecclesia:
966 698 1205 754 omnium
1243 696 1475 752 ﬁdelium
1525 703 1964 763 nostrorumque,
2013 699 2122 746 tam

542 793 887 864 prtesemium
939 808 1101 864 quam
1166 787 1475 848 succedenti
1531 786 1730 842 s:eculo
1782 786 2122 851 futurorum,

543 887 758 942 noverit
805 887 893 957 pia
943 885 1211 954 sagacitas
1267 882 1393 952 quia
1465 879 1650 935 ﬁdeles
1701 879 1872 935 nostri
1945 878 2121 950 regni,

542 974 658 1032 Odo
695 975 906 1032 scilicet
939 973 1357 1031 Carnotensium
1394 969 1623 1042 praesul,
1669 979 1832 1040 atque
1871 967 2125 1025 illustris-

542 1069 714 1124 simus
740 1083 922 1124 comes
965 1067 1136 1122 fidelis
1167 1074 1355 1121 noster
1383 1080 1448 1120 ac
1489 1064 1631 1120 inter
1667 1061 1805 1117 alios
1835 1063 2009 1132 magis
2039 1063 2123 1118 di—

543 1159 714 1216 lectus
744 1157 878 1225 Odo,
909 1173 1031 1214 cum
1054 1172 1150 1212 sua
1171 1171 1327 1226 teque
1341 1157 1572 1229 conjuge
1597 1158 1756 1212 Berta
1783 1156 1932 1229 (l27)
1964 1164 2125 1225 nepte

541 1250 729 1321 utique
755 1258 938 1305 nostra
971 1248 1306 1316 dulcissima,
1340 1250 1762 1321 magniﬁcentiae
1796 1259 1997 1306 nostrae
2027 1264 2126 1321 ge-

541 1357 647 1396 nua
697 1341 1014 1411 suppliciter
1040 1341 1312 1409 adierunt,
1362 1343 1656 1399 accedente
1695 1357 1911 1413 quoque
1957 1342 2123 1398 etiam

541 1448 594 1486 In
625 1433 727 1488 hoc
768 1432 938 1488 incliti
977 1433 1132 1490 ducis
1169 1433 1344 1490 ﬁdelis
1382 1434 1553 1492 nostri
1594 1433 1798 1506 Ugonis
1841 1434 2126 1489 favorabili

541 1523 940 1591 obsecratione,
987 1533 1050 1581 ut
1101 1526 1375 1598 quoddam
1424 1526 1811 1583 monasterium
1867 1528 2010 1596 quod
2068 1526 2122 1581 in

541 1625 803 1682 suburbio
832 1635 1151 1697 praenotata!
1181 1626 1435 1683 videlicet
1470 1626 1779 1683 Carnotinae
1805 1626 2044 1681 civitatis
2071 1627 2122 1680 in

541 1716 749 1771 honore
802 1716 1243 1774 beatissimorum
1300 1718 1538 1775 duodeni
1590 1718 1761 1788 apicis
1820 1717 2123 1787 principum

542 1806 684 1863 Petri
714 1816 769 1863 et
795 1808 975 1875 Pauli,
1014 1809 1131 1865 Deo
1155 1810 1426 1880 propicio,
1463 1818 1679 1866 constat
1710 1809 1967 1865 nobiliter
2003 1807 2126 1863 fun-

541 1899 748 1964 datum,
773 1914 879 1957 non
913 1900 1144 1956 minimo
1172 1916 1336 1972 grege
1369 1901 1566 1956 ibidem
1599 1899 1945 1970 opinabiﬁtcr
1972 1897 2129 1953 redo-

542 1994 685 2042 lente
713 1989 1132 2063 monachorum,
1161 1989 1600 2060 contemplativa:
1624 1989 1749 2044 vitae
1789 1987 2130 2043 institutione

542 2079 897 2147 probabiliter
917 2082 1352 2148 retractantium,
1379 2093 1586 2138 nostra!
1608 2080 1922 2138 serenitatis
1948 2080 2130 2149 aliquo

543 2184 768 2245 munere
811 2170 1097 2227 sublimius
1144 2171 1498 2242 dignaremur
1527 2173 1811 2228 decorare.
1845 2171 1942 2227 Est
1981 2171 2129 2227 enim

542 2253 816 2336 egregium
845 2262 1029 2330 decus,
1070 2263 1302 2338 eritque,
1343 2264 1560 2320 Christo
1607 2264 1845 2329 favente,
1881 2264 1932 2318 in
1971 2277 2131 2318 secu-

541 2353 714 2408 lorum
739 2355 1046 2427 progenies,
1073 2356 1244 2428 ipsius
1272 2357 1590 2413 monasterii
1621 2357 1887 2414 celsitudo
1912 2371 2134 2429 semper

542 2446 594 2501 in
645 2447 904 2518 tripudio,
951 2449 1122 2520 gloria
1177 2451 1571 2507 monachorum
1621 2450 1677 2505 in
1726 2450 2026 2520 triumpho,
2076 2457 2133 2505 et

541 2537 804 2592 exultatio
841 2537 1014 2609 plebis
1044 2539 1277 2609 spiritali
1304 2541 1356 2595 in
1383 2539 1578 2609 jubilo,
1609 2541 1752 2610 quod
1787 2540 1937 2612 (1‘28)
1970 2539 2136 2613 [pral-

542 2628 669 2684 dicti
728 2629 914 2686 ﬁdeles
967 2631 1139 2686 nostri
1195 2631 1509 2688 serenitatis
1559 2641 1759 2688 nostra
1816 2631 2133 2687 fundamine

543 2721 928 2792 perpetualitcr
992 2711 1220 2794 cupiunt
1275 2724 1529 2781 stabiliri.
1590 2723 1802 2780 Nostrae
1861 2723 2129 2794 siquidem

541 2809 840 2866 altitudinis
893 2812 1327 2869 cxorabilitatem
1383 2828 1546 2884 prece
1600 2823 1656 2869 et
1710 2822 1840 2869 voto
1903 2813 2130 2884 supplici

541 2901 864 2969 adhierunt,
907 2904 1287 2974 principaliter
1334 2914 1515 2960 tamen
1565 2921 1629 2961 ac
1678 2906 1952 2976 pracipue
1983 2906 2129 2962 circa

540 2993 794 3048 decorem
827 2995 1022 3051 domus
1045 2995 1138 3052 Dei
1170 2995 1498 3052 mirabiliter
1527 2998 1914 3054 ardentissimo
1943 3013 2131 3054 amore

542 3082 808 3138 divinitus
846 3084 1118 3154 iuspirati.
1175 3085 1458 3150 Memorati
1499 3086 1675 3143 ﬁdelis
1721 3073 1894 3144 nostri
1937 3104 2001 3144 ac
2047 3089 2131 3144 di-

543 3173 668 3228 lecti
697 3174 916 3231 comitis
963 3174 1189 3243 Odonis,
1241 3177 1294 3232 in
1347 3177 1504 3249 cujus
1547 3179 1745 3250 oppido
1789 3179 2128 3249 przelibatum
2157 3195 2204 3260 ο
2233 3173 2516 3218 ῖηῐοτῐηθη
2565 3173 2729 3232 alque
2779 3173 3052 3215 ηου¹¹¹ι³¹⁵¹
3100 3173 3510 3230 ¹¹ηΡθ¹⁹³ν¹¹ηυεο
3565 3186 3635 3197 -··
3665 3173 3801 3209 δηηο

543 3272 873 3320 dignoscitur
915 3286 1038 3320 esse
1079 3274 1413 3320 cmnnhinm-
1448 3274 1616 3320 ίηςῑιις
1646 3289 1858 3320 ηιιηηηρ
1907 3276 2012 3320 inm
2046 3275 2133 3320 .n-
2194 3254 2628 3311 'lncarnalionis
2675 3252 2967 3308 Βοωῑηὶοω
3010 3264 3394 3306 nccccuxxvn
3446 3247 3644 3320 (I29),
3681 3260 3807 3301 anno

2194 3270 2202 3279 “
2235 3265 2628 3311 lncarnattonts
2676 3265 2967 3308 Donttntca:
3010 3265 3394 3306 DCCCCLXXXVII
3446 3265 3644 3314 (128),

543 3272 873 3328 disnoscitur
915 3286 1038 3328 esse
1079 3274 1413 3340 cmnobium,
1448 3274 1616 3346 ipsius
1646 3289 1858 3345 quoque
1900 3276 2013 3344 jam
2046 3275 2133 3331 di-

543 3373 646 3418 ctae
691 3365 933 3436 conjugis
959 3367 1155 3434 Bertte,
1206 3367 1385 3436 neptis
1415 3375 1638 3435 nostrae,
1691 3367 1955 3437 supplicia
2003 3377 2132 3424 vota

543 3455 778 3526 benigne
809 3457 997 3513 favore
1031 3458 1357 3525 extiterunt,
1401 3458 1660 3529 quatinus
1689 3457 1759 3514 ob
1786 3467 2031 3514 nostrum
2077 3467 2133 3516 et

545 3566 701 3607 suum
736 3550 933 3608 ibidem
981 3552 1298 3608 memoriale
1339 3562 1602 3608 aeternum
1634 3553 1891 3623 sepedicti
1924 3554 2134 3624 sepius-

543 3659 651 3714 que
680 3644 898 3699 dicendi
931 3645 1236 3702 archisterii
1278 3644 1598 3708 claustrum.
1640 3660 1762 3700 cum
1803 3645 1953 3700 omni
1995 3645 2134 3700 inte-

545 3735 741 3805 gritate
765 3751 984 3790 suorum
1017 3735 1443 3806 apenditiorum,
1467 3751 1656 3791 eorum
1689 3735 1900 3792 scilicet
1925 3751 2046 3806 qua:
2076 3736 2131 3792 in

540 3824 663 3896 jure
694 3826 1079 3884 beneﬁciorum
1131 3838 1226 3882 aut
1274 3827 1656 3900 comitatuum]
1700 3827 1914 3899 praefati
1959 3828 2134 3886 ﬁdelis

545 3918 716 3973 nostri
766 3918 982 3974 comitis
1033 3917 1238 3974 Odonis
1287 3921 1403 3974 sive
1455 3933 1644 3989 prope,
1701 3919 1817 3974 sive
1869 3918 2044 3990 longe,
2077 3921 2132 3974 in

546 4009 792 4078 ejusdem
827 4009 1144 4066 monasterii
1186 4009 1534 4079 possessione
1568 4009 1850 4080 pertinere
1887 4025 1984 4066 seu
2019 4027 2080 4067 re
2105 4042 2134 4052 -

549 4100 767 4167 spicere
793 4100 1065 4165 videntur,
1084 4100 1171 4156 vel
1190 4099 1429 4156 ﬁdelium
1460 4099 1748 4154 devotione
1776 4099 1962 4155 futuro
1992 4109 2131 4156 tem—

546 4207 680 4261 pure
715 4192 912 4248 ibidem
943 4195 1288 4261 conderetur,
1319 4201 1522 4250 nostra:
1556 4191 1847 4248 soliditatis
1877 4207 2135 4262 processu

547 4281 700 4350 quasi
731 4296 886 4336 muro
907 4291 961 4336 et
983 4282 1215 4352 quodam
1239 4281 1562 4337 antemnrali
1586 4280 1656 4337 ab
1676 4279 1825 4336 omni
1851 4279 2137 4334 exactione

547 4391 711 4446 quam
767 4385 980 4432 terrena
1035 4376 1256 4446 justicia
1314 4376 1532 4430 videtur
1583 4374 1842 4445 exigere,
1903 4373 2134 4429 liberum

548 4466 868 4524 redderetur
915 4476 971 4524 et
1019 4469 1283 4523 immune.
1325 4467 1495 4538 Igitur
1524 4467 1590 4522 de
1637 4465 1735 4521 Dei
1776 4481 1939 4522 causa
1971 4471 2137 4534 atque

2225 592 2503 650 beneficiis
2532 606 2659 662 sepe
2689 589 2972 646 memorati
3005 587 3180 644 fidelis
3209 583 3387 644 nostri
3413 581 3616 639 Odonis
3638 584 3796 638 comi~

2228 685 2297 741 tis
2325 685 2424 740 sibi
2454 683 2846 754 adjacentium,
2879 679 3258 736 universaliter
3287 678 3357 735 ab
3385 674 3533 733 omni
3563 686 3798 746 respectu

2219 776 2485 846 judicum,
2520 775 2714 829 ordine
2758 772 2942 828 mundi
2981 775 3303 828 decurrentc
3349 765 3640 824 inviolabili
3685 766 3800 822 soli-

2227 869 2418 936 ditate,
2457 867 2696 924 solutum
2734 875 2790 923 et
2833 865 3093 921 illibatum
3135 875 3488 936 permanere;
3527 874 3587 916 ea
3617 859 3661 915 si
3691 860 3802 930 qni-

2226 962 2349 1018 dem
2380 961 2592 1016 ratione
2616 967 2697 1025 ut,
2721 959 2788 1015 ab
2818 957 3077 1013 hodierna
3105 957 3192 1011 die
3225 963 3280 1011 et
3303 953 3576 1022 deinceps,
3609 961 3801 1007 remota

2225 1052 2468 1109 omnium
2515 1058 2802 1122 potestate,
2843 1047 2990 1104 nullo
3031 1048 3203 1112 aditu,
3248 1044 3394 1100 nullo
3425 1051 3682 1114 tempore,
3711 1043 3801 1098 ali-

2226 1143 2350 1214 quis
2411 1141 2718 1213 principum
2775 1139 3285 1194 aecclesiasticorum
3343 1142 3439 1190 aut
3491 1133 3802 1190 secularium

2225 1231 2566 1303 pontiﬁcum,
2605 1231 2828 1296 ducum,
2871 1230 3152 1292 comitum,
3199 1226 3532 1284 vicariorum
3568 1224 3654 1282 vel
3682 1242 3802 1297 quo-

2226 1323 2482 1379 rumlibet
2531 1321 2730 1379 diversi
2790 1321 3003 1394 generis
3059 1318 3408 1386 ofﬁcialium,
3473 1317 3529 1373 in
3582 1314 3802 1373 claustro

2224 1413 2467 1484 praedicti
2491 1411 2829 1478 monasterii,
2854 1421 2947 1466 aut
2974 1411 3025 1466 in
3049 1409 3264 1466 cunctis
3291 1407 3476 1473 rebus,
3494 1405 3649 1476 juxta
3674 1406 3803 1476 quod

2227 1507 2476 1578 superius
2529 1507 2810 1562 decretum
2861 1513 2964 1570 est,
3017 1503 3116 1574 ipsi
3166 1500 3564 1573 adjacentibus,
3610 1499 3802 1570 aliquas

2227 1600 2485 1671 impetrat
2522 1599 2856 1663 exactiones,
2895 1597 2946 1652 id
2983 1606 3085 1663 est,
3127 1609 3302 1666 neque
3337 1594 3601 1658 bannum,
3647 1605 3803 1662 neque

2226 1691 2554 1758 districtum,
2589 1700 2681 1745 aut
2718 1690 2973 1760 quicquid
3014 1689 3066 1744 in
3103 1687 3283 1759 aliquo
3322 1695 3553 1742 terrenae
3589 1684 3804 1756 justicia:

2229 1781 2384 1836 titulo
2421 1782 2528 1837 dici
2564 1790 2774 1854 potest;
2803 1781 3093 1852 videatque
3132 1780 3217 1851 pia
3257 1793 3322 1835 ac
3358 1777 3587 1850 provida
3620 1777 3803 1832 sollici-

2160 1852 2203 1907 Β
2234 1874 2420 1930 tudine
2469 1852 2580 1930 limi
2637 1874 3019 1930 accelesiastica
3072 1882 3184 1927 tmn
3241 1870 3503 1928 secularis
3559 1868 3802 1926 celsitudo

2231 1967 2515 2039 praesentis
2545 1980 2610 2020 ac
2659 1964 2855 2019 futum
2903 1963 3290 2035 generationis,
3337 1968 3397 2016 ut
3434 1961 3488 2017 id
3534 1960 3674 2031 quod
3719 1974 3806 2029 pro

2233 2058 2533 2115 Salvatoris
2565 2055 2855 2113 exobtabili
2893 2071 3097 2120 amore,
3147 2070 3247 2126 pro
3286 2053 3557 2110 scelerum
3589 2051 3832 2122 integer-s

2231 2150 2369 2206 rima
2417 2149 2782 2219 ademptione,
2820 2163 2922 2220 pro
2969 2149 3138 2204 beatae
3168 2149 3282 2219 spei
3331 2147 3600 2217 perhenni
3633 2160 3803 2216 perce-

2231 2240 2438 2314 ptione,
2470 2239 2728 2310 apostolis
2757 2238 2951 2295 summi
2991 2237 3161 2308 apicis
3195 2237 3571 2302 concedimus,
3598 2245 3738 2291 caste
3761 2243 3807 2288 et

2232 2331 2652 2398 inviolabiliter,
2702 2331 3004 2402 suggillatis
3051 2331 3267 2400 penitus
3316 2327 3610 2385 calumniis
3659 2326 3805 2382 totius

2233 2425 2458 2496 perﬁdae
2509 2424 2907 2494 conccptionis,
2963 2431 3250 2478 con-servet
3301 2420 3365 2476 in
3406 2427 3721 2492 perpetuum
3759 2425 3805 2472 et

2233 2521 2524 2577 roborante
2551 2519 2794 2576 bonitate
2821 2516 3079 2573 defendat
3108 2515 3161 2570 in
3200 2527 3382 2569 evum.
3411 2509 3676 2579 Quoniam
3703 2508 3803 2579 qui-

2233 2614 2354 2670 dem
2400 2623 2525 2670 tunc
2576 2613 2719 2669 servi
2770 2610 2865 2667 Dei
2915 2607 3173 2665 attentius
3209 2614 3263 2661 et
3306 2603 3535 2661 liberius
3562 2602 3806 2658 vacabunt

2233 2703 2574 2761 orationibus
2632 2703 2676 2758 si
2741 2717 2847 2756 non
2904 2696 3352 2770 inquietabuntur
3421 2693 3587 2750 corda
3639 2706 3802 2748 eorum

2233 2796 2588 2868 querimoniis
2628 2793 2956 2850 forensibus.
3009 2789 3080 2846 Ut
3126 2796 3304 2843 autem
3355 2785 3410 2841 in
3467 2784 3564 2840 Dei
3608 2782 3808 2838 nomine

2233 2887 2337 2944 hoc
2365 2887 2599 2943 edictum
2638 2884 2985 2941 auctoritatis
3022 2892 3223 2937 nostrae
3258 2879 3310 2934 in
3342 2876 3662 2934 surculorum
3699 2889 3804 2930 suc-

2233 2983 2479 3039 cessione
2525 2980 2772 3037 validiori
2817 2979 3079 3034 innitatur
3126 2975 3345 3046 vigore,
3396 2989 3563 3028 manu
3611 2969 3801 3042 propria

2233 3070 2410 3141 ipsum
2461 3068 2941 3140 substipulavimus
2983 3076 3039 3122 et
3087 3066 3235 3121 anuii
3273 3063 3446 3120 nostri
3500 3061 3805 3135 sigillatione

2233 3163 2522 3218 informari
2565 3171 2729 3232 atque
2779 3159 3052 3215 nobilitari
3100 3158 3510 3230 imperavimus.
3565 3186 3635 3197 —
3665 3155 3801 3209 Anno

2234 3360 2363 3400 xxxi
2411 3352 2670 3414 regnante
2701 3343 2898 3398 domno
2944 3339 3199 3396 Lothario
3244 3337 3642 3410 gloriosissimo
3677 3350 3805 3406 rege.

2233 3438 2428 3492 Actum
2465 3433 2799 3504 Compendio
2839 3431 3062 3503 palatio.
3115 3431 3225 3501 Ego
3257 3429 3546 3496 Arnulfus,
3588 3429 3805 3485 notarius

2234 3527 2300 3582 ad
2326 3525 2497 3580 vicem
2522 3523 2703 3578 domni
2730 3521 3090 3578 Adalberonis
3119 3519 3518 3592 archiepiscopi
3555 3527 3610 3576 et
3631 3519 3801 3575 summi

2233 3617 2564 3681 cancell‘arii,
2599 3615 2907 3686 recognovi.
2961 3613 3019 3670 8.
3051 3613 3257 3670 Odonis
3304 3612 3550 3669 comitis.
3606 3611 3662 3667 8.
3708 3610 3804 3666 Gil-

2233 3706 2405 3762 duini.
2459 3705 2516 3761 S.
2560 3704 2853 3760 Fulcherii.
2901 3703 2960 3758 8.
3005 3703 3267 3759 Alcherii.
3318 3700 3375 3758 S.
3411 3702 3704 3758 Teudonis.
3750 3701 3798 3756 S.

2234 3799 2461 3856 Huberti
2487 3807 2538 3855 et
2573 3798 2665 3853 ﬁlii
2693 3796 2812 3868 ejus
2839 3796 3085 3852 Huberti.
3115 3795 3174 3852 S.
3212 3795 3438 3852 Odonis.
3468 3795 3532 3855 S.
3561 3795 3794 3868 Hugonis.

2235 3889 2294 3947 S.
2332 3890 2602 3945 Rainaldi.
2650 3889 2707 3944 S.
2741 3887 3142 3944 Erchcmbaldi.
3187 3886 3245 3944 S.
3278 3887 3514 3944 Cilonis.
3554 3887 3611 3944 S.
3648 3887 3798 3944 Guas-

2233 3983 2414 4040 celini.
2465 3981 2523 4038 S.
2553 3981 2797 4037 Adraldi.
2831 3981 2888 4037 8.
2938 3980 3156 4037 Hervei.
3199 3980 3259 4038 8.
3298 3979 3604 4038 Haimonis.
3647 3979 3701 4036 S.
3730 3976 3800 4034 Ni-

2232 4075 2462 4132 velonis.
2491 4073 2549 4130 S.
2579 4073 2861 4130 Rodberti.
2897 4094 2916 4127 ι

2779 4185 3182 4244 CAPITULUM
3218 4185 3282 4241 ll.

2240 4301 2315 4360 De
2357 4301 2656 4370 Pomereda
2699 4310 2748 4356 et
2776 4299 2935 4424 Lavi}
2963 4299 3104 4423 ςίιια
3131 4299 3274 4382 datis
3307 4315 3340 4354 a
3382 4296 3628 4364 Vioiano,
3667 4295 3803 4369 fratri

2940 4389 2973 4424 ιι
2999 4388 3025 4424 c
3045 4387 3183 4424 rem.

2940 4387 3183 4424 ιιιεηεηι.

2852 4460 3032 4533 (Anno
3054 4457 3204 4529 988.)

548 4556 793 4628 ejusdem
841 4557 950 4614 loci
977 4557 1280 4614 reverentia
1327 4558 1416 4627 pie
1446 4563 1864 4626 pertractantes,
1899 4569 1999 4625 per
2045 4553 2139 4609 de-
2167 4540 2216 4597 D
2317 4575 2339 4609 σ
2373 4553 2677 4628 Singularis
2707 4567 2912 4610 necnec
2949 4551 3219 4622 praecipua
3259 4555 3344 4604 est
3370 4549 3572 4605 divina:
3605 4545 3805 4619 .miseri-

547 4649 920 4720 precationem
970 4647 1320 4718 praefatorum
1373 4647 1610 4703 ﬁdelium
1641 4655 1976 4712 nostrorum,
2021 4660 2138 4702 ma-

548 4741 697 4798 xime
752 4749 932 4798 tamen
969 4740 1304 4812 supplicibus
1343 4741 1485 4796 votis
1523 4755 1788 4796 consensu
1823 4739 2139 4812 pariterque

547 4834 788 4906 benigno
812 4834 1061 4904 superius
1099 4834 1363 4889 nominati
1409 4832 1584 4888 ﬁdelis
1613 4832 1787 4888 nostri
1813 4831 2020 4889 Odonis
2044 4849 2138 4891 co-

547 4926 699 4982 mitis
741 4937 914 4980 necne
957 4923 1128 4993 ipsius
1179 4921 1420 4993 praefata:
1471 4922 1740 4994 conjugis,
1791 4937 2046 4992 quorum,
2077 4933 2140 4980 ut

549 5019 755 5076 dictum
788 5028 897 5085 est,
929 5015 1245 5087 suppliciter
1289 5015 1594 5086 invigilanti
1625 5013 2139 5086 sollercialprazsens

549 5119 752 5166 nostrae
781 5107 1122 5165 auctoritatis
1150 5107 1461 5178 supradicto
1490 5106 1830 5163 monasterio
1857 5107 2139 5165 confertur

549 5203 821 5266 anchora,
871 5215 939 5255 ex
993 5212 1146 5254 more
1193 5198 1354 5268 regis:
1405 5197 1744 5254 celsitudinis
1795 5199 2138 5256 decrevimus

549 5304 713 5364 atque
737 5291 1116 5347 constituimus
1143 5301 1500 5362 praenotatum
1524 5289 1753 5346 oratorii
1780 5289 1988 5357 locum,
2011 5307 2136 5346 cum

622 5405 772 5476 (127)
809 5404 928 5461 Olo
964 5405 1008 5468 ι,
1052 5405 1401 5461 Carnotensis
1445 5420 1663 5476 comes.
1701 5419 1927 5460 uxorem
1980 5406 2138 5460 duxit

548 5477 792 5540 Bertam,
829 5477 1067 5547 gonradi
1104 5477 1246 5547 regis
1273 5476 1548 5547 Arclatum
1594 5475 1785 5547 ﬁliam,
1827 5491 1979 5544 qua},
2013 5484 2138 5545 pust

551 5555 782 5618 mortem
832 5545 1057 5618 Odonis,
1110 5545 1251 5601 anno
1297 5546 1422 5612 995,
1471 5547 1654 5616 nupsit
1685 5545 1946 5611 Roberto,
1999 5548 2132 5618 regi,

550 5615 795 5688 Bugonis
821 5617 1101 5687 Capitonis
1147 5617 1276 5672 ﬁlio.

625 5688 992 5770 (ti§)__U_ncis
1049 5688 1766 5770 inclusausumpsimus.e)§
1819 5687 2134 5770 apographo

549 5757 735 5831 domui
756 5757 762 5759 “
784 5759 978 5831 Muley,
1027 5760 1118 5828 qui
1147 5759 1353 5815 addidit
1381 5757 1544 5814 etiam
1576 5760 1631 5814 in
1659 5759 1826 5826 ipsius
1854 5757 2060 5814 codicis
2088 5758 2133 5818 Α

553 5829 832 5900 margine:
866 5851 884 5883 ι
925 5829 1175 5886 L'auteur
1204 5849 1234 5884 a
1264 5835 1417 5904 passé
1455 5832 1522 5884 iri
1542 5830 1803 5900 plnsieurs
1839 5831 2001 5901 (ignes
2037 5845 2133 5900 que

2240 4650 2440 4708 conlisa
2488 4665 2685 4713 causa,
2734 4647 2859 4718 quia
2906 4644 3227 4716 benignitati
3278 4642 3584 4699 Salvatoris
3619 4638 3808 4696 Domini

2239 4743 2335 4801 Dei
2354 4741 2550 4807 nostri,
2573 4755 2636 4796 ea
2660 4739 2988 4811 dignationis
3016 4737 3245 4800 ratione,
3268 4735 3524 4790 humanae
3552 4728 3806 4803 fragilitati

2237 4846 2448 4893 natura
2495 4833 2700 4906 placuit
2731 4830 3064 4903 providendo
3104 4827 3391 4886 consulere
3415 4836 3473 4882 et
3498 4823 3807 4882 consulendo

2238 4927 2528 5000 providere
2570 4936 2629 4981 ut
2661 4927 2712 4980 in
2766 4922 2965 4980 divinis
2994 4918 3358 4976 voluminibus
3402 4927 3461 4974 et
3490 4917 3639 4975 sanis
3663 4930 3805 4970 orna-

2239 5027 2420 5075 menta
2469 5027 2526 5075 et
2576 5017 2780 5089 egrotis
2824 5029 3061 5086 congrua
3113 5009 3514 5084 dispensavcrit
3566 5007 3803 5066 remedia.

2238 5117 2375 5174 Cum
2426 5114 2571 5169 enim
2620 5126 2727 5166 non
2777 5111 2849 5166 sit
2899 5109 3155 5179 possibile
3199 5103 3500 5178 quemlibet
3548 5102 3805 5159 hominum

2241 5205 2606 5277 corruptionis
2631 5218 2744 5258 sua:
2777 5202 2952 5279 labem
2973 5199 3232 5270 eifugere,
3263 5199 3669 5267 immunemque
3691 5205 3802 5263 pec-

2239 5299 2348 5356 cati
2396 5299 2450 5353 in
2500 5300 2604 5353 hac
2632 5293 2937 5365 corruptela
2968 5293 3172 5357 vivere,
3211 5289 3448 5361 provndit
3489 5289 3614 5360 pius
3637 5283 3801 5343 et-mi-

2233 5415 2337 5489 ,ἰξαδὶ
2369 5415 2596 5489 inserere
2625 5413 2759 5466 dans
2779 5427 2867 5489 mg
2903 5409 3046 5489 cepit:
3074 5407 3139 5461 de
3165 5405 3329 5489 υἷι,
3373 5416 3534 5489 agant
3561 5397 3801 5489 l'origiuul

2241 5475 2431 5540 'rleivaut
2461 5484 2533 5537 les
2570 5499 2727 5553 yeuat.
2772 5501 2790 5534 ι
2829 5475 3035 5553 Quibus
3073 5477 3290 5553 omissis
3321 5475 3524 5553 pariter
3559 5477 3611 5531 in
3640 5475 3802 5553 codice

2239 5554 2304 5615 B.
2356 5543 2685 5624 constatv(ut
2716 5543 3040 5621 saepe'alibi)
3070 5543 3490 5603 codicemillum
3527 5561 3594 5604 ex
3637 5543 3800 5600 codice

2237 5626 2278 5680 A
2309 5625 2476 5680 fuisse
2508 5624 2858 5692 descriptum.

2315 5696 2465 5766 (129)
2498 5684 2907 5766 Emendandurn
2949 5689 3072 5754 985,
3114 5704 3259 5766 ctth
3275 5689 3593 5766 auctoribus
3630 5684 3799 5744 Gallic

2245 5759 2585 5834 catenam,
2619 5773 2658 5820 t.
2692 5763 2828 5828 VIII,
2861 5763 3046 5828 instr.,
3087 5759 3190 5816 col.
3230 5761 3362 5815 295..
