3890 6302
515 351 622 411 247

1408 350 1614 408 PAULI
1655 351 1715 408 8.
1753 351 1957 408 PETRI
1993 351 2478 410 CARNOTE-NSIS
2517 351 2826 412 MO‘NACHI

3658 359 3742 422 213

511 469 662 541 ginta
704 465 880 523 libras
914 463 1036 520 auri
1079 464 1375 535 persolvat.
1417 463 1484 521 Ut
1517 475 1698 525 autem
1727 466 1844 520 haec
1867 465 2088 520 traditio
2120 473 2161 528 Α
2193 481 2337 529 rum,
2371 466 2496 536 quia
2541 466 2702 524 beato
2733 466 2897 524 Petro
2932 467 3175 540 apostolo
3212 468 3524 540 specialiter
3563 476 3748 536 conlata

511 560 738 618 ﬁrmiori
774 560 986 615 ratione
1022 558 1331 623 roboretur,
1363 573 1482 613 eam
1511 573 1673 612 manu
1705 559 1924 630 propria
1953 561 2086 614 sub-

513 652 728 725 signavi
750 668 876 708 eum
907 650 1260 722 stipulatione
1291 649 1540 705 subnixa.
1581 667 1601 700 ι

1027 741 1226 799 CAPIT
1235 741 1276 798 υ
1282 739 1424 797 LUM
1463 740 1552 795 Ν.

508 857 588 914 De
613 868 754 915 terra
791 858 920 913 data
945 857 1003 911 in
1046 857 1172 911 villa
1199 871 1314 922 qua:
1339 853 1536 908 Tltevas
1561 852 1758 909 dicitur
1782 870 1820 908 a~
1864 853 2090 909 Rotroco

1107 928 1174 982 de
1201 925 1254 980 Ν
1259 926 1482 996 ogiomo.

1083 1017 1242 1086 (Ante
1271 1030 1327 1070 a.
1364 1013 1515 1085 996.)

589 1132 608 1165 ι
643 1111 703 1168 in
732 1112 828 1168 Dei
858 1109 1098 1175 nomine,
1133 1108 1402 1162 Rotrocus
1433 1105 1664 1162 secnlari
1696 1105 1911 1162 miliciae
1943 1107 2093 1163 dedi-

519 1215 606 1262 tus
630 1215 685 1260 et
711 1203 915 1260 Odonis
943 1201 1159 1258 comitis
1187 1199 1435 1256 ﬁdelitati
1463 1201 1715 1266 devotus,
1748 1208 1934 1255 notum
1961 1215 2086 1255 esse

513 1295 634 1351 volo
657 1295 934 1360 omnibus,
971 1301 1081 1347 tam
1120 1292 1479 1363 praesentibus
1515 1306 1677 1361 quam
1722 1290 2091 1360 futuris.quia

507 1388 664 1454 petiit
689 1386 850 1440 michi
877 1385 1164 1448 Gisbertus
1191 1386 1360 1440 abbas
1399 1387 1572 1440 sancti
1601 1384 1747 1440 Petri
1783 1384 2093 1440 Carnotcn-

508 1480 582 1530 sis
611 1476 846 1531 ctrnobii
887 1484 944 1532 et
987 1486 1182 1532 cuneta
1227 1477 1580 1547 congregatio
1626 1476 1729 1531 sibi
1774 1476 2090 1540 commissa,

503 1575 564 1621 nt
615 1561 790 1623 eidem
855 1568 974 1624 loco
1043 1569 1400 1624 concederem
1455 1578 1656 1622 terram
1713 1567 1784 1623 de
1838 1566 2090 1622 aeeclesia

505 1659 689 1714 Sancti
730 1659 938 1722 Hilarii,
973 1677 1095 1729 quae
1129 1671 1215 1716 est
1256 1662 1306 1714 in
1351 1659 1585 1728 Thevas,
1615 1660 1976 1730 pertinentem
2021 1661 2090 1715 ad

503 1750 777 1805 abbatiam
807 1752 991 1806 Sancti
1041 1752 1276 1807 Martini.
1307 1751 1402 1807 Est
1433 1761 1612 1808 autem
1643 1753 1756 1822 ipsa
1784 1760 1928 1808 terra
1960 1753 2092 1807 sub-

2195 566 2277 611 est
2317 565 2557 628 potestas
2587 558 2830 614 solvendi
2879 568 3044 630 atque
3082 559 3306 633 ligandi,
3356 563 3560 618 nullum
3589 568 3750 625 melius

2192 648 2379 703 censui
2436 648 2603 704 michi
2659 648 3053 706 consulendum
3101 659 3158 706 et
3207 667 3310 723 pro
3352 653 3590 724 peccatis
3640 656 3754 712 meis

2192 748 2321 808 aput
2357 754 2480 795 eum
2509 755 2671 811 quem
2706 747 2858 798 tanto
2889 742 3081 798 dilexit
3117 758 3306 800 amore
3349 746 3750 804 misericorditer

2191 830 2658 886 intercedendum.
2717 832 2891 905 Ergo,
2941 842 3050 890 tam
3103 850 3204 906 pro
3264 837 3404 892 meis
3460 838 3754 898 criminibus

2190 923 2405 978 veniam
2441 925 2803 995 impetrandis
2843 942 3005 998 quam
3051 943 3152 998 pro
3177 909 3411 984 senioris
3461 930 3564 984 mei
3599 929 3752 987 Wale-

2192 1015 2366 1079 ranni,
2396 1024 2456 1069 ut
2481 1015 2726 1088 utrisque
2754 1016 3015 1074 Dominus
3051 1017 3331 1088 indulgere
3367 1019 3620 1090 dignetur
3647 1038 3750 1091 per-

2191 1116 2437 1162 catorum
2462 1107 2868 1176 remissionem,
2896 1109 3272 1165 consentiente
3291 1108 3554 1165 Waltcrio
3583 1113 3752 1169 comite

2193 1198 2303 1254 ﬁlio
2343 1214 2487 1267 meo,
2520 1201 2655 1258 cedo
2697 1202 2762 1256 ad
2813 1201 2988 1258 locum
3036 1202 3220 1258 Sancti
3251 1201 3397 1275 Petri
3429 1202 3752 1262 Carnotcnsis

2190 1293 2406 1349 alodum
2428 1292 2572 1364 juris
2597 1295 2724 1363 mei,
2772 1312 2933 1368 quem
2979 1297 3164 1354 senior
3207 1312 3362 1352 meus
3411 1311 3576 1368 supra
3603 1300 3754 1353 nomi-

2191 1393 2370 1451 natus,
2411 1388 2714 1443 secundum
2747 1387 2917 1458 legem
2955 1388 3176 1445 salicam
3209 1397 3262 1444 et
3303 1389 3602 1445 secundum
3637 1403 3747 1445 con-

2192 1478 2531 1534 suetudinem
2560 1492 2667 1550 qua
2699 1480 2798 1534 viri
2831 1483 3081 1552 proprias
3117 1496 3317 1536 uxores
3358 1481 3574 1545 dotant,
3614 1481 3750 1537 michi

2193 1568 2248 1624 in
2291 1571 2567 1640 propriam
2612 1573 2906 1640 concessit,
2954 1574 3173 1629 nomine
3208 1573 3498 1629 Guntherii
3536 1571 3680 1639 Villa,
3711 1585 3754 1630 et

2193 1661 2259 1718 de
2283 1663 2655 1721 dominatione
2683 1681 2802 1720 mea
2843 1665 2897 1721 in
2929 1666 3351 1722 dominationem
3386 1665 3749 1720 monachorum

2195 1753 2392 1811 ibidem
2427 1757 2776 1812 servientium
2822 1757 3210 1829 perpetualiter
3254 1754 3576 1811 trausfnndo
3611 1764 3765 1826 atque.

504 1830 590 1896 tias
653 1852 892 1898 montem
960 1843 1200 1911 ejusdem
1249 1845 1468 1911 villulae,
1520 1844 1813 1900 exeludens
1865 1859 2084 1914 aquam.
2121 1829 2164 1889 Β
2194 1847 2516 1902 transcribo.
2569 1847 2708 1902 Sunt
2756 1859 2938 1904 autem
2984 1848 3156 1903 mansi
3202 1863 3324 1913 vm,
3359 1845 3565 1905 habens
3609 1863 3758 1902 unus.-

502 1930 686 2000 ltaque
727 1935 909 1988 anntni
947 1935 1194 2005 petitioni
1239 1950 1451 2003 eorum,
1498 1951 1564 1990 eo
1608 1946 1788 1990 tamen
1830 1944 1994 2005 pacto
2027 1944 2088 1990 ut

501 2019 656 2076 annis
695 2023 920 2091 singulis
948 2024 999 2077 in
1032 2023 1321 2080 festivitate
1351 2027 1523 2080 sancti
1563 2025 1817 2097 Remigii,
1847 2041 1969 2096 quae
1999 2035 2083 2082 est

500 2109 743 2167 kalendis
774 2114 1052 2182 Octobris,
1091 2117 1142 2171 in
1179 2133 1401 2172 censum
1439 2118 1653 2174 solvant
1682 2119 1936 2175 denarios
1983 2137 2086 2175 xu.

500 2202 652 2269 Quod
707 2206 752 2260 si
805 2207 874 2260 de
924 2208 1027 2263 hoc
1076 2209 1412 2280 negligentes
1469 2195 1792 2276 extiterint,
1843 2210 2091 2282 legaliter

497 2299 784 2352 emenlent
807 2309 860 2355 et
885 2303 1196 2370 praedictam
1223 2313 1421 2359 terram
1446 2319 1550 2360 non
1582 2306 1828 2376 perdant.
1860 2307 1927 2363 Ut
1957 2324 2088 2366 vero

499 2386 615 2442 lucc
643 2390 850 2444 cartula
873 2391 1458 2451 obtineat-ﬁrmitatem
1487 2397 1720 2453 senioris
1750 2399 1853 2454 mei
1880 2397 2088 2455 Odonis

497 2489 552 2534 et
596 2483 838 2536 omnium
893 2484 1219 2540 obtimatum
1265 2487 1419 2558 ejus,
1479 2489 1843 2546 roborandam
1893 2495 2087 2550 obtuli.

493 2575 702 2629 Actum
727 2575 985 2632 Carnutis
1007 2578 1267 2646 civitatis,
1302 2581 1539 2651 publice.
1578 2603 1598 2636 ι

1032 2691 1438 2751 CAPITULUM
1480 2695 1548 2751 γ.

499 2774 574 2832 De
633 2777 889 2836 Gun/terii
937 2781 1087 2854 (132)
1145 2781 1320 2909 Villad
1344 2783 1473 2840 data
1525 2803 1557 2840 a
1609 2787 1878 2843 comitissa
1930 2787 2090 2844 Elde-

511 2895 516 2899 .
1187 2870 1284 2909 aar
1321 2872 1368 2909 ε.

511 2895 516 2899 ,
1185 2870 1368 2925 garae.

1080 2945 1244 3017 (Ante
1275 2963 1328 3004 a.
1358 2946 1511 3020 987.)

571 3052 594 3087 ι
645 3033 939 3094 Laudanda
1001 3038 1152 3110 (l‘53)
1204 3050 1263 3096 et
1316 3041 1546 3096 nimium
1597 3041 1946 3113 praedicanda
2004 3056 2090 3102 est

497 3122 792 3182 incﬂabilis
833 3127 1212 3184 misericordia
1255 3129 1570 3188 Conditoris
1615 3134 1792 3190 nostri
1837 3135 1949 3204 qui,
2000 3149 2085 3190 re-

496 3217 732 3286 demptis
780 3219 963 3288 preeio
994 3220 1077 3275 sui
1115 3221 1397 3292 sanguinis
1440 3232 1498 3278 et
1527 3225 1672 3280 unda
1706 3203 1867 3281 sacri,
1907 3227 2088 3296 bapti-
2115 3203 2160 3264 ε

498 3313 691 3368 amatis
742 3314 993 3384 originali
1049 3316 1281 3372 crimine
1330 3318 1641 3385 mundatis,
1676 3320 1980 3390 praevidens
2031 3330 2087 3376 et

494 3403 788 3470 prmseiens
823 3413 943 3474 post
985 3405 1084 3460 ista
1113 3407 1323 3471 omnia,
1364 3422 1465 3462 nec
1495 3408 1655 3463 unius
1696 3409 1800 3464 diei
1840 3411 2085 3480 spacium

494 3512 526 3550 a
563 3497 946 3568 qualicumque
985 3509 1213 3568 peccato
1253 3499 1441 3555 vivere
1496 3501 1798 3556 immunem
1841 3517 1944 3558 nec
1987 3503 2088 3558 hu-

494 3605 669 3643 manae
699 3590 1062 3660 corruptionis
1091 3591 1268 3647 labem
1296 3607 1454 3662 posse
1474 3608 1806 3665 quemquam
1829 3595 2080 3660 evadere,

496 3683 723 3737 contulit
765 3683 932 3737 multa
983 3685 1180 3738 animae
1227 3683 1421 3741 salutis
1467 3686 1708 3741 remedia
1742 3687 1940 3756 quibus
1978 3703 2086 3742 non

495 3775 670 3830 solum
717 3777 980 3830 viciorum
1029 3785 1292 3833 curantur
1339 3779 1607 3845 morbida,
1658 3789 1742 3837 set
1780 3782 1946 3837 etiam
1996 3782 2082 3837 in-

499 3869 847 3924 mortalitatis
880 3870 1247 3940 adquiruntur
1269 3871 1484 3943 gaudia.
1516 3873 1661 3928 inter
1687 3889 1810 3944 qua:
1834 3873 2092 3930 elemosi-

498 3975 689 4014 narum
741 3960 1034 4030 plurimum
1085 3961 1229 4018 valet
1287 3961 1549 4033 largitas,
1609 3965 1697 4020 cui
1754 3981 1863 4020 non
1911 3965 2087 4021 solum

496 4051 858 4122 plurimorum
921 4061 1141 4123 patrum
1203 4053 1534 4123 astipulatnr
1597 4055 1926 4120 auctoritas,
2003 4062 2090 4111 set

497 4143 661 4197 etiam
701 4143 869 4213 ipsius
900 4144 1108 4199 Domini
1137 4159 1270 4200 voce
1319 4144 1572 4200 laudatur
1613 4145 1774 4201 beata
1814 4147 2086 4203 dicentis:

497 4234 758 4291 Dimittite
786 4245 833 4289 et
870 4236 1224 4302 dintiuemiai,
1267 4245 1322 4292 et
1349 4253 1689 4307 qnwcumqne
1725 4237 1952 4306 feceritis
1997 4239 2090 4292 uni

498 4339 565 4378 ea:
587 4325 833 4390 minimis,
857 4326 1014 4381 michi
1036 4327 1323 4381 exibebitis.
1350 4325 1526 4397 Super
1552 4328 1636 4382 his
1665 4328 1828 4384 etiam
1870 4331 2088 4402 quidam

499 4417 716 4487 sapiens
741 4417 874 4474 dicit
898 4436 912 4472 .°
951 4418 1259 4487 Redemptio
1275 4418 1466 4472 anima:
1493 4418 1612 4483 viri,
1642 4421 1868 4490 propria:
1894 4422 2091 4476 divitiae

499 4511 636 4578 eius,
685 4522 742 4568 et
786 4513 956 4568 illud:
994 4512 1128 4568 Date
1168 4512 1526 4576 elemosinam,
1575 4521 1624 4566 et
1675 4515 1852 4569 omnia
1889 4516 2090 4570 munda

499 4614 620 4659 sunt
648 4603 808 4660 vobis.
840 4606 904 4660 Et
930 4605 1097 4660 multa
1123 4605 1207 4660 his
1229 4605 1424 4662 similia
1450 4606 1801 4662 inveniuntur
1829 4607 1880 4662 in
1913 4607 2092 4666 dando

498 4697 854 4752 elemosinam
911 4697 1352 4752 adhortationum
1419 4698 1729 4768 praecipua,
1789 4699 1843 4754 in
1892 4700 2091 4771 quibus

501 4784 719 4858 longum
747 4795 832 4844 est
865 4788 942 4843 ire
976 4801 1074 4860 per
1112 4789 1343 4860 singula.
1375 4789 1600 4847 Talibus
1633 4791 1900 4848 instructa
1929 4807 2090 4849 exor-

500 4879 796 4936 tationibus
852 4881 1256 4950 precedentium
1305 4891 1520 4952 patrum
1572 4898 1676 4938 non
1730 4883 2087 4955 improbanda

502 4971 721 5027 devotio
763 4980 952 5041 utpote
981 4971 1073 5026 lilii
1106 4972 1365 5028 aeeclesim
1396 4974 1582 5029 multis
1611 4974 1926 5045 prediorum
1957 4990 2087 5032 suo-

501 5076 623 5116 rum
686 5063 957 5118 reditibus
1013 5061 1242 5119 eandem
1294 5063 1619 5119 dotavcrunt
1673 5065 1976 5122 aacclesiam
2035 5075 2094 5122 et

501 5154 671 5209 multa
702 5155 752 5209 ei
777 5155 1120 5233 contulerunt
1138 5157 1310 5233 variis
1337 5157 1754 5215 necessitatibus
1777 5160 2086 5231 profutura,

501 5245 701 5314 Quibus
758 5260 860 5315 per
911 5229 1373 5317 quadripertitum
1435 5250 1728 5306 decoratur
1781 5229 1978 5305 orbem
2036 5257 2092 5306 et

504 5351 686 5390 rerum
715 5336 992 5407 opulentia
1013 5337 1294 5408 dilatatur,
1323 5342 1521 5411 gaudet
1550 5350 1605 5398 et
1626 5342 1856 5398 exultat.
1885 5341 2090 5399 Horum

503 5441 607 5496 ego
644 5426 960 5499 Eldegardis
997 5429 1241 5497 exempla
1283 5442 1466 5489 secuta
1514 5435 1774 5505 proposui
1825 5434 1879 5489 in
1925 5434 2092 5490 corde

505 5540 630 5580 meo
653 5522 889 5594 qualiter
917 5523 982 5580 de
1013 5523 1337 5594 praediorum
1369 5543 1615 5583 meorum
1643 5527 2091 5598 possessionibus

504 5619 892 5676 hereditariam
925 5619 1161 5673 facerem
1209 5629 1452 5676 sanctam
1507 5622 1601 5678 Dei
1639 5623 1948 5679 ecclesiam.
1984 5623 2091 5681 Ve-

577 5730 728 5804 (152)
745 5731 821 5804 Ita
837 5733 1028 5804 codd.;
1053 5734 1277 5793 inferius
1303 5746 1481 5792 autem
1506 5735 1957 5804 Cantherii-villa,
1983 5737 2086 5794 ho-

507 5803 616 5871 die,
643 5801 993 5858 Condreville.

2191 1942 2422 2014 quisque
2451 1941 2741 1997 bonuarios
2768 1957 2860 1996 xx.
2892 1940 2950 1997 Si
2987 1942 3108 2012 quis
3130 1955 3260 1996 vero
3287 1951 3478 1996 contra
3507 1939 3640 1995 hanc
3669 1941 3752 1995 do-

2190 2033 2462 2092 nationem
2511 2034 2676 2109 (quod
2721 2033 2885 2106 absit)
2935 2033 3124 2089 venire
3171 2039 3266 2086 aut
3309 2045 3432 2086 eam
3489 2029 3762 2102 infringere

2192 2127 2559 2198 temptaverit,
2607 2133 2700 2180 aut
2750 2121 2987 2195 aliquam
3037 2122 3238 2178 inferre
3285 2120 3631 2186 calumniam,
3673 2120 3760 2176 Dei

2189 2218 2579 2289 omnipotentis
2621 2217 3047 2290 indignationem
3093 2213 3618 2285 inrecuperabiliter,
3659 2215 3754 2270 nisi

2191 2310 2300 2366 cito
2324 2308 2636 2379 resipuerit,
2668 2307 2934 2375 oll‘endat;
2965 2316 3020 2364 et
3046 2306 3383 2363 aeternaliter
3411 2304 3754 2361 infernalibus

2190 2404 2509 2461 delrudatur
2554 2403 2911 2470 cruciatibus,
2954 2402 3046 2458 ubi
3083 2403 3316 2468 vermis,
3360 2401 3453 2472 qui
3501 2416 3759 2472 nunquam

2190 2495 2444 2559 moritur,
2474 2508 2664 2548 eorum
2695 2495 2963 2551 conrodat
2986 2506 3204 2558 carnes,
3239 2500 3295 2547 et
3318 2485 3486 2563 ignis',
3513 2492 3603 2563 qui
3631 2506 3760 2546 nun-

2189 2605 2352 2660 quam
2379 2590 2734 2659 extinguitur,
2775 2603 2965 2644 eorum
2995 2600 3210 2658 semper
3233 2593 3491 2655 pascatur
3530 2583 3770 2640 cruciati-

2188 2679 2310 2734 bus.
2360 2676 2431 2733 Ut
2474 2688 2652 2734 autem
2701 2677 2818 2733 lucc
2867 2675 3091 2732 donatio
3137 2674 3505 2731 inviolabilem
3534 2674 3765 2729 obtineat

2191 2769 2529 2836 ﬁrmitatem,
2571 2769 2752 2824 domui
2828 2765 3070 2839 llugonis
3117 2765 3454 2822 Francorum
3505 2765 3667 2831 ducis,
3717 2775 3768 2819 et

2190 2855 2450 2912 nobilium
2491 2854 2733 2909 virorum
2765 2852 2867 2909 sibi
2908 2851 3270 2908 atlsidenlium
3312 2851 3563 2906 manibus
3593 2863 3768 2906 corre-

2190 2946 2382 3001 borare
2411 2959 2708 3014 congruum
2732 2944 2884 3011 duxi,
2916 2943 3265 3013 stipulatione
3301 2942 3553 2997 subnixa.
3582 2940 3766 2995 Actum

2188 3037 2378 3092 Pontis
2429 3036 2575 3092 lsera
2624 3044 2837 3101 castro,
2900 3033 3137 3106 publice.
3185 3032 3245 3089 S.
3303 3031 3545 3103 llugonis
3597 3030 3762 3086 ducis.

2191 3133 2250 3188 S.
2283 3131 2532 3188 Walterii
2563 3130 2801 3188 comitis.
2843 3150 2863 3184 ι

2713 3221 3118 3280 CAPITULUM
3155 3221 3243 3278 Vl.

2499 3315 2573 3372 De
2604 3314 2777 3371 Vileta
2809 3315 2937 3370 data
2966 3333 2997 3370 a
3031 3314 3267 3368 Tcduino
3294 3312 3483 3367 utilite.

2790 3405 2976 3478 (Anno
3009 3403 3157 3472 984.)

2274 3525 2292 3560 ι
2323 3503 2572 3562 Gratuita
2618 3501 2976 3574 benignitatis
3015 3500 3220 3557 Christi
3263 3499 3580 3567 clementia,
3617 3511 3781 3554 omne

2193 3599 2477 3654 hominum
2518 3610 2691 3668 genus
2722 3597 2790 3652 ad
2827 3596 3194 3668 cognitionem
3223 3595 3306 3650 sui
3356 3594 3542 3649 venire
3571 3592 3779 3647 deside-

2191 3707 2342 3757 rans,
2373 3706 2562 3747 eorum
2596 3689 2760 3745 corda
2803 3688 3034 3743 diversis
3082 3696 3244 3756 atque
3280 3683 3782 3756 impenetrabilibus

2191 3793 2416 3857 tangere
2456 3782 2740 3840 consuevit
2777 3781 2972 3847 modis,
3007 3780 3168 3836 modo
3194 3779 3454 3834 videlicet
3495 3777 3561 3840 ad
3591 3777 3779 3832 horam

2189 3877 2270 3934 eis
2296 3892 2557 3948 prospera
2590 3875 2757 3930 multa
2785 3873 3095 3941 tribuendo,
3127 3886 3271 3928 nunc
3297 3886 3427 3927 vero
3447 3885 3632 3926 eorum
3655 3883 3783 3939 pro-

2159 3969 2510 4042 ~speritatem
2538 3969 2592 4023 in
2638 3966 2852 4022 diversa
2887 3964 3167 4020 mutando.
3205 3961 3393 4017 Altera
3429 3960 3572 4017 enim
3604 3967 3784 4030 parte,

2191 4065 2315 4124 coeli
2339 4079 2553 4130 sumus;
2577 4063 2744 4120 altera
2759 4102 2776 4130 ,
2793 4070 2949 4117 terrae
2973 4078 2984 4114 :
3011 4059 3064 4115 in
3081 4066 3340 4130 quantum
3357 4056 3554 4112 terreni
3570 4065 3785 4110 terrena

2191 4158 2424 4230 agimus,
2471 4157 2525 4212 in
2576 4163 2844 4226 quantum
2878 4151 3135 4208 cmlestes
3166 4147 3407 4205 ctelestia
3447 4154 3625 4202 mente
3649 4159 3791 4198 con-

2193 4247 2543 4319 templamus.
2577 4245 2693 4311 Set,
2723 4243 2866 4298 heu!
2915 4256 3016 4312 pro
3059 4238 3251 4296 dolor!
3285 4237 3491 4310 gravati
3531 4234 3794 4306 nequitiis

2201 4350 2549 4412 peccatorum
2599 4348 2655 4394 et
2691 4337 2806 4393 luto
2857 4334 3012 4402 lecis,
3039 4333 3415 4390 obliviscimur
3445 4333 3633 4401 patria:
3673 4344 3792 4398 qua

2192 4433 2313 4489 sine
2336 4433 2442 4488 line
2459 4430 2680 4486 tendere
2703 4429 3105 4494 debuimus;et,
3121 4427 3172 4481 iu
3194 4426 3296 4481 hac
3321 4424 3588 4479 ineolatus
3613 4419 3795 4476 nostri

2197 4523 2661 4596 peregrinatione,
2694 4521 3035 4590 iniquitatem
3072 4533 3288 4591 semper
3318 4533 3482 4588 super
3525 4514 3796 4585 iniquita-

2123 4589 2172 4649 θ
2199 4589 2304 4672 teat
2333 4589 2661 4686 adiiciendo,
2691 4589 3055 4683 prestolamur
3084 4589 3245 4666 linem
3274 4607 3622 4666 mortalitatis
3647 4605 3801 4660 male

2194 4708 2448 4764 vivendo.
2486 4707 2602 4762 Hoc
2627 4716 2839 4761 terrore
2862 4719 2962 4778 ego
2985 4702 3262 4760 Teduinus
3289 4717 3519 4772 corpore
3549 4710 3600 4755 et
3621 4699 3801 4755 corde

2199 4803 2395 4863 tactus,
2429 4795 2698 4852 destinavi
2747 4795 2952 4859 animo,
2983 4808 3050 4850 ex
3092 4792 3258 4848 rebus
3295 4805 3415 4862 quas
3448 4805 3534 4846 me
3569 4789 3805 4845 conti-nx

2196 4897 2330 4958 gunt
2358 4902 2422 4942 ex
2451 4888 2576 4958 jure
2605 4895 2876 4954 materno,
2905 4900 3008 4956 pro
3040 4885 3283 4940 remedio
3304 4884 3479 4955 patris
3516 4883 3617 4938 mei
3640 4881 3806 4937 Adc-

2196 4976 2330 5033 lardi
2357 4986 2412 5034 et
2434 4978 2622 5034 matris
2648 4993 2782 5032 mea:
2805 4975 3141 5046 Eldegardis,
3159 4984 3215 5032 et
3236 4989 3480 5031 meorum
3502 4983 3806 5046 parentum

2191 5070 2540 5137 remissione,
2569 5069 2840 5139 quoddam
2873 5067 3111 5130 alodum,
3155 5067 3455 5122 vocitatum
3501 5063 3704 5130 Vileta,
3740 5074 3805 5118 et

2193 5162 2362 5230 aliud,
2403 5161 2512 5216 alio
2556 5161 2610 5216 in
2658 5160 2797 5225 loco,
2839 5167 3207 5229 noncupatnm
3253 5157 3461 5229 Duplex
3492 5156 3706 5222 Curtis,
3743 5163 3810 5211 et

2194 5255 2451 5326 quicquid
2479 5255 2546 5309 ad
2569 5254 2761 5309 eadem
2791 5252 3090 5322 pertinent,
3120 5266 3244 5307 cum
3275 5249 3450 5317 silvis,
3487 5249 3652 5322 pratis
3683 5263 3703 5315 ;
3744 5256 3812 5302 et

2196 5346 2455 5418 quicquid
2485 5360 2659 5414 usque
2697 5345 2857 5401 hodie
2884 5344 3036 5399 visus
3061 5359 3179 5398 sum
3207 5343 3340 5398 inibi
3377 5343 3579 5399 habere
3597 5341 3810 5411 quesi-

2198 5446 2310 5494 tum
2349 5446 2407 5492 et
2437 5437 2851 5506 inexquisitum,
2888 5435 3050 5491 beato
3075 5433 3240 5490 Petro
3268 5434 3620 5492 Carnotcnsis
3664 5447 3815 5488 (‘03-

2195 5532 2368 5600 nohii,
2423 5531 2475 5587 in
2519 5547 2628 5601 quo
2673 5530 3003 5587 venerabilis
3043 5530 3212 5586 abbas
3259 5528 3548 5585 Gisberlns
3575 5525 3819 5581 videtur

2196 5637 2438 5695 preesse,
2476 5637 2603 5677 cum
2647 5636 2919 5679 consensu
2974 5629 3266 5691 parentum
3317 5633 3586 5684 meorum,
3635 5617 3820 5672 facta

2269 5737 2418 5806 (133)
2448 5735 2790 5807 AnnquSl
2827 5735 2952 5807 huic
2991 5733 3196 5792 chartae
3227 5733 3508 5807 assignant
3551 5733 3820 5789 Annales

2197 5805 2542 5877 Bettcdictt'm',
2576 5817 2613 5863 ι.
2647 5805 2735 5877 ιγ,
2765 5823 2815 5878 p.
2846 5805 2897 5860 3.
