3842 6308
962 359 1188 420 VETUS
1224 361 1478 422 AGANO.
1518 391 1588 408 ο·
1625 361 1756 420 LIB.
1792 360 2331 424 IV..CISB'ER'I'US.

3193 355 3306 425 210

80 478 362 540 udicnuiter
381 477 689 544 donatione,
711 477 930 550 publice
951 479 1186 533 tradere.
1215 477 1294 532 Ea
1321 487 1500 534 tamen
1524 495 1611 534 ra-
1639 483 1693 538 Λ
1717 479 1903 549 plures
1935 481 2028 551 qui
2073 481 2130 535 in
2165 479 2334 536 cartis
2373 476 2442 533 ab
2467 476 2704 548 antiquis
2743 479 2906 549 positi
2939 491 3090 548 sunt,
3131 495 3190 538 et
3215 501 3302 540 se-

85 579 210 630 tione
236 580 310 638 ut,
340 571 570 640 quaudiu
606 587 710 641 ego
743 581 1018 642 superstes
1054 573 1230 641 fuero,
1263 575 1318 629 in
1349 588 1469 629 mea
1499 589 1618 628 ma—

82 675 223 724 mut
273 664 663 730 dominatione,
714 674 771 720 et
815 664 962 720 omni
1009 681 1175 730 auito,
1231 667 1393 724 missa
1446 665 1619 722 sancti

80 759 224 822 Petri,
255 771 347 826 pro
379 757 762 828 recognitione,
815 759 998 812 ιιιοίω
1029 756 1284 814 denarios
1314 758 1426 829 jam
1461 759 1622 813 dictis

79 849 324 906 monachis
355 865 461 904 non
499 849 776 920 neglegam
816 849 1056 918 solvere;
1100 861 1224 926 post
1255 852 1462 908 obitum
1491 864 1621 904 vero

77 953 250 1003 meum,
281 938 488 1006 absque
529 937 638 992 ulla
679 939 1131 1007 contradictione,
1165 956 1289 997 cum
1333 940 1477 995 omni
1507 953 1621 992 me-

76 1029 342 1095 lioratione,
371 1028 487 1099 jam
529 1029 661 1083 dicti
707 1029 960 1084 monachi
993 1040 1213 1087 teneant
1257 1041 1422 1102 atque
1448 1031 1622 1101 Possi-

75 1125 227 1179 deant.
261 1123 356 1178 Est
393 1132 580 1178 autem
625 1123 678 1177 iu
729 1135 868 1194 pago
905 1123 1263 1182 Wastiuiensi
1309 1127 1619 1198 supradicta

74 1214 255 1286 largitio
289 1229 429 1278 mea,
476 1230 585 1270 non
635 1213 796 1286 longe
824 1230 854 1268 a
889 1215 1136 1274 Soisiaco
1182 1227 1386 1274 castro.
1417 1217 1618 1274 Contra

74 1319 204 1373 quam
239 1304 281 1358 si
324 1304 446 1373 quis
475 1304 773 1375 quicquam
833 1303 1036 1364 inferre
1079 1309 1514 1380 praesumpserit,
1566 1309 1619 1362 in

75 1395 231 1464 primis
264 1396 396 1449 iram
427 1397 824 1467 omnipotentis
856 1400 950 1455 Dei
1001 1401 1264 1466 incurrat,
1313 1408 1368 1454 et
1398 1398 1621 1454 maledi-

76 1483 206 1537 ctioni
232 1495 503 1554 perpetua:
528 1485 840 1554 subiaceat;
871 1489 1092 1560 insuper
1118 1492 1205 1546 cui
1239 1490 1387 1544 litem
1420 1491 1622 1545 inferre

75 1576 463 1644 pmsuinpserit.
490 1589 718 1634 coactus
741 1581 974 1650 publice,
1009 1582 1203 1637 libram
1241 1584 1359 1637 auri
1394 1591 1622 1653 cogatur

76 1666 269 1732 solvere,
315 1675 370 1722 et
419 1683 519 1723 sua
570 1671 761 1740 petitio
807 1671 1013 1727 nullum
1061 1673 1303 1728 obtineat
1344 1672 1618 1728 elfectum.

78 1754 176 1810 ilzec
216 1765 386 1811 autem
436 1769 615 1824 curta,
673 1771 730 1815 ut
775 1761 984 1818 firmior
1029 1763 1316 1851 veriorque
1343 1769 1617 1827 credatur,

1722 575 1912 642 quenti
1947 584 2193 644 tempore
2222 588 2252 626 a
2281 571 2690 627 successoribus
2715 585 2920 637 eorum,
2947 575 3143 644 quibus
3169 577 3299 631 olim

1722 663 2065 730 solvebatur,
2097 679 2196 735 pro
2237 663 2463 735 praemio
2490 663 2612 718 vitae
2638 672 2874 733 :eteruae,
2903 665 3104 723 salubri
3123 671 3300 726 consi-

1727 753 1825 821 lio,
1856 767 1950 809 eos
1970 760 2461 809 comtuutaveruut.

2223 864 2621 922 CAPITULUM
2659 865 2794 923 VIII.

1725 955 1804 1010 De
1831 953 2096 1034 Hannone
2125 955 2328 1034 duabus
2364 955 2631 1034 sororibus
2668 960 2782 1030 ejus
2817 957 3044 1034 libertati
3067 964 3296 1034 donatis,

1865 1041 1928 1080 ac
1959 1026 2023 1079 de
2052 1025 2255 1079 duobus
2285 1026 2582 1096 agripeunis
2611 1025 2765 1084 terra:
2799 1029 2862 1082 ab
2890 1033 2964 1087 eis
2995 1033 3153 1090 datis.

2265 1116 2391 1184 (An.
2421 1117 2776 1185 1000-1001.,

1799 1226 1818 1261 ε
1849 1207 1905 1264 In
1934 1209 2154 1264 nomine
2185 1218 2388 1264 sancta:
2416 1218 2469 1263 et
2519 1209 2811 1267 individua:
2837 1213 3143 1275 Trinitatis.
3175 1220 3299 1278 Gis-

1724 1300 1933 1362 bcrtus,
1961 1299 2054 1354 Dei
2083 1299 2837 1367 misericordia,Caruoteusis
2853 1310 3083 1364 ρωποι)ἰί
3108 1313 3294 1368 abbas.

1722 1391 1916 1446 Notum
1947 1407 2070 1446 esse
2113 1391 2362 1448 volumus
2410 1398 2621 1452 cunctis
2665 1410 2866 1455 sancta:
2905 1401 2995 1455 Dei
3039 1385 3317 1460 {ecclesiae

1722 1481 1992 1547 ﬁdelibus,
2022 1483 2164 1551 quod
2193 1483 2412 1552 quidam
2447 1485 2605 1542 homo
2643 1498 2840 1544 nostra:
2875 1491 3065 1546 ditioui
3113 1493 3301 1548 subdi-

1723 1584 1834 1642 tus,
1867 1574 2086 1630 nomine
2117 1573 2328 1639 ﬂaimo,
2373 1577 2438 1632 ad
2477 1593 2574 1633 nos
2599 1581 2832 1648 venerit,
2867 1584 3182 1653 suppliciter
3202 1601 3302 1656 po-

1668 1729 1682 1739 π
1723 1666 1934 1722 stulaus
1965 1673 2047 1732 ut,
2093 1668 2425 1738 accipientes
2465 1671 2533 1724 ab
2584 1669 2673 1726 illo
2721 1675 2987 1742 quoddam
3036 1678 3298 1746 praedium

1725 1759 1867 1828 quod
1910 1757 2146 1815 habebat
2193 1761 2246 1815 in
2295 1761 2420 1816 villa
2464 1778 2585 1832 qum
2631 1772 2854 1819 vocatur
2880 1764 3070 1832 Pinus,
3103 1768 3204 1823 sibi
3243 1777 3299 1823 et

77 1862 207 1900 manu
243 1863 355 1904 mea
404 1849 840 1918 subtcrﬁrmavi,
886 1862 941 1910 et
983 1835 1532 1911 manibus‘seniorum
1564 1864 1620 1912 et
1650 1835 1693 1893 Β
1721 1848 1932 1904 duabus
1971 1849 2252 1905 sororibus
2283 1851 2415 1916 suis,
2459 1868 2692 1922 quarum
2745 1869 2849 1908 una
2891 1854 3298 1925 Ermengardis,

77 1938 328 1995 amicorum
358 1957 614 1997 meorum
649 1945 1010 2001 roborandam
1047 1945 1262 2003 tradidi.
1294 1947 1488 2003 Actum
1515 1963 1616 2020 pu-

78 2028 207 2095 blice,
243 2029 494 2089 Carnotis
526 2034 789 2104 ‘civitate.
831 2037 888 2092 8.
925 2037 1185 2106 Ilugonis,
1223 2040 1615 2110 archiepiscopi

77 2117 384 2192 Biturigcnsis
433 2125 723 2181 :ecclesize.
771 2127 830 2182 S.
869 2128 1071 2185 Odonis
1109 2130 1346 2186 comitis.
1378 2130 1436 2186 S.
1473 2129 1618 2186 Gau-

77 2210 218 2277 siridi,
282 2216 496 2270 comitis
552 2216 956 2276 Wastiuicusis.
1011 2220 1071 2276 S.
1131 2219 1344 2275 Rodulﬂ
1403 2221 1612 2277 militis.

77 2303 121 2355 S.
159 2305 409 2373 Adelardi,
460 2310 646 2378 patris
684 2310 933 2367 Teduini.
977 2311 1036 2368 S.
1067 2311 1315 2378 Teduini,
1363 2313 1614 2368 avunculi

75 2391 278 2452 Teduini.
303 2397 361 2454 8.
396 2398 696 2462 Ilunbaldi.
729 2403 968 2470 ejusdem
1011 2403 1239 2460 Teduiui
1281 2405 1554 2462 avunculi.
1587 2425 1608 2461 ι

543 2491 948 2550 CAPITULUM
985 2494 1096 2550 VII.

172 2577 238 2635 De
258 2583 417 2652 pratis
448 2583 516 2638 de
545 2583 750 2640 Teuvas
779 2588 917 2641 datis
939 2589 1005 2642 ab
1027 2589 1262 2644 Amuldo
1290 2589 1474 2644 milite.

604 2677 766 2746 (Ante
793 2693 845 2733 a.
877 2679 1030 2752 996.)

131 2777 147 2811 ι
173 2761 223 2816 ln
251 2761 336 2819 Dei
366 2767 616 2822 nomine.
642 2769 936 2838 Arduinus,
968 2771 1202 2827 seculari
1235 2772 1446 2829 milicirc
1469 2773 1614 2830 dedi-

77 2859 225 2912 tus,et
265 2855 430 2912 Odoni
475 2859 671 2914 comiti
719 2859 966 2916 ﬂdelitati
1013 2862 1262 2918 devotus.
1315 2865 1509 2920 Notum
1539 2868 1612 2923 sit

76 2945 296 3011 omnibus,
327 2957 433 3002 tam
473 2953 843 3020 praesentibus
875 2969 1036 3024 quam
1073 2954 1292 3021 futuris,
1324 2958 1448 3026 quia
1479 2958 1612 3013 adiit

75 3039 362 3100 presentiam
409 3055 595 3096 meam
646 3041 816 3099 abbas
853 3045 1038 3101 Sancti
1083 3045 1229 3102 Petri
1260 3045 1611 3105 Carnotensis

76 3127 282 3193 ctenobii,
311 3132 533 3187 nomine
569 3130 873 3201 Gisbertus,
907 3151 1028 3191 cum
1059 3137 1377 3207 quibusdam
1424 3137 1610 3194 fratri-

76 3212 526 3288 lms,expostulaus
579 3224 804 3278 concedi
853 3225 955 3280 sibi
1001 3235 1058 3282 et
1101 3227 1166 3280 ad
1215 3226 1389 3298 ipsum
1431 3226 1606 3282 locum

77 3309 384 3371 supradictum
425 3323 623 3384 pratos
665 3331 856 3372 omnes
900 3326 956 3373 et
999 3333 1219 3387 aquam,
1250 3335 1371 3389 quae
1410 3319 1610 3375 habere

78 3397 242 3456 \idetur
279 3405 490 3472 quidam
541 3404 718 3463 ﬁdelis
761 3424 935 3474 meus,
979 3410 1201 3465 nomine
1231 3409 1521 3477 Arnoldus,
1555 3411 1609 3466 iu

78 3488 171 3541 villa
191 3505 296 3560 quae
315 3494 512 3551 dicitur
539 3495 780 3564 'l‘eubas,
808 3514 874 3554 ex
902 3507 1171 3570 potestate
1193 3498 1403 3557 scilicet
1423 3499 1610 3558 Sancti

77 3577 266 3638 ilartini.
293 3586 455 3657 Cujus
485 3589 812 3660 petitionem
838 3592 1215 3647 rationabilem
1233 3591 1608 3660 considerans,

77 3670 290 3729 voluntati
318 3691 502 3733 eorum
537 3694 826 3736 assensum
853 3682 1088 3754 praebui;
1121 3697 1187 3739 eo
1219 3694 1396 3740 tamen
1429 3693 1608 3754 pacto,

79 3772 118 3812 ut
143 3766 362 3824 omnibus
396 3771 588 3836 annis,
630 3770 932 3830 festivitate
966 3773 1138 3831 sancti
1184 3773 1442 3847 Remigii,
1491 3791 1612 3846 qua:

79 3859 138 3902 est
167 3850 382 3912 kalendis
419 3858 692 3925 Octobris,
738 3863 817 3918 illi
863 3864 959 3934 qui
1006 3864 1330 3921 beneficium
1376 3866 1614 3923 tenuerit

79 3939 242 3998 solvant
270 3947 318 4002 in
343 3965 571 4008 censum
599 3953 800 4011 solidos
835 3957 991 4012 duos.
1023 3957 1177 4024 Quod
1199 3958 1244 4014 si
1276 3959 1342 4014 de
1375 3957 1478 4014 hoc
1517 3974 1612 4016 ne-

79 4027 288 4100 S'iSentes
305 4041 617 4110 extiterint,
643 4043 891 4114 legaliter
909 4049 1191 4102 emendem
1205 4091 1218 4116 ,
1245 4058 1299 4102 et
1321 4050 1460 4116 quod
1484 4063 1614 4104 con-

83 4131 250 4178 cessum
286 4139 365 4184 est
397 4143 506 4186 uou
547 4134 798 4203 perdant.
834 4135 907 4192 Ut
953 4149 1129 4192 autem
1168 4139 1284 4193 haec
1314 4139 1612 4196 auctoritas

86 4206 271 4270 ﬁrmiter
292 4220 579 4290 habeatur,
608 4240 770 4280 manu
801 4242 916 4283 mea
941 4238 996 4283 et
1021 4230 1254 4286 senioris
1276 4230 1381 4286 mei
1409 4227 1612 4288 Odonis

84 4304 254 4362 comitis
278 4311 434 4383 atque
459 4329 690 4372 suorum
720 4317 954 4372 fidelium
979 4322 1402 4377 manumissioue
1425 4337 1613 4379 corro-

82 4387 321 4455 borandam
369 4407 590 4462 tradidi.
633 4411 829 4463 Actum
861 4410 1220 4479 psollenniter
1250 4412 1524 4478 Carnotis,
1554 4414 1609 4469 in

83 4494 191 4538 me.
221 4487 273 4544 S.
302 4491 500 4552 Ddonis
534 4499 776 4555 comitis.
809 4500 866 4554 S.
896 4501 1145 4556 Arduiui.
1170 4502 1229 4558 S.
1263 4503 1509 4573 Arualdi,
1539 4504 1606 4560 de

84 4574 198 4668 minus
221 4583 465 4643 beneficio
495 4589 717 4668 largitio
739 4592 960 4662 praefata
989 4594 1190 4648 extitit.
1222 4613 1242 4648 ι

136 4662 450 4733 Reticendum
473 4665 606 4736 vero
637 4683 859 4738 minime
896 4693 981 4740 est
1018 4687 1159 4755 quod
1191 4701 1388 4742 census
1415 4686 1608 4742 inscri-

92 4763 184 4818 Plus
210 4768 438 4832 superius
465 4783 655 4841 postea
687 4787 717 4827 a
745 4777 1149 4833 successoribus
1181 4777 1404 4832 Arualdi
1431 4793 1496 4832 ex
1522 4779 1606 4834 in~

90 4851 206 4916 “8T0
224 4851 406 4917 Sancto
429 4861 593 4922 Petro
625 4867 884 4926 remissus
908 4877 1016 4940 est,
1041 4870 1184 4927 sicut
1211 4879 1266 4927 et
1291 4871 1381 4928 alii
1409 4887 1604 4944 quam-

1638 3185 1684 3248 C

1633 4543 1684 4603 D

1721 1939 1889 1996 altera
1940 1937 2230 1997 Boscelina
2279 1941 2580 2008 dicebatur,
2634 1959 2758 1999 cum
2811 1943 2925 2000 suis
2975 1945 3298 2012 infantibus,

1717 2045 1938 2087 censum
1968 2033 2161 2102 capitis
2198 2034 2399 2104 proprii
2451 2036 2818 2102 remittentes,
2850 2036 3104 2094 libertate
3131 2039 3302 2094 dona-

1716 2137 1918 2180 remus.
1944 2125 2040 2180 Cui
2067 2125 2267 2196 prardio
2293 2126 2418 2196 quia
2446 2141 2475 2180 a
2500 2128 2822 2196 quibusdam
2847 2129 2959 2183 suis
2980 2131 3301 2198 parentibus

1717 2215 2103 2285 imponebatur
2127 2215 2404 2279 calunnia,
2432 2216 2668 2286 qualiter
2689 2217 2742 2271 in
2776 2231 2927 2272 suam
2971 2228 3181 2288 partem
3211 2234 3303 2273 vc-

1717 2306 1860 2360 nerit
1891 2305 2060 2360 libere
2092 2304 2348 2361 dimissus
2377 2306 2444 2362 ab
2492 2306 2622 2376 ipsis
2658 2306 2910 2377 benigne,
2943 2307 3166 2377 ipsoque
3192 2317 3303 2362 tra-

1715 2398 1897 2466 dente,
1931 2416 2029 2457 nos
2058 2399 2415 2469 cmpissemus
2444 2397 2743 2469 possidere,
2775 2399 3027 2468 praesenti
3077 2398 3297 2453 cartulte

1715 2491 1979 2548 mandare
2007 2492 2332 2548 studuimus.
2360 2489 2644 2545 Predictus
2665 2487 2880 2555 Haimo,
2903 2490 3029 2561 quia
3056 2497 3216 2545 natus
3234 2490 3302 2547 de

1714 2589 1869 2652 patre
1899 2583 2135 2654 ingenuo
2164 2590 2220 2638 et
2249 2591 2424 2636 matre
2453 2589 2574 2636 orta
2597 2593 2664 2634 ex
2692 2589 2879 2636 nostra
2921 2579 3146 2644 familia,
3177 2597 3302 2652 par-

1715 2679 1824 2728 tem
1855 2673 2193 2741 bereditatis,
2226 2687 2390 2744 quam
2428 2675 2478 2728 ei
2515 2681 2669 2744 pater
2697 2673 3000 2740 dimiserat,
3037 2674 3302 2730 reclama-

1714 2765 1866 2821 bant.
1899 2765 2165 2833 Tandem,
2212 2766 2328 2836 ipso
2371 2774 2612 2836 rogante,
2649 2765 2716 2820 ad
2758 2765 2862 2820 hoc
2891 2774 3018 2820 sunt
3060 2767 3298 2834 adducti,

1714 2865 1796 2923 ut,
1827 2857 1892 2922 si,
1927 2857 2124 2912 tradito
2149 2857 2372 2928 praedio,
2404 2865 2586 2927 posset
2620 2856 2737 2911 fieri
2767 2855 3016 2922 libertus,
3047 2871 3114 2911 ex
3149 2869 3301 2927 parte

1715 2947 1930 3003 illorum
1961 2949 2193 3020 amplius
2220 2949 2439 3020 querela
2482 2964 2586 3004 non
2617 2948 2790 3004 li'eret.
2819 2948 3141 3020 Accepimus
3172 2966 3300 3021 ergo

1716 3041 1770 3096 in
1796 3043 2108 3112 supradicto
2133 3042 2256 3097 vico
2288 3042 2424 3097 duos
2446 3041 2734 3111 aripennos
2759 3049 2936 3104 terrae,
2962 3041 3094 3094 et-in
3129 3039 3300 3095 altero

1717 3131 1836 3188 loco
1867 3148 2062 3199 unum;
2093 3132 2455 3189 concedentes
2481 3131 2737 3201 praedicto
2770 3129 2974 3185 homini
3006 3137 3060 3186 et
3089 3131 3302 3184 duabus

1715 3223 2021 3289 sororibus,
2053 3239 2176 3280 cum
2226 3223 2338 3279 suis
2372 3221 2692 3287 infantibus,
2725 3221 3057 3286 libertatem,
3087 3221 3164 3275 sic
3209 3221 3302 3274 lir-

1713 3316 1896 3382 miter,
1929 3325 1990 3370 ut
2027 3315 2096 3371 ab
2143 3315 2245 3370 hac
2286 3315 2375 3370 die
2416 3313 2488 3368 sit
2531 3311 2810 3367 absolutus
2840 3307 2908 3365 ab
2939 3313 3082 3366 omni
3113 3311 3299 3364 servili

1716 3405 1836 3476 lege
1866 3421 2168 3477 censusque
2192 3406 2518 3470 redditione,
2555 3413 2659 3458 tam
2693 3403 2808 3473 ipse
2851 3417 3011 3472 quam
3063 3401 3300 3468 sorores,

1713 3511 1836 3554 cum
1869 3499 2105 3568 propriis
2148 3497 2464 3552 infantibus.
2515 3495 2580 3549 Et
2619 3501 2678 3551 ut
2723 3508 2793 3548 ne
2836 3493 2960 3563 quis
3003 3492 3301 3546 maledicus

1712 3597 1903 3645 contra
1927 3589 2031 3644 hoc
2057 3601 2321 3658 usurpare
2346 3593 2647 3656 presumat,
2701 3583 2922 3638 nomina
2950 3581 3175 3636 fratrum
3204 3597 3301 3635 no-

1721 3691 1964 3738 strorum
2029 3679 2302 3736 inculcare
2364 3679 2612 3734 fecimus.
2652 3675 2711 3730 S.
2777 3673 3009 3731 Gisberti
3067 3673 3298 3728 abbatis.

1718 3770 1778 3828 8.
1812 3770 2084 3838 Hcrberti,
2128 3769 2340 3826 abbatis
2369 3767 2792 3824 Latiniacensis.
2823 3765 2884 3822 8.
2933 3765 3171 3820 Durandi
3206 3767 3302 3819 de-

1715 3864 1859 3920 cani.
1899 3863 1960 3920 8.
1989 3864 2217 3919 Arnulll.
2261 3863 2320 3920 S.
2353 3861 2590 3917 Viviaui.
2621 3859 2681 3915 8.
2732 3858 3018 3915 Mainardi.
3062 3857 3121 3912 S.
3167 3857 3302 3912 llero

1712 3957 1876 4014 bertl.
1941 3953 2002 4012 8.
2061 3955 2347 4012 Deruardi.
2411 3953 2470 4010 S.
2533 3952 2856 4022 Beringerii.
2907 3950 2968 4006 S.
3024 3949 3296 4004 Walte‘rii.

1715 4048 1776 4106 S.
1801 4049 2047 4106 Gualdri.
2077 4050 2136 4104 8.
2170 4048 2434 4105 Richerii.
2481 4046 2539 4102 8.
2573 4044 2860 4100 Marcuiui.
2909 4043 2968 4098 8.
3017 4041 3298 4097 liodberti.

1711 4140 1910 4196 Actum
1959 4141 2292 4196 monasterio
2323 4138 2510 4196 Sancti
2553 4137 2723 4203 Petri,
2757 4137 2812 4190 in
2857 4133 2992 4190 urbe
3022 4132 3302 4200 Carnutis,

1713 4242 1975 4306 regnante
2003 4247 2128 4305 rege
2165 4233 2438 4288 Rodberto
2468 4245 2611 4286 anno
2653 4245 2708 4285 ν.
2752 4225 2950 4284 Alveus
2998 4224 3300 4280 monachus

1713 4324 1952 4394 scripsit.
1985 4341 2006 4376 ι

1785 4416 1980 4472 Cartas
2005 4417 2108 4471 sub
2139 4416 2334 4470 abbate
2362 4412 2612 4469 Gisberto
2638 4409 2836 4474 factas,
2867 4417 3100 4480 quantas
3126 4408 3178 4460 iu
3201 4421 3298 4461 no-

1712 4509 1844 4564 stris
1892 4507 2118 4564 scriniis
2147 4493 2598 4576 inveuire‘potui,
2643 4503 2953 4572 scriptitare
2982 4515 3085 4553 non
3119 4498 3296 4552 renui.

1714 4603 1869 4658 Nunc
1897 4616 2119 4672 quoque
2149 4600 2216 4654 ad
2266 4614 2359 4653 eas
2402 4612 2522 4668 qua
2571 4592 2880 4666 Magenardi
2925 4588 3134 4646 abbatis
3166 4599 3300 4643 tem-

1716 4709 1850 4765 pore
1883 4701 2010 4749 sunt
2047 4694 2272 4763 adeptas,
2321 4687 2568 4762 pennulae
2614 4700 2806 4744 cursus
2831 4682 3113 4756 pervenire
3163 4689 3287 4734 tem-

1714 4791 1852 4856 ptal.
