3890 6302
535 328 642 391 251

1432 327 1629 388 PAULI
1667 330 1726 387 8.
1766 329 1973 386 PETRI
2008 326 2494 388 CARNOTENSIS
2527 324 2834 384 MONAClll
3676 324 3763 381 259

560 478 3761 516 M

1574 636 1984 751 LIBER
2101 630 2736 771 QUINTUS

2111 876 2248 922 SIVE

1290 1052 2213 1146 MAGENARDI
2327 1054 2993 1147 ABBATIS

1734 1245 1827 1319 (Ab
1856 1261 2000 1300 anno
2030 1246 2162 1300 1001
2193 1246 2258 1300 ad
2288 1260 2487 1299 annum
2521 1245 2702 1304 1025.)

1100 1525 1502 1584 CAPITULUM
1543 1524 1582 1579 l.

545 1619 623 1678 De
652 1619 888 1677 (ecclesia
916 1619 981 1675 de
1018 1618 1265 1742 licunt}:-
1294 1619 1431 1741 (Itala!
1454 1617 1649 1672 Sancto
1684 1614 1840 1670 Petro
1870 1633 1902 1670 a
1942 1613 2130 1669 comite

1250 1706 1395 1742 tcmr
1437 1705 1487 1741 ο.

1250 1705 1487 1742 τειραν-αθ.

1116 1780 1277 1853 (Ante
1300 1795 1351 1834 a.
1383 1778 1568 1848 1024.)

558 1880 559 1883 ¹
625 1915 645 1949 ο
674 1897 1068 1953 Universorum
1099 1894 1347 1949 conditor
1374 1878 1516 1948 Deus
1547 1893 1814 1948 mirabilis
1833 1900 1917 1961 est
1940 1891 1993 1947 in
2023 1892 2136 1957 suis

546 1991 825 2060 operibus,
870 1991 999 2044 dum
1033 2005 1098 2044 ex
1149 1988 1273 2043 aliis
1307 1988 1438 2049 alia,
1470 2004 1535 2042 ex
1581 1988 1881 2067 minoribus
1924 1988 2136 2043 scilicet

547 2089 729 2153 portat
756 2081 905 2152 (154)
937 2078 1341 2150 majora.Cujus
1361 2081 1435 2134 rei
1453 2080 1722 2136 sinceram
1743 2082 2135 2136 consideratio-

550 2187 673 2226 nem
708 2172 854 2227 intus
895 2172 1167 2237 faciendo,
1210 2181 1266 2227 et
1305 2172 1357 2226 in
1404 2171 1508 2225 hoc
1537 2170 1635 2242 ipsi
1669 2181 1853 2241 grates
1878 2173 2135 2228 debemus

549 2275 656 2315 non
684 2261 957 2329 minimas,
995 2271 1049 2317 et
1093 2263 1145 2316 in
1176 2262 1293 2327 illo,
1337 2262 1525 2326 corde,
1556 2276 1709 2326 voce,
1740 2278 1926 2331 opere,
1970 2279 2134 2334 quam

551 2352 838 2417 maximas,
886 2354 1030 2422 quod
1079 2367 1182 2409 non
1234 2351 1429 2417 solum,
1480 2360 1539 2406 ut
1600 2352 2023 2422 prmlibavimus,
2069 2369 2135 2408 ex

550 2443 941 2513 temporalibus
994 2444 1138 2499 fovet
1180 2455 1477 2514 perpetua;
1526 2459 1715 2499 verum
1742 2445 1907 2500 etiam
1934 2460 2021 2509 ea,
2047 2461 2139 2515 rae

553 2536 887 2590 tionabiliter
927 2537 1306 2607 dispensando,
1348 2536 1775 2593 misericorditer
1798 2538 2139 2607 provehitad

554 2635 783 2684 :eterna.
825 2627 904 2681 Ad
952 2629 1111 2698 hujus
1159 2629 1343 2699 itaque
1389 2627 1618 2697 perfecti
1667 2637 1720 2683 et
1748 2637 1857 2683 tam
1885 2629 2140 2685 obtabilis

552 2717 734 2783 gaudii
775 2717 935 2774 ﬁdem
976 2718 1321 2786 ﬁrmandam,
1351 2721 1497 2777 inter
1520 2730 1703 2776 cetera
1734 2735 1857 2790 qua:
1899 2720 2141 2774 mortali-

551 2808 654 2865 bus
679 2825 829 2881 spem
858 2820 1059 2867 sanctae
1090 2812 1413 2887 aeternitatis
1436 2816 1709 2886 ingerunt.
1744 2815 1857 2884 ipsa
1884 2814 1960 2867 ait
1992 2813 2143 2869 Veri-

557 2908 639 2954 tas
662 2915 761 2969 per
789 2903 1136 2977 semetipsam
1187 2921 1201 2957 :

556 3004 714 3043 mana
762 2991 1074 3063 iniquitatis,
1114 3002 1191 3058 ut,
1235 3010 1354 3049 cum
1389 2996 1704 3065 defeceritis,
1743 2997 1996 3065 recipiant
2049 3012 2137 3052 vos

555 3080 613 3134 in
662 3091 857 3138 wterna
908 3084 1270 3140 tabernacula.
1308 3086 1461 3154 Quod
1516 3089 1658 3144 dono
1709 3088 1952 3143 sentiens
1998 3089 2136 3159 ejus,

558 3168 801 3237 ejusdem
828 3180 981 3236 nutu,
1012 3171 1445 3229 Normannorum
1474 3191 1656 3232 comes
1680 3192 1780 3246 ego
1808 3175 2137 3245 Richardus,

561 3257 707 3314 inter
734 3270 914 3317 cetera
951 3278 1092 3332 quat,
1127 3279 1192 3319 eo
1223 3264 1547 3336 inspirante,
1592 3266 1640 3321 ei
1668 3282 1733 3322 ex
1778 3282 1878 3323 suo
1907 3268 2137 3336 reddidi,

558 3353 834 3420 quandam
892 3355 1196 3412 aecclesiam
1242 3357 1294 3413 in
1348 3358 1520 3429 ipsius
1573 3360 1793 3415 nomine
1856 3361 2138 3417 monachis

559 3442 746 3499 Sancti
809 3445 955 3502 Petri
1013 3448 1652 3517 Carnotensiscaanobii
1710 3454 1856 3517 dedi,
1917 3468 2038 3525 quae
2084 3454 2140 3511 in

559 3534 875 3592 Ehroicensi
910 3541 1169 3595 comitatu
1201 3551 1281 3598 est
1310 3544 1435 3611 sita,
1463 3545 1516 3599 in
1550 3545 1674 3599 villa
1698 3562 1818 3615 quae
1845 3555 2017 3601 estex
2041 3563 2143 3602 no-

558 3624 706 3678 mine
735 3626 1041 3683 Rescolium
1069 3630 1236 3685 dicta.
1267 3631 1381 3689 Hoc
1407 3644 1611 3700 autem,
1652 3636 1812 3707 hujus
1840 3637 1914 3692 rei
1944 3638 2140 3709 gratia,

557 3716 764 3772 credidi
794 3718 911 3775 istis
945 3721 1209 3791 apicibus,
1255 3733 1313 3778 ut
1341 3726 1637 3797 dapsilibus
1668 3727 1722 3781 in
1756 3729 2062 3799 exemplum
2089 3737 2145 3785 et

560 3809 928 3866 testimonium
961 3813 1033 3869 sit
1077 3816 1388 3884 rapacibus.
1432 3816 1584 3885 Quod
1626 3819 1672 3874 si
1712 3820 1836 3890 quis
1871 3820 2143 3877 contradi-

561 3902 798 3959 ctionem
821 3905 1025 3963 dationi
1050 3908 1239 3966 fecerit
1261 3913 1669 3985 suprascriptze,
1700 3915 1937 3983 quandiu
1963 3915 2014 3970 in
2038 3916 2142 3971 hac

559 3997 926 4065 permanserit
964 3998 1284 4068 intentione,
1317 4004 1553 4058 humana
1586 4016 1637 4060 et
1668 4006 1849 4060 divina
1883 4006 2143 4062 multetur

562 4085 962 4145 maledictione.
994 4091 1053 4147 8.
1090 4092 1350 4151 Ricltardi
1391 4096 1629 4152 comitis.
1683 4096 1741 4151 8.
1769 4096 2026 4153 Rodberti
2055 4113 2142 4152 ar-

560 4178 900 4248 chipraesulis
948 4182 1119 4255 (155).
1154 4186 1212 4241 8.
1247 4185 1577 4243 Gunnoridis
1604 4187 1913 4243 comitissze.
1955 4187 2014 4243 8.
2049 4188 2142 4243 Ri-

2153 1522 2196 1575 A
2227 1526 2320 1578 sia:
2347 1540 2375 1576 a
2408 1525 2686 1580 monachis
2719 1525 3041 1580 translatum
3068 1533 3171 1591 est,
3199 1527 3288 1581 ubi
3319 1530 3611 1597 permansit
3632 1533 3777 1603 (157),

2232 1615 2406 1670 donec
2435 1632 2464 1670 a
2490 1617 2765 1673 modernis
2791 1618 3071 1673 monachis
3102 1619 3273 1690 major
3296 1629 3541 1677 cemento
3563 1632 3615 1677 et
3634 1623 3785 1695 lapide

2233 1716 2315 1762 est
2338 1707 2609 1765 ediﬁcata.

2777 1820 3175 1905 CAPITULUM
3212 1822 3277 1877 ιι.

2308 1905 2388 1963 De
2417 1908 2653 1966 (ecclesia
2694 1910 2957 1966 Wadonis
2988 1911 3163 1966 Curti;
3196 1912 3321 1967 data
3368 1913 3562 1969 Sancto
3590 1913 3731 1973 Petro

2844 2001 2875 2036 a
2907 1981 3216 2051 Rajenario.

2780 2074 2954 2144 (Ante
2992 2091 3043 2129 a.
3087 2075 3289 2145 1024.)

2314 2179 2334 2211 ι
2362 2160 2420 2216 ln
2470 2165 2689 2219 nomine
2718 2175 2919 2221 sanctze
2954 2178 3011 2223 et
3043 2167 3337 2223 individua:
3372 2169 3666 2227 Trinitatis.
3697 2174 3792 2243 Ego

2240 2252 2526 2321 Ricardus,
2560 2254 2997 2313 Normannorum
3022 2259 3151 2314 dux.
3181 2260 3378 2315 Notum
3402 2262 3523 2317 volo
3545 2279 3675 2326 esse.
3698 2275 3791 2319 tatu

2239 2343 2806 2421 prmsentibusquam
2856 2347 3075 2414 futuris,
3121 2349 3249 2419 quia
3300 2350 3436 2405 adiit
3481 2355 3793 2421 praesentiant

2240 2451 2415 2491 meam
2454 2437 2631 2492 ﬁdelis
2674 2455 2844 2515 meus,
2892 2440 3109 2495 nomine
3158 2441 3497 2511 Rajenarius,
3531 2461 3645 2498 cum
3682 2464 3795 2498 cou-

2242 2542 2404 2584 sensu
2431 2530 2829 2603 suteconjugis,
2865 2533 3281 2605 Wandelburgis
3315 2537 3595 2606 vocabulo,
3628 2538 3788 2593 humi-

2242 2617 2368 2674 liter
2387 2630 2574 2689 petens
2599 2632 2678 2687 ut,
2707 2638 2806 2693 pro
2838 2625 3077 2680 remedio
3103 2626 3301 2680 anima:
3341 2643 3495 2691 mete,
3526 2630 3795 2684 a-cclcsiatu

2243 2709 2297 2765 in
2320 2712 2580 2767 comitatu
2611 2714 2862 2779 Ehroico,
2888 2716 2973 2770 cui
3002 2732 3196 2771 nomen
3222 2727 3307 2771 est
3338 2718 3598 2774 Wadouis
3619 2720 3797 2783 Curtis.

2246 2818 2337 2858 seu
2369 2818 2469 2873 pro
2499 2806 2591 2860 ﬁlii
2635 2808 2719 2861 sui
2767 2808 2966 2873 anima,
3011 2806 3166 2876 cujus
3194 2810 3515 2865 vocabulum
3549 2810 3643 2866 fuit
3680 2812 3802 2867 [lod-

1252 2902 1439 2960 Facm
1467 2906 1607 2960 υοωε
1636 2906 1833 2960 amico;
1862 2905 1927 2958 de
1968 2922 2138 2959 mam-
2172 2891 2217 2951 Β
2245 2892 2453 2962 bertus,
2501 2896 2584 2951 vel
2630 2913 2729 2968 pro
2776 2898 3058 2954 abolendis
3098 2900 3211 2955 suis
3252 2902 3516 2971 peccatis,
3547 2904 3802 2957 monachis

2247 2987 2431 3044 Sancti
2462 2988 2604 3045 Petri
2638 2992 2874 3047 cmuobii
2914 2990 3269 3074 Carnotensis
3295 2995 3669 3051 concederem.
3692 2996 3803 3063 Qui,

2240 3079 2444 3150 justam
2478 3083 2795 3154 petitionem
2834 3084 2967 3140 tanti
3012 3084 3117 3140 viri
3145 3087 3524 3154 considerans,
3548 3103 3803 3145 assensum

2244 3172 2457 3242 prehui,
2505 3175 2730 3245 insuper
2776 3177 3058 3232 sanctiens
3106 3185 3185 3244 ut,
3223 3179 3294 3235 ab
3341 3178 3505 3237 hodie
3543 3182 3595 3237 in
3641 3182 3807 3237 subse-

2247 3266 2435 3334 quenti
2467 3268 2841 3339 generatione,
2874 3269 3054 3326 nullus
3086 3285 3332 3341 suorum,
3355 3272 3440 3329 vel
3469 3274 3807 3345 quorumlibet

2248 3358 2501 3423 aliorum,
2525 3358 2617 3429 jus
2640 3361 3032 3418 dominationis
3058 3378 3154 3418 seu
3190 3364 3504 3421 violentiam
3546 3365 3809 3436 cujuslibet

2249 3444 2596 3515 inruptionis,
2645 3446 2806 3515 hujus
2862 3447 3213 3505 ﬁrmitudinis
3262 3459 3465 3507 nostra:
3504 3453 3805 3522 compactio-

2249 3550 2395 3603 nem,
2430 3539 2718 3594 temeraria
2759 3541 3117 3610 procacitate,
3172 3542 3429 3614 inrogare
3469 3554 3708 3601 conetur.
3748 3544 3809 3602 Ut

2250 3614 2432 3682 autem
2467 3628 2581 3686 haec
2607 3631 2815 3686 eartula
2845 3632 2898 3686 in
2942 3632 3037 3688 Dei
3064 3634 3285 3691 nomine
3312 3635 3540 3692 ﬁrmiori
3571 3637 3811 3693 innitatur

2250 3720 2455 3791 vigore,
2509 3738 2671 3778 manu
2719 3724 2938 3795 propria
2986 3726 3307 3799 subscripsi,
3338 3726 3588 3786 ﬁdelibus
3620 3744 3810 3801 quoque

2248 3816 2385 3872 meis
2412 3815 2478 3871 ad
2505 3816 2969 3871 corroborandum
2996 3818 3220 3874 tradidi.

2324 3925 2343 3957 ι
2375 3905 2434 3961 8.
2467 3904 2724 3960 Riehardi
2757 3906 2992 3963 comitis.
3024 3906 3082 3962 S.
3122 3907 3389 3965 Rodberti
3412 3909 3808 3981 archiepiscopi.

2248 3994 2308 4053 S.
2336 3994 2588 4051 Herberti
2618 3996 2879 4066 episcopi.
2915 3995 2974 4053 S.
3005 3995 3289 4054 Teoderici
3321 3999 3556 4056 abbatis.
3600 3999 3659 4056 8.
3687 4001 3815 4057 Rod-

2245 4087 2386 4144 berti
2404 4086 2607 4143 clerici.
2635 4087 2691 4144 S.
2719 4088 3016 4159 Rajenarii,
3044 4091 3135 4162 qui
3160 4091 3299 4149 hanc
3322 4093 3665 4151 donationem
3680 4094 3832 4171 fecit,

2249 4178 2309 4236 S.
2340 4178 2589 4235 llunfridi
2624 4180 2690 4235 de
2721 4178 3040 4237 Vetulabus.
3075 4202 3096 4236 ι

561 4271 772 4338 cbardi,
822 4273 913 4329 mn
960 4278 1197 4335 comitis.
1248 4278 1307 4336 s.
1360 4280 1642 4345 Rodberti,
1675 4281 1769 4336 ﬁlii
1814 4281 2049 4339 comitis.
2080 4283 2138 4340 s.
2171 4287 2212 4345 c
2321 4271 2515 4329 Utrum
2571 4271 2718 4328 illius
2766 4273 3026 4341 temporis
3076 4272 3327 4330 monachi
3366 4275 3705 4346 possederint
3742 4274 3815 4331 vel

562 4358 773 4418 qut‘idi
802 4366 971 4437 (156).
1008 4387 1028 4421 ι

637 4451 994 4523 Supradictus
1040 4460 1267 4527 viculus,
1306 4478 1334 4516 a
1378 4462 1540 4519 rebus
1570 4463 1909 4535 colligendis,
1944 4465 2149 4522 Resco-

562 4541 669 4601 lius
706 4548 836 4604 olim
867 4551 1085 4620 quidem
1116 4554 1436 4609 dicebatur:
1470 4556 1541 4612 ibi
1571 4558 1713 4611 enim
1745 4572 1832 4612 res
1855 4557 1968 4613 ﬁsci
2000 4558 2138 4613 colli-

562 4638 829 4706 gebantur
858 4642 942 4698 vel
980 4647 1472 4717 congregabantur.
1509 4648 1565 4703 ln
1599 4664 1726 4718 quo,
1760 4664 1866 4704 non
1893 4650 2053 4721 longe
2079 4650 2146 4705 ab

554 4728 702 4783 Arva
749 4730 990 4796 ﬂumine,
1037 4745 1260 4805 propter
1299 4741 1569 4807 quandam
1619 4738 1843 4806 fontem,
1892 4741 2141 4810 quaedam

558 4817 859 4874 :ecclesiola
892 4812 1063 4889 lignea
1097 4822 1201 4877 sita
1226 4834 1343 4878 erat
1375 4826 1426 4879 in
1459 4828 1664 4883 honore
1688 4828 1858 4883 sancti
1887 4829 2141 4902 Remigii.

557 4910 838 4968 Deﬁuente
884 4928 1015 4968 vero
1064 4923 1328 4985 tempore,
1380 4927 1433 4973 et
1472 4918 1681 4974 viculus
1731 4936 1853 4975 cum
1889 4921 2139 4978 aecclesia

554 5003 713 5060 bellis
738 5005 971 5061 assiduis
1000 5008 1067 5061 ad
1099 5007 1355 5063 nichilutn
1401 5026 1539 5080 pene
1570 5011 1869 5077 deducitur,
1912 5024 1964 5068 et
1993 5024 2137 5080 tunc,

561 5107 834 5153 annuente
861 5099 1058 5153 comite
1090 5098 1380 5166 Richardo,
1414 5103 1661 5172 parrocia
1696 5103 1810 5173 ipsa
1854 5106 2005 5162 unita
2055 5116 2142 5162 est

562 5184 753 5242 Sancti
782 5189 1000 5260 Georgii
1032 5191 1354 5262 parrochize,
1381 5192 1535 5261 cujus
1560 5195 1804 5250 aecclesia
1846 5210 1951 5249 non
1982 5194 2142 5267 longe

560 5278 779 5346 aberat;
810 5288 865 5335 et
894 5281 1069 5337 altare
1100 5282 1283 5337 Sancti
1315 5282 1541 5355 Remigii
1572 5287 1627 5340 in
1655 5286 1737 5341 ala
1769 5286 1926 5342 istius
1950 5286 2141 5342 (eccle-

558 5469 1022 5599 coggyAYerba,
1069 5475 1145 5529 vel
1177 5485 1462 5544 perpetrat,
1496 5478 1866 5549 superscripta
1913 5488 2042 5537 sunt
2089 5481 2142 5536 in

628 5612 1067 5699 (lSS).Ricbardi
1095 5615 1313 5674 comitis
1342 5616 1513 5675 frater
1548 5618 1903 5690 archipraesul
1938 5620 2149 5679 Rotho-
2171 5637 2223 5699 ι)

560 5698 955 5825 ωἷῗὲᾎῗῗω.
987 5756 1029 5816 Β
1060 5754 1207 5815 addit
1240 5776 1252 5813 :
1286 5758 1351 5817 de
1390 5756 1691 5817 Vetulabus.

2247 4363 2539 4420 habuerint
2562 4363 2843 4434 prtefatam
2866 4364 3190 4431 ecclesiam,
3216 4368 3432 4437 penitus
3462 4369 3676 4441 ignem;
3706 4385 3813 4425 nam

2251 4470 2426 4526 neque
2465 4470 2585 4510 eam
2636 4455 2891 4511 habuisse
2940 4457 3009 4512 ab
3052 4458 3288 4528 antiquis
3319 4460 3601 4517 monachis
3630 4463 3816 4529 audivi,

2249 4560 2421 4613 neque
2450 4561 2480 4600 a
2504 4545 2783 4604 modernis
2806 4548 3135 4605 mentionem
3158 4549 3397 4621 aliquam
3428 4551 3545 4608 ﬁeri
3577 4568 3816 4626 umquam

2246 4638 2451 4696 audivi.

2783 4732 3183 4792 CAPITULUM
3222 4734 3308 4791 lll.

2247 4826 2327 4884 De
2358 4826 2559 4884 Blidttn
2612 4825 2810 4884 Vitiare
2859 4845 2890 4882 a
2943 4828 3178 4951 Tjdluino
3224 4826 3391 4884 utilite
3441 4828 3638 4885 Sancto
3675 4828 3816 4886 Petro

3011 4917 3041 4951 α
3068 4915 3119 4951 ο.

3011 4915 3119 4952 αιο.

2828 4990 2992 5061 (Ante
3021 5007 3075 5045 a.
3105 4989 3257 5061 996.)

2329 5120 2348 5155 ι
2381 5100 2531 5174 (158)
2563 5100 2620 5155 In
2667 5097 2763 5155 Dei
2791 5098 3031 5152 nomine.
3061 5095 3174 5169 Ego
3204 5095 3482 5154 Teduinus
3513 5113 3640 5156 cum
3669 5112 3821 5155 uxore

2250 5208 2396 5259 mea,
2428 5192 2650 5248 nomine
2700 5189 2941 5256 Adalais,
2987 5199 3441 5260 recognoscentes
3490 5206 3589 5246 nos
3638 5191 3819 5245 multas

2252 5286 2582 5343 offensiones
2606 5282 2920 5341 exercuisse
2945 5288 3071 5337 ante
3094 5281 3281 5339 oculos
3306 5281 3521 5340 Domini
3543 5292 3598 5339 et
3621 5292 3823 5345 saneto-

2327 5479 2479 5603 (15ῃ
2518 5477 2560 5533 Β
2591 5494 2603 5531 :
2646 5476 2820 5531 Donec
2853 5475 3104 5531 moderno
3130 5485 3361 5548 tempore
3384 5494 3418 5532 α
3444 5486 3707 5539 monacho
3734 5500 3814 5537 ηο-

2327 5553 2398 5603 ine
2486 5552 2664 5603 uberto
2700 5548 2873 5603 maior
2908 5556 3139 5601 cemento
3167 5557 3215 5601 et
3254 5546 3433 5603 lapide
3472 5570 3545 5603 eu
3574 5556 3814 5603 ediﬁcala.

2258 5546 2664 5626 minellultgrto
2700 5548 2873 5626 major
2908 5546 3433 5626 cementaet‘lapitte
3472 5570 3545 5610 eu
3574 5556 3822 5626 edi/imm.

2330 5622 2483 5693 (158)
2536 5620 2660 5693 Haec
2686 5616 2876 5693 charta
2910 5616 3211 5693 referenda,
3241 5616 3318 5672 ut'
3339 5624 3572 5693 videtur,
3604 5616 3689 5680 vel
3718 5635 3825 5679 ante

2249 5686 2480 5818 '996',
2531 5689 2615 5746 vel
2648 5687 2716 5746 ad
2762 5691 2937 5760 ipsum
2968 5703 3019 5744 a.
3049 5686 3176 5757 996,
3208 5703 3319 5762 quo
3360 5695 3471 5753 vita
3507 5686 3722 5753 functus
3752 5702 3825 5749 est

2331 5776 2382 5816 ο.

2331 5776 2382 5816 0.
