  <div class='ocr_page' id='page_1' title='image "/cluster/home/n/w/nwhite01/storage/ocr_20150623/155/hvd.32044015473838/132.png"; bbox 0 0 3890 6302; ppageno 0'>
   <div class='ocr_carea' id='block_1_1' title="bbox 79 349 231 441">
    <p class='ocr_par' dir='ltr' id='par_1_1' title="bbox 79 349 231 441">
     <span class='ocr_line' id='line_1_1' title="bbox 79 349 231 441; baseline 0 -24"><span class='ocrx_word' id='word_1_1' title='bbox 79 349 231 441; x_wconf 47' lang='grc' dir='ltr'><strong>τρῖ)</strong></span> 
     </span>
    </p>
   </div>
   <div class='ocr_carea' id='block_1_2' title="bbox 993 351 2468 416">
    <p class='ocr_par' dir='ltr' id='par_1_2' title="bbox 993 351 2468 416">
     <span class='ocr_line' id='line_1_2' title="bbox 993 351 2468 416; baseline -0.005 -2"><span class='ocrx_word' id='word_1_2' title='bbox 993 391 995 394; x_wconf 62' lang='grc'>‹</span> <span class='ocrx_word' id='word_1_3' title='bbox 1047 355 1270 416; x_wconf 83' lang='lat' dir='ltr'><strong>VETUS</strong></span> <span class='ocrx_word' id='word_1_4' title='bbox 1297 355 1555 416; x_wconf 75' lang='lat' dir='ltr'><strong>AGANO.</strong></span> <span class='ocrx_word' id='word_1_5' title='bbox 1598 388 1665 398; x_wconf 85' lang='lat'>——</span> <span class='ocrx_word' id='word_1_6' title='bbox 1705 354 1832 412; x_wconf 86' lang='lat' dir='ltr'><strong>LIB.</strong></span> <span class='ocrx_word' id='word_1_7' title='bbox 1865 352 1928 411; x_wconf 77' lang='grc' dir='ltr'>γ.</span> <span class='ocrx_word' id='word_1_8' title='bbox 1973 351 2468 412; x_wconf 74' lang='lat' dir='ltr'><strong>MAGENARDUS.</strong></span> 
     </span>
    </p>
   </div>
   <div class='ocr_carea' id='block_1_3' title="bbox 3283 357 3393 415">
    <p class='ocr_par' dir='ltr' id='par_1_3' title="bbox 3283 357 3393 415">
     <span class='ocr_line' id='line_1_3' title="bbox 3283 357 3393 415; baseline 0 -45"><span class='ocrx_word' id='word_1_9' title='bbox 3283 357 3393 415; x_wconf 51' lang='grc' dir='ltr'><strong>,Μ</strong></span> 
     </span>
    </p>
   </div>
   <div class='ocr_carea' id='block_1_4' title="bbox 97 465 3387 550">
    <p class='ocr_par' dir='ltr' id='par_1_4' title="bbox 97 465 3387 550">
     <span class='ocr_line' id='line_1_4' title="bbox 97 465 3387 550; baseline 0.002 -28"><span class='ocrx_word' id='word_1_10' title='bbox 97 483 244 550; x_wconf 52' lang='lat' dir='ltr'><strong>,dm</strong></span> <span class='ocrx_word' id='word_1_11' title='bbox 257 465 378 538; x_wconf 83' lang='lat' dir='ltr'><strong>ejus,</strong></span> <span class='ocrx_word' id='word_1_12' title='bbox 408 466 482 526; x_wconf 89' lang='lat' dir='ltr'><strong>ob</strong></span> <span class='ocrx_word' id='word_1_13' title='bbox 517 471 839 528; x_wconf 81' lang='lat' dir='ltr'><strong>remedium</strong></span> <span class='ocrx_word' id='word_1_14' title='bbox 876 483 1179 529; x_wconf 77' lang='lat' dir='ltr'><strong>nostrorum</strong></span> <span class='ocrx_word' id='word_1_15' title='bbox 1201 474 1573 544; x_wconf 90' lang='lat' dir='ltr'><strong>peccaminum</strong></span> <span class='ocrx_word' id='word_1_16' title='bbox 1606 487 1700 528; x_wconf 86' lang='lat' dir='ltr'><strong>seu</strong></span> <span class='ocrx_word' id='word_1_17' title='bbox 1731 475 1774 534; x_wconf 73' lang='grc' dir='ltr'>Α</span> <span class='ocrx_word' id='word_1_18' title='bbox 1809 488 1928 527; x_wconf 92' lang='lat' dir='ltr'><strong>rum</strong></span> <span class='ocrx_word' id='word_1_19' title='bbox 1962 472 2259 536; x_wconf 88' lang='lat' dir='ltr'><strong>seniorum,</strong></span> <span class='ocrx_word' id='word_1_20' title='bbox 2289 477 2373 526; x_wconf 89' lang='lat' dir='ltr'><strong>set</strong></span> <span class='ocrx_word' id='word_1_21' title='bbox 2395 469 2579 526; x_wconf 81' lang='lat' dir='ltr'><strong>omnia</strong></span> <span class='ocrx_word' id='word_1_22' title='bbox 2605 483 2730 525; x_wconf 88' lang='lat' dir='ltr'><strong>cum</strong></span> <span class='ocrx_word' id='word_1_23' title='bbox 2757 469 2843 526; x_wconf 86' lang='lat' dir='ltr'><strong>his</strong></span> <span class='ocrx_word' id='word_1_24' title='bbox 2863 485 2985 541; x_wconf 62' lang='lat' dir='ltr'><strong>quae</strong></span> <span class='ocrx_word' id='word_1_25' title='bbox 3013 469 3066 527; x_wconf 91' lang='lat' dir='ltr'><strong>in</strong></span> <span class='ocrx_word' id='word_1_26' title='bbox 3098 470 3216 543; x_wconf 81' lang='lat' dir='ltr'><strong>ipso</strong></span> <span class='ocrx_word' id='word_1_27' title='bbox 3237 482 3387 538; x_wconf 88' lang='lat' dir='ltr'><strong>sunt,</strong></span> 
     </span>
    </p>
   </div>
   <div class='ocr_carea' id='block_1_5' title="bbox 107 562 1706 650">
    <p class='ocr_par' dir='ltr' id='par_1_5' title="bbox 107 562 1706 650">
     <span class='ocr_line' id='line_1_5' title="bbox 107 562 1706 650; baseline 0.003 -36"><span class='ocrx_word' id='word_1_28' title='bbox 107 566 408 650; x_wconf 48' lang='lat' dir='ltr'><strong>Plautum,</strong></span> <span class='ocrx_word' id='word_1_29' title='bbox 445 574 476 614; x_wconf 90' lang='lat' dir='ltr'><strong>a</strong></span> <span class='ocrx_word' id='word_1_30' title='bbox 524 562 740 631; x_wconf 82' lang='lat' dir='ltr'><strong>quibus</strong></span> <span class='ocrx_word' id='word_1_31' title='bbox 789 579 854 618; x_wconf 89' lang='lat' dir='ltr'><strong>ea</strong></span> <span class='ocrx_word' id='word_1_32' title='bbox 898 563 1021 634; x_wconf 88' lang='lat' dir='ltr'><strong>jure</strong></span> <span class='ocrx_word' id='word_1_33' title='bbox 1063 574 1327 631; x_wconf 89' lang='lat' dir='ltr'><strong>tenemus,</strong></span> <span class='ocrx_word' id='word_1_34' title='bbox 1362 565 1627 620; x_wconf 91' lang='lat' dir='ltr'><strong>tradimus</strong></span> <span class='ocrx_word' id='word_1_35' title='bbox 1651 572 1706 619; x_wconf 92' lang='lat' dir='ltr'><strong>et</strong></span> 
     </span>
    </p>
   </div>
   <div class='ocr_carea' id='block_1_6' title="bbox 127 650 1705 723">
    <p class='ocr_par' dir='ltr' id='par_1_6' title="bbox 127 650 1705 723">
     <span class='ocr_line' id='line_1_6' title="bbox 127 650 1705 723; baseline 0.001 -15"><span class='ocrx_word' id='word_1_36' title='bbox 127 650 454 722; x_wconf 56' lang='lat' dir='ltr'><strong>pendimus</strong></span> <span class='ocrx_word' id='word_1_37' title='bbox 479 655 749 723; x_wconf 73' lang='lat' dir='ltr'><strong>potestati</strong></span> <span class='ocrx_word' id='word_1_38' title='bbox 798 655 983 711; x_wconf 83' lang='lat' dir='ltr'><strong>Sancti</strong></span> <span class='ocrx_word' id='word_1_39' title='bbox 1032 655 1176 710; x_wconf 85' lang='lat' dir='ltr'><strong>Petri</strong></span> <span class='ocrx_word' id='word_1_40' title='bbox 1205 656 1555 712; x_wconf 82' lang='lat' dir='ltr'><strong>Carnotensis</strong></span> <span class='ocrx_word' id='word_1_41' title='bbox 1593 670 1705 710; x_wconf 61' lang='lat' dir='ltr'><strong>caa-</strong></span> 
     </span>
    </p>
   </div>
   <div class='ocr_carea' id='block_1_7' title="bbox 135 742 1704 819">
    <p class='ocr_par' dir='ltr' id='par_1_7' title="bbox 135 742 1704 819">
     <span class='ocr_line' id='line_1_7' title="bbox 135 742 1704 819; baseline 0.003 -20"><span class='ocrx_word' id='word_1_42' title='bbox 135 744 276 812; x_wconf 67' lang='lat' dir='ltr'><strong>nohii</strong></span> <span class='ocrx_word' id='word_1_43' title='bbox 311 742 545 811; x_wconf 83' lang='lat' dir='ltr'><strong>alodum,</strong></span> <span class='ocrx_word' id='word_1_44' title='bbox 596 748 828 804; x_wconf 83' lang='lat' dir='ltr'><strong>nomine</strong></span> <span class='ocrx_word' id='word_1_45' title='bbox 873 748 1062 804; x_wconf 87' lang='lat' dir='ltr'><strong>Biidun</strong></span> <span class='ocrx_word' id='word_1_46' title='bbox 1112 748 1313 804; x_wconf 78' lang='lat' dir='ltr'><strong>Villarc</strong></span> <span class='ocrx_word' id='word_1_47' title='bbox 1341 749 1513 819; x_wconf 80' lang='grc'>(159),</span> <span class='ocrx_word' id='word_1_48' title='bbox 1544 749 1704 804; x_wconf 88' lang='lat' dir='ltr'><strong>simul</strong></span> 
     </span>
    </p>
   </div>
   <div class='ocr_carea' id='block_1_8' title="bbox 141 837 1706 914">
    <p class='ocr_par' dir='ltr' id='par_1_8' title="bbox 141 837 1706 914">
     <span class='ocr_line' id='line_1_8' title="bbox 141 837 1706 914; baseline 0.004 -23"><span class='ocrx_word' id='word_1_49' title='bbox 141 855 257 902; x_wconf 60' lang='lat' dir='ltr'><strong>cum</strong></span> <span class='ocrx_word' id='word_1_50' title='bbox 291 837 481 903; x_wconf 87' lang='lat' dir='ltr'><strong>hroilo;</strong></span> <span class='ocrx_word' id='word_1_51' title='bbox 533 838 612 894; x_wconf 86' lang='lat' dir='ltr'><strong>ibi</strong></span> <span class='ocrx_word' id='word_1_52' title='bbox 666 839 896 912; x_wconf 85' lang='lat' dir='ltr'><strong>insuper</strong></span> <span class='ocrx_word' id='word_1_53' title='bbox 936 841 1192 914; x_wconf 91' lang='lat' dir='ltr'><strong>quicquid</strong></span> <span class='ocrx_word' id='word_1_54' title='bbox 1226 843 1427 897; x_wconf 91' lang='lat' dir='ltr'><strong>habere</strong></span> <span class='ocrx_word' id='word_1_55' title='bbox 1459 843 1706 898; x_wconf 89' lang='lat' dir='ltr'><strong>videmur</strong></span> 
     </span>
    </p>
   </div>
   <div class='ocr_carea' id='block_1_9' title="bbox 143 930 1707 1010">
    <p class='ocr_par' dir='ltr' id='par_1_9' title="bbox 143 930 1707 1010">
     <span class='ocr_line' id='line_1_9' title="bbox 143 930 1707 1010; baseline 0.003 -23"><span class='ocrx_word' id='word_1_56' title='bbox 143 940 254 1010; x_wconf 71' lang='lat' dir='ltr'><strong>jure</strong></span> <span class='ocrx_word' id='word_1_57' title='bbox 289 930 600 987; x_wconf 90' lang='lat' dir='ltr'><strong>hereditatis</strong></span> <span class='ocrx_word' id='word_1_58' title='bbox 630 950 645 988; x_wconf 92' lang='lat'><strong>:</strong></span> <span class='ocrx_word' id='word_1_59' title='bbox 681 933 758 988; x_wconf 88' lang='lat' dir='ltr'><strong>ita</strong></span> <span class='ocrx_word' id='word_1_60' title='bbox 795 943 876 998; x_wconf 92' lang='lat' dir='ltr'><strong>ut,</strong></span> <span class='ocrx_word' id='word_1_61' title='bbox 914 943 1037 1006; x_wconf 89' lang='lat' dir='ltr'><strong>post</strong></span> <span class='ocrx_word' id='word_1_62' title='bbox 1081 935 1286 990; x_wconf 84' lang='lat' dir='ltr'><strong>obitum</strong></span> <span class='ocrx_word' id='word_1_63' title='bbox 1342 935 1567 992; x_wconf 86' lang='lat' dir='ltr'><strong>alterius</strong></span> <span class='ocrx_word' id='word_1_64' title='bbox 1608 951 1707 991; x_wconf 85' lang='lat' dir='ltr'><strong>no-</strong></span> 
     </span>
    </p>
   </div>
   <div class='ocr_carea' id='block_1_10' title="bbox 151 1022 1704 1094">
    <p class='ocr_par' dir='ltr' id='par_1_10' title="bbox 151 1022 1704 1094">
     <span class='ocr_line' id='line_1_10' title="bbox 151 1022 1704 1094; baseline 0.002 -15"><span class='ocrx_word' id='word_1_65' title='bbox 151 1035 315 1088; x_wconf 76' lang='lat' dir='ltr'><strong>stram,</strong></span> <span class='ocrx_word' id='word_1_66' title='bbox 343 1022 630 1078; x_wconf 81' lang='lat' dir='ltr'><strong>monachis</strong></span> <span class='ocrx_word' id='word_1_67' title='bbox 685 1024 985 1094; x_wconf 82' lang='lat' dir='ltr'><strong>supradicti</strong></span> <span class='ocrx_word' id='word_1_68' title='bbox 1033 1024 1289 1088; x_wconf 67' lang='lat' dir='ltr'><strong>connubii,</strong></span> <span class='ocrx_word' id='word_1_69' title='bbox 1340 1026 1541 1082; x_wconf 84' lang='lat' dir='ltr'><strong>ibidem</strong></span> <span class='ocrx_word' id='word_1_70' title='bbox 1593 1026 1704 1082; x_wconf 90' lang='lat' dir='ltr'><strong>Deo</strong></span> 
     </span>
    </p>
   </div>
   <div class='ocr_carea' id='block_1_11' title="bbox 153 1113 1704 1187">
    <p class='ocr_par' dir='ltr' id='par_1_11' title="bbox 153 1113 1704 1187">
     <span class='ocr_line' id='line_1_11' title="bbox 153 1113 1704 1187; baseline 0.002 -16"><span class='ocrx_word' id='word_1_71' title='bbox 153 1113 572 1179; x_wconf 81' lang='lat' dir='ltr'><strong>deservientibus,</strong></span> <span class='ocrx_word' id='word_1_72' title='bbox 595 1114 724 1183; x_wconf 89' lang='lat' dir='ltr'><strong>jure</strong></span> <span class='ocrx_word' id='word_1_73' title='bbox 773 1126 1037 1186; x_wconf 90' lang='lat' dir='ltr'><strong>perpetuo</strong></span> <span class='ocrx_word' id='word_1_74' title='bbox 1068 1117 1135 1172; x_wconf 89' lang='lat' dir='ltr'><strong>ad</strong></span> <span class='ocrx_word' id='word_1_75' title='bbox 1164 1118 1552 1187; x_wconf 90' lang='lat' dir='ltr'><strong>possidendum</strong></span> <span class='ocrx_word' id='word_1_76' title='bbox 1581 1133 1704 1174; x_wconf 89' lang='lat' dir='ltr'><strong>suc-</strong></span> 
     </span>
    </p>
   </div>
   <div class='ocr_carea' id='block_1_12' title="bbox 153 1203 1704 1277">
    <p class='ocr_par' dir='ltr' id='par_1_12' title="bbox 153 1203 1704 1277">
     <span class='ocr_line' id='line_1_12' title="bbox 153 1203 1704 1277; baseline 0.003 -16"><span class='ocrx_word' id='word_1_77' title='bbox 153 1204 298 1268; x_wconf 80' lang='lat' dir='ltr'><strong>cedat,</strong></span> <span class='ocrx_word' id='word_1_78' title='bbox 330 1203 620 1276; x_wconf 87' lang='lat' dir='ltr'><strong>nullusque</strong></span> <span class='ocrx_word' id='word_1_79' title='bbox 660 1207 742 1262; x_wconf 90' lang='lat' dir='ltr'><strong>eis</strong></span> <span class='ocrx_word' id='word_1_80' title='bbox 778 1207 1208 1277; x_wconf 87' lang='lat' dir='ltr'><strong>inquietudinem</strong></span> <span class='ocrx_word' id='word_1_81' title='bbox 1261 1208 1425 1264; x_wconf 79' lang='lat' dir='ltr'><strong>faciat</strong></span> <span class='ocrx_word' id='word_1_82' title='bbox 1464 1208 1704 1265; x_wconf 92' lang='lat' dir='ltr'><strong>ﬁliorum</strong></span> 
     </span>
    </p>
   </div>
   <div class='ocr_carea' id='block_1_13' title="bbox 153 1294 1704 1370">
    <p class='ocr_par' dir='ltr' id='par_1_13' title="bbox 153 1294 1704 1370">
     <span class='ocr_line' id='line_1_13' title="bbox 153 1294 1704 1370; baseline 0.004 -19"><span class='ocrx_word' id='word_1_83' title='bbox 153 1294 222 1351; x_wconf 83' lang='lat' dir='ltr'><strong>vel</strong></span> <span class='ocrx_word' id='word_1_84' title='bbox 245 1303 540 1364; x_wconf 84' lang='lat' dir='ltr'><strong>parentum.</strong></span> <span class='ocrx_word' id='word_1_85' title='bbox 572 1297 730 1365; x_wconf 87' lang='lat' dir='ltr'><strong>Quod</strong></span> <span class='ocrx_word' id='word_1_86' title='bbox 777 1297 823 1354; x_wconf 93' lang='lat' dir='ltr'><strong>si</strong></span> <span class='ocrx_word' id='word_1_87' title='bbox 857 1299 1055 1370; x_wconf 84' lang='lat' dir='ltr'><strong>aliquis</strong></span> <span class='ocrx_word' id='word_1_88' title='bbox 1083 1299 1292 1368; x_wconf 76' lang='lat' dir='ltr'><strong>fecerit,</strong></span> <span class='ocrx_word' id='word_1_89' title='bbox 1325 1301 1704 1358; x_wconf 86' lang='lat' dir='ltr'><strong>maledictione</strong></span> 
     </span>
    </p>
   </div>
   <div class='ocr_carea' id='block_1_14' title="bbox 151 1389 1702 1465">
    <p class='ocr_par' dir='ltr' id='par_1_14' title="bbox 151 1389 1702 1465">
     <span class='ocr_line' id='line_1_14' title="bbox 151 1389 1702 1465; baseline 0.006 -23"><span class='ocrx_word' id='word_1_90' title='bbox 151 1397 379 1462; x_wconf 84' lang='lat' dir='ltr'><strong>perpetua</strong></span> <span class='ocrx_word' id='word_1_91' title='bbox 408 1389 762 1462; x_wconf 88' lang='lat' dir='ltr'><strong>dampnetur,</strong></span> <span class='ocrx_word' id='word_1_92' title='bbox 795 1401 853 1449; x_wconf 86' lang='lat' dir='ltr'><strong>et</strong></span> <span class='ocrx_word' id='word_1_93' title='bbox 895 1393 1117 1464; x_wconf 83' lang='lat' dir='ltr'><strong>insuper</strong></span> <span class='ocrx_word' id='word_1_94' title='bbox 1159 1404 1383 1450; x_wconf 87' lang='lat' dir='ltr'><strong>coactus</strong></span> <span class='ocrx_word' id='word_1_95' title='bbox 1429 1404 1702 1465; x_wconf 76' lang='lat' dir='ltr'><strong>potestate</strong></span> 
     </span>
    </p>
   </div>
   <div class='ocr_carea' id='block_1_15' title="bbox 157 1480 1703 1556">
    <p class='ocr_par' dir='ltr' id='par_1_15' title="bbox 157 1480 1703 1556">
     <span class='ocr_line' id='line_1_15' title="bbox 157 1480 1703 1556; baseline 0.007 -22"><span class='ocrx_word' id='word_1_96' title='bbox 157 1480 513 1553; x_wconf 74' lang='lat' dir='ltr'><strong>quinquaginta</strong></span> <span class='ocrx_word' id='word_1_97' title='bbox 564 1484 730 1540; x_wconf 85' lang='lat' dir='ltr'><strong>libras</strong></span> <span class='ocrx_word' id='word_1_98' title='bbox 780 1486 899 1541; x_wconf 88' lang='lat' dir='ltr'><strong>auri</strong></span> <span class='ocrx_word' id='word_1_99' title='bbox 951 1485 1247 1556; x_wconf 80' lang='lat' dir='ltr'><strong>persolvat.</strong></span> <span class='ocrx_word' id='word_1_100' title='bbox 1281 1487 1555 1543; x_wconf 84' lang='lat' dir='ltr'><strong>Utautem</strong></span> <span class='ocrx_word' id='word_1_101' title='bbox 1586 1487 1703 1545; x_wconf 81' lang='lat' dir='ltr'><strong>haec</strong></span> 
     </span>
    </p>
   </div>
   <div class='ocr_carea' id='block_1_16' title="bbox 153 1573 1699 1647">
    <p class='ocr_par' dir='ltr' id='par_1_16' title="bbox 153 1573 1699 1647">
     <span class='ocr_line' id='line_1_16' title="bbox 153 1573 1699 1647; baseline 0.003 -17"><span class='ocrx_word' id='word_1_102' title='bbox 153 1579 273 1630; x_wconf 76' lang='lat' dir='ltr'><strong>arta</strong></span> <span class='ocrx_word' id='word_1_103' title='bbox 321 1573 640 1632; x_wconf 83' lang='lat' dir='ltr'><strong>inconvulsa</strong></span> <span class='ocrx_word' id='word_1_104' title='bbox 682 1575 737 1632; x_wconf 91' lang='lat' dir='ltr'><strong>in</strong></span> <span class='ocrx_word' id='word_1_105' title='bbox 767 1574 1045 1647; x_wconf 87' lang='lat' dir='ltr'><strong>posterum</strong></span> <span class='ocrx_word' id='word_1_106' title='bbox 1076 1586 1422 1647; x_wconf 89' lang='lat' dir='ltr'><strong>permaneat,</strong></span> <span class='ocrx_word' id='word_1_107' title='bbox 1454 1593 1520 1634; x_wconf 81' lang='lat' dir='ltr'><strong>ex</strong></span> <span class='ocrx_word' id='word_1_108' title='bbox 1566 1595 1699 1635; x_wconf 89' lang='lat' dir='ltr'><strong>con-</strong></span> 
     </span>
    </p>
   </div>
   <div class='ocr_carea' id='block_1_17' title="bbox 152 1665 1702 1741">
    <p class='ocr_par' dir='ltr' id='par_1_17' title="bbox 152 1665 1702 1741">
     <span class='ocr_line' id='line_1_17' title="bbox 152 1665 1702 1741; baseline 0.004 -20"><span class='ocrx_word' id='word_1_109' title='bbox 152 1680 283 1721; x_wconf 82' lang='lat' dir='ltr'><strong>sensu</strong></span> <span class='ocrx_word' id='word_1_110' title='bbox 311 1665 528 1722; x_wconf 88' lang='lat' dir='ltr'><strong>comitis</strong></span> <span class='ocrx_word' id='word_1_111' title='bbox 561 1665 916 1739; x_wconf 84' lang='lat' dir='ltr'><strong>ejusdemque</strong></span> <span class='ocrx_word' id='word_1_112' title='bbox 944 1669 1238 1725; x_wconf 83' lang='lat' dir='ltr'><strong>comitatus</strong></span> <span class='ocrx_word' id='word_1_113' title='bbox 1269 1670 1556 1736; x_wconf 91' lang='lat' dir='ltr'><strong>nobilium,</strong></span> <span class='ocrx_word' id='word_1_114' title='bbox 1579 1686 1702 1741; x_wconf 80' lang='lat' dir='ltr'><strong>pro-</strong></span> 
     </span>
    </p>
   </div>
   <div class='ocr_carea' id='block_1_18' title="bbox 150 1757 1702 1844">
    <p class='ocr_par' dir='ltr' id='par_1_18' title="bbox 150 1757 1702 1844">
     <span class='ocr_line' id='line_1_18' title="bbox 150 1757 1702 1844; baseline 0.006 -33"><span class='ocrx_word' id='word_1_115' title='bbox 150 1757 258 1828; x_wconf 83' lang='lat' dir='ltr'><strong>priis</strong></span> <span class='ocrx_word' id='word_1_116' title='bbox 284 1757 592 1816; x_wconf 88' lang='lat' dir='ltr'><strong>nominibus</strong></span> <span class='ocrx_word' id='word_1_117' title='bbox 621 1775 741 1816; x_wconf 89' lang='lat' dir='ltr'><strong>eam</strong></span> <span class='ocrx_word' id='word_1_118' title='bbox 766 1760 1354 1844; x_wconf 74' lang='lat' dir='ltr'><strong>substipulavimus._S.</strong></span> <span class='ocrx_word' id='word_1_119' title='bbox 1383 1763 1588 1821; x_wconf 87' lang='lat' dir='ltr'><strong>Odonis</strong></span> <span class='ocrx_word' id='word_1_120' title='bbox 1611 1780 1702 1820; x_wconf 80' lang='lat' dir='ltr'><strong>co-</strong></span> 
     </span>
    </p>
   </div>
   <div class='ocr_carea' id='block_1_19' title="bbox 1805 559 3387 634">
    <p class='ocr_par' dir='ltr' id='par_1_19' title="bbox 1805 559 3387 634">
     <span class='ocr_line' id='line_1_19' title="bbox 1805 559 3387 634; baseline 0.001 -17"><span class='ocrx_word' id='word_1_121' title='bbox 1805 561 2019 618; x_wconf 88' lang='lat' dir='ltr'><strong>scilicet</strong></span> <span class='ocrx_word' id='word_1_122' title='bbox 2053 562 2403 626; x_wconf 88' lang='lat' dir='ltr'><strong>molendinis,</strong></span> <span class='ocrx_word' id='word_1_123' title='bbox 2446 559 2609 615; x_wconf 71' lang='lat' dir='ltr'><strong>terris</strong></span> <span class='ocrx_word' id='word_1_124' title='bbox 2653 559 2814 614; x_wconf 86' lang='lat' dir='ltr'><strong>cultis</strong></span> <span class='ocrx_word' id='word_1_125' title='bbox 2840 568 2897 615; x_wconf 92' lang='lat' dir='ltr'><strong>et</strong></span> <span class='ocrx_word' id='word_1_126' title='bbox 2923 560 3162 628; x_wconf 81' lang='lat' dir='ltr'><strong>incultis,</strong></span> <span class='ocrx_word' id='word_1_127' title='bbox 3192 565 3387 634; x_wconf 84' lang='lat' dir='ltr'><strong>pratis,</strong></span> 
     </span>
    </p>
   </div>
   <div class='ocr_carea' id='block_1_20' title="bbox 1807 653 3390 724">
    <p class='ocr_par' dir='ltr' id='par_1_20' title="bbox 1807 653 3390 724">
     <span class='ocr_line' id='line_1_20' title="bbox 1807 653 3390 724; baseline 0.001 -15"><span class='ocrx_word' id='word_1_128' title='bbox 1807 655 1983 720; x_wconf 85' lang='lat' dir='ltr'><strong>silvis,</strong></span> <span class='ocrx_word' id='word_1_129' title='bbox 2021 655 2087 708; x_wconf 91' lang='lat' dir='ltr'><strong>ad</strong></span> <span class='ocrx_word' id='word_1_130' title='bbox 2123 654 2357 710; x_wconf 90' lang='lat' dir='ltr'><strong>eundem</strong></span> <span class='ocrx_word' id='word_1_131' title='bbox 2411 653 2610 719; x_wconf 91' lang='lat' dir='ltr'><strong>locum,</strong></span> <span class='ocrx_word' id='word_1_132' title='bbox 2661 669 2692 708; x_wconf 89' lang='lat' dir='ltr'><strong>a</strong></span> <span class='ocrx_word' id='word_1_133' title='bbox 2733 668 2839 722; x_wconf 91' lang='lat' dir='ltr'><strong>quo</strong></span> <span class='ocrx_word' id='word_1_134' title='bbox 2866 653 3072 724; x_wconf 86' lang='lat' dir='ltr'><strong>accepi,</strong></span> <span class='ocrx_word' id='word_1_135' title='bbox 3096 653 3390 710; x_wconf 79' lang='lat' dir='ltr'><strong>deveniunt</strong></span> 
     </span>
    </p>
   </div>
   <div class='ocr_carea' id='block_1_21' title="bbox 1807 745 3386 818">
    <p class='ocr_par' dir='ltr' id='par_1_21' title="bbox 1807 745 3386 818">
     <span class='ocr_line' id='line_1_21' title="bbox 1807 745 3386 818; baseline 0 -16"><span class='ocrx_word' id='word_1_136' title='bbox 1807 747 1860 802; x_wconf 90' lang='lat' dir='ltr'><strong>in</strong></span> <span class='ocrx_word' id='word_1_137' title='bbox 1879 763 2008 802; x_wconf 87' lang='lat' dir='ltr'><strong>usus</strong></span> <span class='ocrx_word' id='word_1_138' title='bbox 2024 762 2301 801; x_wconf 84' lang='lat' dir='ltr'><strong>servorum</strong></span> <span class='ocrx_word' id='word_1_139' title='bbox 2320 745 2542 801; x_wconf 80' lang='lat' dir='ltr'><strong>Christi.</strong></span> <span class='ocrx_word' id='word_1_140' title='bbox 2578 745 2647 802; x_wconf 90' lang='lat' dir='ltr'><strong>Ut</strong></span> <span class='ocrx_word' id='word_1_141' title='bbox 2675 756 2854 802; x_wconf 89' lang='lat' dir='ltr'><strong>autem</strong></span> <span class='ocrx_word' id='word_1_142' title='bbox 2884 747 3087 818; x_wconf 83' lang='lat' dir='ltr'><strong>absque</strong></span> <span class='ocrx_word' id='word_1_143' title='bbox 3115 747 3386 803; x_wconf 86' lang='lat' dir='ltr'><strong>calumnia</strong></span> 
     </span>
    </p>
   </div>
   <div class='ocr_carea' id='block_1_22' title="bbox 1807 837 3390 906">
    <p class='ocr_par' dir='ltr' id='par_1_22' title="bbox 1807 837 3390 906">
     <span class='ocr_line' id='line_1_22' title="bbox 1807 837 3390 906; baseline 0.003 -14"><span class='ocrx_word' id='word_1_144' title='bbox 1807 837 1914 893; x_wconf 91' lang='lat' dir='ltr'><strong>ulla</strong></span> <span class='ocrx_word' id='word_1_145' title='bbox 1945 838 2032 892; x_wconf 88' lang='lat' dir='ltr'><strong>vel</strong></span> <span class='ocrx_word' id='word_1_146' title='bbox 2081 838 2516 895; x_wconf 81' lang='lat' dir='ltr'><strong>contradictione</strong></span> <span class='ocrx_word' id='word_1_147' title='bbox 2563 839 2666 896; x_wconf 90' lang='lat' dir='ltr'><strong>hoc</strong></span> <span class='ocrx_word' id='word_1_148' title='bbox 2713 843 2828 906; x_wconf 88' lang='lat' dir='ltr'><strong>ﬁat,</strong></span> <span class='ocrx_word' id='word_1_149' title='bbox 2879 841 3081 897; x_wconf 80' lang='lat' dir='ltr'><strong>litteris</strong></span> <span class='ocrx_word' id='word_1_150' title='bbox 3126 841 3390 897; x_wconf 85' lang='lat' dir='ltr'><strong>mandare</strong></span> 
     </span>
    </p>
   </div>
   <div class='ocr_carea' id='block_1_23' title="bbox 1805 927 3392 1001">
    <p class='ocr_par' dir='ltr' id='par_1_23' title="bbox 1805 927 3392 1001">
     <span class='ocr_line' id='line_1_23' title="bbox 1805 927 3392 1001; baseline 0.002 -17"><span class='ocrx_word' id='word_1_151' title='bbox 1805 929 2021 993; x_wconf 79' lang='lat' dir='ltr'><strong>studui;</strong></span> <span class='ocrx_word' id='word_1_152' title='bbox 2059 928 2130 983; x_wconf 93' lang='lat' dir='ltr'><strong>ob</strong></span> <span class='ocrx_word' id='word_1_153' title='bbox 2177 927 2282 983; x_wconf 90' lang='lat' dir='ltr'><strong>hoc</strong></span> <span class='ocrx_word' id='word_1_154' title='bbox 2313 929 2550 985; x_wconf 81' lang='lat' dir='ltr'><strong>maxime</strong></span> <span class='ocrx_word' id='word_1_155' title='bbox 2601 945 2670 985; x_wconf 89' lang='lat' dir='ltr'><strong>ne</strong></span> <span class='ocrx_word' id='word_1_156' title='bbox 2705 929 2900 1001; x_wconf 86' lang='lat' dir='ltr'><strong>aliquis</strong></span> <span class='ocrx_word' id='word_1_157' title='bbox 2925 946 3168 987; x_wconf 87' lang='lat' dir='ltr'><strong>meorum</strong></span> <span class='ocrx_word' id='word_1_158' title='bbox 3201 947 3392 988; x_wconf 87' lang='lat' dir='ltr'><strong>succc-</strong></span> 
     </span>
    </p>
   </div>
   <div class='ocr_carea' id='block_1_24' title="bbox 1807 1022 3386 1096">
    <p class='ocr_par' dir='ltr' id='par_1_24' title="bbox 1807 1022 3386 1096">
     <span class='ocr_line' id='line_1_24' title="bbox 1807 1022 3386 1096; baseline -0.001 -17"><span class='ocrx_word' id='word_1_159' title='bbox 1807 1022 2074 1088; x_wconf 86' lang='lat' dir='ltr'><strong>dcntium,</strong></span> <span class='ocrx_word' id='word_1_160' title='bbox 2125 1036 2226 1076; x_wconf 91' lang='lat' dir='ltr'><strong>nec</strong></span> <span class='ocrx_word' id='word_1_161' title='bbox 2254 1023 2420 1077; x_wconf 88' lang='lat' dir='ltr'><strong>etiam</strong></span> <span class='ocrx_word' id='word_1_162' title='bbox 2451 1023 2615 1088; x_wconf 82' lang='lat' dir='ltr'><strong>ﬁlius.</strong></span> <span class='ocrx_word' id='word_1_163' title='bbox 2663 1024 2708 1080; x_wconf 93' lang='lat' dir='ltr'><strong>si</strong></span> <span class='ocrx_word' id='word_1_164' title='bbox 2744 1024 2943 1096; x_wconf 80' lang='lat' dir='ltr'><strong>aliquis</strong></span> <span class='ocrx_word' id='word_1_165' title='bbox 2988 1026 3152 1080; x_wconf 84' lang='lat' dir='ltr'><strong>michi</strong></span> <span class='ocrx_word' id='word_1_166' title='bbox 3199 1024 3386 1092; x_wconf 88' lang='lat' dir='ltr'><strong>fuerit,</strong></span> 
     </span>
    </p>
   </div>
   <div class='ocr_carea' id='block_1_25' title="bbox 1805 1113 3388 1188">
    <p class='ocr_par' dir='ltr' id='par_1_25' title="bbox 1805 1113 3388 1188">
     <span class='ocr_line' id='line_1_25' title="bbox 1805 1113 3388 1188; baseline 0.001 -17"><span class='ocrx_word' id='word_1_167' title='bbox 1805 1116 1910 1172; x_wconf 86' lang='lat' dir='ltr'><strong>sibi</strong></span> <span class='ocrx_word' id='word_1_168' title='bbox 1965 1115 2227 1170; x_wconf 84' lang='lat' dir='ltr'><strong>vindicet.</strong></span> <span class='ocrx_word' id='word_1_169' title='bbox 2282 1113 2496 1171; x_wconf 83' lang='lat' dir='ltr'><strong>Seniori</strong></span> <span class='ocrx_word' id='word_1_170' title='bbox 2544 1132 2765 1188; x_wconf 90' lang='lat' dir='ltr'><strong>quoque</strong></span> <span class='ocrx_word' id='word_1_171' title='bbox 2811 1133 2934 1174; x_wconf 91' lang='lat' dir='ltr'><strong>meo</strong></span> <span class='ocrx_word' id='word_1_172' title='bbox 2975 1117 3168 1182; x_wconf 87' lang='lat' dir='ltr'><strong>Odoni,</strong></span> <span class='ocrx_word' id='word_1_173' title='bbox 3203 1119 3388 1173; x_wconf 90' lang='lat' dir='ltr'><strong>comiti</strong></span> 
     </span>
    </p>
   </div>
   <div class='ocr_carea' id='block_1_26' title="bbox 1805 1205 3388 1278">
    <p class='ocr_par' dir='ltr' id='par_1_26' title="bbox 1805 1205 3388 1278">
     <span class='ocr_line' id='line_1_26' title="bbox 1805 1205 3388 1278; baseline 0.003 -15"><span class='ocrx_word' id='word_1_174' title='bbox 1805 1205 2017 1271; x_wconf 88' lang='lat' dir='ltr'><strong>inclito,</strong></span> <span class='ocrx_word' id='word_1_175' title='bbox 2067 1205 2492 1278; x_wconf 90' lang='lat' dir='ltr'><strong>proceribusque</strong></span> <span class='ocrx_word' id='word_1_176' title='bbox 2531 1208 2668 1276; x_wconf 86' lang='lat' dir='ltr'><strong>suis,</strong></span> <span class='ocrx_word' id='word_1_177' title='bbox 2717 1209 2873 1264; x_wconf 85' lang='lat' dir='ltr'><strong>trado</strong></span> <span class='ocrx_word' id='word_1_178' title='bbox 2901 1209 3388 1267; x_wconf 84' lang='lat' dir='ltr'><strong>cerroborandum.</strong></span> 
     </span>
    </p>
   </div>
   <div class='ocr_carea' id='block_1_27' title="bbox 1805 1296 3389 1371">
    <p class='ocr_par' dir='ltr' id='par_1_27' title="bbox 1805 1296 3389 1371">
     <span class='ocr_line' id='line_1_27' title="bbox 1805 1296 3389 1371; baseline 0.002 -19"><span class='ocrx_word' id='word_1_179' title='bbox 1805 1306 1865 1352; x_wconf 88' lang='lat' dir='ltr'><strong>ut</strong></span> <span class='ocrx_word' id='word_1_180' title='bbox 1894 1312 2130 1367; x_wconf 86' lang='lat' dir='ltr'><strong>sequens</strong></span> <span class='ocrx_word' id='word_1_181' title='bbox 2158 1297 2211 1352; x_wconf 92' lang='lat' dir='ltr'><strong>in</strong></span> <span class='ocrx_word' id='word_1_182' title='bbox 2236 1312 2396 1352; x_wconf 90' lang='lat' dir='ltr'><strong>evum</strong></span> <span class='ocrx_word' id='word_1_183' title='bbox 2436 1296 2652 1354; x_wconf 91' lang='lat' dir='ltr'><strong>ﬁrmum</strong></span> <span class='ocrx_word' id='word_1_184' title='bbox 2676 1309 2732 1355; x_wconf 86' lang='lat' dir='ltr'><strong>et</strong></span> <span class='ocrx_word' id='word_1_185' title='bbox 2767 1300 3142 1356; x_wconf 90' lang='lat' dir='ltr'><strong>inconvulsum</strong></span> <span class='ocrx_word' id='word_1_186' title='bbox 3169 1315 3389 1371; x_wconf 85' lang='lat' dir='ltr'><strong>perma-</strong></span> 
     </span>
    </p>
   </div>
   <div class='ocr_carea' id='block_1_28' title="bbox 1805 1389 3390 1460">
    <p class='ocr_par' dir='ltr' id='par_1_28' title="bbox 1805 1389 3390 1460">
     <span class='ocr_line' id='line_1_28' title="bbox 1805 1389 3390 1460; baseline 0.002 -14"><span class='ocrx_word' id='word_1_187' title='bbox 1805 1399 1933 1446; x_wconf 88' lang='lat' dir='ltr'><strong>neat</strong></span> <span class='ocrx_word' id='word_1_188' title='bbox 1951 1389 2095 1460; x_wconf 89' lang='lat' dir='ltr'><strong>quod</strong></span> <span class='ocrx_word' id='word_1_189' title='bbox 2123 1390 2385 1446; x_wconf 81' lang='lat' dir='ltr'><strong>insertum</strong></span> <span class='ocrx_word' id='word_1_190' title='bbox 2407 1399 2512 1446; x_wconf 88' lang='lat' dir='ltr'><strong>est.</strong></span> <span class='ocrx_word' id='word_1_191' title='bbox 2533 1389 2592 1446; x_wconf 92' lang='grc'><strong>8.</strong></span> <span class='ocrx_word' id='word_1_192' title='bbox 2619 1391 2826 1448; x_wconf 86' lang='lat' dir='ltr'><strong>Odonis</strong></span> <span class='ocrx_word' id='word_1_193' title='bbox 2845 1393 3078 1449; x_wconf 85' lang='lat' dir='ltr'><strong>comitis.</strong></span> <span class='ocrx_word' id='word_1_194' title='bbox 3107 1392 3167 1448; x_wconf 90' lang='grc'><strong>8.</strong></span> <span class='ocrx_word' id='word_1_195' title='bbox 3189 1393 3390 1457; x_wconf 68' lang='lat' dir='ltr'><strong>Bertze,</strong></span> 
     </span>
    </p>
   </div>
   <div class='ocr_carea' id='block_1_29' title="bbox 1804 1481 3387 1554">
    <p class='ocr_par' dir='ltr' id='par_1_29' title="bbox 1804 1481 3387 1554">
     <span class='ocr_line' id='line_1_29' title="bbox 1804 1481 3387 1554; baseline 0.001 -18"><span class='ocrx_word' id='word_1_196' title='bbox 1804 1481 1999 1536; x_wconf 89' lang='lat' dir='ltr'><strong>matris</strong></span> <span class='ocrx_word' id='word_1_197' title='bbox 2045 1496 2177 1537; x_wconf 66' lang='lat' dir='ltr'><strong>suae.</strong></span> <span class='ocrx_word' id='word_1_198' title='bbox 2219 1482 2278 1536; x_wconf 89' lang='grc'><strong>8.</strong></span> <span class='ocrx_word' id='word_1_199' title='bbox 2322 1481 2571 1552; x_wconf 80' lang='lat' dir='ltr'><strong>Agnetis,</strong></span> <span class='ocrx_word' id='word_1_200' title='bbox 2625 1481 2748 1538; x_wconf 74' lang='lat' dir='ltr'><strong>ﬁlia:</strong></span> <span class='ocrx_word' id='word_1_201' title='bbox 2803 1483 2991 1554; x_wconf 78' lang='lat' dir='ltr'><strong>ipsius.</strong></span> <span class='ocrx_word' id='word_1_202' title='bbox 3045 1483 3105 1538; x_wconf 98' lang='grc'><strong>8.</strong></span> <span class='ocrx_word' id='word_1_203' title='bbox 3137 1483 3387 1538; x_wconf 77' lang='lat' dir='ltr'><strong>Walterii</strong></span> 
     </span>
    </p>
   </div>
   <div class='ocr_carea' id='block_1_30' title="bbox 1805 1569 3387 1628">
    <p class='ocr_par' dir='ltr' id='par_1_30' title="bbox 1805 1569 3387 1628">
     <span class='ocr_line' id='line_1_30' title="bbox 1805 1569 3387 1628; baseline -0.002 0"><span class='ocrx_word' id='word_1_204' title='bbox 1805 1572 2044 1628; x_wconf 89' lang='lat' dir='ltr'><strong>comitis.</strong></span> <span class='ocrx_word' id='word_1_205' title='bbox 2083 1571 2143 1627; x_wconf 93' lang='grc'><strong>8.</strong></span> <span class='ocrx_word' id='word_1_206' title='bbox 2175 1569 2449 1628; x_wconf 85' lang='lat' dir='ltr'><strong>Gausfridi</strong></span> <span class='ocrx_word' id='word_1_207' title='bbox 2476 1572 2684 1628; x_wconf 88' lang='lat' dir='ltr'><strong>militis.</strong></span> <span class='ocrx_word' id='word_1_208' title='bbox 2716 1571 2774 1627; x_wconf 91' lang='grc'><strong>8.</strong></span> <span class='ocrx_word' id='word_1_209' title='bbox 2807 1571 2998 1628; x_wconf 85' lang='lat' dir='ltr'><strong>ilervei</strong></span> <span class='ocrx_word' id='word_1_210' title='bbox 3030 1573 3387 1628; x_wconf 83' lang='lat' dir='ltr'><strong>vicecomitis.</strong></span> 
     </span>
    </p>
   </div>
   <div class='ocr_carea' id='block_1_31' title="bbox 1807 1663 3385 1743">
    <p class='ocr_par' dir='ltr' id='par_1_31' title="bbox 1807 1663 3385 1743">
     <span class='ocr_line' id='line_1_31' title="bbox 1807 1663 3385 1743; baseline -0.001 -23"><span class='ocrx_word' id='word_1_211' title='bbox 1807 1666 1864 1722; x_wconf 91' lang='grc'><strong>8.</strong></span> <span class='ocrx_word' id='word_1_212' title='bbox 1906 1664 2140 1721; x_wconf 82' lang='lat' dir='ltr'><strong>Rodulﬁ.</strong></span> <span class='ocrx_word' id='word_1_213' title='bbox 2172 1663 2234 1743; x_wconf 79' lang='grc'><strong>8.</strong></span> <span class='ocrx_word' id='word_1_214' title='bbox 2260 1663 2570 1736; x_wconf 80' lang='lat' dir='ltr'><strong>Gausberti.</strong></span> <span class='ocrx_word' id='word_1_215' title='bbox 2605 1665 2662 1721; x_wconf 97' lang='grc'><strong>8.</strong></span> <span class='ocrx_word' id='word_1_216' title='bbox 2697 1665 2926 1721; x_wconf 79' lang='lat' dir='ltr'><strong>Alberti.</strong></span> <span class='ocrx_word' id='word_1_217' title='bbox 2967 1665 3027 1722; x_wconf 90' lang='grc'><strong>8.</strong></span> <span class='ocrx_word' id='word_1_218' title='bbox 3062 1664 3385 1721; x_wconf 86' lang='lat' dir='ltr'><strong>Wascelini.</strong></span> 
     </span>
    </p>
   </div>
   <div class='ocr_carea' id='block_1_32' title="bbox 1806 1755 3391 1828">
    <p class='ocr_par' dir='ltr' id='par_1_32' title="bbox 1806 1755 3391 1828">
     <span class='ocr_line' id='line_1_32' title="bbox 1806 1755 3391 1828; baseline -0.002 -15"><span class='ocrx_word' id='word_1_219' title='bbox 1806 1757 1866 1813; x_wconf 92' lang='lat' dir='ltr'><strong>S.</strong></span> <span class='ocrx_word' id='word_1_220' title='bbox 1920 1757 2076 1814; x_wconf 88' lang='lat' dir='ltr'><strong>Sulii.</strong></span> <span class='ocrx_word' id='word_1_221' title='bbox 2117 1757 2176 1813; x_wconf 91' lang='grc'><strong>8.</strong></span> <span class='ocrx_word' id='word_1_222' title='bbox 2223 1757 2509 1825; x_wconf 77' lang='lat' dir='ltr'><strong>Joscelini,</strong></span> <span class='ocrx_word' id='word_1_223' title='bbox 2556 1759 2647 1828; x_wconf 91' lang='lat' dir='ltr'><strong>qui</strong></span> <span class='ocrx_word' id='word_1_224' title='bbox 2691 1758 2830 1814; x_wconf 88' lang='lat' dir='ltr'><strong>hanc</strong></span> <span class='ocrx_word' id='word_1_225' title='bbox 2877 1757 3142 1814; x_wconf 88' lang='lat' dir='ltr'><strong>cartulam</strong></span> <span class='ocrx_word' id='word_1_226' title='bbox 3185 1755 3391 1812; x_wconf 88' lang='lat' dir='ltr'><strong>ﬁrmari</strong></span> 
     </span>
    </p>
   </div>
   <div class='ocr_carea' id='block_1_33' title="bbox 159 1836 2852 1926">
    <p class='ocr_par' dir='ltr' id='par_1_33' title="bbox 159 1836 2852 1926">
     <span class='ocr_line' id='line_1_33' title="bbox 159 1836 2852 1926; baseline 0.001 -24"><span class='ocrx_word' id='word_1_227' title='bbox 159 1847 295 1902; x_wconf 81' lang='lat' dir='ltr'><strong>mitis.</strong></span> <span class='ocrx_word' id='word_1_228' title='bbox 331 1847 390 1903; x_wconf 92' lang='lat' dir='ltr'><strong>S.</strong></span> <span class='ocrx_word' id='word_1_229' title='bbox 422 1847 600 1904; x_wconf 74' lang='lat' dir='ltr'><strong>Bertae</strong></span> <span class='ocrx_word' id='word_1_230' title='bbox 627 1851 942 1907; x_wconf 65' lang='lat' dir='ltr'><strong>comitissaz.</strong></span> <span class='ocrx_word' id='word_1_231' title='bbox 983 1851 1041 1908; x_wconf 93' lang='grc'><strong>8.</strong></span> <span class='ocrx_word' id='word_1_232' title='bbox 1072 1838 1298 1907; x_wconf 85' lang='lat' dir='ltr'><strong>Tcduini</strong></span> <span class='ocrx_word' id='word_1_233' title='bbox 1348 1853 1561 1920; x_wconf 90' lang='lat' dir='ltr'><strong>militis,</strong></span> <span class='ocrx_word' id='word_1_234' title='bbox 1607 1855 1701 1926; x_wconf 93' lang='lat' dir='ltr'><strong>qui</strong></span> <span class='ocrx_word' id='word_1_235' title='bbox 1735 1836 1778 1892; x_wconf 77' lang='grc' dir='ltr'><strong>Β</strong></span> <span class='ocrx_word' id='word_1_236' title='bbox 1807 1851 2068 1907; x_wconf 87' lang='lat' dir='ltr'><strong>instituit.</strong></span> <span class='ocrx_word' id='word_1_237' title='bbox 2099 1850 2161 1907; x_wconf 90' lang='grc'><strong>8.</strong></span> <span class='ocrx_word' id='word_1_238' title='bbox 2193 1850 2492 1918; x_wconf 89' lang='lat' dir='ltr'><strong>Gausfridi,</strong></span> <span class='ocrx_word' id='word_1_239' title='bbox 2529 1851 2716 1908; x_wconf 84' lang='lat' dir='ltr'><strong>militis</strong></span> <span class='ocrx_word' id='word_1_240' title='bbox 2747 1853 2852 1908; x_wconf 86' lang='lat' dir='ltr'><strong>sui.</strong></span> 
     </span>
    </p>
   </div>
   <div class='ocr_carea' id='block_1_34' title="bbox 153 1940 1702 2016">
    <p class='ocr_par' dir='ltr' id='par_1_34' title="bbox 153 1940 1702 2016">
     <span class='ocr_line' id='line_1_34' title="bbox 153 1940 1702 2016; baseline 0.004 -20"><span class='ocrx_word' id='word_1_241' title='bbox 153 1942 261 1997; x_wconf 81' lang='lat' dir='ltr'><strong>hanc</strong></span> <span class='ocrx_word' id='word_1_242' title='bbox 284 1940 631 1998; x_wconf 86' lang='lat' dir='ltr'><strong>donationem</strong></span> <span class='ocrx_word' id='word_1_243' title='bbox 657 1941 805 1998; x_wconf 89' lang='lat' dir='ltr'><strong>fecit.</strong></span> <span class='ocrx_word' id='word_1_244' title='bbox 833 1942 892 1999; x_wconf 91' lang='lat' dir='ltr'><strong>S.</strong></span> <span class='ocrx_word' id='word_1_245' title='bbox 920 1943 1170 2012; x_wconf 85' lang='lat' dir='ltr'><strong>Gerardi,</strong></span> <span class='ocrx_word' id='word_1_246' title='bbox 1197 1945 1292 1999; x_wconf 83' lang='lat' dir='ltr'><strong>ﬁlii</strong></span> <span class='ocrx_word' id='word_1_247' title='bbox 1317 1945 1454 2016; x_wconf 85' lang='lat' dir='ltr'><strong>ejus.</strong></span> <span class='ocrx_word' id='word_1_248' title='bbox 1481 1945 1539 2002; x_wconf 92' lang='grc'><strong>8.</strong></span> <span class='ocrx_word' id='word_1_249' title='bbox 1561 1945 1702 2002; x_wconf 62' lang='grc' dir='ltr'><strong>Λάδ-</strong></span> 
     </span>
    </p>
   </div>
   <div class='ocr_carea' id='block_1_35' title="bbox 154 2031 1705 2104">
    <p class='ocr_par' dir='ltr' id='par_1_35' title="bbox 154 2031 1705 2104">
     <span class='ocr_line' id='line_1_35' title="bbox 154 2031 1705 2104; baseline 0.005 -18"><span class='ocrx_word' id='word_1_250' title='bbox 154 2031 224 2086; x_wconf 83' lang='lat' dir='ltr'><strong>his</strong></span> <span class='ocrx_word' id='word_1_251' title='bbox 250 2033 518 2104; x_wconf 73' lang='lat' dir='ltr'><strong>conjugis,</strong></span> <span class='ocrx_word' id='word_1_252' title='bbox 569 2050 694 2091; x_wconf 91' lang='lat' dir='ltr'><strong>cum</strong></span> <span class='ocrx_word' id='word_1_253' title='bbox 723 2037 934 2093; x_wconf 82' lang='lat' dir='ltr'><strong>duabus</strong></span> <span class='ocrx_word' id='word_1_254' title='bbox 974 2036 1188 2092; x_wconf 87' lang='lat' dir='ltr'><strong>ﬁliabus</strong></span> <span class='ocrx_word' id='word_1_255' title='bbox 1217 2042 1427 2093; x_wconf 86' lang='lat' dir='ltr'><strong>eorum.</strong></span> <span class='ocrx_word' id='word_1_256' title='bbox 1479 2039 1540 2094; x_wconf 93' lang='grc'><strong>8.</strong></span> <span class='ocrx_word' id='word_1_257' title='bbox 1576 2039 1705 2094; x_wconf 82' lang='lat' dir='ltr'><strong>Ful-</strong></span> 
     </span>
    </p>
   </div>
   <div class='ocr_carea' id='block_1_36' title="bbox 153 2125 1700 2190">
    <p class='ocr_par' dir='ltr' id='par_1_36' title="bbox 153 2125 1700 2190">
     <span class='ocr_line' id='line_1_36' title="bbox 153 2125 1700 2190; baseline 0.005 -9"><span class='ocrx_word' id='word_1_258' title='bbox 153 2125 290 2181; x_wconf 84' lang='lat' dir='ltr'><strong>cherii</strong></span> <span class='ocrx_word' id='word_1_259' title='bbox 319 2126 530 2183; x_wconf 82' lang='lat' dir='ltr'><strong>militis.</strong></span> <span class='ocrx_word' id='word_1_260' title='bbox 565 2128 624 2184; x_wconf 91' lang='grc'><strong>8.</strong></span> <span class='ocrx_word' id='word_1_261' title='bbox 655 2130 905 2186; x_wconf 81' lang='lat' dir='ltr'><strong>Arduini.</strong></span> <span class='ocrx_word' id='word_1_262' title='bbox 932 2131 986 2188; x_wconf 87' lang='lat' dir='ltr'><strong>S.</strong></span> <span class='ocrx_word' id='word_1_263' title='bbox 1019 2130 1295 2189; x_wconf 87' lang='lat' dir='ltr'><strong>Gelduini.</strong></span> <span class='ocrx_word' id='word_1_264' title='bbox 1325 2131 1383 2188; x_wconf 93' lang='lat' dir='ltr'><strong>S.</strong></span> <span class='ocrx_word' id='word_1_265' title='bbox 1414 2133 1700 2190; x_wconf 83' lang='lat' dir='ltr'><strong>Rodberti.</strong></span> 
     </span>
    </p>
   </div>
   <div class='ocr_carea' id='block_1_37' title="bbox 83 2217 1089 2278">
    <p class='ocr_par' dir='ltr' id='par_1_37' title="bbox 83 2217 1089 2278">
     <span class='ocr_line' id='line_1_37' title="bbox 83 2217 1089 2278; baseline 0.003 -5"><span class='ocrx_word' id='word_1_266' title='bbox 83 2235 90 2246; x_wconf 52' lang='grc' dir='ltr'><strong><em>θ</em></strong></span> <span class='ocrx_word' id='word_1_267' title='bbox 153 2217 192 2273; x_wconf 87' lang='lat' dir='ltr'><strong>S.</strong></span> <span class='ocrx_word' id='word_1_268' title='bbox 213 2217 422 2275; x_wconf 78' lang='lat' dir='ltr'><strong>Rodulﬂ</strong></span> <span class='ocrx_word' id='word_1_269' title='bbox 449 2219 658 2278; x_wconf 84' lang='lat' dir='ltr'><strong>clerici.</strong></span> <span class='ocrx_word' id='word_1_270' title='bbox 689 2240 709 2274; x_wconf 75' lang='grc' dir='ltr'><strong><em>ι</em></strong></span> <span class='ocrx_word' id='word_1_271' title='bbox 1087 2232 1089 2234; x_wconf 77' lang='grc'>·</span> 
     </span>
    </p>
   </div>
   <div class='ocr_carea' id='block_1_38' title="bbox 648 2333 1174 2396">
    <p class='ocr_par' dir='ltr' id='par_1_38' title="bbox 648 2333 1174 2396">
     <span class='ocr_line' id='line_1_38' title="bbox 648 2333 1174 2396; baseline 0 -2"><span class='ocrx_word' id='word_1_272' title='bbox 648 2335 1048 2396; x_wconf 74' lang='lat' dir='ltr'><strong>CAPITULUM</strong></span> <span class='ocrx_word' id='word_1_273' title='bbox 1087 2333 1174 2395; x_wconf 68' lang='lat' dir='ltr'><strong>IV.</strong></span> 
     </span>
    </p>
   </div>
   <div class='ocr_carea' id='block_1_39' title="bbox 150 2421 1698 2512">
    <p class='ocr_par' dir='ltr' id='par_1_39' title="bbox 150 2421 1698 2512">
     <span class='ocr_line' id='line_1_39' title="bbox 150 2421 1698 2512; baseline 0.005 -32"><span class='ocrx_word' id='word_1_274' title='bbox 150 2421 199 2480; x_wconf 70' lang='lat' dir='ltr'><strong>De</strong></span> <span class='ocrx_word' id='word_1_275' title='bbox 223 2425 375 2481; x_wconf 74' lang='lat' dir='ltr'><strong>aiodo</strong></span> <span class='ocrx_word' id='word_1_276' title='bbox 406 2424 791 2484; x_wconf 80' lang='lat' dir='ltr'><strong>Sclusellarum</strong></span> <span class='ocrx_word' id='word_1_277' title='bbox 845 2430 969 2512; x_wconf 55' lang='lat' dir='ltr'><strong>dum</strong></span> <span class='ocrx_word' id='word_1_278' title='bbox 995 2448 1027 2484; x_wconf 81' lang='grc' dir='ltr'><em>α</em></span> <span class='ocrx_word' id='word_1_279' title='bbox 1053 2431 1341 2502; x_wconf 77' lang='lat' dir='ltr'><strong>Gausfrido</strong></span> <span class='ocrx_word' id='word_1_280' title='bbox 1365 2441 1416 2487; x_wconf 81' lang='lat' dir='ltr'><strong>et</strong></span> <span class='ocrx_word' id='word_1_281' title='bbox 1437 2433 1698 2489; x_wconf 72' lang='lat' dir='ltr'><strong>Joscelinc</strong></span> 
     </span>
    </p>
   </div>
   <div class='ocr_carea' id='block_1_40' title="bbox 189 2676 1698 2756">
    <p class='ocr_par' dir='ltr' id='par_1_40' title="bbox 189 2676 1698 2756">
     <span class='ocr_line' id='line_1_40' title="bbox 189 2676 1698 2756; baseline 0.011 -27"><span class='ocrx_word' id='word_1_282' title='bbox 189 2695 209 2729; x_wconf 71' lang='grc' dir='ltr'><em>α</em></span> <span class='ocrx_word' id='word_1_283' title='bbox 244 2676 514 2745; x_wconf 84' lang='lat' dir='ltr'><strong>Quoniam</strong></span> <span class='ocrx_word' id='word_1_284' title='bbox 541 2690 831 2751; x_wconf 87' lang='lat' dir='ltr'><strong>permanet</strong></span> <span class='ocrx_word' id='word_1_285' title='bbox 864 2684 1125 2754; x_wconf 89' lang='lat' dir='ltr'><strong>scriptum</strong></span> <span class='ocrx_word' id='word_1_286' title='bbox 1150 2695 1314 2756; x_wconf 86' lang='lat' dir='ltr'><strong>atque</strong></span> <span class='ocrx_word' id='word_1_287' title='bbox 1347 2689 1614 2745; x_wconf 88' lang='lat' dir='ltr'><strong>sancitum</strong></span> <span class='ocrx_word' id='word_1_288' title='bbox 1644 2690 1698 2746; x_wconf 94' lang='lat' dir='ltr'><strong>in</strong></span> 
     </span>
    </p>
   </div>
   <div class='ocr_carea' id='block_1_41' title="bbox 141 2765 1698 2850">
    <p class='ocr_par' dir='ltr' id='par_1_41' title="bbox 141 2765 1698 2850">
     <span class='ocr_line' id='line_1_41' title="bbox 141 2765 1698 2850; baseline 0.008 -27"><span class='ocrx_word' id='word_1_289' title='bbox 141 2765 348 2824; x_wconf 79' lang='lat' dir='ltr'><strong>decretis</strong></span> <span class='ocrx_word' id='word_1_290' title='bbox 372 2779 643 2837; x_wconf 89' lang='lat' dir='ltr'><strong>veterum,</strong></span> <span class='ocrx_word' id='word_1_291' title='bbox 673 2772 717 2826; x_wconf 92' lang='lat' dir='ltr'><strong>si</strong></span> <span class='ocrx_word' id='word_1_292' title='bbox 747 2774 870 2844; x_wconf 91' lang='lat' dir='ltr'><strong>quis</strong></span> <span class='ocrx_word' id='word_1_293' title='bbox 890 2775 1150 2830; x_wconf 90' lang='lat' dir='ltr'><strong>nobilium</strong></span> <span class='ocrx_word' id='word_1_294' title='bbox 1173 2776 1439 2834; x_wconf 89' lang='lat' dir='ltr'><strong>laicorum</strong></span> <span class='ocrx_word' id='word_1_295' title='bbox 1463 2779 1698 2850; x_wconf 86' lang='lat' dir='ltr'><strong>aliquam</strong></span> 
     </span>
    </p>
   </div>
   <div class='ocr_carea' id='block_1_42' title="bbox 139 2857 1701 2941">
    <p class='ocr_par' dir='ltr' id='par_1_42' title="bbox 139 2857 1701 2941">
     <span class='ocr_line' id='line_1_42' title="bbox 139 2857 1701 2941; baseline 0.01 -29"><span class='ocrx_word' id='word_1_296' title='bbox 139 2857 415 2915; x_wconf 70' lang='lat' dir='ltr'><strong>ecclesiam</strong></span> <span class='ocrx_word' id='word_1_297' title='bbox 451 2861 538 2917; x_wconf 89' lang='lat' dir='ltr'><strong>vel</strong></span> <span class='ocrx_word' id='word_1_298' title='bbox 576 2862 796 2934; x_wconf 85' lang='lat' dir='ltr'><strong>aliquod</strong></span> <span class='ocrx_word' id='word_1_299' title='bbox 826 2867 1218 2922; x_wconf 90' lang='lat' dir='ltr'><strong>monasterium</strong></span> <span class='ocrx_word' id='word_1_300' title='bbox 1249 2868 1318 2925; x_wconf 91' lang='lat' dir='ltr'><strong>de</strong></span> <span class='ocrx_word' id='word_1_301' title='bbox 1344 2872 1578 2941; x_wconf 88' lang='lat' dir='ltr'><strong>propriis</strong></span> <span class='ocrx_word' id='word_1_302' title='bbox 1606 2871 1701 2928; x_wconf 84' lang='lat' dir='ltr'><strong>he-</strong></span> 
     </span>
    </p>
   </div>
   <div class='ocr_carea' id='block_1_43' title="bbox 136 2949 1701 3026">
    <p class='ocr_par' dir='ltr' id='par_1_43' title="bbox 136 2949 1701 3026">
     <span class='ocr_line' id='line_1_43' title="bbox 136 2949 1701 3026; baseline 0.008 -23"><span class='ocrx_word' id='word_1_303' title='bbox 136 2949 442 3008; x_wconf 85' lang='lat' dir='ltr'><strong>reditatibus</strong></span> <span class='ocrx_word' id='word_1_304' title='bbox 466 2952 841 3022; x_wconf 87' lang='lat' dir='ltr'><strong>honoraverit,</strong></span> <span class='ocrx_word' id='word_1_305' title='bbox 868 2955 953 3010; x_wconf 90' lang='lat' dir='ltr'><strong>vel</strong></span> <span class='ocrx_word' id='word_1_306' title='bbox 978 2957 1322 3014; x_wconf 89' lang='lat' dir='ltr'><strong>donationem</strong></span> <span class='ocrx_word' id='word_1_307' title='bbox 1347 2959 1554 3026; x_wconf 80' lang='lat' dir='ltr'><strong>fecerit,</strong></span> <span class='ocrx_word' id='word_1_308' title='bbox 1580 2962 1701 3019; x_wconf 87' lang='lat' dir='ltr'><strong>nul-</strong></span> 
     </span>
    </p>
   </div>
   <div class='ocr_carea' id='block_1_44' title="bbox 131 3040 1700 3125">
    <p class='ocr_par' dir='ltr' id='par_1_44' title="bbox 131 3040 1700 3125">
     <span class='ocr_line' id='line_1_44' title="bbox 131 3040 1700 3125; baseline 0.009 -29"><span class='ocrx_word' id='word_1_309' title='bbox 131 3040 324 3100; x_wconf 78' lang='lat' dir='ltr'><strong>latenus</strong></span> <span class='ocrx_word' id='word_1_310' title='bbox 354 3059 458 3101; x_wconf 88' lang='lat' dir='ltr'><strong>nec</strong></span> <span class='ocrx_word' id='word_1_311' title='bbox 489 3061 521 3100; x_wconf 91' lang='lat' dir='ltr'><strong>a</strong></span> <span class='ocrx_word' id='word_1_312' title='bbox 558 3045 669 3102; x_wconf 79' lang='lat' dir='ltr'><strong>tilio</strong></span> <span class='ocrx_word' id='word_1_313' title='bbox 698 3062 800 3104; x_wconf 90' lang='lat' dir='ltr'><strong>nec</strong></span> <span class='ocrx_word' id='word_1_314' title='bbox 834 3047 902 3104; x_wconf 89' lang='lat' dir='ltr'><strong>ab</strong></span> <span class='ocrx_word' id='word_1_315' title='bbox 947 3049 1130 3121; x_wconf 90' lang='lat' dir='ltr'><strong>aliquo</strong></span> <span class='ocrx_word' id='word_1_316' title='bbox 1175 3066 1494 3108; x_wconf 77' lang='lat' dir='ltr'><strong>successore</strong></span> <span class='ocrx_word' id='word_1_317' title='bbox 1539 3067 1700 3125; x_wconf 88' lang='lat' dir='ltr'><strong>repe-</strong></span> 
     </span>
    </p>
   </div>
   <div class='ocr_carea' id='block_1_45' title="bbox 131 3137 1694 3216">
    <p class='ocr_par' dir='ltr' id='par_1_45' title="bbox 131 3137 1694 3216">
     <span class='ocr_line' id='line_1_45' title="bbox 131 3137 1694 3216; baseline 0.01 -27"><span class='ocrx_word' id='word_1_318' title='bbox 131 3142 223 3191; x_wconf 79' lang='lat' dir='ltr'><strong>tere</strong></span> <span class='ocrx_word' id='word_1_319' title='bbox 251 3137 438 3210; x_wconf 73' lang='lat' dir='ltr'><strong>(HO);</strong></span> <span class='ocrx_word' id='word_1_320' title='bbox 484 3138 690 3195; x_wconf 88' lang='lat' dir='ltr'><strong>idcirco</strong></span> <span class='ocrx_word' id='word_1_321' title='bbox 739 3155 840 3212; x_wconf 90' lang='lat' dir='ltr'><strong>ego</strong></span> <span class='ocrx_word' id='word_1_322' title='bbox 873 3139 1198 3210; x_wconf 83' lang='lat' dir='ltr'><strong>Joscelinus,</strong></span> <span class='ocrx_word' id='word_1_323' title='bbox 1224 3143 1500 3201; x_wconf 86' lang='lat' dir='ltr'><strong>Gausfridi</strong></span> <span class='ocrx_word' id='word_1_324' title='bbox 1531 3146 1694 3216; x_wconf 89' lang='lat' dir='ltr'><strong>ﬁlius,</strong></span> 
     </span>
    </p>
   </div>
   <div class='ocr_carea' id='block_1_46' title="bbox 127 3229 1696 3308">
    <p class='ocr_par' dir='ltr' id='par_1_46' title="bbox 127 3229 1696 3308">
     <span class='ocr_line' id='line_1_46' title="bbox 127 3229 1696 3308; baseline 0.008 -28"><span class='ocrx_word' id='word_1_325' title='bbox 127 3236 296 3282; x_wconf 84' lang='lat' dir='ltr'><strong>notum</strong></span> <span class='ocrx_word' id='word_1_326' title='bbox 345 3243 472 3284; x_wconf 84' lang='lat' dir='ltr'><strong>esse</strong></span> <span class='ocrx_word' id='word_1_327' title='bbox 515 3229 678 3300; x_wconf 88' lang='lat' dir='ltr'><strong>cupio</strong></span> <span class='ocrx_word' id='word_1_328' title='bbox 705 3231 974 3298; x_wconf 90' lang='lat' dir='ltr'><strong>omnibus,</strong></span> <span class='ocrx_word' id='word_1_329' title='bbox 1000 3242 1112 3298; x_wconf 89' lang='lat' dir='ltr'><strong>tam</strong></span> <span class='ocrx_word' id='word_1_330' title='bbox 1146 3236 1508 3305; x_wconf 67' lang='lat' dir='ltr'><strong>praesentibus</strong></span> <span class='ocrx_word' id='word_1_331' title='bbox 1533 3252 1696 3308; x_wconf 91' lang='lat' dir='ltr'><strong>quam</strong></span> 
     </span>
    </p>
   </div>
   <div class='ocr_carea' id='block_1_47' title="bbox 123 3317 1699 3400">
    <p class='ocr_par' dir='ltr' id='par_1_47' title="bbox 123 3317 1699 3400">
     <span class='ocr_line' id='line_1_47' title="bbox 123 3317 1699 3400; baseline 0.008 -28"><span class='ocrx_word' id='word_1_332' title='bbox 123 3317 328 3388; x_wconf 78' lang='lat' dir='ltr'><strong>futuris,</strong></span> <span class='ocrx_word' id='word_1_333' title='bbox 356 3321 598 3393; x_wconf 87' lang='lat' dir='ltr'><strong>qualiter</strong></span> <span class='ocrx_word' id='word_1_334' title='bbox 632 3333 689 3380; x_wconf 90' lang='lat' dir='ltr'><strong>et</strong></span> <span class='ocrx_word' id='word_1_335' title='bbox 715 3325 1068 3395; x_wconf 85' lang='lat' dir='ltr'><strong>quaratione</strong></span> <span class='ocrx_word' id='word_1_336' title='bbox 1098 3343 1196 3397; x_wconf 92' lang='lat' dir='ltr'><strong>pro</strong></span> <span class='ocrx_word' id='word_1_337' title='bbox 1219 3328 1306 3384; x_wconf 89' lang='lat' dir='ltr'><strong>his</strong></span> <span class='ocrx_word' id='word_1_338' title='bbox 1333 3343 1453 3398; x_wconf 63' lang='lat' dir='ltr'><strong>quae</strong></span> <span class='ocrx_word' id='word_1_339' title='bbox 1482 3345 1512 3384; x_wconf 92' lang='lat' dir='ltr'><strong>a</strong></span> <span class='ocrx_word' id='word_1_340' title='bbox 1544 3338 1699 3400; x_wconf 89' lang='lat' dir='ltr'><strong>patre</strong></span> 
     </span>
    </p>
   </div>
   <div class='ocr_carea' id='block_1_48' title="bbox 121 3412 1699 3487">
    <p class='ocr_par' dir='ltr' id='par_1_48' title="bbox 121 3412 1699 3487">
     <span class='ocr_line' id='line_1_48' title="bbox 121 3412 1699 3487; baseline 0.008 -21"><span class='ocrx_word' id='word_1_341' title='bbox 121 3425 226 3466; x_wconf 80' lang='lat' dir='ltr'><strong>meo</strong></span> <span class='ocrx_word' id='word_1_342' title='bbox 247 3412 479 3470; x_wconf 88' lang='lat' dir='ltr'><strong>dimissa</strong></span> <span class='ocrx_word' id='word_1_343' title='bbox 508 3425 820 3487; x_wconf 81' lang='lat' dir='ltr'><strong>suntatque</strong></span> <span class='ocrx_word' id='word_1_344' title='bbox 847 3418 1042 3474; x_wconf 89' lang='lat' dir='ltr'><strong>tradita</strong></span> <span class='ocrx_word' id='word_1_345' title='bbox 1073 3418 1275 3475; x_wconf 87' lang='lat' dir='ltr'><strong>Sancto</strong></span> <span class='ocrx_word' id='word_1_346' title='bbox 1304 3419 1466 3476; x_wconf 86' lang='lat' dir='ltr'><strong>Petro</strong></span> <span class='ocrx_word' id='word_1_347' title='bbox 1493 3420 1699 3478; x_wconf 85' lang='lat' dir='ltr'><strong>Carno-</strong></span> 
     </span>
    </p>
   </div>
   <div class='ocr_carea' id='block_1_49' title="bbox 120 3504 1697 3582">
    <p class='ocr_par' dir='ltr' id='par_1_49' title="bbox 120 3504 1697 3582">
     <span class='ocr_line' id='line_1_49' title="bbox 120 3504 1697 3582; baseline 0.006 -23"><span class='ocrx_word' id='word_1_348' title='bbox 120 3504 274 3582; x_wconf 64' lang='lat' dir='ltr'><strong>tcnsis</strong></span> <span class='ocrx_word' id='word_1_349' title='bbox 325 3506 585 3573; x_wconf 69' lang='lat' dir='ltr'><strong>emnobii,</strong></span> <span class='ocrx_word' id='word_1_350' title='bbox 638 3519 761 3578; x_wconf 85' lang='lat' dir='ltr'><strong>post</strong></span> <span class='ocrx_word' id='word_1_351' title='bbox 791 3521 1022 3568; x_wconf 88' lang='lat' dir='ltr'><strong>mortem</strong></span> <span class='ocrx_word' id='word_1_352' title='bbox 1061 3511 1255 3582; x_wconf 85' lang='lat' dir='ltr'><strong>ipsius,</strong></span> <span class='ocrx_word' id='word_1_353' title='bbox 1286 3513 1514 3569; x_wconf 89' lang='lat' dir='ltr'><strong>adierim</strong></span> <span class='ocrx_word' id='word_1_354' title='bbox 1543 3514 1697 3569; x_wconf 85' lang='lat' dir='ltr'><strong>dom-</strong></span> 
     </span>
    </p>
   </div>
   <div class='ocr_carea' id='block_1_50' title="bbox 119 3596 1695 3674">
    <p class='ocr_par' dir='ltr' id='par_1_50' title="bbox 119 3596 1695 3674">
     <span class='ocr_line' id='line_1_50' title="bbox 119 3596 1695 3674; baseline 0.008 -27"><span class='ocrx_word' id='word_1_355' title='bbox 119 3608 230 3651; x_wconf 85' lang='lat' dir='ltr'><strong>nnm</strong></span> <span class='ocrx_word' id='word_1_356' title='bbox 270 3596 535 3653; x_wconf 84' lang='lat' dir='ltr'><strong>abbatem</strong></span> <span class='ocrx_word' id='word_1_357' title='bbox 584 3598 954 3669; x_wconf 78' lang='lat' dir='ltr'><strong>Majenardum</strong></span> <span class='ocrx_word' id='word_1_358' title='bbox 1001 3611 1055 3658; x_wconf 91' lang='lat' dir='ltr'><strong>et</strong></span> <span class='ocrx_word' id='word_1_359' title='bbox 1107 3618 1326 3658; x_wconf 89' lang='lat' dir='ltr'><strong>omnem</strong></span> <span class='ocrx_word' id='word_1_360' title='bbox 1373 3603 1544 3674; x_wconf 88' lang='lat' dir='ltr'><strong>ipsius</strong></span> <span class='ocrx_word' id='word_1_361' title='bbox 1591 3604 1695 3660; x_wconf 90' lang='lat' dir='ltr'><strong>loci</strong></span> 
     </span>
    </p>
   </div>
   <div class='ocr_carea' id='block_1_51' title="bbox 117 3691 1691 3775">
    <p class='ocr_par' dir='ltr' id='par_1_51' title="bbox 117 3691 1691 3775">
     <span class='ocr_line' id='line_1_51' title="bbox 117 3691 1691 3775; baseline 0.006 -32"><span class='ocrx_word' id='word_1_362' title='bbox 117 3691 608 3762; x_wconf 74' lang='lat' dir='ltr'><strong>mgregationem.</strong></span> <span class='ocrx_word' id='word_1_363' title='bbox 649 3692 813 3750; x_wconf 90' lang='lat' dir='ltr'><strong>Pater</strong></span> <span class='ocrx_word' id='word_1_364' title='bbox 840 3696 1104 3765; x_wconf 87' lang='lat' dir='ltr'><strong>siquidem</strong></span> <span class='ocrx_word' id='word_1_365' title='bbox 1152 3711 1307 3751; x_wconf 90' lang='lat' dir='ltr'><strong>meus</strong></span> <span class='ocrx_word' id='word_1_366' title='bbox 1350 3695 1691 3775; x_wconf 86' lang='lat' dir='ltr'><strong>Gausfridus,</strong></span> 
     </span>
    </p>
   </div>
   <div class='ocr_carea' id='block_1_52' title="bbox 115 3778 1695 3857">
    <p class='ocr_par' dir='ltr' id='par_1_52' title="bbox 115 3778 1695 3857">
     <span class='ocr_line' id='line_1_52' title="bbox 115 3778 1695 3857; baseline 0.008 -25"><span class='ocrx_word' id='word_1_367' title='bbox 115 3778 166 3835; x_wconf 81' lang='lat' dir='ltr'><strong>ob</strong></span> <span class='ocrx_word' id='word_1_368' title='bbox 193 3783 507 3840; x_wconf 87' lang='lat' dir='ltr'><strong>remedium</strong></span> <span class='ocrx_word' id='word_1_369' title='bbox 537 3799 760 3842; x_wconf 91' lang='lat' dir='ltr'><strong>suorum</strong></span> <span class='ocrx_word' id='word_1_370' title='bbox 783 3789 1182 3855; x_wconf 87' lang='lat' dir='ltr'><strong>peccaminum,</strong></span> <span class='ocrx_word' id='word_1_371' title='bbox 1211 3787 1449 3857; x_wconf 88' lang='lat' dir='ltr'><strong>alodum,</strong></span> <span class='ocrx_word' id='word_1_372' title='bbox 1476 3790 1695 3846; x_wconf 87' lang='lat' dir='ltr'><strong>nomine</strong></span> 
     </span>
    </p>
   </div>
   <div class='ocr_carea' id='block_1_53' title="bbox 115 3868 1692 3948">
    <p class='ocr_par' dir='ltr' id='par_1_53' title="bbox 115 3868 1692 3948">
     <span class='ocr_line' id='line_1_53' title="bbox 115 3868 1692 3948; baseline 0.007 -21"><span class='ocrx_word' id='word_1_373' title='bbox 115 3868 464 3942; x_wconf 76' lang='lat' dir='ltr'><strong>Exclusellas,</strong></span> <span class='ocrx_word' id='word_1_374' title='bbox 519 3877 573 3932; x_wconf 92' lang='lat' dir='ltr'><strong>in</strong></span> <span class='ocrx_word' id='word_1_375' title='bbox 621 3879 884 3934; x_wconf 91' lang='lat' dir='ltr'><strong>comitatu</strong></span> <span class='ocrx_word' id='word_1_376' title='bbox 937 3881 1256 3948; x_wconf 88' lang='lat' dir='ltr'><strong>Dorcasino,</strong></span> <span class='ocrx_word' id='word_1_377' title='bbox 1300 3880 1502 3938; x_wconf 88' lang='lat' dir='ltr'><strong>Sancto</strong></span> <span class='ocrx_word' id='word_1_378' title='bbox 1531 3881 1692 3938; x_wconf 82' lang='lat' dir='ltr'><strong>Petro</strong></span> 
     </span>
    </p>
   </div>
   <div class='ocr_carea' id='block_1_54' title="bbox 116 3960 1693 4041">
    <p class='ocr_par' dir='ltr' id='par_1_54' title="bbox 116 3960 1693 4041">
     <span class='ocr_line' id='line_1_54' title="bbox 116 3960 1693 4041; baseline 0.008 -25"><span class='ocrx_word' id='word_1_379' title='bbox 116 3960 393 4034; x_wconf 75' lang='lat' dir='ltr'><strong>delegavit,</strong></span> <span class='ocrx_word' id='word_1_380' title='bbox 422 3981 588 4036; x_wconf 90' lang='lat' dir='ltr'><strong>super</strong></span> <span class='ocrx_word' id='word_1_381' title='bbox 605 3967 825 4023; x_wconf 82' lang='lat' dir='ltr'><strong>ﬂuvium</strong></span> <span class='ocrx_word' id='word_1_382' title='bbox 842 3969 1096 4034; x_wconf 66' lang='lat' dir='ltr'><strong>Audurae,</strong></span> <span class='ocrx_word' id='word_1_383' title='bbox 1125 3987 1211 4026; x_wconf 90' lang='lat' dir='ltr'><strong>me</strong></span> <span class='ocrx_word' id='word_1_384' title='bbox 1239 3986 1408 4041; x_wconf 88' lang='lat' dir='ltr'><strong>puero</strong></span> <span class='ocrx_word' id='word_1_385' title='bbox 1436 3981 1492 4028; x_wconf 89' lang='lat' dir='ltr'><strong>et</strong></span> <span class='ocrx_word' id='word_1_386' title='bbox 1521 3984 1693 4029; x_wconf 89' lang='lat' dir='ltr'><strong>matre</strong></span> 
     </span>
    </p>
   </div>
   <div class='ocr_carea' id='block_1_55' title="bbox 116 4051 1692 4132">
    <p class='ocr_par' dir='ltr' id='par_1_55' title="bbox 116 4051 1692 4132">
     <span class='ocr_line' id='line_1_55' title="bbox 116 4051 1692 4132; baseline 0.01 -28"><span class='ocrx_word' id='word_1_387' title='bbox 116 4051 342 4109; x_wconf 66' lang='lat' dir='ltr'><strong>vivente.</strong></span> <span class='ocrx_word' id='word_1_388' title='bbox 377 4054 493 4126; x_wconf 67' lang='lat' dir='ltr'><strong>Ego</strong></span> <span class='ocrx_word' id='word_1_389' title='bbox 516 4065 696 4112; x_wconf 88' lang='lat' dir='ltr'><strong>autem</strong></span> <span class='ocrx_word' id='word_1_390' title='bbox 726 4058 903 4127; x_wconf 90' lang='lat' dir='ltr'><strong>ipsum</strong></span> <span class='ocrx_word' id='word_1_391' title='bbox 932 4059 1148 4114; x_wconf 89' lang='lat' dir='ltr'><strong>alodum</strong></span> <span class='ocrx_word' id='word_1_392' title='bbox 1175 4063 1397 4132; x_wconf 82' lang='lat' dir='ltr'><strong>expetii,</strong></span> <span class='ocrx_word' id='word_1_393' title='bbox 1433 4078 1539 4118; x_wconf 92' lang='lat' dir='ltr'><strong>non</strong></span> <span class='ocrx_word' id='word_1_394' title='bbox 1570 4064 1692 4120; x_wconf 90' lang='lat' dir='ltr'><strong>ideo</strong></span> 
     </span>
    </p>
   </div>
   <div class='ocr_carea' id='block_1_56' title="bbox 118 4143 1691 4218">
    <p class='ocr_par' dir='ltr' id='par_1_56' title="bbox 118 4143 1691 4218">
     <span class='ocr_line' id='line_1_56' title="bbox 118 4143 1691 4218; baseline 0.009 -24"><span class='ocrx_word' id='word_1_395' title='bbox 118 4153 162 4196; x_wconf 81' lang='lat' dir='ltr'><strong>ut</strong></span> <span class='ocrx_word' id='word_1_396' title='bbox 197 4143 364 4199; x_wconf 80' lang='lat' dir='ltr'><strong>velim</strong></span> <span class='ocrx_word' id='word_1_397' title='bbox 413 4146 700 4203; x_wconf 88' lang='lat' dir='ltr'><strong>retrahere</strong></span> <span class='ocrx_word' id='word_1_398' title='bbox 739 4149 808 4204; x_wconf 90' lang='lat' dir='ltr'><strong>ab</strong></span> <span class='ocrx_word' id='word_1_399' title='bbox 860 4149 979 4218; x_wconf 91' lang='lat' dir='ltr'><strong>ipso</strong></span> <span class='ocrx_word' id='word_1_400' title='bbox 1008 4149 1304 4205; x_wconf 88' lang='lat' dir='ltr'><strong>venerabili</strong></span> <span class='ocrx_word' id='word_1_401' title='bbox 1336 4151 1455 4208; x_wconf 93' lang='lat' dir='ltr'><strong>loco</strong></span> <span class='ocrx_word' id='word_1_402' title='bbox 1483 4151 1567 4207; x_wconf 93' lang='lat' dir='ltr'><strong>cui</strong></span> <span class='ocrx_word' id='word_1_403' title='bbox 1606 4161 1691 4208; x_wconf 90' lang='lat' dir='ltr'><strong>est</strong></span> 
     </span>
    </p>
   </div>
   <div class='ocr_carea' id='block_1_57' title="bbox 119 4229 1692 4311">
    <p class='ocr_par' dir='ltr' id='par_1_57' title="bbox 119 4229 1692 4311">
     <span class='ocr_line' id='line_1_57' title="bbox 119 4229 1692 4311; baseline 0.01 -26"><span class='ocrx_word' id='word_1_404' title='bbox 119 4234 355 4301; x_wconf 83' lang='lat' dir='ltr'><strong>traditus,</strong></span> <span class='ocrx_word' id='word_1_405' title='bbox 387 4251 490 4292; x_wconf 88' lang='lat' dir='ltr'><strong>nec</strong></span> <span class='ocrx_word' id='word_1_406' title='bbox 520 4247 580 4292; x_wconf 89' lang='lat' dir='ltr'><strong>ut</strong></span> <span class='ocrx_word' id='word_1_407' title='bbox 609 4237 788 4309; x_wconf 79' lang='lat' dir='ltr'><strong>aliqua</strong></span> <span class='ocrx_word' id='word_1_408' title='bbox 817 4239 1011 4295; x_wconf 81' lang='lat' dir='ltr'><strong>fraude</strong></span> <span class='ocrx_word' id='word_1_409' title='bbox 1040 4229 1487 4311; x_wconf 32' lang='lat' dir='ltr'><strong>possideam,&#39;set</strong></span> <span class='ocrx_word' id='word_1_410' title='bbox 1514 4259 1579 4300; x_wconf 90' lang='lat' dir='ltr'><strong>eo</strong></span> <span class='ocrx_word' id='word_1_411' title='bbox 1613 4255 1692 4300; x_wconf 86' lang='lat' dir='ltr'><strong>te-</strong></span> 
     </span>
    </p>
   </div>
   <div class='ocr_carea' id='block_1_58' title="bbox 119 4328 1686 4403">
    <p class='ocr_par' dir='ltr' id='par_1_58' title="bbox 119 4328 1686 4403">
     <span class='ocr_line' id='line_1_58' title="bbox 119 4328 1686 4403; baseline 0.01 -26"><span class='ocrx_word' id='word_1_412' title='bbox 119 4339 237 4380; x_wconf 84' lang='lat' dir='ltr'><strong>nore</strong></span> <span class='ocrx_word' id='word_1_413' title='bbox 274 4337 330 4383; x_wconf 87' lang='lat' dir='ltr'><strong>et</strong></span> <span class='ocrx_word' id='word_1_414' title='bbox 378 4328 473 4384; x_wconf 88' lang='lat' dir='ltr'><strong>tali</strong></span> <span class='ocrx_word' id='word_1_415' title='bbox 501 4330 883 4397; x_wconf 88' lang='lat' dir='ltr'><strong>conventione,</strong></span> <span class='ocrx_word' id='word_1_416' title='bbox 925 4341 1002 4397; x_wconf 89' lang='lat' dir='ltr'><strong>ut,</strong></span> <span class='ocrx_word' id='word_1_417' title='bbox 1059 4333 1317 4403; x_wconf 88' lang='lat' dir='ltr'><strong>quamdiu</strong></span> <span class='ocrx_word' id='word_1_418' title='bbox 1346 4335 1556 4403; x_wconf 79' lang='lat' dir='ltr'><strong>vixero,</strong></span> <span class='ocrx_word' id='word_1_419' title='bbox 1586 4347 1686 4392; x_wconf 77' lang='grc' dir='ltr'><strong>ιιο⁸</strong></span> 
     </span>
    </p>
   </div>
   <div class='ocr_carea' id='block_1_59' title="bbox 124 4415 1686 4490">
    <p class='ocr_par' dir='ltr' id='par_1_59' title="bbox 124 4415 1686 4490">
     <span class='ocr_line' id='line_1_59' title="bbox 124 4415 1686 4490; baseline 0.008 -22"><span class='ocrx_word' id='word_1_420' title='bbox 124 4415 311 4472; x_wconf 78' lang='lat' dir='ltr'><strong>solidos</strong></span> <span class='ocrx_word' id='word_1_421' title='bbox 338 4418 393 4473; x_wconf 89' lang='lat' dir='ltr'><strong>in</strong></span> <span class='ocrx_word' id='word_1_422' title='bbox 445 4434 670 4475; x_wconf 85' lang='lat' dir='ltr'><strong>censum</strong></span> <span class='ocrx_word' id='word_1_423' title='bbox 714 4421 1039 4490; x_wconf 87' lang='lat' dir='ltr'><strong>persolvam,</strong></span> <span class='ocrx_word' id='word_1_424' title='bbox 1074 4431 1278 4480; x_wconf 91' lang='lat' dir='ltr'><strong>statuto</strong></span> <span class='ocrx_word' id='word_1_425' title='bbox 1317 4426 1567 4490; x_wconf 85' lang='lat' dir='ltr'><strong>termino,</strong></span> <span class='ocrx_word' id='word_1_426' title='bbox 1603 4429 1686 4482; x_wconf 83' lang='lat' dir='ltr'><strong>de-</strong></span> 
     </span>
    </p>
   </div>
   <div class='ocr_carea' id='block_1_60' title="bbox 2359 1963 2866 2022">
    <p class='ocr_par' dir='ltr' id='par_1_60' title="bbox 2359 1963 2866 2022">
     <span class='ocr_line' id='line_1_60' title="bbox 2359 1963 2866 2022; baseline -0.002 -2"><span class='ocrx_word' id='word_1_427' title='bbox 2359 1963 2760 2022; x_wconf 74' lang='lat' dir='ltr'><strong>CAPITULUM</strong></span> <span class='ocrx_word' id='word_1_428' title='bbox 2800 1965 2866 2020; x_wconf 71' lang='grc' dir='ltr'>γ.</span> 
     </span>
    </p>
   </div>
   <div class='ocr_carea' id='block_1_61' title="bbox 1964 2079 3230 2138">
    <p class='ocr_par' dir='ltr' id='par_1_61' title="bbox 1964 2079 3230 2138">
     <span class='ocr_line' id='line_1_61' title="bbox 1964 2079 3230 2138; baseline -0.002 0"><span class='ocrx_word' id='word_1_429' title='bbox 1964 2081 2248 2138; x_wconf 75' lang='lat' dir='ltr'><strong>Consentio</strong></span> <span class='ocrx_word' id='word_1_430' title='bbox 2279 2082 2485 2138; x_wconf 68' lang='lat' dir='ltr'><strong>comitis</strong></span> <span class='ocrx_word' id='word_1_431' title='bbox 2513 2081 2714 2138; x_wconf 77' lang='lat' dir='ltr'><strong>Odom&#39;s</strong></span> <span class='ocrx_word' id='word_1_432' title='bbox 2743 2083 2809 2137; x_wconf 83' lang='lat' dir='ltr'><strong>de</strong></span> <span class='ocrx_word' id='word_1_433' title='bbox 2837 2081 3005 2137; x_wconf 76' lang='lat' dir='ltr'><strong>Bosco</strong></span> <span class='ocrx_word' id='word_1_434' title='bbox 3031 2079 3230 2137; x_wconf 70' lang='lat' dir='ltr'><strong>Medio.</strong></span> 
     </span>
    </p>
   </div>
   <div class='ocr_carea' id='block_1_62' title="bbox 2363 2181 2828 2272">
    <p class='ocr_par' dir='ltr' id='par_1_62' title="bbox 2363 2181 2828 2272">
     <span class='ocr_line' id='line_1_62' title="bbox 2363 2181 2828 2272; baseline -0.004 -19"><span class='ocrx_word' id='word_1_435' title='bbox 2363 2199 2526 2272; x_wconf 89' lang='lat' dir='ltr'><strong>(Ante</strong></span> <span class='ocrx_word' id='word_1_436' title='bbox 2555 2181 2606 2254; x_wconf 65' lang='lat' dir='ltr'><strong>a&#39;.</strong></span> <span class='ocrx_word' id='word_1_437' title='bbox 2643 2197 2828 2270; x_wconf 70' lang='lat' dir='ltr'><strong>iuet.)</strong></span> 
     </span>
    </p>
   </div>
   <div class='ocr_carea' id='block_1_63' title="bbox 1881 2308 3394 2384">
    <p class='ocr_par' dir='ltr' id='par_1_63' title="bbox 1881 2308 3394 2384">
     <span class='ocr_line' id='line_1_63' title="bbox 1881 2308 3394 2384; baseline 0.001 -22"><span class='ocrx_word' id='word_1_438' title='bbox 1881 2329 1900 2362; x_wconf 72' lang='grc' dir='ltr'><strong>α</strong></span> <span class='ocrx_word' id='word_1_439' title='bbox 1934 2310 2133 2368; x_wconf 86' lang='lat' dir='ltr'><strong>Notum</strong></span> <span class='ocrx_word' id='word_1_440' title='bbox 2185 2312 2279 2380; x_wconf 88' lang='lat' dir='ltr'><strong>sit,</strong></span> <span class='ocrx_word' id='word_1_441' title='bbox 2331 2328 2456 2368; x_wconf 86' lang='lat' dir='ltr'><strong>cum</strong></span> <span class='ocrx_word' id='word_1_442' title='bbox 2506 2312 2857 2384; x_wconf 83' lang='lat' dir='ltr'><strong>presentibus</strong></span> <span class='ocrx_word' id='word_1_443' title='bbox 2888 2319 3002 2365; x_wconf 89' lang='lat' dir='ltr'><strong>tum</strong></span> <span class='ocrx_word' id='word_1_444' title='bbox 3053 2308 3278 2374; x_wconf 81' lang='lat' dir='ltr'><strong>futuris,</strong></span> <span class='ocrx_word' id='word_1_445' title='bbox 3323 2308 3394 2363; x_wconf 88' lang='lat' dir='ltr'><strong>de</strong></span> 
     </span>
    </p>
   </div>
   <div class='ocr_carea' id='block_1_64' title="bbox 1805 2403 3390 2475">
    <p class='ocr_par' dir='ltr' id='par_1_64' title="bbox 1805 2403 3390 2475">
     <span class='ocr_line' id='line_1_64' title="bbox 1805 2403 3390 2475; baseline -0.002 -18"><span class='ocrx_word' id='word_1_446' title='bbox 1805 2405 2040 2475; x_wconf 88' lang='lat' dir='ltr'><strong>quadam</strong></span> <span class='ocrx_word' id='word_1_447' title='bbox 2081 2404 2446 2460; x_wconf 86' lang='lat' dir='ltr'><strong>conventione</strong></span> <span class='ocrx_word' id='word_1_448' title='bbox 2493 2420 2616 2475; x_wconf 62' lang='lat' dir='ltr'><strong>qua;</strong></span> <span class='ocrx_word' id='word_1_449' title='bbox 2656 2403 2798 2458; x_wconf 85' lang='lat' dir='ltr'><strong>facta</strong></span> <span class='ocrx_word' id='word_1_450' title='bbox 2830 2411 2916 2459; x_wconf 86' lang='lat' dir='ltr'><strong>est</strong></span> <span class='ocrx_word' id='word_1_451' title='bbox 2961 2403 3104 2457; x_wconf 86' lang='lat' dir='ltr'><strong>inter</strong></span> <span class='ocrx_word' id='word_1_452' title='bbox 3133 2403 3390 2458; x_wconf 81' lang='lat' dir='ltr'><strong>comitem</strong></span> 
     </span>
    </p>
   </div>
   <div class='ocr_carea' id='block_1_65' title="bbox 1803 2492 3391 2568">
    <p class='ocr_par' dir='ltr' id='par_1_65' title="bbox 1803 2492 3391 2568">
     <span class='ocr_line' id='line_1_65' title="bbox 1803 2492 3391 2568; baseline -0.004 -15"><span class='ocrx_word' id='word_1_453' title='bbox 1803 2495 2043 2553; x_wconf 90' lang='lat' dir='ltr'><strong>Odonem</strong></span> <span class='ocrx_word' id='word_1_454' title='bbox 2083 2496 2237 2568; x_wconf 76' lang='lat' dir='ltr'><strong>(Ml)</strong></span> <span class='ocrx_word' id='word_1_455' title='bbox 2288 2505 2343 2552; x_wconf 91' lang='lat' dir='ltr'><strong>et</strong></span> <span class='ocrx_word' id='word_1_456' title='bbox 2388 2498 2684 2551; x_wconf 81' lang='lat' dir='ltr'><strong>monachos</strong></span> <span class='ocrx_word' id='word_1_457' title='bbox 2733 2494 2918 2550; x_wconf 87' lang='lat' dir='ltr'><strong>Sancti</strong></span> <span class='ocrx_word' id='word_1_458' title='bbox 2967 2493 3138 2550; x_wconf 83' lang='lat' dir='ltr'><strong>Petri.</strong></span> <span class='ocrx_word' id='word_1_459' title='bbox 3173 2492 3391 2548; x_wconf 71' lang='lat' dir='ltr'><strong>Habent</strong></span> 
     </span>
    </p>
   </div>
   <div class='ocr_carea' id='block_1_66' title="bbox 1803 2582 3392 2659">
    <p class='ocr_par' dir='ltr' id='par_1_66' title="bbox 1803 2582 3392 2659">
     <span class='ocr_line' id='line_1_66' title="bbox 1803 2582 3392 2659; baseline -0.006 -13"><span class='ocrx_word' id='word_1_460' title='bbox 1803 2589 1947 2646; x_wconf 89' lang='lat' dir='ltr'><strong>enim</strong></span> <span class='ocrx_word' id='word_1_461' title='bbox 1975 2588 2217 2659; x_wconf 65' lang='lat' dir='ltr'><strong>praedicti</strong></span> <span class='ocrx_word' id='word_1_462' title='bbox 2248 2588 2499 2644; x_wconf 85' lang='lat' dir='ltr'><strong>monachi</strong></span> <span class='ocrx_word' id='word_1_463' title='bbox 2530 2587 2801 2658; x_wconf 82' lang='lat' dir='ltr'><strong>quandam</strong></span> <span class='ocrx_word' id='word_1_464' title='bbox 2843 2597 3065 2648; x_wconf 89' lang='lat' dir='ltr'><strong>terram,</strong></span> <span class='ocrx_word' id='word_1_465' title='bbox 3115 2585 3169 2640; x_wconf 91' lang='lat' dir='ltr'><strong>in</strong></span> <span class='ocrx_word' id='word_1_466' title='bbox 3221 2582 3392 2639; x_wconf 88' lang='lat' dir='ltr'><strong>comi-</strong></span> 
     </span>
    </p>
   </div>
   <div class='ocr_carea' id='block_1_67' title="bbox 1806 2673 3391 2750">
    <p class='ocr_par' dir='ltr' id='par_1_67' title="bbox 1806 2673 3391 2750">
     <span class='ocr_line' id='line_1_67' title="bbox 1806 2673 3391 2750; baseline -0.004 -15"><span class='ocrx_word' id='word_1_467' title='bbox 1806 2689 1918 2735; x_wconf 88' lang='lat' dir='ltr'><strong>tatu</strong></span> <span class='ocrx_word' id='word_1_468' title='bbox 1954 2680 2218 2746; x_wconf 88' lang='lat' dir='ltr'><strong>Dunensi,</strong></span> <span class='ocrx_word' id='word_1_469' title='bbox 2249 2695 2370 2750; x_wconf 74' lang='lat' dir='ltr'><strong>quae</strong></span> <span class='ocrx_word' id='word_1_470' title='bbox 2399 2689 2626 2735; x_wconf 83' lang='lat' dir='ltr'><strong>vocatur</strong></span> <span class='ocrx_word' id='word_1_471' title='bbox 2650 2678 2855 2734; x_wconf 86' lang='lat' dir='ltr'><strong>Boseus</strong></span> <span class='ocrx_word' id='word_1_472' title='bbox 2883 2677 3112 2741; x_wconf 83' lang='lat' dir='ltr'><strong>Medius,</strong></span> <span class='ocrx_word' id='word_1_473' title='bbox 3140 2677 3207 2731; x_wconf 84' lang='lat' dir='ltr'><strong>de</strong></span> <span class='ocrx_word' id='word_1_474' title='bbox 3234 2673 3391 2743; x_wconf 86' lang='lat' dir='ltr'><strong>cujus</strong></span> 
     </span>
    </p>
   </div>
   <div class='ocr_carea' id='block_1_68' title="bbox 1802 2766 3387 2844">
    <p class='ocr_par' dir='ltr' id='par_1_68' title="bbox 1802 2766 3387 2844">
     <span class='ocr_line' id='line_1_68' title="bbox 1802 2766 3387 2844; baseline -0.004 -17"><span class='ocrx_word' id='word_1_475' title='bbox 1802 2772 2036 2843; x_wconf 90' lang='lat' dir='ltr'><strong>quadam</strong></span> <span class='ocrx_word' id='word_1_476' title='bbox 2065 2781 2223 2844; x_wconf 89' lang='lat' dir='ltr'><strong>parte</strong></span> <span class='ocrx_word' id='word_1_477' title='bbox 2247 2773 2525 2828; x_wconf 86' lang='lat' dir='ltr'><strong>contentio</strong></span> <span class='ocrx_word' id='word_1_478' title='bbox 2544 2781 2666 2828; x_wconf 91' lang='lat' dir='ltr'><strong>erat</strong></span> <span class='ocrx_word' id='word_1_479' title='bbox 2703 2771 2844 2828; x_wconf 89' lang='lat' dir='ltr'><strong>inter</strong></span> <span class='ocrx_word' id='word_1_480' title='bbox 2876 2770 3124 2825; x_wconf 88' lang='lat' dir='ltr'><strong>homines</strong></span> <span class='ocrx_word' id='word_1_481' title='bbox 3145 2766 3387 2837; x_wconf 80' lang='lat' dir='ltr'><strong>ejusdem</strong></span> 
     </span>
    </p>
   </div>
   <div class='ocr_carea' id='block_1_69' title="bbox 1802 2858 3388 2932">
    <p class='ocr_par' dir='ltr' id='par_1_69' title="bbox 1802 2858 3388 2932">
     <span class='ocr_line' id='line_1_69' title="bbox 1802 2858 3388 2932; baseline -0.003 -14"><span class='ocrx_word' id='word_1_482' title='bbox 1802 2863 2019 2918; x_wconf 87' lang='lat' dir='ltr'><strong>comitis</strong></span> <span class='ocrx_word' id='word_1_483' title='bbox 2051 2871 2108 2917; x_wconf 90' lang='lat' dir='ltr'><strong>et</strong></span> <span class='ocrx_word' id='word_1_484' title='bbox 2150 2862 2399 2918; x_wconf 88' lang='lat' dir='ltr'><strong>homines</strong></span> <span class='ocrx_word' id='word_1_485' title='bbox 2431 2861 2618 2918; x_wconf 88' lang='lat' dir='ltr'><strong>Sancti</strong></span> <span class='ocrx_word' id='word_1_486' title='bbox 2653 2861 2822 2928; x_wconf 85' lang='lat' dir='ltr'><strong>Petri,</strong></span> <span class='ocrx_word' id='word_1_487' title='bbox 2860 2875 2981 2932; x_wconf 68' lang='lat' dir='ltr'><strong>quae</strong></span> <span class='ocrx_word' id='word_1_488' title='bbox 3004 2858 3170 2914; x_wconf 86' lang='lat' dir='ltr'><strong>etiam</strong></span> <span class='ocrx_word' id='word_1_489' title='bbox 3199 2873 3388 2914; x_wconf 82' lang='lat' dir='ltr'><strong>sacra-</strong></span> 
     </span>
    </p>
   </div>
   <div class='ocr_carea' id='block_1_70' title="bbox 1802 2952 3385 3025">
    <p class='ocr_par' dir='ltr' id='par_1_70' title="bbox 1802 2952 3385 3025">
     <span class='ocr_line' id='line_1_70' title="bbox 1802 2952 3385 3025; baseline -0.002 -16"><span class='ocrx_word' id='word_1_490' title='bbox 1802 2954 2002 3009; x_wconf 89' lang='lat' dir='ltr'><strong>mentis</strong></span> <span class='ocrx_word' id='word_1_491' title='bbox 2044 2965 2100 3010; x_wconf 90' lang='lat' dir='ltr'><strong>et</strong></span> <span class='ocrx_word' id='word_1_492' title='bbox 2135 2953 2359 3025; x_wconf 91' lang='lat' dir='ltr'><strong>judiciis</strong></span> <span class='ocrx_word' id='word_1_493' title='bbox 2400 2954 2544 3010; x_wconf 90' lang='lat' dir='ltr'><strong>inter</strong></span> <span class='ocrx_word' id='word_1_494' title='bbox 2588 2953 2808 3010; x_wconf 89' lang='lat' dir='ltr'><strong>eosdem</strong></span> <span class='ocrx_word' id='word_1_495' title='bbox 2842 2963 2928 3009; x_wconf 91' lang='lat' dir='ltr'><strong>est</strong></span> <span class='ocrx_word' id='word_1_496' title='bbox 2953 2952 3180 3022; x_wconf 89' lang='lat' dir='ltr'><strong>partita.</strong></span> <span class='ocrx_word' id='word_1_497' title='bbox 3216 2952 3291 3006; x_wconf 93' lang='lat' dir='ltr'><strong>De</strong></span> <span class='ocrx_word' id='word_1_498' title='bbox 3321 2967 3385 3008; x_wconf 84' lang='lat' dir='ltr'><strong>ea</strong></span> 
     </span>
    </p>
   </div>
   <div class='ocr_carea' id='block_1_71' title="bbox 1801 3043 3387 3118">
    <p class='ocr_par' dir='ltr' id='par_1_71' title="bbox 1801 3043 3387 3118">
     <span class='ocr_line' id='line_1_71' title="bbox 1801 3043 3387 3118; baseline -0.001 -19"><span class='ocrx_word' id='word_1_499' title='bbox 1801 3060 1936 3100; x_wconf 82' lang='lat' dir='ltr'><strong>vero</strong></span> <span class='ocrx_word' id='word_1_500' title='bbox 1987 3057 2143 3116; x_wconf 90' lang='lat' dir='ltr'><strong>parte</strong></span> <span class='ocrx_word' id='word_1_501' title='bbox 2179 3062 2301 3118; x_wconf 72' lang='lat' dir='ltr'><strong>qua:</strong></span> <span class='ocrx_word' id='word_1_502' title='bbox 2335 3047 2403 3101; x_wconf 91' lang='lat' dir='ltr'><strong>ad</strong></span> <span class='ocrx_word' id='word_1_503' title='bbox 2462 3046 2720 3102; x_wconf 89' lang='lat' dir='ltr'><strong>comitem</strong></span> <span class='ocrx_word' id='word_1_504' title='bbox 2787 3043 3034 3102; x_wconf 87' lang='lat' dir='ltr'><strong>Odonem</strong></span> <span class='ocrx_word' id='word_1_505' title='bbox 3099 3043 3387 3114; x_wconf 89' lang='lat' dir='ltr'><strong>pertinuit,</strong></span> 
     </span>
    </p>
   </div>
   <div class='ocr_carea' id='block_1_72' title="bbox 1800 3134 3388 3209">
    <p class='ocr_par' dir='ltr' id='par_1_72' title="bbox 1800 3134 3388 3209">
     <span class='ocr_line' id='line_1_72' title="bbox 1800 3134 3388 3209; baseline -0.003 -17"><span class='ocrx_word' id='word_1_506' title='bbox 1800 3137 2061 3209; x_wconf 70' lang='lat' dir='ltr'><strong>praefatus</strong></span> <span class='ocrx_word' id='word_1_507' title='bbox 2107 3153 2312 3205; x_wconf 90' lang='lat' dir='ltr'><strong>comes,</strong></span> <span class='ocrx_word' id='word_1_508' title='bbox 2351 3153 2452 3208; x_wconf 89' lang='lat' dir='ltr'><strong>pro</strong></span> <span class='ocrx_word' id='word_1_509' title='bbox 2478 3139 2674 3193; x_wconf 68' lang='lat' dir='ltr'><strong>animm</strong></span> <span class='ocrx_word' id='word_1_510' title='bbox 2724 3153 2837 3194; x_wconf 78' lang='lat' dir='ltr'><strong>sua:</strong></span> <span class='ocrx_word' id='word_1_511' title='bbox 2894 3136 3160 3201; x_wconf 87' lang='lat' dir='ltr'><strong>remedio,</strong></span> <span class='ocrx_word' id='word_1_512' title='bbox 3193 3134 3388 3190; x_wconf 80' lang='lat' dir='ltr'><strong>habuit</strong></span> 
     </span>
    </p>
   </div>
   <div class='ocr_carea' id='block_1_73' title="bbox 1803 3230 3388 3304">
    <p class='ocr_par' dir='ltr' id='par_1_73' title="bbox 1803 3230 3388 3304">
     <span class='ocr_line' id='line_1_73' title="bbox 1803 3230 3388 3304; baseline -0.003 -19"><span class='ocrx_word' id='word_1_513' title='bbox 1803 3231 2218 3287; x_wconf 90' lang='lat' dir='ltr'><strong>conventionem</strong></span> <span class='ocrx_word' id='word_1_514' title='bbox 2299 3247 2428 3304; x_wconf 86' lang='lat' dir='ltr'><strong>erga</strong></span> <span class='ocrx_word' id='word_1_515' title='bbox 2513 3230 2899 3304; x_wconf 83' lang='lat' dir='ltr'><strong>Magenardum</strong></span> <span class='ocrx_word' id='word_1_516' title='bbox 3003 3230 3255 3285; x_wconf 87' lang='lat' dir='ltr'><strong>abbatem</strong></span> <span class='ocrx_word' id='word_1_517' title='bbox 3331 3237 3388 3284; x_wconf 92' lang='lat' dir='ltr'><strong>et</strong></span> 
     </span>
    </p>
   </div>
   <div class='ocr_carea' id='block_1_74' title="bbox 1807 3323 3386 3396">
    <p class='ocr_par' dir='ltr' id='par_1_74' title="bbox 1807 3323 3386 3396">
     <span class='ocr_line' id='line_1_74' title="bbox 1807 3323 3386 3396; baseline -0.003 -17"><span class='ocrx_word' id='word_1_518' title='bbox 1807 3325 2105 3381; x_wconf 86' lang='lat' dir='ltr'><strong>monachos</strong></span> <span class='ocrx_word' id='word_1_519' title='bbox 2131 3325 2377 3396; x_wconf 89' lang='lat' dir='ltr'><strong>ejusdem</strong></span> <span class='ocrx_word' id='word_1_520' title='bbox 2427 3325 2557 3391; x_wconf 90' lang='lat' dir='ltr'><strong>loci,</strong></span> <span class='ocrx_word' id='word_1_521' title='bbox 2605 3334 2664 3380; x_wconf 91' lang='lat' dir='ltr'><strong>ut</strong></span> <span class='ocrx_word' id='word_1_522' title='bbox 2694 3325 2776 3380; x_wconf 91' lang='lat' dir='ltr'><strong>eis</strong></span> <span class='ocrx_word' id='word_1_523' title='bbox 2812 3324 2958 3380; x_wconf 86' lang='lat' dir='ltr'><strong>illam</strong></span> <span class='ocrx_word' id='word_1_524' title='bbox 3001 3323 3282 3386; x_wconf 88' lang='lat' dir='ltr'><strong>redderet;</strong></span> <span class='ocrx_word' id='word_1_525' title='bbox 3321 3336 3386 3376; x_wconf 84' lang='lat' dir='ltr'><strong>ea</strong></span> 
     </span>
    </p>
   </div>
   <div class='ocr_carea' id='block_1_75' title="bbox 1799 3415 3384 3489">
    <p class='ocr_par' dir='ltr' id='par_1_75' title="bbox 1799 3415 3384 3489">
     <span class='ocr_line' id='line_1_75' title="bbox 1799 3415 3384 3489; baseline -0.003 -16"><span class='ocrx_word' id='word_1_526' title='bbox 1799 3417 2011 3474; x_wconf 90' lang='lat' dir='ltr'><strong>scilicet</strong></span> <span class='ocrx_word' id='word_1_527' title='bbox 2046 3419 2282 3486; x_wconf 88' lang='lat' dir='ltr'><strong>ratione,</strong></span> <span class='ocrx_word' id='word_1_528' title='bbox 2316 3428 2376 3474; x_wconf 93' lang='lat' dir='ltr'><strong>ut</strong></span> <span class='ocrx_word' id='word_1_529' title='bbox 2408 3433 2527 3473; x_wconf 88' lang='lat' dir='ltr'><strong>eam</strong></span> <span class='ocrx_word' id='word_1_530' title='bbox 2556 3418 2848 3489; x_wconf 70' lang='lat' dir='ltr'><strong>prmdictus</strong></span> <span class='ocrx_word' id='word_1_531' title='bbox 2875 3431 3059 3471; x_wconf 89' lang='lat' dir='ltr'><strong>comes</strong></span> <span class='ocrx_word' id='word_1_532' title='bbox 3091 3425 3297 3468; x_wconf 81' lang='lat' dir='ltr'><strong>tantum</strong></span> <span class='ocrx_word' id='word_1_533' title='bbox 3331 3415 3384 3468; x_wconf 90' lang='lat' dir='ltr'><strong>in</strong></span> 
     </span>
    </p>
   </div>
   <div class='ocr_carea' id='block_1_76' title="bbox 1798 3505 3384 3573">
    <p class='ocr_par' dir='ltr' id='par_1_76' title="bbox 1798 3505 3384 3573">
     <span class='ocr_line' id='line_1_76' title="bbox 1798 3505 3384 3573; baseline -0.003 -11"><span class='ocrx_word' id='word_1_534' title='bbox 1798 3508 1907 3563; x_wconf 86' lang='lat' dir='ltr'><strong>vita</strong></span> <span class='ocrx_word' id='word_1_535' title='bbox 1969 3523 2066 3564; x_wconf 90' lang='lat' dir='ltr'><strong>sua</strong></span> <span class='ocrx_word' id='word_1_536' title='bbox 2130 3516 2361 3573; x_wconf 88' lang='lat' dir='ltr'><strong>teneret,</strong></span> <span class='ocrx_word' id='word_1_537' title='bbox 2413 3516 2468 3564; x_wconf 91' lang='lat' dir='ltr'><strong>et</strong></span> <span class='ocrx_word' id='word_1_538' title='bbox 2519 3507 2768 3563; x_wconf 85' lang='lat' dir='ltr'><strong>monachi</strong></span> <span class='ocrx_word' id='word_1_539' title='bbox 2831 3523 2997 3563; x_wconf 92' lang='lat' dir='ltr'><strong>unum</strong></span> <span class='ocrx_word' id='word_1_540' title='bbox 3036 3505 3286 3561; x_wconf 88' lang='lat' dir='ltr'><strong>colomun</strong></span> <span class='ocrx_word' id='word_1_541' title='bbox 3329 3505 3384 3558; x_wconf 92' lang='lat' dir='ltr'><strong>in</strong></span> 
     </span>
    </p>
   </div>
   <div class='ocr_carea' id='block_1_77' title="bbox 1795 3597 3384 3674">
    <p class='ocr_par' dir='ltr' id='par_1_77' title="bbox 1795 3597 3384 3674">
     <span class='ocr_line' id='line_1_77' title="bbox 1795 3597 3384 3674; baseline -0.003 -18"><span class='ocrx_word' id='word_1_542' title='bbox 1795 3602 2153 3669; x_wconf 88' lang='lat' dir='ltr'><strong>vestituram;</strong></span> <span class='ocrx_word' id='word_1_543' title='bbox 2181 3610 2304 3674; x_wconf 88' lang='lat' dir='ltr'><strong>post</strong></span> <span class='ocrx_word' id='word_1_544' title='bbox 2333 3611 2563 3658; x_wconf 90' lang='lat' dir='ltr'><strong>mortem</strong></span> <span class='ocrx_word' id='word_1_545' title='bbox 2599 3619 2730 3659; x_wconf 89' lang='lat' dir='ltr'><strong>vero</strong></span> <span class='ocrx_word' id='word_1_546' title='bbox 2774 3601 2985 3672; x_wconf 65' lang='lat' dir='ltr'><strong>praefati</strong></span> <span class='ocrx_word' id='word_1_547' title='bbox 3038 3599 3259 3656; x_wconf 87' lang='lat' dir='ltr'><strong>comitis</strong></span> <span class='ocrx_word' id='word_1_548' title='bbox 3314 3597 3384 3652; x_wconf 93' lang='lat' dir='ltr'><strong>ad</strong></span> 
     </span>
    </p>
   </div>
   <div class='ocr_carea' id='block_1_78' title="bbox 1795 3690 3384 3764">
    <p class='ocr_par' dir='ltr' id='par_1_78' title="bbox 1795 3690 3384 3764">
     <span class='ocr_line' id='line_1_78' title="bbox 1795 3690 3384 3764; baseline -0.001 -16"><span class='ocrx_word' id='word_1_549' title='bbox 1795 3693 2028 3748; x_wconf 90' lang='lat' dir='ltr'><strong>eundem</strong></span> <span class='ocrx_word' id='word_1_550' title='bbox 2056 3693 2234 3749; x_wconf 91' lang='lat' dir='ltr'><strong>locum</strong></span> <span class='ocrx_word' id='word_1_551' title='bbox 2267 3703 2414 3748; x_wconf 90' lang='lat' dir='ltr'><strong>terra</strong></span> <span class='ocrx_word' id='word_1_552' title='bbox 2444 3695 2700 3764; x_wconf 65' lang='lat' dir='ltr'><strong>praedicta</strong></span> <span class='ocrx_word' id='word_1_553' title='bbox 2733 3701 3060 3748; x_wconf 86' lang='lat' dir='ltr'><strong>remaneret.</strong></span> <span class='ocrx_word' id='word_1_554' title='bbox 3090 3692 3152 3746; x_wconf 87' lang='lat' dir='ltr'><strong>Et</strong></span> <span class='ocrx_word' id='word_1_555' title='bbox 3183 3701 3241 3746; x_wconf 93' lang='lat' dir='ltr'><strong>ut</strong></span> <span class='ocrx_word' id='word_1_556' title='bbox 3267 3690 3384 3746; x_wconf 78' lang='lat' dir='ltr'><strong>inec</strong></span> 
     </span>
    </p>
   </div>
   <div class='ocr_carea' id='block_1_79' title="bbox 1806 3781 3380 3850">
    <p class='ocr_par' dir='ltr' id='par_1_79' title="bbox 1806 3781 3380 3850">
     <span class='ocr_line' id='line_1_79' title="bbox 1806 3781 3380 3850; baseline -0.003 -11"><span class='ocrx_word' id='word_1_557' title='bbox 1806 3784 2098 3839; x_wconf 84' lang='lat' dir='ltr'><strong>conventio</strong></span> <span class='ocrx_word' id='word_1_558' title='bbox 2151 3783 2306 3838; x_wconf 89' lang='lat' dir='ltr'><strong>ﬁrma</strong></span> <span class='ocrx_word' id='word_1_559' title='bbox 2363 3785 2507 3840; x_wconf 90' lang='lat' dir='ltr'><strong>inter</strong></span> <span class='ocrx_word' id='word_1_560' title='bbox 2558 3797 2653 3839; x_wconf 90' lang='lat' dir='ltr'><strong>eos</strong></span> <span class='ocrx_word' id='word_1_561' title='bbox 2706 3783 2893 3848; x_wconf 89' lang='lat' dir='ltr'><strong>ﬁeret,</strong></span> <span class='ocrx_word' id='word_1_562' title='bbox 2951 3783 3052 3837; x_wconf 86' lang='lat' dir='ltr'><strong>hoc</strong></span> <span class='ocrx_word' id='word_1_563' title='bbox 3110 3781 3380 3850; x_wconf 87' lang='lat' dir='ltr'><strong>scriptum</strong></span> 
     </span>
    </p>
   </div>
   <div class='ocr_carea' id='block_1_80' title="bbox 1794 3873 3382 3947">
    <p class='ocr_par' dir='ltr' id='par_1_80' title="bbox 1794 3873 3382 3947">
     <span class='ocr_line' id='line_1_80' title="bbox 1794 3873 3382 3947; baseline -0.001 -17"><span class='ocrx_word' id='word_1_564' title='bbox 1794 3890 1980 3930; x_wconf 86' lang='lat' dir='ltr'><strong>comes</strong></span> <span class='ocrx_word' id='word_1_565' title='bbox 2027 3873 2147 3930; x_wconf 89' lang='lat' dir='ltr'><strong>ﬁeri</strong></span> <span class='ocrx_word' id='word_1_566' title='bbox 2193 3874 2392 3947; x_wconf 87' lang='lat' dir='ltr'><strong>jussit;</strong></span> <span class='ocrx_word' id='word_1_567' title='bbox 2426 3885 2481 3931; x_wconf 88' lang='lat' dir='ltr'><strong>et</strong></span> <span class='ocrx_word' id='word_1_568' title='bbox 2529 3884 2589 3930; x_wconf 90' lang='lat' dir='ltr'><strong>ut</strong></span> <span class='ocrx_word' id='word_1_569' title='bbox 2643 3875 2696 3930; x_wconf 91' lang='lat' dir='ltr'><strong>in</strong></span> <span class='ocrx_word' id='word_1_570' title='bbox 2746 3883 3065 3946; x_wconf 88' lang='lat' dir='ltr'><strong>perpetuum</strong></span> <span class='ocrx_word' id='word_1_571' title='bbox 3119 3883 3298 3928; x_wconf 89' lang='lat' dir='ltr'><strong>ratum</strong></span> <span class='ocrx_word' id='word_1_572' title='bbox 3323 3885 3382 3928; x_wconf 87' lang='lat' dir='ltr'><strong>et</strong></span> 
     </span>
    </p>
   </div>
   <div class='ocr_carea' id='block_1_81' title="bbox 1793 3961 3377 4037">
    <p class='ocr_par' dir='ltr' id='par_1_81' title="bbox 1793 3961 3377 4037">
     <span class='ocr_line' id='line_1_81' title="bbox 1793 3961 3377 4037; baseline -0.004 -16"><span class='ocrx_word' id='word_1_573' title='bbox 1793 3966 2008 4021; x_wconf 90' lang='lat' dir='ltr'><strong>ﬁrmum</strong></span> <span class='ocrx_word' id='word_1_574' title='bbox 2060 3975 2432 4037; x_wconf 86' lang='lat' dir='ltr'><strong>permaneret,</strong></span> <span class='ocrx_word' id='word_1_575' title='bbox 2470 3965 2721 4020; x_wconf 89' lang='lat' dir='ltr'><strong>manibus</strong></span> <span class='ocrx_word' id='word_1_576' title='bbox 2752 3964 2867 4020; x_wconf 87' lang='lat' dir='ltr'><strong>suis</strong></span> <span class='ocrx_word' id='word_1_577' title='bbox 2914 3962 3045 4018; x_wconf 86' lang='lat' dir='ltr'><strong>illud</strong></span> <span class='ocrx_word' id='word_1_578' title='bbox 3077 3961 3377 4028; x_wconf 85' lang='lat' dir='ltr'><strong>roboravit,</strong></span> 
     </span>
    </p>
   </div>
   <div class='ocr_carea' id='block_1_82' title="bbox 1790 4053 3376 4115">
    <p class='ocr_par' dir='ltr' id='par_1_82' title="bbox 1790 4053 3376 4115">
     <span class='ocr_line' id='line_1_82' title="bbox 1790 4053 3376 4115; baseline -0.004 -1"><span class='ocrx_word' id='word_1_579' title='bbox 1790 4067 1846 4114; x_wconf 85' lang='lat' dir='ltr'><strong>et</strong></span> <span class='ocrx_word' id='word_1_580' title='bbox 1873 4059 2124 4115; x_wconf 90' lang='lat' dir='ltr'><strong>manibus</strong></span> <span class='ocrx_word' id='word_1_581' title='bbox 2175 4058 2414 4115; x_wconf 87' lang='lat' dir='ltr'><strong>ﬁdelium</strong></span> <span class='ocrx_word' id='word_1_582' title='bbox 2467 4073 2690 4113; x_wconf 92' lang='lat' dir='ltr'><strong>suorum</strong></span> <span class='ocrx_word' id='word_1_583' title='bbox 2723 4056 3089 4112; x_wconf 74' lang='lat' dir='ltr'><strong>roborandam</strong></span> <span class='ocrx_word' id='word_1_584' title='bbox 3131 4053 3376 4108; x_wconf 88' lang='lat' dir='ltr'><strong>tradidit.</strong></span> 
     </span>
    </p>
   </div>
   <div class='ocr_carea' id='block_1_83' title="bbox 1793 4149 3382 4224">
    <p class='ocr_par' dir='ltr' id='par_1_83' title="bbox 1793 4149 3382 4224">
     <span class='ocr_line' id='line_1_83' title="bbox 1793 4149 3382 4224; baseline -0.004 -13"><span class='ocrx_word' id='word_1_585' title='bbox 1793 4154 1849 4211; x_wconf 92' lang='grc'><strong>8.</strong></span> <span class='ocrx_word' id='word_1_586' title='bbox 1895 4155 2100 4213; x_wconf 87' lang='lat' dir='ltr'><strong>Odonis</strong></span> <span class='ocrx_word' id='word_1_587' title='bbox 2144 4155 2382 4211; x_wconf 90' lang='lat' dir='ltr'><strong>comitis.</strong></span> <span class='ocrx_word' id='word_1_588' title='bbox 2436 4154 2494 4210; x_wconf 92' lang='lat' dir='ltr'><strong>S.</strong></span> <span class='ocrx_word' id='word_1_589' title='bbox 2548 4152 2937 4224; x_wconf 84' lang='lat' dir='ltr'><strong>Ermcngardis</strong></span> <span class='ocrx_word' id='word_1_590' title='bbox 2989 4150 3162 4222; x_wconf 69' lang='grc'>(142),</span> <span class='ocrx_word' id='word_1_591' title='bbox 3189 4149 3382 4205; x_wconf 81' lang='lat' dir='ltr'><strong>uxoris</strong></span> 
     </span>
    </p>
   </div>
   <div class='ocr_carea' id='block_1_84' title="bbox 1789 4240 3376 4317">
    <p class='ocr_par' dir='ltr' id='par_1_84' title="bbox 1789 4240 3376 4317">
     <span class='ocr_line' id='line_1_84' title="bbox 1789 4240 3376 4317; baseline -0.004 -15"><span class='ocrx_word' id='word_1_592' title='bbox 1789 4248 1927 4317; x_wconf 88' lang='lat' dir='ltr'><strong>ejus.</strong></span> <span class='ocrx_word' id='word_1_593' title='bbox 1981 4245 2039 4301; x_wconf 91' lang='grc'><strong>8.</strong></span> <span class='ocrx_word' id='word_1_594' title='bbox 2093 4245 2269 4301; x_wconf 68' lang='lat' dir='ltr'><strong>Bertae</strong></span> <span class='ocrx_word' id='word_1_595' title='bbox 2327 4245 2550 4317; x_wconf 83' lang='lat' dir='ltr'><strong>regime.</strong></span> <span class='ocrx_word' id='word_1_596' title='bbox 2616 4244 2674 4299; x_wconf 92' lang='grc'><strong>8.</strong></span> <span class='ocrx_word' id='word_1_597' title='bbox 2730 4243 2980 4315; x_wconf 82' lang='lat' dir='ltr'><strong>Agnetis.</strong></span> <span class='ocrx_word' id='word_1_598' title='bbox 3049 4240 3106 4297; x_wconf 90' lang='grc'><strong>8.</strong></span> <span class='ocrx_word' id='word_1_599' title='bbox 3173 4240 3376 4296; x_wconf 89' lang='lat' dir='ltr'><strong>lvonis.</strong></span> 
     </span>
    </p>
   </div>
   <div class='ocr_carea' id='block_1_85' title="bbox 1790 4333 3374 4395">
    <p class='ocr_par' dir='ltr' id='par_1_85' title="bbox 1790 4333 3374 4395">
     <span class='ocr_line' id='line_1_85' title="bbox 1790 4333 3374 4395; baseline -0.001 -3"><span class='ocrx_word' id='word_1_600' title='bbox 1790 4339 1848 4393; x_wconf 92' lang='lat' dir='ltr'><strong>S.</strong></span> <span class='ocrx_word' id='word_1_601' title='bbox 1880 4337 2130 4393; x_wconf 78' lang='lat' dir='ltr'><strong>Rainoldi</strong></span> <span class='ocrx_word' id='word_1_602' title='bbox 2156 4339 2505 4395; x_wconf 90' lang='lat' dir='ltr'><strong>viccdomini.</strong></span> <span class='ocrx_word' id='word_1_603' title='bbox 2544 4338 2604 4393; x_wconf 92' lang='grc'><strong>8.</strong></span> <span class='ocrx_word' id='word_1_604' title='bbox 2637 4335 2935 4392; x_wconf 82' lang='lat' dir='ltr'><strong>Nivclonis.</strong></span> <span class='ocrx_word' id='word_1_605' title='bbox 2965 4334 3025 4391; x_wconf 93' lang='lat' dir='ltr'><strong>S.</strong></span> <span class='ocrx_word' id='word_1_606' title='bbox 3052 4333 3374 4390; x_wconf 85' lang='lat' dir='ltr'><strong>Wascclini.</strong></span> 
     </span>
    </p>
   </div>
   <div class='ocr_carea' id='block_1_86' title="bbox 1792 4424 3373 4498">
    <p class='ocr_par' dir='ltr' id='par_1_86' title="bbox 1792 4424 3373 4498">
     <span class='ocr_line' id='line_1_86' title="bbox 1792 4424 3373 4498; baseline -0.003 -15"><span class='ocrx_word' id='word_1_607' title='bbox 1792 4428 1853 4483; x_wconf 90' lang='grc'><strong>8.</strong></span> <span class='ocrx_word' id='word_1_608' title='bbox 1904 4430 2156 4484; x_wconf 87' lang='lat' dir='ltr'><strong>Landrici</strong></span> <span class='ocrx_word' id='word_1_609' title='bbox 2198 4428 2356 4498; x_wconf 82' lang='lat' dir='ltr'><strong>largi.</strong></span> <span class='ocrx_word' id='word_1_610' title='bbox 2411 4429 2469 4484; x_wconf 82' lang='lat' dir='ltr'><strong>S.</strong></span> <span class='ocrx_word' id='word_1_611' title='bbox 2515 4427 2748 4484; x_wconf 84' lang='lat' dir='ltr'><strong>Gilonis.</strong></span> <span class='ocrx_word' id='word_1_612' title='bbox 2803 4425 2862 4482; x_wconf 91' lang='grc'><strong>8.</strong></span> <span class='ocrx_word' id='word_1_613' title='bbox 2917 4425 3178 4482; x_wconf 86' lang='lat' dir='ltr'><strong>Tedbaldi</strong></span> <span class='ocrx_word' id='word_1_614' title='bbox 3226 4424 3373 4480; x_wconf 82' lang='lat' dir='ltr'><strong>laici.</strong></span> 
     </span>
    </p>
   </div>
   <div class='ocr_carea' id='block_1_87' title="bbox 125 4507 3370 4594">
    <p class='ocr_par' dir='ltr' id='par_1_87' title="bbox 125 4507 3370 4594">
     <span class='ocr_line' id='line_1_87' title="bbox 125 4507 3370 4594; baseline 0.004 -35"><span class='ocrx_word' id='word_1_615' title='bbox 125 4507 384 4580; x_wconf 88' lang='lat' dir='ltr'><strong>hitumque</strong></span> <span class='ocrx_word' id='word_1_616' title='bbox 413 4513 699 4568; x_wconf 82' lang='lat' dir='ltr'><strong>servitium</strong></span> <span class='ocrx_word' id='word_1_617' title='bbox 728 4514 1065 4582; x_wconf 81' lang='lat' dir='ltr'><strong>persolvam;</strong></span> <span class='ocrx_word' id='word_1_618' title='bbox 1100 4532 1201 4572; x_wconf 91' lang='lat' dir='ltr'><strong>nec</strong></span> <span class='ocrx_word' id='word_1_619' title='bbox 1229 4534 1483 4589; x_wconf 89' lang='lat' dir='ltr'><strong>umquam</strong></span> <span class='ocrx_word' id='word_1_620' title='bbox 1517 4519 1678 4574; x_wconf 90' lang='lat' dir='ltr'><strong>michi</strong></span> <span class='ocrx_word' id='word_1_621' title='bbox 1714 4534 1760 4594; x_wconf 83' lang='grc' dir='ltr'><strong>ι)</strong></span> <span class='ocrx_word' id='word_1_622' title='bbox 1793 4521 1851 4574; x_wconf 91' lang='grc'><strong>8.</strong></span> <span class='ocrx_word' id='word_1_623' title='bbox 1887 4521 2114 4576; x_wconf 82' lang='lat' dir='ltr'><strong>Odonis.</strong></span> <span class='ocrx_word' id='word_1_624' title='bbox 2148 4520 2207 4576; x_wconf 88' lang='grc'><strong>8.</strong></span> <span class='ocrx_word' id='word_1_625' title='bbox 2241 4520 2554 4583; x_wconf 80' lang='lat' dir='ltr'><strong>Gausbcrti,</strong></span> <span class='ocrx_word' id='word_1_626' title='bbox 2594 4519 2653 4576; x_wconf 92' lang='grc'><strong>8.</strong></span> <span class='ocrx_word' id='word_1_627' title='bbox 2707 4519 2949 4576; x_wconf 86' lang='lat' dir='ltr'><strong>Siebodi.</strong></span> <span class='ocrx_word' id='word_1_628' title='bbox 3003 4517 3063 4575; x_wconf 92' lang='grc'><strong>8.</strong></span> <span class='ocrx_word' id='word_1_629' title='bbox 3100 4517 3370 4573; x_wconf 86' lang='lat' dir='ltr'><strong>Wallerii.</strong></span> 
     </span>
    </p>
   </div>
   <div class='ocr_carea' id='block_1_88' title="bbox 126 4593 1685 4672">
    <p class='ocr_par' dir='ltr' id='par_1_88' title="bbox 126 4593 1685 4672">
     <span class='ocr_line' id='line_1_88' title="bbox 126 4593 1685 4672; baseline 0.008 -20"><span class='ocrx_word' id='word_1_630' title='bbox 126 4593 266 4653; x_wconf 75' lang='lat' dir='ltr'><strong>Bceat</strong></span> <span class='ocrx_word' id='word_1_631' title='bbox 293 4615 390 4656; x_wconf 89' lang='lat' dir='ltr'><strong>nec</strong></span> <span class='ocrx_word' id='word_1_632' title='bbox 416 4602 677 4669; x_wconf 77' lang='lat' dir='ltr'><strong>vendere,</strong></span> <span class='ocrx_word' id='word_1_633' title='bbox 703 4617 806 4658; x_wconf 90' lang='lat' dir='ltr'><strong>nec</strong></span> <span class='ocrx_word' id='word_1_634' title='bbox 840 4605 1051 4660; x_wconf 85' lang='lat' dir='ltr'><strong>tradere</strong></span> <span class='ocrx_word' id='word_1_635' title='bbox 1079 4605 1261 4670; x_wconf 89' lang='lat' dir='ltr'><strong>alicui,</strong></span> <span class='ocrx_word' id='word_1_636' title='bbox 1296 4622 1396 4662; x_wconf 90' lang='lat' dir='ltr'><strong>nec</strong></span> <span class='ocrx_word' id='word_1_637' title='bbox 1426 4607 1557 4672; x_wconf 86' lang='lat' dir='ltr'><strong>ﬁlio,</strong></span> <span class='ocrx_word' id='word_1_638' title='bbox 1584 4622 1685 4664; x_wconf 88' lang='lat' dir='ltr'><strong>nec</strong></span> 
     </span>
    </p>
   </div>
   <div class='ocr_carea' id='block_1_89' title="bbox 127 4683 1684 4767">
    <p class='ocr_par' dir='ltr' id='par_1_89' title="bbox 127 4683 1684 4767">
     <span class='ocr_line' id='line_1_89' title="bbox 127 4683 1684 4767; baseline 0.01 -26"><span class='ocrx_word' id='word_1_639' title='bbox 127 4688 266 4744; x_wconf 79' lang='lat' dir='ltr'><strong>alicui</strong></span> <span class='ocrx_word' id='word_1_640' title='bbox 292 4707 534 4748; x_wconf 86' lang='lat' dir='ltr'><strong>meorum</strong></span> <span class='ocrx_word' id='word_1_641' title='bbox 564 4683 1024 4765; x_wconf 87' lang='lat' dir='ltr'><strong>propinquorum;</strong></span> <span class='ocrx_word' id='word_1_642' title='bbox 1062 4707 1149 4752; x_wconf 92' lang='lat' dir='ltr'><strong>set</strong></span> <span class='ocrx_word' id='word_1_643' title='bbox 1169 4713 1406 4767; x_wconf 90' lang='lat' dir='ltr'><strong>semper,</strong></span> <span class='ocrx_word' id='word_1_644' title='bbox 1440 4700 1566 4755; x_wconf 88' lang='lat' dir='ltr'><strong>dum</strong></span> <span class='ocrx_word' id='word_1_645' title='bbox 1594 4699 1684 4756; x_wconf 88' lang='lat' dir='ltr'><strong>ﬁa-</strong></span> 
     </span>
    </p>
   </div>
   <div class='ocr_carea' id='block_1_90' title="bbox 127 4784 1681 4863">
    <p class='ocr_par' dir='ltr' id='par_1_90' title="bbox 127 4784 1681 4863">
     <span class='ocr_line' id='line_1_90' title="bbox 127 4784 1681 4863; baseline 0.011 -33"><span class='ocrx_word' id='word_1_646' title='bbox 127 4785 222 4834; x_wconf 84' lang='lat' dir='ltr'><strong>tum</strong></span> <span class='ocrx_word' id='word_1_647' title='bbox 248 4784 500 4852; x_wconf 81' lang='lat' dir='ltr'><strong>emisero,</strong></span> <span class='ocrx_word' id='word_1_648' title='bbox 526 4784 580 4839; x_wconf 90' lang='lat' dir='ltr'><strong>in</strong></span> <span class='ocrx_word' id='word_1_649' title='bbox 611 4801 731 4846; x_wconf 85' lang='lat' dir='ltr'><strong>mea</strong></span> <span class='ocrx_word' id='word_1_650' title='bbox 759 4802 920 4841; x_wconf 92' lang='lat' dir='ltr'><strong>manu</strong></span> <span class='ocrx_word' id='word_1_651' title='bbox 953 4803 1182 4863; x_wconf 88' lang='lat' dir='ltr'><strong>meoque</strong></span> <span class='ocrx_word' id='word_1_652' title='bbox 1210 4790 1452 4845; x_wconf 91' lang='lat' dir='ltr'><strong>dominio</strong></span> <span class='ocrx_word' id='word_1_653' title='bbox 1478 4791 1681 4846; x_wconf 84' lang='lat' dir='ltr'><strong>habea-</strong></span> 
     </span>
    </p>
   </div>
   <div class='ocr_carea' id='block_1_91' title="bbox 129 4871 1680 4947">
    <p class='ocr_par' dir='ltr' id='par_1_91' title="bbox 129 4871 1680 4947">
     <span class='ocr_line' id='line_1_91' title="bbox 129 4871 1680 4947; baseline 0.01 -27"><span class='ocrx_word' id='word_1_654' title='bbox 129 4875 216 4923; x_wconf 82' lang='lat' dir='ltr'><strong>tur.</strong></span> <span class='ocrx_word' id='word_1_655' title='bbox 244 4871 368 4930; x_wconf 86' lang='lat' dir='ltr'><strong>Post</strong></span> <span class='ocrx_word' id='word_1_656' title='bbox 409 4875 570 4931; x_wconf 90' lang='lat' dir='ltr'><strong>ﬁnem</strong></span> <span class='ocrx_word' id='word_1_657' title='bbox 603 4891 734 4930; x_wconf 89' lang='lat' dir='ltr'><strong>vero</strong></span> <span class='ocrx_word' id='word_1_658' title='bbox 774 4891 908 4931; x_wconf 73' lang='lat' dir='ltr'><strong>mea:</strong></span> <span class='ocrx_word' id='word_1_659' title='bbox 932 4876 1055 4932; x_wconf 75' lang='lat' dir='ltr'><strong>vita:</strong></span> <span class='ocrx_word' id='word_1_660' title='bbox 1079 4918 1094 4942; x_wconf 91' lang='lat'><strong>,</strong></span> <span class='ocrx_word' id='word_1_661' title='bbox 1129 4887 1188 4932; x_wconf 93' lang='lat' dir='ltr'><strong>ut</strong></span> <span class='ocrx_word' id='word_1_662' title='bbox 1220 4878 1393 4947; x_wconf 86' lang='lat' dir='ltr'><strong>major</strong></span> <span class='ocrx_word' id='word_1_663' title='bbox 1418 4882 1680 4936; x_wconf 90' lang='lat' dir='ltr'><strong>memoria</strong></span> 
     </span>
    </p>
   </div>
   <div class='ocr_carea' id='block_1_92' title="bbox 130 4962 1682 5040">
    <p class='ocr_par' dir='ltr' id='par_1_92' title="bbox 130 4962 1682 5040">
     <span class='ocr_line' id='line_1_92' title="bbox 130 4962 1682 5040; baseline 0.009 -26"><span class='ocrx_word' id='word_1_664' title='bbox 130 4962 182 5016; x_wconf 82' lang='lat' dir='ltr'><strong>sit</strong></span> <span class='ocrx_word' id='word_1_665' title='bbox 205 4966 364 5034; x_wconf 80' lang='lat' dir='ltr'><strong>patris</strong></span> <span class='ocrx_word' id='word_1_666' title='bbox 386 4975 442 5022; x_wconf 91' lang='lat' dir='ltr'><strong>et</strong></span> <span class='ocrx_word' id='word_1_667' title='bbox 466 4979 678 5038; x_wconf 89' lang='lat' dir='ltr'><strong>partem</strong></span> <span class='ocrx_word' id='word_1_668' title='bbox 705 4968 914 5024; x_wconf 88' lang='lat' dir='ltr'><strong>valeam</strong></span> <span class='ocrx_word' id='word_1_669' title='bbox 967 4969 1171 5026; x_wconf 80' lang='lat' dir='ltr'><strong>habere</strong></span> <span class='ocrx_word' id='word_1_670' title='bbox 1218 4971 1270 5025; x_wconf 91' lang='lat' dir='ltr'><strong>in</strong></span> <span class='ocrx_word' id='word_1_671' title='bbox 1316 4971 1486 5040; x_wconf 88' lang='lat' dir='ltr'><strong>ipsius</strong></span> <span class='ocrx_word' id='word_1_672' title='bbox 1520 4972 1682 5028; x_wconf 88' lang='lat' dir='ltr'><strong>bene-</strong></span> 
     </span>
    </p>
   </div>
   <div class='ocr_carea' id='block_1_93' title="bbox 130 5049 1676 5135">
    <p class='ocr_par' dir='ltr' id='par_1_93' title="bbox 130 5049 1676 5135">
     <span class='ocr_line' id='line_1_93' title="bbox 130 5049 1676 5135; baseline 0.01 -30"><span class='ocrx_word' id='word_1_673' title='bbox 130 5051 268 5122; x_wconf 77' lang='lat' dir='ltr'><strong>facto,</strong></span> <span class='ocrx_word' id='word_1_674' title='bbox 313 5074 415 5114; x_wconf 90' lang='lat' dir='ltr'><strong>non</strong></span> <span class='ocrx_word' id='word_1_675' title='bbox 465 5049 628 5116; x_wconf 83' lang='lat' dir='ltr'><strong>modo</strong></span> <span class='ocrx_word' id='word_1_676' title='bbox 678 5060 810 5116; x_wconf 91' lang='lat' dir='ltr'><strong>illud</strong></span> <span class='ocrx_word' id='word_1_677' title='bbox 841 5062 982 5130; x_wconf 93' lang='lat' dir='ltr'><strong>quod</strong></span> <span class='ocrx_word' id='word_1_678' title='bbox 1031 5069 1190 5132; x_wconf 89' lang='lat' dir='ltr'><strong>pater</strong></span> <span class='ocrx_word' id='word_1_679' title='bbox 1237 5062 1477 5127; x_wconf 87' lang='lat' dir='ltr'><strong>donavit,</strong></span> <span class='ocrx_word' id='word_1_680' title='bbox 1533 5065 1676 5135; x_wconf 92' lang='lat' dir='ltr'><strong>quod</strong></span> 
     </span>
    </p>
   </div>
   <div class='ocr_carea' id='block_1_94' title="bbox 132 5153 1680 5224">
    <p class='ocr_par' dir='ltr' id='par_1_94' title="bbox 132 5153 1680 5224">
     <span class='ocr_line' id='line_1_94' title="bbox 132 5153 1680 5224; baseline 0.008 -23"><span class='ocrx_word' id='word_1_681' title='bbox 132 5161 250 5206; x_wconf 81' lang='lat' dir='ltr'><strong>nunc</strong></span> <span class='ocrx_word' id='word_1_682' title='bbox 276 5160 445 5221; x_wconf 88' lang='lat' dir='ltr'><strong>teneo,</strong></span> <span class='ocrx_word' id='word_1_683' title='bbox 496 5154 640 5210; x_wconf 90' lang='lat' dir='ltr'><strong>dono</strong></span> <span class='ocrx_word' id='word_1_684' title='bbox 675 5153 858 5210; x_wconf 89' lang='lat' dir='ltr'><strong>domni</strong></span> <span class='ocrx_word' id='word_1_685' title='bbox 897 5155 1112 5210; x_wconf 88' lang='lat' dir='ltr'><strong>abbatis</strong></span> <span class='ocrx_word' id='word_1_686' title='bbox 1138 5153 1434 5224; x_wconf 80' lang='lat' dir='ltr'><strong>Majenardi</strong></span> <span class='ocrx_word' id='word_1_687' title='bbox 1467 5166 1520 5212; x_wconf 87' lang='lat' dir='ltr'><strong>et</strong></span> <span class='ocrx_word' id='word_1_688' title='bbox 1549 5157 1680 5215; x_wconf 89' lang='lat' dir='ltr'><strong>alio-</strong></span> 
     </span>
    </p>
   </div>
   <div class='ocr_carea' id='block_1_95' title="bbox 185 5330 836 5398">
    <p class='ocr_par' dir='ltr' id='par_1_95' title="bbox 185 5330 836 5398">
     <span class='ocr_line' id='line_1_95' title="bbox 185 5330 836 5398; baseline 0.011 -14"><span class='ocrx_word' id='word_1_689' title='bbox 185 5330 316 5398; x_wconf 76' lang='lat' dir='ltr'><strong>(i39)</strong></span> <span class='ocrx_word' id='word_1_690' title='bbox 354 5333 394 5388; x_wconf 88' lang='grc' dir='ltr'><strong><em>Β</em></strong></span> <span class='ocrx_word' id='word_1_691' title='bbox 418 5353 432 5388; x_wconf 90' lang='lat'><strong>:</strong></span> <span class='ocrx_word' id='word_1_692' title='bbox 466 5333 836 5391; x_wconf 76' lang='lat' dir='ltr'><strong>Blumvillare.</strong></span> 
     </span>
    </p>
   </div>
   <div class='ocr_carea' id='block_1_96' title="bbox 183 5401 461 5469">
    <p class='ocr_par' dir='ltr' id='par_1_96' title="bbox 183 5401 461 5469">
     <span class='ocr_line' id='line_1_96' title="bbox 183 5401 461 5469; baseline 0.025 -15"><span class='ocrx_word' id='word_1_693' title='bbox 183 5401 314 5469; x_wconf 74' lang='grc'>(140)</span> <span class='ocrx_word' id='word_1_694' title='bbox 352 5403 461 5460; x_wconf 85' lang='lat' dir='ltr'><strong>Sic.</strong></span> 
     </span>
    </p>
   </div>
   <div class='ocr_carea' id='block_1_97' title="bbox 187 5472 1674 5549">
    <p class='ocr_par' dir='ltr' id='par_1_97' title="bbox 187 5472 1674 5549">
     <span class='ocr_line' id='line_1_97' title="bbox 187 5472 1674 5549; baseline 0.009 -25"><span class='ocrx_word' id='word_1_695' title='bbox 187 5472 320 5544; x_wconf 72' lang='lat' dir='ltr'><strong>(Ml)</strong></span> <span class='ocrx_word' id='word_1_696' title='bbox 343 5475 455 5549; x_wconf 76' lang='lat' dir='ltr'><strong>Odo</strong></span> <span class='ocrx_word' id='word_1_697' title='bbox 478 5477 542 5549; x_wconf 81' lang='lat' dir='ltr'><strong>ll.</strong></span> <span class='ocrx_word' id='word_1_698' title='bbox 577 5491 767 5532; x_wconf 78' lang='lat' dir='ltr'><strong>comes</strong></span> <span class='ocrx_word' id='word_1_699' title='bbox 791 5477 1160 5542; x_wconf 79' lang='lat' dir='ltr'><strong>Carnotensis,</strong></span> <span class='ocrx_word' id='word_1_700' title='bbox 1186 5479 1420 5549; x_wconf 84' lang='lat' dir='ltr'><strong>priorem</strong></span> <span class='ocrx_word' id='word_1_701' title='bbox 1449 5496 1674 5538; x_wconf 79' lang='lat' dir='ltr'><strong>uxorem</strong></span> 
     </span>
    </p>
   </div>
   <div class='ocr_carea' id='block_1_98' title="bbox 134 5537 1671 5613">
    <p class='ocr_par' dir='ltr' id='par_1_98' title="bbox 134 5537 1671 5613">
     <span class='ocr_line' id='line_1_98' title="bbox 134 5537 1671 5613; baseline 0.01 -20"><span class='ocrx_word' id='word_1_702' title='bbox 134 5537 323 5613; x_wconf 52' lang='lat' dir='ltr'><strong>fuerat</strong></span> <span class='ocrx_word' id='word_1_703' title='bbox 381 5547 702 5612; x_wconf 81' lang='lat' dir='ltr'><strong>Mahildem,</strong></span> <span class='ocrx_word' id='word_1_704' title='bbox 768 5564 912 5603; x_wconf 86' lang='lat' dir='ltr'><strong>anno</strong></span> <span class='ocrx_word' id='word_1_705' title='bbox 975 5537 1442 5613; x_wconf 38' lang='lat' dir='ltr'><strong>1005;”alteram</strong></span> <span class='ocrx_word' id='word_1_706' title='bbox 1493 5537 1671 5608; x_wconf 82' lang='lat' dir='ltr'><strong>autem</strong></span> 
     </span>
    </p>
   </div>
   <div class='ocr_carea' id='block_1_99' title="bbox 132 5608 1670 5688">
    <p class='ocr_par' dir='ltr' id='par_1_99' title="bbox 132 5608 1670 5688">
     <span class='ocr_line' id='line_1_99' title="bbox 132 5608 1670 5688; baseline 0.01 -24"><span class='ocrx_word' id='word_1_707' title='bbox 132 5608 332 5688; x_wconf 68' lang='lat' dir='ltr'><strong>Praeda:</strong></span> <span class='ocrx_word' id='word_1_708' title='bbox 397 5608 852 5688; x_wconf 80' lang='lat' dir='ltr'><strong>Ermengardem,</strong></span> <span class='ocrx_word' id='word_1_709' title='bbox 913 5608 1140 5675; x_wconf 40' lang='lat' dir='ltr'><strong>Robcrti&#39;</strong></span> <span class='ocrx_word' id='word_1_710' title='bbox 1195 5621 1250 5685; x_wconf 86' lang='grc' dir='ltr'><strong>Ι,</strong></span> <span class='ocrx_word' id='word_1_711' title='bbox 1308 5622 1670 5686; x_wconf 19' lang='grc' dir='ltr'><strong>Αννετνηειιεὶε</strong></span> 
     </span>
    </p>
   </div>
   <div class='ocr_carea' id='block_1_100' title="bbox 124 5687 905 5756">
    <p class='ocr_par' dir='ltr' id='par_1_100' title="bbox 124 5687 905 5756">
     <span class='ocr_line' id='line_1_100' title="bbox 124 5687 905 5756; baseline 0.013 -22"><span class='ocrx_word' id='word_1_712' title='bbox 124 5687 318 5755; x_wconf 77' lang='lat' dir='ltr'><strong>comitis,</strong></span> <span class='ocrx_word' id='word_1_713' title='bbox 348 5687 535 5756; x_wconf 83' lang='lat' dir='ltr'><strong>filiam,</strong></span> <span class='ocrx_word' id='word_1_714' title='bbox 567 5687 718 5743; x_wconf 78' lang='lat' dir='ltr'><strong>anno</strong></span> <span class='ocrx_word' id='word_1_715' title='bbox 748 5689 905 5744; x_wconf 73' lang='grc'>1020.</span> 
     </span>
    </p>
   </div>
   <div class='ocr_carea' id='block_1_101' title="bbox 175 5757 1667 5837">
    <p class='ocr_par' dir='ltr' id='par_1_101' title="bbox 175 5757 1667 5837">
     <span class='ocr_line' id='line_1_101' title="bbox 175 5757 1667 5837; baseline 0.006 -26"><span class='ocrx_word' id='word_1_716' title='bbox 175 5757 302 5831; x_wconf 74' lang='grc'>(112)</span> <span class='ocrx_word' id='word_1_717' title='bbox 336 5761 389 5816; x_wconf 87' lang='lat' dir='ltr'><strong>In</strong></span> <span class='ocrx_word' id='word_1_718' title='bbox 439 5759 591 5816; x_wconf 79' lang='lat' dir='ltr'><strong>Call.</strong></span> <span class='ocrx_word' id='word_1_719' title='bbox 636 5759 859 5828; x_wconf 54' lang='lat' dir='ltr'><strong>Christ,</strong></span> <span class='ocrx_word' id='word_1_720' title='bbox 898 5769 937 5815; x_wconf 87' lang='grc' dir='ltr'>ι.</span> <span class='ocrx_word' id='word_1_721' title='bbox 971 5760 1098 5830; x_wconf 69' lang='lat' dir='ltr'><strong>VIII,</strong></span> <span class='ocrx_word' id='word_1_722' title='bbox 1145 5762 1247 5819; x_wconf 90' lang='lat' dir='ltr'><strong>col.</strong></span> <span class='ocrx_word' id='word_1_723' title='bbox 1298 5764 1457 5830; x_wconf 70' lang='grc'>1220,</span> <span class='ocrx_word' id='word_1_724' title='bbox 1491 5763 1667 5837; x_wconf 81' lang='lat' dir='ltr'><strong>Mage-</strong></span> 
     </span>
    </p>
   </div>
   <div class='ocr_carea' id='block_1_102' title="bbox 1793 4612 2427 4670">
    <p class='ocr_par' dir='ltr' id='par_1_102' title="bbox 1793 4612 2427 4670">
     <span class='ocr_line' id='line_1_102' title="bbox 1793 4612 2427 4670; baseline -0.006 0"><span class='ocrx_word' id='word_1_725' title='bbox 1793 4614 1849 4670; x_wconf 91' lang='lat' dir='ltr'><strong>S.</strong></span> <span class='ocrx_word' id='word_1_726' title='bbox 1883 4613 2141 4668; x_wconf 85' lang='lat' dir='ltr'><strong>Tedbaldi</strong></span> <span class='ocrx_word' id='word_1_727' title='bbox 2165 4612 2369 4667; x_wconf 88' lang='lat' dir='ltr'><strong>clerici.</strong></span> <span class='ocrx_word' id='word_1_728' title='bbox 2405 4633 2427 4666; x_wconf 66' lang='grc' dir='ltr'><strong><em>ι</em></strong></span> 
     </span>
    </p>
   </div>
   <div class='ocr_carea' id='block_1_103' title="bbox 1863 4701 3371 4770">
    <p class='ocr_par' dir='ltr' id='par_1_103' title="bbox 1863 4701 3371 4770">
     <span class='ocr_line' id='line_1_103' title="bbox 1863 4701 3371 4770; baseline -0.001 -12"><span class='ocrx_word' id='word_1_729' title='bbox 1863 4705 1990 4759; x_wconf 64' lang='lat' dir='ltr'><strong>llaec</strong></span> <span class='ocrx_word' id='word_1_730' title='bbox 2023 4705 2314 4758; x_wconf 87' lang='lat' dir='ltr'><strong>conventio</strong></span> <span class='ocrx_word' id='word_1_731' title='bbox 2363 4710 2546 4758; x_wconf 88' lang='lat' dir='ltr'><strong>secuta</strong></span> <span class='ocrx_word' id='word_1_732' title='bbox 2576 4703 2797 4758; x_wconf 86' lang='lat' dir='ltr'><strong>minimc</strong></span> <span class='ocrx_word' id='word_1_733' title='bbox 2844 4703 2973 4770; x_wconf 88' lang='lat' dir='ltr'><strong>fuit;</strong></span> <span class='ocrx_word' id='word_1_734' title='bbox 3011 4716 3156 4765; x_wconf 84' lang='lat' dir='ltr'><strong>nam,</strong></span> <span class='ocrx_word' id='word_1_735' title='bbox 3190 4701 3371 4770; x_wconf 85' lang='lat' dir='ltr'><strong>gladio</strong></span> 
     </span>
    </p>
   </div>
   <div class='ocr_carea' id='block_1_104' title="bbox 1792 4794 3370 4863">
    <p class='ocr_par' dir='ltr' id='par_1_104' title="bbox 1792 4794 3370 4863">
     <span class='ocr_line' id='line_1_104' title="bbox 1792 4794 3370 4863; baseline -0.006 -9"><span class='ocrx_word' id='word_1_736' title='bbox 1792 4798 2177 4854; x_wconf 90' lang='lat' dir='ltr'><strong>Lothariorum</strong></span> <span class='ocrx_word' id='word_1_737' title='bbox 2218 4795 2560 4861; x_wconf 79' lang='lat' dir='ltr'><strong>interfectus,</strong></span> <span class='ocrx_word' id='word_1_738' title='bbox 2598 4811 2704 4850; x_wconf 91' lang='lat' dir='ltr'><strong>non</strong></span> <span class='ocrx_word' id='word_1_739' title='bbox 2737 4795 2904 4850; x_wconf 79' lang='lat' dir='ltr'><strong>valuit</strong></span> <span class='ocrx_word' id='word_1_740' title='bbox 2950 4794 3100 4863; x_wconf 89' lang='lat' dir='ltr'><strong>sequi</strong></span> <span class='ocrx_word' id='word_1_741' title='bbox 3133 4807 3370 4847; x_wconf 70' lang='lat' dir='ltr'><strong>conven-</strong></span> 
     </span>
    </p>
   </div>
   <div class='ocr_carea' id='block_1_105' title="bbox 1787 4886 3370 4958">
    <p class='ocr_par' dir='ltr' id='par_1_105' title="bbox 1787 4886 3370 4958">
     <span class='ocr_line' id='line_1_105' title="bbox 1787 4886 3370 4958; baseline -0.005 -12"><span class='ocrx_word' id='word_1_742' title='bbox 1787 4893 2013 4958; x_wconf 86' lang='lat' dir='ltr'><strong>tionem,</strong></span> <span class='ocrx_word' id='word_1_743' title='bbox 2038 4903 2137 4944; x_wconf 91' lang='lat' dir='ltr'><strong>nec</strong></span> <span class='ocrx_word' id='word_1_744' title='bbox 2167 4888 2259 4942; x_wconf 90' lang='lat' dir='ltr'><strong>ﬁlii</strong></span> <span class='ocrx_word' id='word_1_745' title='bbox 2288 4886 2404 4957; x_wconf 87' lang='lat' dir='ltr'><strong>ejus</strong></span> <span class='ocrx_word' id='word_1_746' title='bbox 2430 4888 2482 4942; x_wconf 89' lang='lat' dir='ltr'><strong>in</strong></span> <span class='ocrx_word' id='word_1_747' title='bbox 2531 4888 2764 4958; x_wconf 87' lang='lat' dir='ltr'><strong>propriis</strong></span> <span class='ocrx_word' id='word_1_748' title='bbox 2793 4887 2979 4941; x_wconf 90' lang='lat' dir='ltr'><strong>usibus</strong></span> <span class='ocrx_word' id='word_1_749' title='bbox 3020 4894 3220 4938; x_wconf 83' lang='lat' dir='ltr'><strong>terram</strong></span> <span class='ocrx_word' id='word_1_750' title='bbox 3247 4897 3370 4953; x_wconf 91' lang='lat' dir='ltr'><strong>pre-</strong></span> 
     </span>
    </p>
   </div>
   <div class='ocr_carea' id='block_1_106' title="bbox 1743 4979 3370 5058">
    <p class='ocr_par' dir='ltr' id='par_1_106' title="bbox 1743 4979 3370 5058">
     <span class='ocr_line' id='line_1_106' title="bbox 1743 4979 3370 5058; baseline -0.004 -16"><span class='ocrx_word' id='word_1_751' title='bbox 1743 5055 1748 5058; x_wconf 95' lang='lat'><em>_</em></span> <span class='ocrx_word' id='word_1_752' title='bbox 1785 4986 1956 5044; x_wconf 83' lang='lat' dir='ltr'><strong>fatam</strong></span> <span class='ocrx_word' id='word_1_753' title='bbox 2004 4998 2348 5054; x_wconf 81' lang='lat' dir='ltr'><strong>nequaquam</strong></span> <span class='ocrx_word' id='word_1_754' title='bbox 2377 4981 2631 5037; x_wconf 86' lang='lat' dir='ltr'><strong>habuisse</strong></span> <span class='ocrx_word' id='word_1_755' title='bbox 2662 4988 2978 5036; x_wconf 84' lang='lat' dir='ltr'><strong>noscuntur.</strong></span> <span class='ocrx_word' id='word_1_756' title='bbox 3012 4979 3206 5034; x_wconf 81' lang='lat' dir='ltr'><strong>Milites</strong></span> <span class='ocrx_word' id='word_1_757' title='bbox 3229 4993 3370 5050; x_wconf 85' lang='lat' dir='ltr'><strong>quo-</strong></span> 
     </span>
    </p>
   </div>
   <div class='ocr_carea' id='block_1_107' title="bbox 1784 5071 3362 5151">
    <p class='ocr_par' dir='ltr' id='par_1_107' title="bbox 1784 5071 3362 5151">
     <span class='ocr_line' id='line_1_107' title="bbox 1784 5071 3362 5151; baseline -0.004 -17"><span class='ocrx_word' id='word_1_758' title='bbox 1784 5094 1892 5151; x_wconf 91' lang='lat' dir='ltr'><strong>que</strong></span> <span class='ocrx_word' id='word_1_759' title='bbox 1938 5079 2031 5146; x_wconf 93' lang='lat' dir='ltr'><strong>qui</strong></span> <span class='ocrx_word' id='word_1_760' title='bbox 2073 5092 2192 5132; x_wconf 91' lang='lat' dir='ltr'><strong>eam</strong></span> <span class='ocrx_word' id='word_1_761' title='bbox 2241 5075 2520 5146; x_wconf 86' lang='lat' dir='ltr'><strong>possident</strong></span> <span class='ocrx_word' id='word_1_762' title='bbox 2567 5083 2822 5129; x_wconf 89' lang='lat' dir='ltr'><strong>asserunt</strong></span> <span class='ocrx_word' id='word_1_763' title='bbox 2863 5071 3089 5128; x_wconf 82' lang='lat' dir='ltr'><strong>eandem</strong></span> <span class='ocrx_word' id='word_1_764' title='bbox 3137 5081 3362 5140; x_wconf 88' lang='lat' dir='ltr'><strong>terram,</strong></span> 
     </span>
    </p>
   </div>
   <div class='ocr_carea' id='block_1_108' title="bbox 1783 5164 3368 5235">
    <p class='ocr_par' dir='ltr' id='par_1_108' title="bbox 1783 5164 3368 5235">
     <span class='ocr_line' id='line_1_108' title="bbox 1783 5164 3368 5235; baseline -0.004 -8"><span class='ocrx_word' id='word_1_765' title='bbox 1783 5188 1906 5227; x_wconf 90' lang='lat' dir='ltr'><strong>cum</strong></span> <span class='ocrx_word' id='word_1_766' title='bbox 1932 5171 2068 5227; x_wconf 82' lang='lat' dir='ltr'><strong>saliu</strong></span> <span class='ocrx_word' id='word_1_767' title='bbox 2100 5168 2402 5228; x_wconf 77' lang='lat' dir='ltr'><strong>adiacente.</strong></span> <span class='ocrx_word' id='word_1_768' title='bbox 2426 5167 2604 5221; x_wconf 90' lang='lat' dir='ltr'><strong>datam</strong></span> <span class='ocrx_word' id='word_1_769' title='bbox 2630 5181 2750 5222; x_wconf 85' lang='lat' dir='ltr'><strong>esse</strong></span> <span class='ocrx_word' id='word_1_770' title='bbox 2783 5164 3046 5220; x_wconf 81' lang='lat' dir='ltr'><strong>Waltcrio</strong></span> <span class='ocrx_word' id='word_1_771' title='bbox 3088 5165 3152 5221; x_wconf 91' lang='lat' dir='ltr'><strong>de</strong></span> <span class='ocrx_word' id='word_1_772' title='bbox 3176 5165 3368 5235; x_wconf 73' lang='lat' dir='ltr'><strong>Alogia</strong></span> 
     </span>
    </p>
   </div>
   <div class='ocr_carea' id='block_1_109' title="bbox 1782 5323 3363 5396">
    <p class='ocr_par' dir='ltr' id='par_1_109' title="bbox 1782 5323 3363 5396">
     <span class='ocr_line' id='line_1_109' title="bbox 1782 5323 3363 5396; baseline -0.001 -12"><span class='ocrx_word' id='word_1_773' title='bbox 1782 5330 1990 5384; x_wconf 89' lang='lat' dir='ltr'><strong>nardus</strong></span> <span class='ocrx_word' id='word_1_774' title='bbox 2027 5329 2196 5384; x_wconf 88' lang='lat' dir='ltr'><strong>abbas</strong></span> <span class='ocrx_word' id='word_1_775' title='bbox 2245 5326 2540 5396; x_wconf 88' lang='lat' dir='ltr'><strong>conjicitur</strong></span> <span class='ocrx_word' id='word_1_776' title='bbox 2587 5324 2792 5381; x_wconf 89' lang='lat' dir='ltr'><strong>obiisse</strong></span> <span class='ocrx_word' id='word_1_777' title='bbox 2844 5339 2896 5379; x_wconf 90' lang='lat' dir='ltr'><strong>a.</strong></span> <span class='ocrx_word' id='word_1_778' title='bbox 2950 5323 3120 5390; x_wconf 69' lang='lat' dir='ltr'><strong>10B,</strong></span> <span class='ocrx_word' id='word_1_779' title='bbox 3166 5327 3258 5381; x_wconf 89' lang='lat' dir='ltr'><strong>sed</strong></span> <span class='ocrx_word' id='word_1_780' title='bbox 3292 5341 3363 5382; x_wconf 82' lang='lat' dir='ltr'><strong>ex</strong></span> 
     </span>
    </p>
   </div>
   <div class='ocr_carea' id='block_1_110' title="bbox 1785 5396 3364 5470">
    <p class='ocr_par' dir='ltr' id='par_1_110' title="bbox 1785 5396 3364 5470">
     <span class='ocr_line' id='line_1_110' title="bbox 1785 5396 3364 5470; baseline -0.001 -15"><span class='ocrx_word' id='word_1_781' title='bbox 1785 5401 2190 5470; x_wconf 81' lang='lat' dir='ltr'><strong>subscriptione</strong></span> <span class='ocrx_word' id='word_1_782' title='bbox 2219 5398 2608 5467; x_wconf 84' lang='lat' dir='ltr'><strong>Ermeugardis</strong></span> <span class='ocrx_word' id='word_1_783' title='bbox 2623 5397 2944 5470; x_wconf 60' lang='lat' dir='ltr'><strong>comitissie,</strong></span> <span class='ocrx_word' id='word_1_784' title='bbox 2962 5396 3214 5470; x_wconf 68' lang='lat' dir='ltr'><strong>itemque</strong></span> <span class='ocrx_word' id='word_1_785' title='bbox 3223 5397 3364 5470; x_wconf 80' lang='lat' dir='ltr'><strong>inde</strong></span> 
     </span>
    </p>
   </div>
   <div class='ocr_carea' id='block_1_111' title="bbox 1783 5465 3361 5542">
    <p class='ocr_par' dir='ltr' id='par_1_111' title="bbox 1783 5465 3361 5542">
     <span class='ocr_line' id='line_1_111' title="bbox 1783 5465 3361 5542; baseline -0.001 -19"><span class='ocrx_word' id='word_1_786' title='bbox 1783 5471 1926 5542; x_wconf 85' lang='lat' dir='ltr'><strong>quod</strong></span> <span class='ocrx_word' id='word_1_787' title='bbox 1956 5465 2296 5530; x_wconf 84' lang='lat' dir='ltr'><strong>Adrefastus.</strong></span> <span class='ocrx_word' id='word_1_788' title='bbox 2325 5465 2445 5542; x_wconf 78' lang='lat' dir='ltr'><strong>post</strong></span> <span class='ocrx_word' id='word_1_789' title='bbox 2479 5467 2770 5542; x_wconf 75' lang='lat' dir='ltr'><strong>concilium</strong></span> <span class='ocrx_word' id='word_1_790' title='bbox 2801 5482 2853 5520; x_wconf 90' lang='lat' dir='ltr'><strong>a.</strong></span> <span class='ocrx_word' id='word_1_791' title='bbox 2889 5465 3026 5542; x_wconf 71' lang='grc'>1022</span> <span class='ocrx_word' id='word_1_792' title='bbox 3051 5465 3361 5542; x_wconf 63' lang='grc' dir='ltr'><strong>ᾼμνειίεηῇε</strong></span> 
     </span>
    </p>
   </div>
   <div class='ocr_carea' id='block_1_112' title="bbox 1783 5537 3360 5611">
    <p class='ocr_par' dir='ltr' id='par_1_112' title="bbox 1783 5537 3360 5611">
     <span class='ocr_line' id='line_1_112' title="bbox 1783 5537 3360 5611; baseline -0.003 -15"><span class='ocrx_word' id='word_1_793' title='bbox 1783 5537 2055 5604; x_wconf 76' lang='lat' dir='ltr'><strong>habitum,</strong></span> <span class='ocrx_word' id='word_1_794' title='bbox 2106 5537 2596 5611; x_wconf 34' lang='lat' dir='ltr'><strong>superslileAlunc</strong></span> <span class='ocrx_word' id='word_1_795' title='bbox 2657 5537 2984 5611; x_wconf 76' lang='lat' dir='ltr'><strong>Magenardo</strong></span> <span class='ocrx_word' id='word_1_796' title='bbox 3034 5537 3250 5611; x_wconf 78' lang='lat' dir='ltr'><strong>abbate,</strong></span> <span class='ocrx_word' id='word_1_797' title='bbox 3302 5541 3360 5592; x_wconf 81' lang='lat' dir='ltr'><strong>in</strong></span> 
     </span>
    </p>
   </div>
   <div class='ocr_carea' id='block_1_113' title="bbox 1781 5605 3362 5676">
    <p class='ocr_par' dir='ltr' id='par_1_113' title="bbox 1781 5605 3362 5676">
     <span class='ocr_line' id='line_1_113' title="bbox 1781 5605 3362 5676; baseline -0.002 -9"><span class='ocrx_word' id='word_1_798' title='bbox 1781 5605 2188 5667; x_wconf 61' lang='lat' dir='ltr'><strong>monasterium&#39;</strong></span> <span class='ocrx_word' id='word_1_799' title='bbox 2205 5611 2395 5664; x_wconf 88' lang='lat' dir='ltr'><strong>Sancti</strong></span> <span class='ocrx_word' id='word_1_800' title='bbox 2420 5607 2567 5665; x_wconf 89' lang='lat' dir='ltr'><strong>Petri</strong></span> <span class='ocrx_word' id='word_1_801' title='bbox 2601 5605 2847 5675; x_wconf 79' lang='lat' dir='ltr'><strong>secessit,</strong></span> <span class='ocrx_word' id='word_1_802' title='bbox 2886 5608 3102 5662; x_wconf 90' lang='lat' dir='ltr'><strong>videtur</strong></span> <span class='ocrx_word' id='word_1_803' title='bbox 3132 5605 3362 5676; x_wconf 84' lang='lat' dir='ltr'><strong>hujusce</strong></span> 
     </span>
    </p>
   </div>
   <div class='ocr_carea' id='block_1_114' title="bbox 1779 5678 3274 5754">
    <p class='ocr_par' dir='ltr' id='par_1_114' title="bbox 1779 5678 3274 5754">
     <span class='ocr_line' id='line_1_114' title="bbox 1779 5678 3274 5754; baseline -0.003 -17"><span class='ocrx_word' id='word_1_804' title='bbox 1779 5683 1996 5738; x_wconf 87' lang='lat' dir='ltr'><strong>abbatis</strong></span> <span class='ocrx_word' id='word_1_805' title='bbox 2027 5683 2266 5754; x_wconf 79' lang='lat' dir='ltr'><strong>regimen</strong></span> <span class='ocrx_word' id='word_1_806' title='bbox 2295 5695 2467 5751; x_wconf 83' lang='lat' dir='ltr'><strong>usque</strong></span> <span class='ocrx_word' id='word_1_807' title='bbox 2496 5681 2563 5738; x_wconf 89' lang='lat' dir='ltr'><strong>ad</strong></span> <span class='ocrx_word' id='word_1_808' title='bbox 2591 5696 2643 5738; x_wconf 89' lang='lat' dir='ltr'><strong>a.</strong></span> <span class='ocrx_word' id='word_1_809' title='bbox 2677 5679 2818 5736; x_wconf 71' lang='grc'>1025</span> <span class='ocrx_word' id='word_1_810' title='bbox 2847 5678 3274 5750; x_wconf 86' lang='lat' dir='ltr'><strong>producendum.</strong></span> 
     </span>
    </p>
   </div>
  </div>
