3842 6308
67 380 160 441 £57

935 415 938 418 .
978 369 1208 428 VETUS
1245 368 1497 435 AGANO.
1537 397 1609 410 —-
1635 366 1764 424 LIB.
1799 365 1863 424 Υ.
1899 365 2397 428 MAGENARDUS.

3202 374 3309 436 258

69 500 294 558 teneant;
323 496 442 563 post
467 487 748 545 decessum
775 500 908 543 vero
939 501 1156 555 eorum,
1193 495 1251 542 et
1273 493 1423 541 terra
1446 499 1610 555 quam
1647 489 1694 548 Α
1724 483 1945 554 prapria
1991 499 2118 539 cum
2165 484 2322 554 signo
2368 481 2548 540 crucis
2591 497 2713 539 eam
2752 483 3303 558 subterﬂrmavimus,

69 588 256 646 damus,
285 591 340 638 et
358 581 552 637 alodus
564 581 675 652 iam
700 579 1034 642 nominatus,
1061 577 1245 648 quieta
1269 585 1323 633 et
1353 575 1526 633 solida
1549 573 1616 630 ad

69 692 183 733 usus
226 674 447 728 fratrum
502 671 838 742 perveniant.
881 669 1094 725 Placuit
1145 669 1343 724 iterum
1396 675 1458 723 ut
1502 667 1620 724 haec

67 778 224 822 nostra
237 765 524 821 conventio
537 764 587 817 in
604 763 816 819 duabus
833 776 899 818 ca
908 763 1005 817 rtis
1020 761 1612 831 scribereturquarum

69 874 204 914 unam
229 856 518 928 praedictus
545 854 696 914 miles
723 855 968 920 haberet,
991 853 1164 909 altera
1181 868 1310 908 vero
1335 853 1618 911 nobiseum

67 958 356 1006 remaneret.
414 949 480 1004 Et
534 945 754 1004 ut'hmc
799 947 1002 1004 noticia
1051 955 1373 1018 permaneat
1425 945 1616 1012 ﬁrma,

69 1052 220 1098 nostra
277 1041 493 1096 nomina
549 1040 952 1112 assignavimus
1017 1047 1074 1094 et
1117 1039 1340 1096 comitis
1391 1036 1615 1103 Odouis,

65 1145 326 1200 eorumque
369 1131 466 1200 qui
517 1130 645 1186 huic
693 1129 918 1200 negocio
963 1129 1201 1186 maxime
1255 1127 1620 1186 interfuerunt

68 1223 253 1280 nomina
275 1222 702 1278 subnotavimus.
731 1220 790 1276 S.
821 1221 1064 1277 Fulberti
1091 1220 1444 1292 episcopi.—S.
1474 1221 1619 1278 Odo-

72 1316 141 1370 uis
160 1315 380 1370 comitis.
413 1314 475 1376 S.
530 1313 842 1384 Mageuardi
883 1313 1119 1369 abbatis.
1151 1313 1212 1368 S.
1241 1313 1478 1369 Durandi
1521 1315 1612 1370 de-

68 1405 184 1460 cani.
211 1404 266 1460 8.
293 1404 526 1459 Arnulﬁ.
575 1403 638 1459 S.
685 1403 968 1458 Marcuini.
1017 1403 1076 1458 S.
1121 1401 1382 1457 Riclterii.
1428 1403 1488 1458 S.
1518 1403 1618 1458 Be-

73 1494 278 1565 ringerii.
321 1494 380 1548 S.
426 1492 716 1548 Waidrici.
767 1492 826 1548 8.
875 1492 1104 1547 Letaldi.
1165 1492 1223 1547 S.
1255 1493 1614 1562 Cristophori.

67 1585 418 1642 S.Gauzberti.
451 1583 514 1640 S.
535 1584 867 1640 Guinefredi.
917 1583 977 1639 S.
1003 1582 1236 1640 Otherti.
1269 1583 1328 1640 S.
1361 1584 1604 1641 lluberti.

67 1679 114 1733 S.
146 1677 404 1743 Rodberti,
433 1685 492 1732 et
511 1686 842 1732 ceterorum.
879 1695 896 1728 ι

122 1789 229 1846 Post
245 1797 472 1845 mortem
494 1789 718 1858 quidem
745 1787 990 1844 Gradulﬁ
1017 1796 1074 1865 et
1101 1787 1288 1844 uxoris
1309 1785 1428 1856 ejus
1459 1787 1610 1855 Odze,

63 1883 119 1936 de
141 1880 446 1951 supradictis
472 1882 642 1936 terris
683 1881 852 1935 multa
887 1879 1026 1933 maia
1057 1880 1299 1950 perpessi
1342 1890 1470 1935 sunt
1497 1895 1613 1936 mo-

67 1974 196 2030 nachi
239 1988 268 2028 a
319 1973 648 2044 parentibus
697 1971 1113 2042 pra-dictorum,
1157 1972 1464 2028 dicentibus
1485 1971 1612 2042 jure

69 2067 145 2120 sibi
178 2074 474 2136 competere
519 2064 672 2134 quod
703 2071 956 2134 parentes
988 2079 1180 2122 eorum
1214 2073 1344 2119 ante
1396 2079 1457 2120 se
1508 2066 1609 2121 visi

68 2167 165 2212 sunt
205 2166 396 2214 tenere.
451 2155 617 2214 Unde
667 2157 939 2222 monachi,
991 2156 1258 2212 inﬁnitam
1293 2155 1608 2227 pecconiam

67 2250 246 2312 dantes.
296 2253 549 2316 tandem,
610 2247 719 2305 Deo
763 2248 1104 2320 opitulante,
1153 2248 1208 2303 in
1261 2248 1376 2304 suis
1422 2249 1610 2307 usibus

67 2351 376 2401 retorserunt.

509 2412 718 2470 CAPIT
728 2411 919 2469 ULUM
983 2412 1115 2468 Vlll.

568 2506 646 2562 De
672 2506 865 2577 Agnis
905 2504 1071 2560 Villa.

596 2597 759 2662 (Ante
780 2612 832 2651 a.
859 2595 1046 2667 1024.)

118 2686 180 2742 De
207 2687 393 2759 Agneis
436 2687 587 2744 Villa
636 2687 871 2754 litteras,
918 2697 1106 2758 preter
1157 2685 1518 2757 subscriptus,
1551 2687 1608 2743 in

69 2779 242 2836 scriniis
283 2782 480 2836 nostris
535 2781 785 2836 invenire
809 2795 917 2835 non
947 2777 1096 2850 potui
1130 2796 1144 2832 :
1187 2778 1350 2843 unde,
1384 2789 1443 2832 ut
1475 2793 1610 2834 con-

65 2870 182 2941 iicio,
206 2873 313 2930 aliae
334 2875 567 2930 minime
605 2874 761 2929 facta:
799 2872 1055 2939 fuerunt;
1107 2881 1213 2938 set,
1241 2887 1340 2943 per
1372 2872 1492 2938 has,
1529 2871 1606 2928 illi

71 2963 223 3032 quibus
268 2974 406 3020 terra
461 2963 813 3020 excambiata
867 2959 973 3018 fuit
1033 2976 1064 3016 a
1115 2961 1320 3016 comite
1371 2959 1606 3028 Odoue,

71 3055 225 3109 donum
257 3057 451 3112 Sancto
497 3055 670 3112 Petro
723 3065 784 3116 et,
823 3054 1109 3110 monachis
1145 3053 1412 3120 fecerunt,
1467 3062 1522 3110 et
1553 3054 1605 3109 in

72 3147 326 3204 testimonio
371 3158 538 3205 terra:
590 3149 728 3203 datae
778 3162 951 3218 usque
995 3147 1050 3202 in
1087 3155 1410 3216 praesentem
1463 3145 1605 3202 diem

71 3246 163 3290 sunt
185 3249 413 3296 servatae.
444 3240 674 3296 Littera:
695 3249 877 3296 autem
909 3239 1074 3310 hujus
1102 3238 1246 3294 modi
1277 3248 1442 3296 sunt:

126 3349 142 3382 ι
177 3331 224 3386 in
253 3333 463 3388 nomine
493 3343 706 3389 sanctis
733 3344 788 3388 et
818 3333 1108 3390 individuae
1131 3332 1436 3388 Trinitatis.
1465 3330 1602 3398 Odo,

70 3420 425 3481 Camotensium
471 3440 684 3482 comes.
718 3424 915 3482 Notum
939 3441 1178 3497 namque
1207 3424 1453 3481 volumus
1483 3441 1606 3482 esse

70 3514 272 3572 omnibus
301 3527 504 3574 sanctae
565 3517 660 3573 Dei
703 3517 950 3574 ecclesia:
993 3517 1262 3586 ﬁdelibus,
1291 3521 1606 3592 nostrisque

78 3609 454 3675 successoribus,
513 3608 884 3682 prmsentibus
949 3619 1112 3680 atque
1153 3591 1419 3678 futuris,
1475 3591 1604 3682 quia

1633 3193 1679 3253 C

71 3697 243 3761 quidam
271 3699 526 3766 clericus,
575 3699 840 3755 vocabulo
874 3699 1210 3768 Ledbertus,
1239 3717 1379 3757 cum
1434 3701 1604 3759 fratre

71 3797 144 3838 suo
161 3785 436 3856 Heriberto,
469 3796 724 3844 nostram
757 3796 884 3843 ante
912 3790 1257 3860 praesentiam
1281 3791 1596 3861 postulavit,

73 3882 116 3924 ut
148 3874 236 3931 illis
253 3881 516 3946 quendam
551 3876 790 3943 alodum,
825 3891 925 3948 pro
963 3893 1063 3932 sua
1110 3879 1412 3936 hereditate
1438 3896 1600 3951 quam

74 3962 291 4023 habebant
320 3971 370 4025 in
413 3983 558 4041 pago
593 3968 887 4038 Senonico,
915 3971 1406 4036 concambiassem,
1436 3972 1602 4026 ﬁrmi-

74 4062 296 4128 tatemque
314 4060 620 4116 litterarum
644 4059 745 4115 sibi
771 4060 1116 4116 corroborari
1145 4059 1417 4117 fecissem.
1444 4061 1599 4128 Quod

74 4145 242 4210 quidem
269 4158 319 4204 et
341 4148 463 4206 feci.
494 4149 598 4206 Est
628 4158 811 4206 autem
854 4149 1115 4220 praefatus
1145 4150 1337 4207 alodus
1369 4151 1425 4206 in
1459 4168 1600 4225 pago

76 4231 282 4302 Duneusi,
308 4239 360 4294 in
399 4240 524 4297 loco
549 4239 640 4310 qui
665 4248 890 4296 vocatur
915 4241 1118 4312 Agneis
1151 4240 1313 4308 Villa,
1347 4251 1400 4297 et
1429 4243 1601 4312 perti-

77 4337 174 4379 nent
191 4329 246 4382 ad
267 4330 430 4400 ipsum
457 4334 578 4388 dua:
599 4331 772 4386 olclize
796 4346 919 4385 cum
942 4339 1131 4402 puteo;
1155 4331 1370 4402 alioque
1399 4333 1454 4389 in
1478 4333 1598 4390 loco

76 4419 209 4487 campi
233 4421 344 4484 duo,
394 4425 459 4479 de
516 4434 658 4479 terra
704 4423 899 4478 arabili
944 4424 1229 4496 agripenni
1281 4425 1419 4492 duo;
1459 4426 1594 4482 etin

79 4511 207 4565 ten-io
230 4511 357 4580 loco,
382 4516 448 4570 ad
479 4525 703 4587 puteum
731 4514 979 4571 Sichardi
1005 4516 1358 4587 agripennum
1392 4533 1592 4584 unum;
1629 4535 1676 4594 ι)

78 4595 116 4649 in
138 4614 302 4669 quarto
344 4605 484 4674 loco,
520 4607 612 4678 qui
662 4619 891 4663 vocatur
938 4607 1194 4672 Budelea,
1241 4609 1597 4681 agripennum

81 4705 225 4748 unum.
264 4697 601 4755 Terminatur
648 4698 910 4770 prazfatus
951 4700 1143 4756 alodus
1185 4699 1252 4756 ei
1281 4717 1385 4756 una
1422 4711 1596 4772 parte,

79 4782 198 4840 alodo
237 4787 553 4861 Ragenardi;
602 4808 670 4848 ex
716 4792 908 4858 altera,
954 4792 1188 4864 ligonis;
1228 4809 1257 4848 a
1292 4794 1483 4859 tercia,
1512 4795 1599 4849 via

81 4875 276 4946 Publica;
299 4898 326 4935 a
351 4892 565 4954 quarta,
594 4895 740 4942 terra
771 4887 960 4942 Sancti
989 4885 1310 4944 Florentini.
1339 4886 1600 4945 Dedimus

81 4966 324 5038 ttiamjam
353 4975 508 5031 dictis
549 4978 800 5048 personis
839 4979 1109 5033 vendendi
1159 4978 1240 5034 vel
1271 4977 1432 5033 dandi
1475 4993 1598 5056 eum

82 5058 344 5133 cuicumque
384 5067 675 5124 voluerint.
735 5068 794 5124 Si
826 5071 950 5142 quis
981 5085 1134 5136 vero,
1181 5069 1328 5141 quod
1378 5067 1600 5126 minime

83 5159 315 5209 venturum
350 5161 641 5228 credimus,
671 5161 764 5232 qui
803 5172 994 5217 contra
1045 5162 1184 5218 hanc
1214 5163 1596 5220 auctoritatem

85 5236 315 5327 insurgere
353 5251 579 5306 voluerit
630 5264 726 5310 aut
780 5254 1116 5327 infringere,
1170 5257 1306 5311 iram
1354 5256 1599 5312 incurrat

87 5324 174 5394 Dei,
195 5344 241 5387 et
263 5339 392 5405 quod
421 5342 698 5413 repetierit
725 5359 832 5399 non
863 5324 1104 5410 evincat,
1152 5356 1267 5411 set,
1311 5346 1596 5416 iudiciaria

85 5427 302 5482 Potestale
337 5439 571 5498 coactus,
621 5430 816 5488 libram
864 5434 984 5489 auri
1034 5434 1120 5490 cui
1159 5434 1312 5490 litem
1357 5436 1600 5494 intulerit

89 5509 238 5568 solvat.
265 5517 519 5585 Quatinus
544 5533 728 5582 autem
758 5525 874 5583 haec
898 5535 1047 5583 curta
1085 5526 1292 5584 ﬁrmior
1311 5529 1403 5595 sit,
1431 5545 1594 5584 manu

142 5695 264 5780 ἓξὲξ)
283 5699 439 5780 _l_)eest
456 5706 541 5780 hic
564 5707 808 5780 epilogus
846 5708 900 5764 in
921 5709 1058 5780 cod.
1079 5709 1142 5764 Β.

1721 571 1973 630 ﬁlelibus
2017 589 2234 646 quoque
2293 574 2491 629 nostris
2561 574 2917 632 roborandam
2981 579 3301 640 obtulimus.

1721 661 1804 735 [ε.
1848 649 2054 722 Orionis
2080 665 2316 720 comitis.
2352 663 2647 736 Ledgardis
2696 668 3007 723 comitissm.
3059 669 3304 729 Rotroci.

1718 742 1992 838 Gelduini.
2024 756 2290 813 liotberti.
2321 757 2581 830 liugonis.
2605 757 2857 817 Landrici
2890 760 3046 834 largi.
3075 763 3303 822 Albcrti.

1719 847 2294 924 Gilonis.Nivelonis.]
2338 869 2359 905 ι
3233 919 3238 924 _
3281 843 3288 857 ⁸

1795 944 2186 1014 Scriptis(“6)
2205 919 2560 1017 autem.quas
2579 947 2809 1018 repperi,
2839 949 3007 1004 cartis
3035 950 3135 1004 sub
3164 919 3300 1024 tem"-

1687 1031 1852 1108 ‘pore
1898 1035 2210 1107 Magcnardi
2262 1038 2474 1096 abbatis
2527 1039 2712 1104 editis,
2770 1040 2886 1111 ejus
2916 1041 3221 1107 introitum,
3273 1042 3306 1099 ἐι

1721 1129 1918 1183 domno
1964 1128 2243 1194 Fulberto,
2295 1141 2484 1198 postea
2537 1130 2784 1200 prmsulc,
2840 1133 3123 1203 scriptum,
3181 1133 3308 1202 huic

1717 1219 1870 1288 Operi
1901 1220 2142 1275 inserere
2164 1220 2373 1287 curavi,
2399 1229 2462 1275 ut
2495 1222 2745 1278 omnibus
2771 1232 2956 1293 pateat
2987 1240 3093 1279 non
3127 1223 3302 1279 solum

1721 1309 2014 1380 simplices,
2043 1321 2124 1366 set
2151 1311 2317 1367 etiam
2353 1311 2711 1380 peritissimos
2740 1315 2904 1382 viros,
2952 1329 3178 1386 persepc
3207 1331 3302 1372 ca-

1720 1409 1980 1461 ducorum
2016 1405 2279 1460 bonorum
2306 1406 2602 1462 ambitione
2631 1408 2826 1477 decipi.

1789 1498 1998 1552 Abhate
2025 1498 2174 1568 (M7)
2221 1496 2404 1554 Sancti
2437 1497 2580 1552 Petri
2612 1500 2850 1568 graviter
2891 1510 3195 1573 egrotante,
3221 1510 3307 1569 set

1719 1589 1898 1644 adhuc
1942 1589 2140 1643 mentis
2189 1597 2246 1644 et
2292 1589 2564 1644 sermonis
2619 1599 2891 1660 compote,
2946 1590 3305 1663 Magenardus

1719 1680 2042 1746 monachus,
2066 1690 2194 1736 ante
2225 1680 2389 1736 michi
2419 1696 2523 1735 non
2557 1682 3110 1748 mediocriter_carus,
3139 1693 3304 1740 noctu

1718 1787 1840 1828 sese
1861 1771 1929 1828 de
1957 1773 2195 1828 claustro
2221 1772 2511 1843 subripuit,
2549 1781 2603 1827 et
2645 1773 2712 1828 ad
2755 1771 3084 1852 'l'edbaldum
3129 1769 3304 1831 comi-

1719 1874 1852 1929 tem,
1905 1866 1997 1936 qui
2045 1865 2220 1922 Blesis
2266 1872 2395 1920 tunc
2440 1864 2776 1930 morabatur,
2823 1865 3016 1920 abatize
3058 1868 3304 1934 petenda:

1715 1955 1916 2022 gratia,
1945 1953 2271 2025 properavit.
2325 1954 2521 2010 Comes
2577 1953 2726 2009 illum
2782 1955 3064 2024 postridie
3096 1955 3306 2012 remisit

1715 2044 1781 2098 ad
1809 2059 1911 2098 nos
1946 2059 2070 2098 cum
2113 2043 2324 2114 legatis,
2357 2043 2450 2114 qui
2501 2044 2896 2100 denonciarent
2929 2046 3298 2115 recipiendum

1714 2137 2020 2209 magniﬁce,
2045 2138 2187 2192 sicut
2216 2135 2453 2201 abatem,
2495 2137 2774 2193 canonicis
2809 2145 2863 2192 et
2898 2140 3201 2194 monachis.
3234 2138 3305 2194 At

1712 2229 1872 2284 nobis
1904 2227 2018 2283 fere
2039 2227 2294 2283 omnibus
2331 2241 2393 2282 ea
2427 2241 2514 2282 res
2545 2243 2713 2296 aequae
2754 2243 2890 2282 nova
2940 2239 2994 2282 et
3023 2228 3303 2300 horribilis

1711 2319 1835 2375 fuit.
1864 2319 2264 2390 Respondimus
2308 2320 2492 2388 itaque
2537 2318 2698 2390 longe
2727 2320 2884 2374 aliter
2913 2321 3070 2376 nobis
3096 2321 3296 2385 videri;

1711 2425 1815 2468 nec
1847 2411 1990 2466 enim
2022 2410 2259 2482 legitime
2291 2411 2404 2464 ﬁeri
2455 2411 2694 2474 abatem,
2737 2425 2837 2467 nec
2873 2412 3073 2468 debere
3105 2415 3294 2484 recipi,

1711 2503 1804 2574 qui
1848 2502 2088 2559 abatiam
2117 2503 2363 2566 alterius,
2395 2502 2512 2572 ipso
2546 2502 2781 2566 vivente.
2815 2518 2911 2574 per
2940 2505 3294 2562 ambitionem

1710 2594 1874 2666 petit;
1906 2593 1998 2665 qui
2037 2609 2067 2647 a
2109 2592 2371 2649 fratribus
2416 2609 2521 2648 non
2555 2592 2770 2664 eligitur
2791 2604 2847 2648 et
2874 2609 3038 2664 super
3068 2595 3186 2652 illos
3213 2595 3296 2651 ni-

1711 2685 1846 2740 titur
1867 2685 2164 2750 dominari;
2192 2693 2468 2754 postremo
2513 2685 2604 2756 qui
2657 2696 2841 2740 noster
2886 2701 3060 2757 neque
3109 2702 3297 2744 mona-

1711 2778 1846 2834 chus
1888 2777 1980 2842 sit,
2031 2791 2208 2848 neque
2243 2777 2494 2844 clericus,
2550 2785 2606 2832 et
2656 2777 2840 2848 plures
2886 2779 3082 2834 habeat
3131 2788 3297 2836 testes

1707 2871 1988 2928 curialitcr
2034 2871 2274 2942 agitandi
2323 2887 2485 2940 quam
2538 2871 2836 2926 monastice
2879 2870 3113 2926 vivendi.
3167 2870 3294 2939 Haec

1710 2961 1800 3016 ille
1831 2977 1939 3016 non
1967 2970 2248 3030 gratanter
2269 2962 2564 3031 accipiens,
2593 2963 2660 3017 ad
2683 2962 2934 3018 comitem
2965 2963 3290 3034 redequitat,

1703 3050 1955 3120 iramque
1987 3050 2204 3120 juvenis
2253 3050 2512 3106 adversus
2555 3066 2653 3107 nos
2695 3051 3042 3108 vi-liementer
3074 3051 3287 3124 inllam-y

1711 3152 1852 3210 mat;
1885 3152 1989 3206 set,
2017 3143 2105 3198 die
2127 3143 2316 3213 quinto
2344 3153 2627 3214 postquam
2650 3159 2807 3198 suum
2831 3141 3094 3199 ambitum
3115 3127 3294 3216 publi-

1709 3235 1872 3302 cavit,
1898 3236 2191 3306 prtedietus
2229 3237 2397 3292 abbas
2423 3241 2573 3294 suam
2613 3237 2974 3309 egritudinem
3008 3249 3185 3295 morte
3228 3239 3296 3295 li-

1708 3329 1885 3384 mitat.
1939 3328 2292 3386 Conveniunt.
2311 3331 2379 3386 ad
2406 3331 2704 3402 capitulum
2747 3332 2920 3393 nostri
2951 3334 3206 3390 monachi
3237 3342 3294 3390 et

1707 3421 1924 3491 quidam
1955 3421 2227 3488 canonici,
2259 3437 2397 3492 quos
2425 3423 2565 3478 ratio
2593 3423 2901 3492 postulabat
2935 3423 3168 3480 admitti.
3201 3422 3291 3480 lu-

1709 3513 2102 3586 terrogavimus
2131 3529 2199 3568 an
2250 3513 2417 3586 aliqui
2450 3512 2682 3570 fratrum
2726 3513 2944 3583 incepto
2980 3512 3292 3586 Magenardi

1705 3605 1978 3662 favebant.
2007 3605 2219 3678 Negant
2242 3593 2462 3676 singuli,
2487 3614 2687 3676 negant
2708 3621 2917 3660 omnes.
2946 3605 3296 3662 Decrevimus

1705 3699 1966 3768 quosdam
1997 3713 2187 3754 eorum
2230 3713 2353 3753 esse
2391 3697 2680 3752 mittendos
2710 3695 2777 3751 ad
2827 3695 3106 3761 comitem,
3135 3695 3292 3752 nobis

1705 3790 1957 3846 videlicet
1985 3789 2330 3860 designatum
2376 3790 2714 3862 episcopum,
2761 3798 2816 3844 ut
2853 3789 3025 3858 patris
3053 3789 3292 3846 Gisberti

1706 3881 1918 3936 obitum
1967 3880 2311 3948 nonciarent,
2357 3889 2416 3937 et
2456 3880 2684 3936 alterius
2717 3879 2947 3952 eligendi
2989 3882 3294 3954 regularem

1702 3981 2056 4043 precarentur
2084 3971 2378 4028 licentiam.
2411 3971 2619 4040 Quibus
2654 3971 2854 4040 missis,
2889 3985 3016 4027 ecce
3045 3971 3136 4028 alii
3161 3974 3290 4046 duo,

1704 4065 1967 4121 Vivianus
2024 4064 2234 4121 scilicet
2285 4074 2342 4121 et
2387 4064 2704 4130 Dnrandus,
2753 4064 2891 4120 alter
2939 4065 3288 4128 inlitteratus.

1702 4155 1839 4212 alter
1857 4157 2159 4212 litterarum
2185 4157 2492 4214 malesanus
2505 4157 2792 4227 interpres,
2808 4157 2968 4212 ambo
2991 4157 3288 4228 praepositi,

1685 4250 2042 4320 simulantes,
2072 4266 2236 4307 causa
2266 4252 2569 4308 communis
2592 4251 2885 4317 commodi,
2927 4251 2996 4307 ad
3033 4252 3292 4322 obedien-

1703 4344 1806 4398 tias
1826 4358 1954 4399 suas
1985 4359 2044 4398 se
2067 4344 2203 4399 velle
2249 4345 2420 4411 exire,
2467 4359 2532 4398 ac
2581 4359 2650 4400 nc
2699 4343 2954 4399 aliorsum
3003 4351 3290 4413 pergerent

1701 4433 1806 4490 sibi
1855 4434 2214 4488 iuterdicente
2263 4435 2470 4488 decano
2519 4420 2855 4497 monasterii,
2903 4430 3314 4503 Magenardum

1705 4536 1888 4581 tamen
1915 4525 2087 4582 secuti
2117 4534 2274 4592 sunt;
2304 4526 2392 4582 cui
2435 4535 2648 4597 cean
2687 4527 3144 4597 presumptionem
3191 4541 3290 4582 oe-

1709 4618 1854 4674 culte
1888 4628 2292 4688 persuaserant,
2345 4627 2401 4675 et
2435 4618 2624 4684 Blesis,
2677 4619 2730 4674 in
2784 4619 3055 4689 presentia
3103 4617 3289 4673 domui

1706 4713 1989 4779 Tedbaldi,
2017 4712 2186 4781 ipsum
2213 4711 2591 4783 Magenardam
2618 4726 2648 4765 a
2673 4711 2928 4766 fratribus
2956 4710 3060 4780 peti
3084 4719 3138 4764 et
3161 4707 3288 4778 eligi

1707 4803 1911 4875 perﬁde
1933 4802 2142 4858 mentiti
2172 4813 2316 4858 sunt.
2346 4801 2548 4858 Horum
2600 4799 2853 4872 suffragio
2896 4799 3068 4864 laetus,
3103 4813 3290 4854 comes

1706 4895 1888 4951 statim
1919 4909 2043 4950 eum
2071 4895 2265 4950 baculo
2299 4893 2556 4963 pastorali
2581 4893 2796 4964 publice
2823 4891 3010 4946 donat.
3045 4891 3164 4956 Quo
3190 4903 3289 4941 au-

1702 4988 1832 5051 dito,
1881 4986 2078 5042 fratres
2115 4987 2206 5058 qui
2261 4987 2314 5041 in
2365 4987 2600 5041 claustro
2653 4990 3050 5046 remanserant,
3091 4991 3283 5036 contra

1701 5081 1843 5154 hanc
1870 5079 2290 5138 fraudulentiam
2317 5079 2433 5134 zelo
2459 5080 2653 5135 divina:
2676 5076 2808 5144 legis
2846 5072 3102 5140 accincti,
3133 5072 3285 5129 libel-

1699 5171 1810 5226 lum
1857 5173 2252 5244 reprobationis
2316 5170 2558 5228 fecerunt
2615 5179 2778 5240 atque
2845 5165 3288 5238 subscripserunt

1699 5262 2006 5332 huiusmodi
2031 5277 2046 5318 :

1781 5375 1801 5408 ι
1841 5356 1989 5410 Sciat
2005 5355 2182 5409 omnis
2207 5352 2451 5408 ecclesia
2475 5350 2602 5421 quia
2618 5349 3001 5419 Magenardum
3038 5358 3286 5403 nostrum

1705 5444 1956 5500 abbatem
1988 5444 2101 5497 tieri
2141 5458 2246 5496 non
2273 5441 2544 5511 eligimus,
2579 5453 2685 5494 non
2716 5437 3022 5504 laudamus,
3053 5451 3159 5492 non
3187 5450 3287 5490 vo-

1702 5535 1898 5601 lumus,
1931 5551 2038 5591 non
2061 5532 2460 5599 consentimus;
2491 5541 2574 5587 set
2589 5528 2965 5604 reprobamus,
2988 5528 3290 5586 refutamus

143 5766 262 5820 utr
283 5769 384 5831 Hoc
414 5766 668 5849 scriptum
693 5766 933 5839 Fulberti
956 5788 1136 5838 exstat
1151 5781 1292 5870 apud
1321 5779 1584 5853 Bouquet,
1621 5779 1742 5838 nec.
1765 5779 1854 5836 des
1879 5770 2018 5834 flist.
2045 5776 2110 5835 de
2138 5775 2368 5848 France,
2385 5784 2433 5834 't.
2454 5773 2530 5848 Χ,
2552 5788 2608 5849 p.
2634 5774 2762 5830 lu.
