3890 6302
600 374 712 433 1‘59

1561 369 1763 428 PAULI
1804 369 1859 429 S.
1896 368 2100 428 PETRI
2129 366 2608 429 CARNOTENSIS
2648 366 2952 426 MONACHI
3734 370 3818 431 260

582 505 639 554 et
659 494 881 552 omnino
904 491 1346 560 contradicimus,
1392 506 1496 547 non
1527 492 1777 547 videlicet
1818 490 1885 546 de
1914 490 2165 547 ctenobio
2193 495 2242 554 Α
2270 488 2551 553 fortitudo,
2586 502 2693 542 non
2721 492 3003 557 comparet
3044 484 3219 555 pietas
3260 483 3497 541 Martini.
3530 485 3609 542 Tu
3637 501 3821 559 quoque

583 587 772 643 Sancti
802 585 949 643 Petri
980 600 1210 656 quorum
1267 584 1481 640 nomina
1542 583 1841 654 subscripta
1870 591 2020 638 sunt.
2058 583 2167 638 Du-

581 681 784 735 randus
815 680 1070 735 tlecauus.
1103 677 1386 734 Genesius.
1420 676 1763 730 lsembertus.
1806 674 2023 730 Alvcus.
2068 673 2165 728 lti-

578 772 818 829 cherius.
838 770 1153 825 Herbertus.
1175 768 1509 823 Benedictus.
1529 767 1852 825 Rodbertus.
1871 766 2165 821 Evrardus.

582 863 860 919 Arnulfus.
912 861 1242 917 Marcuinus.
1295 858 1571 914 Warinus.
1620 858 1935 914 Walterius.
1985 857 2164 915 Guar-

584 958 787 1012 nerius.
820 953 1183 1024 Beringerius.
1216 952 1546 1008 Waldricus.
1572 950 1900 1008 Bernardus.
1936 969 1955 1003 ι

653 1046 742 1101 lsti
774 1045 955 1114 itaque
984 1056 1172 1098 omnes
1220 1056 1318 1095 sua
1364 1039 1583 1095 nomina
1612 1048 1705 1094 aut
1728 1039 2168 1110 subscripserunt

583 1149 679 1193 aut
723 1134 992 1191 subscribi
1033 1134 1334 1204 jusserunt,
1380 1147 1467 1186 me
1502 1131 1740 1185 vidente.
1768 1131 1864 1186 Die
1894 1130 2163 1202 proxima,

582 1243 766 1283 comes
796 1225 1098 1282 Tedbaldus
1132 1224 1301 1290 redit;
1357 1231 1441 1278 set
1475 1223 1529 1277 in
1561 1222 1951 1277 rnouasterium
1997 1220 2166 1291 recipi

582 1335 705 1375 cum
755 1317 1099 1389 processione
1138 1315 1491 1384 praemandat.
1545 1313 1791 1369 Monachi
1841 1313 2170 1383 respondent

582 1426 641 1465 se
668 1410 898 1464 libenter
927 1409 1028 1462 hoc
1061 1421 1245 1476 agere,
1294 1406 1337 1459 si
1369 1414 1815 1476 przesumptorem
1866 1404 2012 1459 illum
2058 1419 2166 1458 non

582 1500 868 1555 adduxerit
897 1514 1103 1555 secum.
1154 1498 1245 1552 llle
1290 1497 1467 1551 denuo
1510 1498 1684 1551 iratus
1721 1496 1836 1564 ipso
1868 1506 2046 1550 tamen
2081 1496 2168 1552 die

581 1593 860 1658 sustinuit,
917 1601 1001 1647 set
1052 1591 1105 1645 in
1151 1589 1423 1660 sequenti,
1455 1604 1576 1644 cum
1609 1588 1835 1659 strepitu
1882 1588 2166 1644 comiuan-

582 1686 740 1753 tium,
769 1685 822 1739 in
854 1684 1038 1740 Sancti
1084 1683 1228 1738 Petri
1259 1684 1647 1739 monasterium
1693 1698 1847 1737 suum
1886 1681 2167 1753 Magcnar-

582 1775 709 1830 dum
731 1774 986 1830 obtrusit.
1018 1772 1100 1828 Ad
1126 1772 1280 1842 cujus
1311 1772 1603 1827 violentum
1635 1772 1943 1841 ingressum
1991 1770 2167 1826 sancti

2271 576 2603 646 dereliquisti
2633 590 2753 641 nos,
2775 584 2965 631 sancte
2990 585 3143 645 pater
3166 574 3359 642 llilari,
3398 576 3490 646 qui
3513 575 3639 631 olim
3671 580 3822 634 unita-

2269 677 2378 723 tem
2428 668 2685 723 aecclesiaa
2734 666 2972 735 Spiritus
3023 665 3209 722 Sancti
3274 666 3453 737 gladio
3504 668 3750 724 tuebaris.
3788 669 3822 726 Ο

2269 760 2554 815 derelicta!
2592 775 2625 815 ο
2672 762 2873 816 mesta!
2922 776 2955 815 ο
2982 760 3223 815 desolata
3252 760 3549 815 Galliarum
3589 762 3821 819 ecclesia!

2267 851 2401 920 Qua:
2440 853 2554 924 jam
2616 854 2721 907 erit
2769 868 2892 924 spes
2911 853 3103 908 salutis
3130 852 3434 907 ulterioris?
3482 850 3585 906 Ubi
3620 856 3824 924 amplius

2266 947 2447 999 anima
2489 944 2781 1000 Christiani
2828 945 3023 1001 amicta
3081 945 3418 1015 respirabit?
3465 948 3580 1005 Hoc
3623 962 3827 1019 namque

2267 1035 2440 1093 solum
2468 1037 2554 1092 vel
2588 1038 2823 1094 maxime
2870 1053 2970 1094 nos
3015 1037 3327 1095 confortare
3374 1040 3675 1105 videbatur,
3701 1043 3824 1111 quod

2267 1131 2312 1186 si
2339 1132 2680 1201 contingeret
2709 1131 2897 1186 ruinas
2923 1146 3018 1186 ma
3031 1131 3179 1186 nium
3206 1139 3423 1186 tuorum
3446 1133 3710 1188 resarcire
3738 1150 3827 1190 non

2266 1240 2446 1297 posse,
2477 1225 2664 1281 liceret
2712 1225 2905 1282 saltem
2941 1227 3009 1281 ad
3056 1225 3271 1280 firmum
3321 1226 3498 1281 adhuc
3551 1225 3827 1294 capitolium

2264 1318 2392 1373 vitae
2422 1319 2739 1374 monasticae
2785 1316 3099 1387 confugere.
3149 1317 3306 1385 Quod
3346 1318 3512 1373 ctiam
3565 1318 3607 1371 si
3646 1318 3827 1373 furibus

2266 1407 2541 1477 inreptare
2563 1416 2654 1462 aut
2679 1409 2897 1477 impune
2918 1407 3247 1477 quibuslibet
3267 1407 3575 1462 ambitiosis
3598 1406 3826 1461 invadere

2268 1497 2413 1563 licet,
2447 1513 2546 1569 pro
2578 1499 2768 1555 dolor!
2816 1499 3355 1555 fundituscecidisti.
3386 1497 3538 1554 Unde
3567 1498 3677 1568 jam
3704 1500 3764 1552 ad
3783 1508 3824 1553 te

2267 1601 2568 1658 revertens,
2598 1592 2909 1648 venerande
2930 1601 3103 1663 pater,
3132 1605 3292 1662 quem
3313 1606 3416 1662 ego
3440 1591 3604 1647 credo
3622 1600 3676 1647 et
3693 1591 3826 1648 video

2265 1679 2568 1747 adjutorem
2625 1696 2656 1735 a
2711 1681 2941 1737 Domino
3006 1682 3166 1737 nobis
3212 1696 3337 1737 esse
3382 1681 3680 1751 provisum,
3730 1696 3828 1736 cum

2266 1770 2468 1826 domno
2490 1786 2612 1827 meo
2640 1778 2841 1843 tuoque
2884 1771 3029 1827 fideli
3063 1772 3316 1839 Rodulfo,
3370 1773 3633 1843 deprecor
3659 1781 3713 1827 et
3751 1772 3828 1827 ob-

583 1862 1355 1933 fratres,contaminariipsius
1377 1862 1865 1918 communicatione
1891 1863 2165 1930 timentes,
2200 1876 2243 1936 B
2272 1869 2440 1917 testor
2472 1864 2584 1932 per"
2612 1877 2676 1918 ea
2708 1879 2829 1934 quae
2872 1864 2970 1920 tibi
3009 1865 3134 1920 data
3189 1874 3316 1921 sunt
3361 1866 3643 1936 sapientia
3670 1880 3759 1922 san
3774 1875 3830 1922 ‘ta

584 1956 899 2010 sanctuario
927 1954 1138 2009 Domini
1170 1955 1405 2009 salutato
1434 1971 1557 2009 cum
1588 1954 1846 2022 lacrimis,
1891 1957 2165 2022 exierunt,

582 2054 768 2116 atque,
809 2045 952 2101 aliud
985 2044 1248 2116 refugium
1281 2046 1604 2107 nescientes,
1637 2045 1705 2099 ad
1738 2044 1929 2100 limina
1959 2046 2166 2116 princi-

584 2138 721 2208 palis
773 2138 1034 2193 zecclesite
1084 2137 1479 2207 confugerunt;
1534 2137 1608 2192 ibi
1674 2153 1888 2209 quoque
1939 2150 2169 2208 utroque

582 2240 797 2298 pastore
818 2229 1045 2284 deserta:
1061 2241 1190 2281 oves
1211 2228 1400 2281 mestis
1417 2241 1535 2281 sese
1558 2227 1783 2283 vocibus
1797 2228 2167 2284 consolantur.

580 2321 678 2376 Set
710 2321 902 2391 recipit
930 2335 1024 2375 eos
1052 2326 1239 2375 sancta
1265 2329 1440 2375 mater
1468 2320 1703 2389 Domini,
1750 2321 1905 2376 solita
1942 2322 2165 2391 pietate.

582 2414 796 2483 Recipit
841 2413 1104 2469 Rodulfus
1153 2414 1414 2477 decauus,
1447 2413 1590 2468 dulci
1640 2413 1993 2484 benignitate.
2043 2414 2170 2469 Inde

582 2511 915 2564 transierunt
963 2510 1030 2564 ad
1084 2509 1392 2565 coenobium
1454 2508 1627 2564 sancti
1670 2508 1841 2578 patris
1894 2507 2167 2574 llerberti,

579 2600 733 2666 cujus
760 2600 909 2653 dives
935 2598 1161 2664 caritas,
1188 2597 1257 2653 de
1304 2612 1543 2668 paupere
1572 2613 1760 2663 censu,
1813 2613 2044 2668 qumque
2073 2593 2169 2668 po-

581 2699 686 2745 test
717 2689 822 2745 illis
854 2690 1164 2746 neccssaria
1189 2690 1585 2745 subministrat.
1610 2690 1862 2745 Ceterum
1889 2690 1978 2744 ille
2000 2688 2170 2743 frater

580 2783 735 2852 cujus
763 2782 1175 2852 importunitate
1204 2780 1418 2852 depulsi
1462 2790 1611 2846 sunt,
1661 2782 1728 2835 ab
1778 2781 2003 2836 lierviso
2034 2798 2173 2852 quo-

578 2875 726 2939 dant,
760 2882 819 2928 ut
847 2874 1019 2938 aiunt,
1053 2874 1375 2929 Britannica:
1405 2875 1641 2944 regionis
1666 2875 1939 2945 episcopo,
1968 2884 2168 2944 quarto

581 2981 754 3020 nonas
787 2964 1094 3029 Februarii,
1142 2965 1311 3020 abbas
1355 2965 1638 3020 simulatus
1684 2974 1766 3020 est
1813 2966 1865 3020 iu
1911 2966 2169 3022 suburbio

578 3056 926 3123 Carnotensi,
958 3057 1182 3112 absente
1208 3055 1373 3121 clero,
1409 3055 1723 3127 indignante
1746 3056 1964 3126 populo,
1994 3056 2169 3127 legato

581 3149 981 3220 archipraesulis
1010 3149 1190 3220 palam
1223 3150 1633 3205 contradicente
1686 3164 1755 3203 ne
1791 3150 1842 3203 id
1873 3150 2045 3214 ﬁeret,
2079 3164 2167 3203 re-

2268 1951 2588 2019 karismata,
2642 1968 2759 2024 per
2790 1954 3138 2013 dulcedinem
3192 1955 3452 2013 fraternae
3502 1958 3764 2021 caritatis,
3795 1959 3828 2017 si

2269 2044 2396 2114 quid
2423 2054 2599 2116 potes,
2629 2048 2867 2120 inpugna
2913 2050 3099 2106 hostes
3148 2050 3382 2116 Domini,
3435 2049 3633 2107 fra'res
3676 2050 3830 2105 allisos

2278 2136 2489 2203 refove,
2520 2151 2621 2192 nec
2646 2138 2827 2209 perire
2852 2139 3022 2204 sinas,
3055 2139 3237 2210 inopia
3267 2139 3452 2196 solacii
3487 2142 3583 2206 tui,
3610 2155 3710 2211 pro
3734 2142 3832 2210 qui-

2267 2224 2371 2281 bus
2397 2227 2575 2282 credis
2603 2241 2724 2283 esse
2753 2228 2931 2283 fusum
2958 2230 3282 2301 sanguinem
3312 2230 3543 2286 Christi.

2340 2318 2578 2387 interea,
2611 2322 2877 2377 orationis
2906 2323 3103 2394 gratia,
3137 2338 3323 2378 comes
3364 2322 3593 2379 Romam
3622 2324 3833 2393 perrexit

2271 2410 2440 2481 (MS),
2474 2421 2552 2475 et,
2594 2412 2719 2468 inde
2752 2413 2988 2480 rediens,
3025 2413 3077 2468 in
3108 2413 3306 2469 itinere
3343 2414 3672 2486 peregrinus
3702 2415 3829 2477 obiit,

2271 2512 2434 2574 atque
2461 2502 2686 2560 veiculis
2717 2504 3035 2576 deportatus
3056 2505 3330 2573 Carnutis,
3368 2507 3425 2560 in
3453 2506 3691 2577 capitulo
3718 2506 3832 2560 San-

2270 2595 2344 2651 cti
2379 2596 2545 2662 Petri,
2579 2596 2647 2651 ad
2668 2595 2834 2666 pedes
2861 2596 3049 2653 fratris
3071 2598 3155 2653 sui
3177 2597 3486 2663 Teoderici,
3514 2613 3640 2653 cum
3665 2612 3833 2663 magno

2269 2685 2417 2751 ﬂetu,
2447 2684 2763 2741 collocatur.
2795 2686 3002 2743 Deinde
3030 2686 3266 2743 Rodulfo
3293 2688 3499 2743 decano
3531 2703 3562 2742 a
3588 2686 3834 2743 liolbetto

2271 2792 2397 2848 rege
2448 2778 2501 2833 in
2538 2779 2852 2850 episcopatu
2892 2779 3208 2847 sublimato,
3259 2779 3642 2835 amaritudinis
3691 2778 3831 2841 zelus,

2270 2870 2489 2925 comitis
2531 2871 2729 2926 timore
2773 2870 2934 2941 paulo
2969 2879 3100 2926 ante
3149 2870 3383 2943 sopitus,
3412 2871 3757 2926 vehementer
3792 2870 3835 2921 in

2270 2962 2658 3033 Magenardum
2701 2963 2953 3021 abbatem
2984 2963 3355 3019 inﬂammatur
3379 2974 3545 3034 atque
3573 2964 3627 3018 in
3656 2970 3834 3017 tantum

2270 3057 2614 3127 progreditur
2642 3065 2732 3122 ut,
2772 3057 2969 3113 baculo
3014 3057 3272 3128 pastorali
3306 3056 3655 3112 auctoritatis
3698 3070 3833 3108 manu

2271 3156 2505 3212 extorto,
2541 3147 2594 3202 in
2626 3149 2787 3204 doruo
2814 3149 3052 3219 episcopi
3081 3161 3179 3220 per
3204 3147 3321 3204 dies
3371 3148 3578 3217 aliquot
3617 3160 3834 3202 commo-

577 3240 938 3297 clatuautibus
967 3240 1132 3295 etiam
1163 3239 1486 3310 quibusdam
1536 3240 1815 3294 monachis
1847 3240 2014 3309 quiin
2048 3239 2165 3295 loco
2196 3222 2238 3280 (ἶ
2273 3241 2381 3294 rari
2430 3240 2680 3297 fecerint.
2730 3240 3025 3313 Postquam
3054 3257 3185 3298 vero
3216 3242 3513 3296 instantem
3567 3240 3622 3296 in
3659 3239 3836 3296 oratio.

581 3340 977 3399 remanserant,
1005 3346 1133 3387 vero
1174 3331 1343 3398 vultu,
1381 3332 1504 3386 viva
1552 3346 1684 3386 voce
1728 3340 1890 3401 atque
1932 3332 2162 3403 regulari

577 3426 926 3480 auctoritate.
961 3425 1057 3481 Set
1082 3438 1139 3482 et
1176 3440 1321 3480 nunc
1346 3424 1436 3480 ille
1464 3425 1669 3496 primas
1717 3425 1771 3480 in
1818 3424 2013 3481 abatia:
2040 3441 2166 3497 sug-

577 3524 733 3585 gestu
781 3516 1013 3573 seculari
1061 3519 1306 3590 potentia
1338 3516 1530 3584 fretus,
1568 3519 1636 3573 de
1675 3528 1896 3589 peracta
1931 3519 2164 3575 victoria

576 3608 866 3677 gloriosus,
898 3610 950 3663 in
985 3620 1236 3665 auctores
1261 3608 1400 3678 ejus,
1430 3610 1675 3675 abbates,
1700 3612 1983 3681 episcopos
2003 3618 2165 3681 atque

577 3698 753 3768 ipsum
784 3714 976 3769 papam
1002 3700 1352 3767 ambitiendo,
1387 3716 1457 3757 ne
1490 3702 1619 3772 quid
1644 3704 1864 3772 gravius
1893 3711 2166 3758 statuatur

576 3790 807 3872 inillum
838 3792 1014 3848 modis
1038 3793 1291 3849 omnibus
1313 3793 1577 3849 elaborat.
1600 3793 1751 3850 Jacet
1780 3795 1999 3850 interim
2024 3786 2165 3850 victa

577 3882 914 3953 confusaque
947 3883 1173 3961 fratrum
1219 3887 1566 3956 expulsorum
1612 3887 1911 3953 humilitas,
1950 3904 2049 3944 nec
2080 3897 2165 3951 est

574 3973 771 4043 praesul
802 3974 852 4029 in
885 3974 1093 4043 Galliis,
1147 3978 1301 4047 cujus
1330 3981 1538 4035 viscera
1580 3989 1765 4051 tangat
1801 3980 2015 4036 ali‘ectio
2052 3982 2167 4052 pic-

576 4060 706 4114 tatis
732 4069 825 4113 aut
855 4061 1001 4117 zelus
1031 4078 1200 4119 sacrm
1233 4064 1367 4136 legis
1413 4065 1729 4131 inﬂammet,
1780 4075 1840 4121 ut
1869 4076 2165 4136 consurgat

577 4150 643 4205 ad
671 4150 995 4222 frangendos
1019 4154 1251 4226 impetus
1276 4158 1581 4225 herrorum,
1610 4162 1677 4216 ad
1701 4164 2018 4219 relevandas
2038 4180 2162 4233 spes

574 4239 761 4295 dolore
810 4241 1220 4301 tabescentium.
1274 4247 1536 4306 Deluncta
1564 4253 1765 4308 etenim
1804 4265 1888 4309 est
1934 4254 2160 4310 Dionisii

646 4375 794 4450 (148)
829 4379 986 4437 Anno
1015 4383 1176 4457 £00}.

2270 3332 2431 3388 nibus
2473 3348 2569 3403 per
2597 3344 2809 3389 noctem
2836 3334 2890 3389 in
2923 3334 3139 3405 vigiliis,
3183 3333 3515 3390 luculentum
3559 3333 3614 3389 in
3656 3346 3837 3388 sermo-

2272 3425 2449 3489 nibus,
2486 3426 2775 3496 polleutem
2830 3427 2883 3481 itt
2915 3426 3131 3490 litteris,
3162 3440 3286 3481 eum
3335 3427 3833 3485 animadverterunt,

2271 3520 2567 3590 postposita
2612 3520 2726 3586 lite,
2753 3529 2807 3575 et
2840 3520 3167 3591 pastoralem
3223 3521 3474 3577 baculum
3526 3528 3581 3575 et
3631 3517 3837 3574 abbatis:

2271 3620 2614 3680 suggestum,
2692 3611 2928 3683 gratauti
2984 3612 3217 3681 animo,
3298 3610 3672 3666 reddiderunt.
3720 3606 3833 3674 Qui,

2270 3705 2506 3777 quandiu
2538 3704 2716 3760 vitalis
2739 3704 2899 3760 ﬂatus
2927 3705 2980 3760 ei
3015 3720 3202 3761 comes
3230 3703 3352 3771 fuit,
3380 3704 3472 3775 pio
3515 3716 3704 3758 amore
3728 3713 3836 3755 oves

2268 3796 2369 3851 sibi
2402 3797 2722 3853 commissas
2750 3797 2949 3868 duplici
2974 3797 3117 3852 victu
3144 3794 3349 3851 alfatim
3378 3795 3546 3867 pavit.
3569 3792 3693 3862 Quo
3722 3806 3837 3846 mor-

2268 3896 2383 3953 tuo,
2413 3897 2702 3959 antequam
2725 3889 2889 3944 matri
2920 3888 3262 3953 redderetur,
3298 3885 3562 3942 Arnulfus
3584 3885 3837 3941 edituusa

2264 3978 2522 4035 Fulberto
2550 3980 2812 4050 episcopo
2844 3980 2961 4037 loco
3006 3979 3123 4049 ejus
3167 3980 3513 4051 subrogatur.
3560 3977 3651 4033 Ad
3680 3984 3839 4032 cartas

2265 4082 2397 4138 ergo
2424 4084 2523 4125 suo
2553 4079 2797 4139 tempore
2826 4079 3073 4140 patratas
3103 4079 3290 4125 nostra
3344 4069 3585 4124 veridica
3616 4073 3841 4123 vertatur

2262 4159 2519 4229 pennula,
2561 4168 2620 4216 ut
2641 4162 2975 4232 capitulatim
3022 4161 3372 4233 conglobatas
3402 4160 3683 4217 studiosus
3710 4157 3842 4214 inda-

2264 4261 2424 4322 gator
2450 4252 2561 4308 cito
2587 4253 2733 4323 quod
2762 4253 2996 4311 voluerit
3019 4254 3267 4309 invenire
3294 4252 3495 4308 valeat.

584 4516 3834 4561 _.________________________________________

1662 4692 2072 4807 LIBER

2211 4693 2763 4813 SEXTUS

2139 4892 2280 4937 SIVK

1437 5009 2146 5112 ARNULFI
2249 5015 2973 5110 ABBATIS.

1690 5206 1795 5277 (Ab
1821 5223 1965 5264 anno
2001 5209 2141 5265 1025
2178 5207 2247 5264 ad
2276 5224 2479 5265 annum
2510 5210 2705 5279 1055.)

1140 5371 1531 5440 CAPITULUM
1562 5384 1601 5439 l.

854 5454 933 5510 De
965 5472 1159 5533 θνα-ρο
1202 5464 1323 5524 Ursi
1370 5472 1583 5531 Villaris
1619 5478 1871 5533 ecclesire.

1119 5556 1281 5630 (Ante
1308 5580 1358 5618 a.
1392 5568 1579 5641 1028.)

643 5643 665 5666 ⁸
698 5660 718 5693 ι
750 5643 795 5714 (1
816 5644 896 5717 i9)
930 5643 1043 5702 Sub
1063 5660 1267 5712 aeterno
1313 5662 1575 5733 regimine
1618 5678 1940 5735 summoque
1970 5681 2155 5721 sacer-

2189 5395 2234 5450 D
2260 5389 2405 5445 dotio
2442 5389 2667 5455 Christi,
2701 5404 2821 5445 mco
2854 5400 3123 5463 tempore,
3155 5391 3517 5461 constitutus,
3555 5409 3665 5467 ego
3700 5395 3842 5452 Odoi-

2261 5483 2442 5549 ricus,
2494 5483 2911 5539 Aurelianorum
2956 5484 3278 5555 episcopus,
3328 5495 3515 5542 notum
3570 5490 3692 5544 fieri
3736 5487 3841 5541 volo

2260 5576 2755 5647 contemporalibus
2783 5586 2946 5648 atque
2967 5579 3370 5635 successoribus
3392 5581 3534 5636 meis
3558 5582 3775 5638 modum
3796 5589 3842 5633 et

2262 5666 2428 5721 tinem
2465 5680 2643 5723 causa:
2672 5682 2791 5737 quae
2818 5668 2873 5724 in
2912 5669 3015 5726 hac
3042 5668 3253 5727 cartula
3274 5671 3474 5745 scripta
3503 5681 3618 5729 est.
3674 5669 3841 5727 Iona-

641 5822 791 5894 (149)
832 5825 1016 5886 Exstat
1042 5831 1155 5892 htec
1177 5838 1363 5898 charta
1397 5844 1447 5900 in
1493 5845 1634 5902 Gali.
1678 5844 1906 5915 Chrisl.,
1939 5857 1977 5903 t.
2006 5844 2141 5912 Vlll,
2172 5846 2353 5915 iustr.,
2389 5845 2489 5902 col.
2525 5845 2621 5902 l9l
