3842 6308
21 404 96 462 181
967 395 1198 455 VETUS
1223 393 1478 454 AGANO.
1502 426 1572 439 —
1601 395 1728 453 LIB.
1769 395 1856 453 Vl.
1897 391 2293 453 ARNULFUS.
3173 397 3285 457 κῇ

21 518 88 574 :hi
117 513 299 572 Sancti
335 509 498 569 Petri
523 511 874 569 Carnotensis
921 511 1158 568 ρωποι)ίί
1205 511 1594 583 possidebant,
1626 510 1674 569 Δ
1701 509 2113 566 illustrationein
2138 509 2348 582 gratiae,
2391 507 2515 565 istic
2558 506 2923 568 ﬁuctuationis
2959 511 3280 584 motionem,

22 624 68 664 is
108 606 264 678 longo
315 614 605 674 tempore,
659 604 936 674 quandam
985 603 1295 660 acclesiam
1349 603 1404 658 in
1461 618 1600 674 pago

21 699 254 764 Dunensi,
289 698 344 758 in
371 697 506 754 loco
529 697 620 767 qui
666 697 871 752 dicitur
902 696 1028 754 Ursi
1074 697 1316 752 Villaris.
1365 695 1600 764 Quidam

21 805 128 847 iero
157 796 381 846 casatus
428 796 642 852 noster,
687 788 916 843 nomine.
948 787 1265 852 Hilduinus,
1316 802 1440 842 cum
1486 787 1602 843 suis

21 881 338 954 propinquis,
361 879 691 936 intendebat
719 881 802 936 eis
820 879 1152 935 calumniam
1180 881 1247 936 de
1273 879 1389 949 ipsa
1415 879 1604 935 incele-

21 977 113 1040 tia,
155 973 344 1028 dicens
408 986 540 1027 eam
591 972 658 1028 ad
708 981 1086 1028 casamentum
1136 973 1382 1028 nostrum
1428 979 1486 1027 et
1535 971 1604 1026 ad

21 1080 154 1123 suum
181 1062 518 1120 beneﬁcium
546 1063 840 1134 pertinere.
883 1063 1136 1120 Addebat
1181 1063 1352 1119 etiam
1390 1071 1602 1133 tempo-

21 1159 146 1213 ribus
171 1150 595 1219 antecessbrum
618 1170 865 1210 meorum
887 1169 946 1211 se
975 1155 1113 1211 satis
1135 1154 1370 1226 agitasse
1393 1153 1604 1209 calum-

23 1249 147 1302 niam
175 1245 356 1307 istatu,
384 1252 477 1298 set
499 1243 780 1312 justiciam
803 1243 1025 1299 minime
1049 1243 1308 1313 consequi
1340 1242 1602 1314 potuisse.

22 1334 362 1392 Convenimus
401 1349 546 1407 ergo
591 1335 852 1390 domnum
897 1331 1250 1398 Fulbertum,
1290 1333 1604 1404 episcopum

29 1426 413 1491 Camotensem,
447 1434 510 1482 et
549 1423 863 1490 Arnulfum,
912 1422 1100 1479 Sancti
1144 1423 1291 1478 Petri
1329 1423 1604 1486 abbatem,

27 1518 151 1573 atde
177 1517 274 1572 ista
301 1531 477 1572 causa
505 1516 710 1572 darent
737 1515 896 1572 nobis
917 1514 1208 1570 audientiae
1226 1513 1437 1580 locum;
1463 1514 1607 1584 quod

34 1618 78 1666 et
103 1610 337 1666 iecerunt
365 1607 550 1664 semel
578 1608 633 1664 in
663 1607 853 1665 eadem
897 1605 1025 1662 villa
1068 1620 1190 1676 quae
1237 1603 1607 1661 diciturUrsi

37 1701 246 1767 Viltaris,
274 1710 332 1757 et
355 1702 567 1758 iterum
612 1700 667 1756 in
709 1699 837 1756 villa
867 1713 990 1770 quae
1024 1697 1229 1754 dicitur
1255 1696 1605 1770 castanetus.

39 1793 262 1850 Discussa
283 1793 476 1865 itaque
497 1808 571 1851 ex
600 1801 834 1864 utraque
861 1800 1014 1864 parte
1033 1791 1428 1856 controversia,
1452 1791 1603 1846 inve-

1702 602 1812 659 illic
1838 619 1968 660 vero
1990 604 2240 661 stationis
2269 603 2607 660 vocationem
2641 619 2762 661 esse
2785 605 3020 676 percepi.
3051 605 3280 677 Deinde,

1703 693 1864 748 simili
1896 694 2123 755 ratione,
2160 694 2212 748 in
2255 692 2542 764 propatulo
2597 695 2844 750 constitit
2896 711 3002 751 non
3033 696 3285 756 humana

1703 793 1789 838 set
1817 784 1997 854 potius
2017 785 2212 839 divinae
2248 799 2369 840 esse
2403 785 2771 842 concessionis
2814 802 2900 843 me
2924 795 3088 843 tanta:
3113 787 3285 859 impe-

1703 875 1972 932 riositatis
2016 877 2257 931 dominio
2293 877 2594 945 sublimari,
2625 893 2726 934 nec
2772 879 2843 934 ob
2890 879 3036 936 aliud
3082 881 3185 936 nisi
3217 885 3289 938 al

1705 977 1912 1023 sanctae
1941 967 2132 1022 matris
2173 967 2432 1025 aecclesiie
2459 969 2830 1026 defensionem
2863 981 2919 1027 et
2947 975 3290 1030 constituens

1705 1057 1828 1112 dam
1853 1057 1997 1128 juris
2019 1057 2222 1128 publici
2253 1060 2678 1117 normalitatem.
2704 1061 2801 1116 llis
2833 1064 2906 1118 ila
2939 1078 3035 1133 per
3063 1081 3104 1119 r.
3129 1066 3291 1123 ti0uis

1705 1151 2106 1223 indagationem
2137 1151 2388 1222 cognitis,
2418 1152 2625 1210 veritus
2650 1169 2769 1210 sum
2798 1171 2866 1212 ne
2890 1155 3020 1212 i!lud
3057 1171 3292 1230 evange-

1704 1242 1909 1298 licum:
1949 1240 2134 1296 Omnis
2169 1244 2327 1296 arbor
2365 1253 2484 1314 quae
2524 1260 2627 1298 non
2653 1245 2780 1313 facit
2826 1246 3058 1316 fructum
3096 1248 3290 1303 bonum

1705 1336 1982 1391 excidatur
2009 1345 2060 1389 et
2098 1335 2154 1389 in
2201 1335 2374 1405 ignem
2421 1337 2680 1406 mittatur,
2737 1338 2899 1394 michi
2955 1338 3291 1399 iuftuctuoso

1705 1429 2080 1498 deputaretur,
2114 1427 2159 1483 si
2198 1443 2304 1482 nou
2350 1443 2447 1498 per
2490 1429 2752 1485 bonorum
2799 1431 3291 1492 emolumentorum

1706 1518 2186 1576 fructiﬁcationem
2241 1519 2486 1576 caelestis
2537 1522 2917 1593 adquisitionis
2969 1536 3295 1584 consecutor

1706 1612 1825 1668 ﬁeri
1868 1613 2215 1679 meruissem,
2255 1627 2356 1670 nec
2383 1623 2586 1670 sanctae
2629 1614 2875 1671 ecclesia:
2913 1619 3292 1690 congregatio-

1708 1717 1854 1768 nem,
1888 1701 2177 1772 probitatis
2197 1701 2464 1772 exemplo,
2491 1703 2560 1760 ad
2593 1703 2817 1759 meliora
2847 1720 3180 1764 revocarem.
3215 1707 3294 1764 Ac

1708 1807 1920 1848 memor
1957 1791 2104 1846 illius
2153 1791 2299 1862 quod
2345 1792 2545 1848 dicitur
2590 1808 2606 1849 :
2667 1792 2930 1856 Habentes
2983 1796 3296 1851 donationes

44 1884 199 1938 nimus
223 1892 433 1955 partem
461 1883 861 1940 monachorum
893 1882 970 1938 ita
1001 1881 1272 1952 scriptura
1296 1888 1354 1938 et
1383 1881 1608 1938 testibus
1637 1870 1681 1927 Β
1707 1884 1997 1940 secundum
2027 1884 2257 1954 gratiam
2301 1900 2418 1956 quia
2453 1885 2582 1940 data
2625 1896 2701 1942 est
2745 1887 2906 1954 vobis,
2938 1887 3296 1958 possessionis

42 1983 86 2029 et
111 1971 254 2044 longa
277 1973 560 2030 vestitura
579 1972 880 2040 suﬂ'ultam,
907 1982 968 2030 ut
991 1972 1138 2028 nulla
1167 1973 1604 2030 Christianorum

43 2064 138 2135 lege
161 2073 331 2135 posset
377 2066 720 2136 supradicta
747 2064 996 2122 iechesia
1037 2064 1118 2122 ‘ab
1161 2079 1352 2121 eorum
1388 2079 1604 2138 posses-

43 2154 169 2211 sione
188 2156 408 2214 auferri.
439 2156 608 2214 Unde
629 2166 824 2215 contra
842 2157 935 2229 jus
962 2169 1126 2229 atque
1154 2156 1238 2213 fas
1277 2156 1606 2218 contendere

45 2248 272 2316 nolentes,
299 2264 404 2322 ego
434 2250 697 2308 videlicet
717 2250 1003 2308 Odolricus
1022 2251 1332 2324 episcopus,
1355 2265 1411 2312 et
1435 2255 1608 2311 frater

47 2354 170 2397 meus
195 2339 564 2408 lsembardus,
589 2350 645 2399 et
667 2343 946 2415 predictus
982 2342 1293 2414 Hilduinus,
1325 2362 1448 2402 cuin
1481 2345 1606 2402 ﬁliis

50 2441 96 2487 et
119 2433 296 2490 ceteris
321 2434 660 2506 propinquis
686 2435 824 2502 suis,
851 2449 919 2491 es
953 2444 1066 2492 toto
1087 2438 1426 2508 gurpivimus
1453 2439 1604 2494 ince-

51 2533 168 2592 ptam
187 2526 509 2584 calumniam
561 2529 845 2587 monachis
875 2530 1066 2586 Sancti
1097 2530 1276 2597 Petri,
1306 2540 1606 2586 annuentes

55 2623 101 2668 ut
122 2615 271 2672 solide
291 2625 344 2674 et
383 2619 582 2690 quiete
610 2618 926 2690 possideant
953 2619 1244 2676 ecclesiam
1285 2635 1440 2695 suam
1481 2619 1605 2678 Ursi

55 2703 229 2764 Vitlaris
271 2710 321 2764 in
349 2711 901 2782 perpetuum,'sicut
937 2710 1147 2781 justum
1177 2727 1298 2768 esse
1337 2712 1608 2783 comperi-

60 2812 164 2852 mus.
202 2798 448 2856 luterdisi
502 2801 698 2868 etiam,
743 2801 1041 2873 episcOpali
1073 2803 1398 2858 auctoritate
1438 2801 1606 2858 michi

59 2903 83 2941 a
104 2887 193 2944 Deo
219 2891 428 2958 tradita,
462 2907 543 2948 ne
569 2891 694 2962 quis
719 2907 1098 2960 successorum
1124 2901 1436 2949 nostrorum
1470 2907 1608 2962 prte-

63 2979 200 3037 dictos
223 2983 518 3040 monachos
549 2983 735 3039 Sancti
755 2983 926 3051 Petri,
952 2999 1051 3055 per
1071 2982 1232 3052 hujus
1266 2985 1409 3040 modi
1432 2983 1606 3040 sacri-

64 3068 197 3140 legam
216 3072 545 3130 calumniam
569 3113 584 3139 ,
615 3073 844 3130 ulterius
871 3075 1159 3146 inquietet.
1201 3075 1369 3142 Quod,
1398 3075 1608 3132 scilicet

69 3161 434 3228 interdictumsi
465 3167 601 3238 quis
644 3167 969 3222 temerarius
998 3167 1204 3222 violare
1247 3180 1607 3237 przesumpse-

1709 1964 1876 2032 michi
1915 1975 2176 2032 divinitus
2200 1989 2489 2034 concessa!
2535 1975 2646 2034 Deo
2691 1979 2996 2049 portionem
3029 1979 3160 2036 dare
3205 1979 3300 2036 de-

1711 2068 1884 2134 crevi,
1926 2067 2054 2138 quia
2089 2066 2181 2138 qui
2214 2067 2268 2122 in
2310 2066 2532 2125 Christo
2563 2071 2898 2126 thesaurizat
2941 2085 3050 2127 non
3084 2072 3298 2143 ignorat

1707 2159 1794 2214 cui
1860 2161 2214 2231 congregabit
2271 2173 2358 2214 ea.
2417 2159 2760 2231 Quapropter
2819 2162 3032 2217 cunctis
3093 2161 3296 2220 Christi

1709 2249 1958 2306 ﬁdelibus
1988 2251 2294 2307 innotescat
2313 2250 2546 2321 qualiter
2567 2265 2668 2322 ego
2698 2251 3042 2320 supradictus
3069 2250 3300 2308 Richar-

1708 2343 1832 2408 dus,
1855 2357 1953 2412 pro
1973 2343 2169 2400 anima:
2194 2357 2326 2399 mete
2346 2352 2744 2414 parentumque
2766 2357 3008 2398 meorum
3034 2344 3298 2411 remedio,

1711 2433 1904 2489 tradidi
1939 2433 2144 2489 Sancto
2179 2433 2340 2490 Petro
2369 2433 2723 2490 Carnotcusis
2749 2434 2980 2490 cocuohii
3011 2443 3066 2489 et
3109 2451 3302 2490 muua-

1707 2522 1827 2578 chis
1877 2523 2075 2580 ibidem
2123 2523 2496 2594 servientibus
2555 2524 2828 2593 quandam
2909 2521 3294 2593 hospitaltatis

1686 2615 2096 2684 .ieceptionem,
2127 2629 2251 2673 cum
2303 2624 2446 2670 terra
2479 2614 2786 2684 ceterisque
2811 2613 3290 2685 suppellcculibus,

1709 2702 1762 2758 in
1793 2706 1916 2761 villa
1952 2705 2151 2772 Lereti,
2182 2705 2236 2760 in
2265 2704 2526 2760 comitatu
2553 2705 2914 2770 Constantini,
2936 2705 3082 2761 dicto
3110 2704 3294 2761 Tech-

1705 2800 1923 2869 villam,
1970 2813 2095 2853 cum
2147 2796 2378 2854 ecclesia
2430 2796 2895 2862 etniolcndiuis,
2934 2797 3296 2866 omnibusque

1707 2891 2055 2963 appenditiis,
2107 2889 2214 2945 ritu
2246 2888 2492 2945 videlicet
2535 2887 3006 2945 consuetudinario
3034 2888 3088 2943 in
3115 2889 3299 2959 pristi.

1708 3000 1900 3042 norum
1928 2984 2047 3041 loco
2078 2986 2422 3038 decretorum
2453 2979 2843 3062 perpetualiter
2879 2979 3192 3048 existeudu;
3239 2987 3296 3036 ct

1709 3079 1762 3134 in
1793 3079 2052 3134 comitatu
2081 3075 2278 3147 Lesuin
2317 3074 2670 3145 piscatoriam
2703 3074 2756 3128 in
2789 3071 2950 3132 ﬁuvio
2977 3073 3165 3141 Tolca,
3197 3089 3298 3147 per

1709 3169 1881 3226 sahati
1923 3183 2206 3239 vesperum
2249 3175 2302 3222 et
2347 3167 2492 3222 diem
2523 3166 2854 3222 dominicum
2899 3166 3201 3238 integrum;
3239 3169 3293 3226 in

69 3254 136 3318 rit,
161 3237 491 3330 sacrilegium
524 3257 968 3328 praesumptionis
991 3272 1106 3314 suae
1143 3257 1392 3328 legaliter
1412 3271 1606 3312 emen-
1633 3237 1676 3295 (ἶ
1707 3258 1966 3330 Sequana
2007 3237 2158 3323 vero,
2203 3272 2326 3314 cum
2369 3256 2580 3313 dierum
2619 3255 2971 3326 noctiumque
3010 3237 3297 3315 continua-

72 3342 156 3408 det,
181 3356 228 3401 et
253 3350 461 3418 punitus
506 3353 584 3407 ab
630 3352 849 3422 incepto
879 3349 1128 3405 desistat.
1161 3348 1314 3418 Quod
1353 3349 1399 3404 si
1443 3348 1607 3418 perti-

70 3433 237 3490 naciter
262 3439 452 3496 odiosa:
495 3440 828 3512 calumpnize
875 3439 1130 3508 inherere
1169 3439 1463 3506 maluerit,
1517 3437 1608 3494 illo

73 3537 154 3594 quo
169 3526 290 3584 Deus
315 3531 483 3589 iratus
517 3527 926 3604 incorrigibiles
961 3533 1221 3602 dampnat
1260 3531 1608 3587 anathemate

74 3610 268 3673 feriatur.
294 3619 428 3688 Fiat,
469 3623 596 3680 ﬁat.
629 3621 738 3678 Nos
767 3637 897 3679 vero
923 3621 1016 3693 qui
1053 3620 1385 3676 calumniam
1417 3636 1608 3692 supra-

73 3701 230 3760 dictain
277 3704 644 3783 gurpivimus,
691 3714 910 3768 nomina
952 3719 1139 3767 nostra
1193 3719 1608 3782 nostrorumque

77 3793 266 3855 ﬁdelium
293 3803 378 3873 qui
401 3813 706 3877 prasentes
725 3804 978 3870 aderant,
1003 3803 1060 3858 in
1085 3802 1340 3873 praesenti
1371 3803 1605 3871 cartula,

79 3893 300 3949 memoria:
325 3911 542 3963 causa,
594 3897 826 3952 fecimus
875 3894 1148 3952 adnotari.
1215 3893 1276 3950 8.
1334 3892 1602 3962 Odolrici,

79 3977 420 4045 Aurelianensis
473 3988 744 4060 episcopi.
813 3985 872 4042 8.
927 3985 1198 4052 l-‘ulberti,
1255 3983 1608 4048 Carnotensis

81 4067 284 4144 episcopi.
335 4075 392 4134 s.
447 4077 660 4135 Albel'li
715 4078 950 4135 abbatis.
1015 4076 1074 4133 s.
1134 4075 1413 4134 lsenbardi
1461 4074 1605 4130 laici.

85 4155 128 4210 ὃ·
154 4159 332 4222 Etfredi
357 4168 565 4227 clerici.
612 4169 674 4226 8.
722 4167 939 4226 Salonis
985 4167 1194 4224 clerici.
1249 4167 1308 4223 8.
1351 4167 1605 4232 Bovonis,

85 4247 231 4310 δοαηὶ
256 4256 425 4318 Sancti
460 4262 686 4319 Martini
731 4260 1066 4332 Turonensis
1097 4260 1159 4316 S.
1187 4259 1454 4333 'l‘esceliui
1501 4259 1610 4315 cle-

89 4340 176 4397 rici.
203 4344 252 4402 S.
277 4349 520 4412 -Tedoini.
559 4353 769 4421 clerici,
824 4353 919 4409 ﬁlii
959 4352 1236 4408 Albcrici.
1259 4352 1318 4409 8.
1370 4351 1607 4408 Hilduini

59 4427 200 4493 laici.
222 4437 275 4494 8.
302 4441 556 4516 llilduini,
613 4447 708 4501 ﬁlii
754 4445 890 4514 ejus.
920 4443 978 4502 8.
1021 4444 1292 4511 Odolrici,
1343 4443 1438 4499 ﬁlii
1467 4441 1605 4511 ejus.

93 4520 135 4576 5-
184 4526 452 4606 Pentelini,
510 4537 725 4610 nepotis
782 4536 918 4606 ejus.
983 4535 1046 4592 8.
1109 4534 1398 4591 Godefredi
1459 4534 1604 4590 laici.

93 4605 704 4710 satiroidiviceconifius.
738 4605 1112 4684 S.7Frederici
1145 4627 1210 4682 fr.
1244 4625 1366 4682 laici
1395 4625 1454 4682 s.
1498 4625 1604 4681 llu-
1637 4605 1683 4664 ι)
1709 4629 1903 4710 ejusdc

1660 4779 1664 4782 ,
1708 4719 1918 4777 clerici.
1949 4718 2008 4774 8.
2041 4717 2300 4771 lludbcrti
2331 4715 2747 4786 archiepiscopi.
2797 4717 2856 4770 S.
2908 4715 3156 4772 llerberti
3182 4717 3298 4788 cp?-

97 4709 214 4772 tonis
235 4712 501 4776 Radoardi.
533 4718 592 4777 S.
623 4719 817 4776 Gualoi
847 4719 994 4786 laici.
1031 4737 1050 4771 ι

553 4810 956 4868 CAPITULUM
1001 4809 1066 4866 ll.

101 4883 156 4939 De
173 4893 294 4952 rebus
316 4913 435 4970 quas
465 4902 765 4959 Ricltardus
790 4919 961 4958 comes
1013 4901 1212 4959 Sancto
1234 4896 1407 4959 Petro
1441 4901 1605 4956 dedit.

594 4997 760 5068 (Ante
789 5011 818 5051 a
852 4995 1038 5068 1028.)

159 5089 172 5121 ⁸
196 5073 318 5151 (150)
343 5081 396 5140 In
423 5089 639 5145 nomine
667 5096 870 5145 sanctae
897 5097 952 5144 et
983 5087 1275 5142 individua:
1303 5084 1606 5141 Trinitatis.

106 5154 186 5248 ξεο
207 5164 496 5248 Richardus,
536 5178 973 5236 Normannorum
1020 5193 1207 5236 comes
1247 5175 1603 5232 humillimus.

111 5243 241 5322 θυωι
269 5243 518 5326 catholicae
565 5271 841 5343 religionis
888 5270 1214 5340 scripturam
1253 5267 1481 5324 audiens
1515 5281 1609 5338 per

113 5343 233 5400 verba
249 5361 618 5420 ammonitionis
631 5363 853 5433 exponi,
871 5361 1032 5431 hujus
1063 5359 1391 5416 transitoria:
1417 5373 1610 5429 perpe-

115 5436 344 5513 tuaiisquc,
361 5455 553 5514 scilicet
571 5457 839 5515 secularis
864 5465 920 5514 et
941 5456 1214 5521 ctelestis,
1243 5454 1603 5510 conditionem

119 5523 416 5602 Idltuisitionis
443 5564 650 5607 mecum
681 5551 882 5608 tacitus
904 5557 1238 5620 reputarem,
1265 5563 1386 5620 quas
1413 5547 1605 5602 Italum
1651 5605 1658 5612 .

85 5675 88 5678 ,
121 5625 386 5689 praestantior
411 5638 714 5715 ﬁrmiorque
737 5642 1090 5709 consisteret;
1119 5651 1271 5706 tunc.
1297 5654 1393 5710 per
1415 5637 1610 5693 divina:

128 5730 286 5866 “(galli
320 5745 514 5825 Vulgata
539 5774 568 5814 a
599 5732 799 5816 Mabill.
825 5757 960 5815 stic.
988 5756 1254 5813 Benedict.
1282 5752 1369 5821 Vl,
1402 5760 1542 5823 part.
1568 5750 1607 5820 1.

1681 3353 1883 3415 tione,
1913 3363 2183 3405 asutnmo
2230 3346 2405 3404 sabati
2457 3346 2696 3402 diluculo
2747 3361 2916 3416 usque
2963 3347 3031 3404 ad
3064 3351 3295 3408 eundem

1677 3471 1683 3474 -
1709 3440 1857 3496 feriae
1900 3437 2152 3494 secundae
2184 3435 2472 3492 terminum
2499 3475 2514 3502 ,
2539 3445 2750 3493 tractus
2777 3448 2903 3492 octo
2933 3452 3177 3511 mearum
3208 3451 3298 3494 sa-

1707 3531 1978 3601 ginarum,
2009 3528 2240 3582 duarum
2269 3525 2479 3592 scilicet
2511 3527 2562 3580 in
2597 3538 2752 3597 portu
2782 3528 2960 3584 Daues
2981 3535 3038 3582 et
3059 3537 3298 3598 quatuor

1709 3620 1761 3674 in
1802 3628 1958 3688 portu
1989 3615 2302 3680 Cuellebod,
2328 3615 2556 3670 duarum
2590 3615 2648 3692 iu.
2695 3617 2836 3672 fossa
2865 3616 3134 3684 Hclluini;
3159 3627 3217 3672 et
3238 3626 3298 3673 ut

1673 3768 1678 3773 ,
1709 3710 1762 3766 in
1788 3710 2043 3765 omnibus
2083 3699 2454 3781 mercimoniis
2484 3707 2683 3778 ubivis
2711 3707 2952 3763 locorum
2984 3721 3118 3763 mete
3143 3716 3298 3780 pote-

1673 3863 1676 3868 _
1707 3802 1868 3858 statis
1893 3800 2118 3872 agendis
2155 3799 2322 3870 nichil
2345 3799 2550 3880 ltelouci
2592 3797 2927 3872 persolvant,
2960 3814 3060 3870 pro
3088 3798 3295 3856 Chrisi

1707 3890 1934 3960 amore,
1967 3892 2364 3965 pcrpetualiter
2413 3882 2728 3963 perdonavi.
2780 3889 2836 3945 lu
2897 3889 3022 3945 villa
3079 3905 3297 3962 quoque

1671 4021 1674 4024 ~
1708 3984 1956 4052 Cadoui,.
1973 3999 2138 4056 supra
2166 3984 2450 4041 memorati
2470 3982 2704 4054 coenobii
2730 3983 3011 4038 monachis
3024 3984 3293 4052 quandam

1709 4077 2050 4134 mansionem
2082 4092 2207 4133 cum
2236 4077 2490 4133 omnibus
2515 4075 2844 4140 intrinsecus
2875 4086 2929 4128 et
2958 4076 3297 4147 extrinsecus

1709 4171 2040 4242 appenditiis
2085 4169 2306 4236 tradidi,
2355 4183 2423 4225 eo
2474 4167 2707 4224 rationis
2753 4177 2966 4237 tenore,
2993 4178 3053 4224 ut
3091 4183 3158 4226 ex
3189 4167 3298 4226 illis

1707 4263 2015 4333 ceterisque
2069 4263 2234 4318 rebus
2277 4259 2652 4333 prmtitulatis.
2684 4258 2890 4330 absque
2937 4261 3117 4314 omnis
3160 4273 3296 4316 cutt-

1711 4351 2050 4422 tradictiunis
2088 4352 2357 4416 molestia,
2407 4350 2634 4406 liberam
2685 4348 2921 4406 habeant
2970 4360 3295 4421 potcsatem

1709 4446 2000 4502 retinendi.
2032 4443 2090 4501 8.
2114 4442 2366 4498 lticliartli
2389 4441 2626 4498 comitis.
2656 4441 2716 4497 S.
2740 4441 2964 4498 Gonnor
2984 4441 3296 4498 comitis'itr.

1711 4537 1769 4594 s.
1804 4521 2082 4604 liii-nanti,
2115 4536 2208 4591 lilii
2237 4535 2354 4605 ejus
2389 4535 2626 4604 comitis.
2661 4533 2718 4590 s.
2763 4533 3048 4597 Rodberti,
3082 4535 3298 4606 com'tis

1709 4629 1956 4698 ejusdem
1988 4626 2105 4680 lilii.
2141 4625 2198 4680 8.
2225 4623 2506 4688 Willelmi,
2537 4622 2630 4678 ﬁlii
2662 4621 2922 4693 ejusdem.
2951 4623 3009 4678 8.
3037 4624 3132 4679 Rol
3155 4623 3189 4676 d
3212 4620 3296 4678 ri

1709 4810 1859 4882 scopi
1895 4811 1954 4866 8.
1981 4807 2290 4874 'l‘cuderici,
2322 4805 2537 4861 abbatis
2563 4805 2621 4860 8.
2655 4803 2926 4862 lluuiridi.
2961 4825 2980 4858 s

2225 4919 2624 4976 CAPITULUM
2672 4919 2760 4974 Ill.

1783 5016 1859 5073 Dc
1889 5016 2039 5070 rebus
2061 5029 2194 5085 quas
2225 5013 2366 5068 dedit
2403 5011 2675 5136 τείσειν.
2703 5007 2988 5065 monachus
3027 5007 3226 5066 Sancta

2467 5093 2597 5136 etro.

2467 5093 2597 5136 etro.

2271 5173 2435 5242 (Ante
2473 5189 2526 5227 a.
2563 5169 2744 5240 1028.)

1789 5290 1808 5342 ς
1849 5271 1905 5326 In
1949 5269 2167 5325 nomine
2209 5264 2443 5322 Domini.
2479 5263 2591 5334 Ego
2631 5262 2916 5318 Arefasttts
2966 5271 3151 5332 notum
3177 5275 3304 5318 esse

1715 5363 1837 5418 volo
1857 5359 2110 5422 omnibus
2135 5352 2498 5420 Christianis,
2517 5353 2645 5424 quia
2685 5366 2775 5408 res
2822 5351 3144 5423 hereditatis
3169 5365 3303 5407 mea:

1717 5453 1918 5511 Sancto
1943 5451 2103 5506 Petro
2119 5445 2356 5502 concedo
2371 5444 2692 5502 Carnotensi
2715 5443 2984 5508 emnobio,
3007 5457 3105 5514 pro
3127 5441 3302 5498 salute
3323 5442 3330 5448 ’

1713 5561 1834 5604 mea
1869 5555 1927 5602 et
1949 5553 2360 5600 antecessorum
2393 5553 2636 5594 meorum
2654 5529 2768 5596 nec
2795 5553 2899 5594 non
2927 5545 2984 5593 et
3002 5550 3099 5607 pro
3124 5534 3302 5591 salute

1713 5639 1932 5714 comitis
1961 5634 2220 5700 Richardi
2249 5631 2400 5706 (151)
2427 5641 2484 5688 et
2511 5632 2704 5703 matris
2730 5624 2842 5687 suae
2871 5625 3220 5689 Gonnoridis,
3245 5631 3306 5681 et

1787 5750 1938 5826 (liii)
1981 5748 2078 5808 llic
2105 5745 2391 5826 agiturnde
2427 5743 2627 5804 comite
2653 5739 2925 5800 Ricbardo
2962 5736 3028 5808 ll,
3065 5734 3160 5810 qui
3187 5734 3303 5792 vita

1718 5815 1938 5884 functus
1955 5863 1957 5866 ‹
1972 5831 2058 5878 est
2085 5815 2228 5878 anno
2255 5815 2410 5874 1027.
