  <div class='ocr_page' id='page_1' title='image "/cluster/home/n/w/nwhite01/storage/ocr_20150623/155/hvd.32044015473838/137.png"; bbox 0 0 3842 6308; ppageno 0'>
   <div class='ocr_carea' id='block_1_1' title="bbox 544 400 652 457">
    <p class='ocr_par' dir='ltr' id='par_1_1' title="bbox 544 400 652 457">
     <span class='ocr_line' id='line_1_1' title="bbox 544 400 652 457; baseline 0 0"><span class='ocrx_word' id='word_1_1' title='bbox 544 400 652 457; x_wconf 75' lang='lat'><strong>263</strong></span> 
     </span>
    </p>
   </div>
   <div class='ocr_carea' id='block_1_2' title="bbox 1538 374 3733 444">
    <p class='ocr_par' dir='ltr' id='par_1_2' title="bbox 1538 374 3733 444">
     <span class='ocr_line' id='line_1_2' title="bbox 1538 374 3733 444; baseline -0.003 -2"><span class='ocrx_word' id='word_1_2' title='bbox 1538 384 1740 444; x_wconf 78' lang='lat' dir='ltr'><strong>PAULl</strong></span> <span class='ocrx_word' id='word_1_3' title='bbox 1782 382 1840 440; x_wconf 87' lang='lat' dir='ltr'><strong>S.</strong></span> <span class='ocrx_word' id='word_1_4' title='bbox 1872 379 2079 439; x_wconf 75' lang='lat' dir='ltr'><strong>PETRI</strong></span> <span class='ocrx_word' id='word_1_5' title='bbox 2117 374 2598 437; x_wconf 63' lang='lat' dir='ltr'><strong>CARNOTENSIS</strong></span> <span class='ocrx_word' id='word_1_6' title='bbox 2632 374 2943 434; x_wconf 76' lang='lat' dir='ltr'><strong>MONACHI</strong></span> <span class='ocrx_word' id='word_1_7' title='bbox 3660 378 3733 436; x_wconf 57' lang='grc' dir='ltr'><strong>εει</strong></span> 
     </span>
    </p>
   </div>
   <div class='ocr_carea' id='block_1_3' title="bbox 548 484 3732 576">
    <p class='ocr_par' dir='ltr' id='par_1_3' title="bbox 548 484 3732 576">
     <span class='ocr_line' id='line_1_3' title="bbox 548 484 3732 576; baseline -0.008 -6"><span class='ocrx_word' id='word_1_8' title='bbox 548 514 778 571; x_wconf 84' lang='lat' dir='ltr'><strong>filiorum</strong></span> <span class='ocrx_word' id='word_1_9' title='bbox 812 507 1131 576; x_wconf 83' lang='lat' dir='ltr'><strong>utriusque,</strong></span> <span class='ocrx_word' id='word_1_10' title='bbox 1179 515 1411 573; x_wconf 88' lang='lat' dir='ltr'><strong>quorum</strong></span> <span class='ocrx_word' id='word_1_11' title='bbox 1459 499 1684 563; x_wconf 85' lang='lat' dir='ltr'><strong>consilio</strong></span> <span class='ocrx_word' id='word_1_12' title='bbox 1718 508 1774 553; x_wconf 90' lang='lat' dir='ltr'><strong>et</strong></span> <span class='ocrx_word' id='word_1_13' title='bbox 1827 496 2015 551; x_wconf 78' lang='lat' dir='ltr'><strong>favore</strong></span> <span class='ocrx_word' id='word_1_14' title='bbox 2069 493 2122 549; x_wconf 99' lang='lat' dir='ltr'><strong>id</strong></span> <span class='ocrx_word' id='word_1_15' title='bbox 2150 496 2201 549; x_wconf 71' lang='grc' dir='ltr'><strong>Α</strong></span> <span class='ocrx_word' id='word_1_16' title='bbox 2225 493 2445 548; x_wconf 90' lang='lat' dir='ltr'><strong>nomine</strong></span> <span class='ocrx_word' id='word_1_17' title='bbox 2465 490 2816 557; x_wconf 88' lang='lat' dir='ltr'><strong>llerbertum,</strong></span> <span class='ocrx_word' id='word_1_18' title='bbox 2839 491 2953 560; x_wconf 90' lang='lat' dir='ltr'><strong>qui,</strong></span> <span class='ocrx_word' id='word_1_19' title='bbox 2978 486 3228 544; x_wconf 76' lang='lat' dir='ltr'><strong>lectionis</strong></span> <span class='ocrx_word' id='word_1_20' title='bbox 3250 484 3732 558; x_wconf 76' lang='lat' dir='ltr'><strong>gratia,Aurelianam</strong></span> 
     </span>
    </p>
   </div>
   <div class='ocr_carea' id='block_1_4' title="bbox 548 585 2131 665">
    <p class='ocr_par' dir='ltr' id='par_1_4' title="bbox 548 585 2131 665">
     <span class='ocr_line' id='line_1_4' title="bbox 548 585 2131 665; baseline -0.013 -6"><span class='ocrx_word' id='word_1_21' title='bbox 548 604 709 660; x_wconf 81' lang='lat' dir='ltr'><strong>facio.</strong></span> <span class='ocrx_word' id='word_1_22' title='bbox 744 599 886 655; x_wconf 91' lang='lat' dir='ltr'><strong>Sunt</strong></span> <span class='ocrx_word' id='word_1_23' title='bbox 908 605 1089 651; x_wconf 89' lang='lat' dir='ltr'><strong>autem</strong></span> <span class='ocrx_word' id='word_1_24' title='bbox 1121 594 1253 665; x_wconf 85' lang='lat' dir='ltr'><strong>ipsae</strong></span> <span class='ocrx_word' id='word_1_25' title='bbox 1296 605 1384 647; x_wconf 85' lang='lat' dir='ltr'><strong>res</strong></span> <span class='ocrx_word' id='word_1_26' title='bbox 1410 591 1464 644; x_wconf 91' lang='lat' dir='ltr'><strong>in</strong></span> <span class='ocrx_word' id='word_1_27' title='bbox 1504 604 1641 659; x_wconf 83' lang='lat' dir='ltr'><strong>pago</strong></span> <span class='ocrx_word' id='word_1_28' title='bbox 1669 585 2131 650; x_wconf 85' lang='lat' dir='ltr'><strong>Cunstautineusi,</strong></span> 
     </span>
    </p>
   </div>
   <div class='ocr_carea' id='block_1_5' title="bbox 547 678 2139 768">
    <p class='ocr_par' dir='ltr' id='par_1_5' title="bbox 547 678 2139 768">
     <span class='ocr_line' id='line_1_5' title="bbox 547 678 2139 768; baseline -0.013 -16"><span class='ocrx_word' id='word_1_29' title='bbox 547 693 842 768; x_wconf 72' lang='lat' dir='ltr'><strong>provinciae</strong></span> <span class='ocrx_word' id='word_1_30' title='bbox 894 686 1275 749; x_wconf 67' lang='lat' dir='ltr'><strong>Normannim,</strong></span> <span class='ocrx_word' id='word_1_31' title='bbox 1324 698 1421 754; x_wconf 87' lang='lat' dir='ltr'><strong>per</strong></span> <span class='ocrx_word' id='word_1_32' title='bbox 1470 682 1587 736; x_wconf 89' lang='lat' dir='ltr'><strong>loca</strong></span> <span class='ocrx_word' id='word_1_33' title='bbox 1634 681 1850 745; x_wconf 64' lang='lat' dir='ltr'><strong>divisas,</strong></span> <span class='ocrx_word' id='word_1_34' title='bbox 1903 678 2139 748; x_wconf 73' lang='lat' dir='ltr'><strong>quarunt</strong></span> 
     </span>
    </p>
   </div>
   <div class='ocr_carea' id='block_1_6' title="bbox 552 770 2139 849">
    <p class='ocr_par' dir='ltr' id='par_1_6' title="bbox 552 770 2139 849">
     <span class='ocr_line' id='line_1_6' title="bbox 552 770 2139 849; baseline -0.013 -5"><span class='ocrx_word' id='word_1_35' title='bbox 552 788 772 844; x_wconf 87' lang='lat' dir='ltr'><strong>nomina</strong></span> <span class='ocrx_word' id='word_1_36' title='bbox 819 780 1122 849; x_wconf 81' lang='lat' dir='ltr'><strong>subscripta</strong></span> <span class='ocrx_word' id='word_1_37' title='bbox 1172 776 1442 830; x_wconf 80' lang='lat' dir='ltr'><strong>videnlur.</strong></span> <span class='ocrx_word' id='word_1_38' title='bbox 1496 772 1553 827; x_wconf 87' lang='lat' dir='ltr'><strong>In</strong></span> <span class='ocrx_word' id='word_1_39' title='bbox 1605 771 1730 826; x_wconf 88' lang='lat' dir='ltr'><strong>villa</strong></span> <span class='ocrx_word' id='word_1_40' title='bbox 1784 770 1993 826; x_wconf 75' lang='lat' dir='ltr'><strong>scilicet</strong></span> <span class='ocrx_word' id='word_1_41' title='bbox 2018 782 2139 838; x_wconf 58' lang='lat' dir='ltr'><strong>qua</strong></span> 
     </span>
    </p>
   </div>
   <div class='ocr_carea' id='block_1_7' title="bbox 552 860 2139 939">
    <p class='ocr_par' dir='ltr' id='par_1_7' title="bbox 552 860 2139 939">
     <span class='ocr_line' id='line_1_7' title="bbox 552 860 2139 939; baseline -0.013 -4"><span class='ocrx_word' id='word_1_42' title='bbox 552 889 773 937; x_wconf 78' lang='lat' dir='ltr'><strong>vocatur</strong></span> <span class='ocrx_word' id='word_1_43' title='bbox 803 860 990 937; x_wconf 81' lang='lat' dir='ltr'><strong>llams,</strong></span> <span class='ocrx_word' id='word_1_44' title='bbox 1022 880 1228 928; x_wconf 81' lang='lat' dir='ltr'><strong>sextam</strong></span> <span class='ocrx_word' id='word_1_45' title='bbox 1254 876 1465 939; x_wconf 88' lang='lat' dir='ltr'><strong>partem</strong></span> <span class='ocrx_word' id='word_1_46' title='bbox 1496 865 1564 920; x_wconf 91' lang='lat' dir='ltr'><strong>de</strong></span> <span class='ocrx_word' id='word_1_47' title='bbox 1592 865 1848 919; x_wconf 91' lang='lat' dir='ltr'><strong>omnibus</strong></span> <span class='ocrx_word' id='word_1_48' title='bbox 1876 861 2139 917; x_wconf 84' lang='lat' dir='ltr'><strong>reditibus</strong></span> 
     </span>
    </p>
   </div>
   <div class='ocr_carea' id='block_1_8' title="bbox 551 952 2137 1043">
    <p class='ocr_par' dir='ltr' id='par_1_8' title="bbox 551 952 2137 1043">
     <span class='ocr_line' id='line_1_8' title="bbox 551 952 2137 1043; baseline -0.013 -16"><span class='ocrx_word' id='word_1_49' title='bbox 551 988 671 1043; x_wconf 62' lang='lat' dir='ltr'><strong>qua}</strong></span> <span class='ocrx_word' id='word_1_50' title='bbox 694 971 759 1025; x_wconf 89' lang='lat' dir='ltr'><strong>de</strong></span> <span class='ocrx_word' id='word_1_51' title='bbox 782 970 871 1022; x_wconf 87' lang='lat' dir='ltr'><strong>illa</strong></span> <span class='ocrx_word' id='word_1_52' title='bbox 898 972 1116 1028; x_wconf 82' lang='lat' dir='ltr'><strong>exeunt,</strong></span> <span class='ocrx_word' id='word_1_53' title='bbox 1143 961 1388 1016; x_wconf 84' lang='lat' dir='ltr'><strong>videlicet</strong></span> <span class='ocrx_word' id='word_1_54' title='bbox 1418 959 1485 1013; x_wconf 91' lang='lat' dir='ltr'><strong>de</strong></span> <span class='ocrx_word' id='word_1_55' title='bbox 1507 956 1791 1019; x_wconf 69' lang='lat' dir='ltr'><strong>meclesiis,</strong></span> <span class='ocrx_word' id='word_1_56' title='bbox 1814 963 1870 1009; x_wconf 91' lang='lat' dir='ltr'><strong>et</strong></span> <span class='ocrx_word' id='word_1_57' title='bbox 1890 956 1958 1009; x_wconf 90' lang='lat' dir='ltr'><strong>de</strong></span> <span class='ocrx_word' id='word_1_58' title='bbox 1980 952 2137 1018; x_wconf 88' lang='lat' dir='ltr'><strong>silva,</strong></span> 
     </span>
    </p>
   </div>
   <div class='ocr_carea' id='block_1_9' title="bbox 551 1046 2138 1129">
    <p class='ocr_par' dir='ltr' id='par_1_9' title="bbox 551 1046 2138 1129">
     <span class='ocr_line' id='line_1_9' title="bbox 551 1046 2138 1129; baseline -0.013 -11"><span class='ocrx_word' id='word_1_59' title='bbox 551 1062 697 1117; x_wconf 84' lang='lat' dir='ltr'><strong>etde</strong></span> <span class='ocrx_word' id='word_1_60' title='bbox 744 1059 925 1129; x_wconf 89' lang='lat' dir='ltr'><strong>plano,</strong></span> <span class='ocrx_word' id='word_1_61' title='bbox 970 1065 1022 1109; x_wconf 89' lang='lat' dir='ltr'><strong>et</strong></span> <span class='ocrx_word' id='word_1_62' title='bbox 1056 1053 1122 1107; x_wconf 86' lang='lat' dir='ltr'><strong>de</strong></span> <span class='ocrx_word' id='word_1_63' title='bbox 1167 1052 1436 1113; x_wconf 74' lang='lat' dir='ltr'><strong>marisro,</strong></span> <span class='ocrx_word' id='word_1_64' title='bbox 1480 1056 1710 1117; x_wconf 86' lang='lat' dir='ltr'><strong>excepto</strong></span> <span class='ocrx_word' id='word_1_65' title='bbox 1736 1046 2049 1101; x_wconf 87' lang='lat' dir='ltr'><strong>molendtuo</strong></span> <span class='ocrx_word' id='word_1_66' title='bbox 2079 1051 2138 1099; x_wconf 86' lang='lat' dir='ltr'><strong>et</strong></span> 
     </span>
    </p>
   </div>
   <div class='ocr_carea' id='block_1_10' title="bbox 552 1132 2138 1218">
    <p class='ocr_par' dir='ltr' id='par_1_10' title="bbox 552 1132 2138 1218">
     <span class='ocr_line' id='line_1_10' title="bbox 552 1132 2138 1218; baseline -0.013 -12"><span class='ocrx_word' id='word_1_67' title='bbox 552 1151 774 1207; x_wconf 78' lang='lat' dir='ltr'><strong>exclusa</strong></span> <span class='ocrx_word' id='word_1_68' title='bbox 819 1161 980 1218; x_wconf 89' lang='lat' dir='ltr'><strong>quam</strong></span> <span class='ocrx_word' id='word_1_69' title='bbox 1024 1143 1150 1197; x_wconf 87' lang='lat' dir='ltr'><strong>fecit</strong></span> <span class='ocrx_word' id='word_1_70' title='bbox 1195 1138 1467 1210; x_wconf 81' lang='lat' dir='ltr'><strong>Rogerius</strong></span> <span class='ocrx_word' id='word_1_71' title='bbox 1520 1136 1660 1190; x_wconf 89' lang='lat' dir='ltr'><strong>fleri.</strong></span> <span class='ocrx_word' id='word_1_72' title='bbox 1713 1134 1810 1190; x_wconf 89' lang='lat' dir='ltr'><strong>Set</strong></span> <span class='ocrx_word' id='word_1_73' title='bbox 1862 1142 2042 1189; x_wconf 87' lang='lat' dir='ltr'><strong>tamen</strong></span> <span class='ocrx_word' id='word_1_74' title='bbox 2082 1132 2138 1187; x_wconf 92' lang='lat' dir='ltr'><strong>in</strong></span> 
     </span>
    </p>
   </div>
   <div class='ocr_carea' id='block_1_11' title="bbox 554 1224 2143 1304">
    <p class='ocr_par' dir='ltr' id='par_1_11' title="bbox 554 1224 2143 1304">
     <span class='ocr_line' id='line_1_11' title="bbox 554 1224 2143 1304; baseline -0.011 -8"><span class='ocrx_word' id='word_1_75' title='bbox 554 1239 865 1297; x_wconf 91' lang='lat' dir='ltr'><strong>molendino</strong></span> <span class='ocrx_word' id='word_1_76' title='bbox 899 1237 1011 1298; x_wconf 83' lang='lat' dir='ltr'><strong>illo,</strong></span> <span class='ocrx_word' id='word_1_77' title='bbox 1066 1247 1172 1304; x_wconf 84' lang='lat' dir='ltr'><strong>qua</strong></span> <span class='ocrx_word' id='word_1_78' title='bbox 1205 1232 1337 1286; x_wconf 89' lang='lat' dir='ltr'><strong>hora</strong></span> <span class='ocrx_word' id='word_1_79' title='bbox 1384 1228 1652 1283; x_wconf 85' lang='lat' dir='ltr'><strong>voluerint</strong></span> <span class='ocrx_word' id='word_1_80' title='bbox 1699 1226 1915 1289; x_wconf 81' lang='lat' dir='ltr'><strong>fratres,</strong></span> <span class='ocrx_word' id='word_1_81' title='bbox 1942 1224 2143 1295; x_wconf 80' lang='lat' dir='ltr'><strong>quibus</strong></span> 
     </span>
    </p>
   </div>
   <div class='ocr_carea' id='block_1_12' title="bbox 551 1314 2139 1393">
    <p class='ocr_par' dir='ltr' id='par_1_12' title="bbox 551 1314 2139 1393">
     <span class='ocr_line' id='line_1_12' title="bbox 551 1314 2139 1393; baseline -0.012 -5"><span class='ocrx_word' id='word_1_82' title='bbox 551 1334 667 1388; x_wconf 78' lang='lat' dir='ltr'><strong>hzcc</strong></span> <span class='ocrx_word' id='word_1_83' title='bbox 696 1330 933 1386; x_wconf 80' lang='lat' dir='ltr'><strong>concedo</strong></span> <span class='ocrx_word' id='word_1_84' title='bbox 956 1368 969 1393; x_wconf 92' lang='lat'><strong>,</strong></span> <span class='ocrx_word' id='word_1_85' title='bbox 1002 1325 1208 1380; x_wconf 81' lang='lat' dir='ltr'><strong>molere</strong></span> <span class='ocrx_word' id='word_1_86' title='bbox 1233 1329 1519 1393; x_wconf 89' lang='lat' dir='ltr'><strong>poterunt,</strong></span> <span class='ocrx_word' id='word_1_87' title='bbox 1555 1319 1759 1388; x_wconf 83' lang='lat' dir='ltr'><strong>absque</strong></span> <span class='ocrx_word' id='word_1_88' title='bbox 1790 1324 2060 1386; x_wconf 84' lang='lat' dir='ltr'><strong>respectu,</strong></span> <span class='ocrx_word' id='word_1_89' title='bbox 2094 1314 2139 1370; x_wconf 87' lang='lat' dir='ltr'><strong>si</strong></span> 
     </span>
    </p>
   </div>
   <div class='ocr_carea' id='block_1_13' title="bbox 553 1408 2144 1480">
    <p class='ocr_par' dir='ltr' id='par_1_13' title="bbox 553 1408 2144 1480">
     <span class='ocr_line' id='line_1_13' title="bbox 553 1408 2144 1480; baseline -0.013 0"><span class='ocrx_word' id='word_1_90' title='bbox 553 1424 819 1480; x_wconf 89' lang='lat' dir='ltr'><strong>dominica</strong></span> <span class='ocrx_word' id='word_1_91' title='bbox 852 1434 1073 1475; x_wconf 86' lang='lat' dir='ltr'><strong>annona</strong></span> <span class='ocrx_word' id='word_1_92' title='bbox 1110 1416 1256 1471; x_wconf 86' lang='lat' dir='ltr'><strong>illius</strong></span> <span class='ocrx_word' id='word_1_93' title='bbox 1286 1417 1504 1473; x_wconf 84' lang='lat' dir='ltr'><strong>inventa</strong></span> <span class='ocrx_word' id='word_1_94' title='bbox 1531 1427 1639 1468; x_wconf 89' lang='lat' dir='ltr'><strong>non</strong></span> <span class='ocrx_word' id='word_1_95' title='bbox 1679 1411 1842 1466; x_wconf 87' lang='lat' dir='ltr'><strong>fuerit</strong></span> <span class='ocrx_word' id='word_1_96' title='bbox 1866 1408 2022 1479; x_wconf 86' lang='lat' dir='ltr'><strong>cujus</strong></span> <span class='ocrx_word' id='word_1_97' title='bbox 2059 1414 2144 1464; x_wconf 90' lang='lat' dir='ltr'><strong>est</strong></span> 
     </span>
    </p>
   </div>
   <div class='ocr_carea' id='block_1_14' title="bbox 565 1500 2142 1577">
    <p class='ocr_par' dir='ltr' id='par_1_14' title="bbox 565 1500 2142 1577">
     <span class='ocr_line' id='line_1_14' title="bbox 565 1500 2142 1577; baseline -0.008 -10"><span class='ocrx_word' id='word_1_98' title='bbox 565 1500 931 1577; x_wconf 87' lang='lat' dir='ltr'><strong>molendinns,</strong></span> <span class='ocrx_word' id='word_1_99' title='bbox 965 1509 1170 1563; x_wconf 90' lang='lat' dir='ltr'><strong>nullum</strong></span> <span class='ocrx_word' id='word_1_100' title='bbox 1206 1508 1330 1563; x_wconf 89' lang='lat' dir='ltr'><strong>inde</strong></span> <span class='ocrx_word' id='word_1_101' title='bbox 1373 1505 1799 1562; x_wconf 86' lang='lat' dir='ltr'><strong>emolumentum</strong></span> <span class='ocrx_word' id='word_1_102' title='bbox 1831 1502 2142 1557; x_wconf 88' lang='lat' dir='ltr'><strong>reddentes.</strong></span> 
     </span>
    </p>
   </div>
   <div class='ocr_carea' id='block_1_15' title="bbox 562 1592 2144 1670">
    <p class='ocr_par' dir='ltr' id='par_1_15' title="bbox 562 1592 2144 1670">
     <span class='ocr_line' id='line_1_15' title="bbox 562 1592 2144 1670; baseline -0.011 -9"><span class='ocrx_word' id='word_1_103' title='bbox 562 1605 814 1661; x_wconf 86' lang='lat' dir='ltr'><strong>Concedo</strong></span> <span class='ocrx_word' id='word_1_104' title='bbox 841 1604 1007 1658; x_wconf 90' lang='lat' dir='ltr'><strong>etiam</strong></span> <span class='ocrx_word' id='word_1_105' title='bbox 1041 1608 1095 1656; x_wconf 92' lang='lat' dir='ltr'><strong>iu</strong></span> <span class='ocrx_word' id='word_1_106' title='bbox 1147 1615 1284 1670; x_wconf 85' lang='lat' dir='ltr'><strong>aqua</strong></span> <span class='ocrx_word' id='word_1_107' title='bbox 1329 1597 1568 1667; x_wconf 87' lang='lat' dir='ltr'><strong>ejusdem</strong></span> <span class='ocrx_word' id='word_1_108' title='bbox 1596 1595 1760 1659; x_wconf 66' lang='lat' dir='ltr'><strong>villtc,</strong></span> <span class='ocrx_word' id='word_1_109' title='bbox 1809 1592 1896 1649; x_wconf 90' lang='lat' dir='ltr'><strong>cui</strong></span> <span class='ocrx_word' id='word_1_110' title='bbox 1946 1606 2144 1647; x_wconf 85' lang='lat' dir='ltr'><strong>nomen</strong></span> 
     </span>
    </p>
   </div>
   <div class='ocr_carea' id='block_1_16' title="bbox 554 1681 2144 1762">
    <p class='ocr_par' dir='ltr' id='par_1_16' title="bbox 554 1681 2144 1762">
     <span class='ocr_line' id='line_1_16' title="bbox 554 1681 2144 1762; baseline -0.009 -13"><span class='ocrx_word' id='word_1_111' title='bbox 554 1704 641 1748; x_wconf 87' lang='lat' dir='ltr'><strong>est</strong></span> <span class='ocrx_word' id='word_1_112' title='bbox 691 1692 857 1749; x_wconf 87' lang='lat' dir='ltr'><strong>Uldra</strong></span> <span class='ocrx_word' id='word_1_113' title='bbox 891 1692 1065 1762; x_wconf 72' lang='grc'><strong>(152),</strong></span> <span class='ocrx_word' id='word_1_114' title='bbox 1096 1691 1231 1745; x_wconf 88' lang='lat' dir='ltr'><strong>duas</strong></span> <span class='ocrx_word' id='word_1_115' title='bbox 1263 1689 1556 1759; x_wconf 88' lang='lat' dir='ltr'><strong>piscarias;</strong></span> <span class='ocrx_word' id='word_1_116' title='bbox 1600 1695 1656 1741; x_wconf 88' lang='lat' dir='ltr'><strong>et</strong></span> <span class='ocrx_word' id='word_1_117' title='bbox 1700 1685 1752 1739; x_wconf 92' lang='lat' dir='ltr'><strong>in</strong></span> <span class='ocrx_word' id='word_1_118' title='bbox 1802 1684 1991 1739; x_wconf 88' lang='lat' dir='ltr'><strong>eadem</strong></span> <span class='ocrx_word' id='word_1_119' title='bbox 2019 1681 2144 1736; x_wconf 88' lang='lat' dir='ltr'><strong>villa</strong></span> 
     </span>
    </p>
   </div>
   <div class='ocr_carea' id='block_1_17' title="bbox 558 1775 2143 1841">
    <p class='ocr_par' dir='ltr' id='par_1_17' title="bbox 558 1775 2143 1841">
     <span class='ocr_line' id='line_1_17' title="bbox 558 1775 2143 1841; baseline -0.006 -2"><span class='ocrx_word' id='word_1_120' title='bbox 558 1792 847 1839; x_wconf 87' lang='lat' dir='ltr'><strong>manentes</strong></span> <span class='ocrx_word' id='word_1_121' title='bbox 878 1792 989 1838; x_wconf 86' lang='lat' dir='ltr'><strong>tres</strong></span> <span class='ocrx_word' id='word_1_122' title='bbox 1035 1782 1249 1837; x_wconf 80' lang='lat' dir='ltr'><strong>milites</strong></span> <span class='ocrx_word' id='word_1_123' title='bbox 1270 1780 1513 1837; x_wconf 84' lang='lat' dir='ltr'><strong>concedo</strong></span> <span class='ocrx_word' id='word_1_124' title='bbox 1540 1794 1662 1834; x_wconf 88' lang='lat' dir='ltr'><strong>cum</strong></span> <span class='ocrx_word' id='word_1_125' title='bbox 1695 1775 1978 1831; x_wconf 86' lang='lat' dir='ltr'><strong>beneficiis</strong></span> <span class='ocrx_word' id='word_1_126' title='bbox 2004 1775 2143 1841; x_wconf 87' lang='lat' dir='ltr'><strong>suis,</strong></span> 
     </span>
    </p>
   </div>
   <div class='ocr_carea' id='block_1_18' title="bbox 2242 580 3807 661">
    <p class='ocr_par' dir='ltr' id='par_1_18' title="bbox 2242 580 3807 661">
     <span class='ocr_line' id='line_1_18' title="bbox 2242 580 3807 661; baseline -0.001 -21"><span class='ocrx_word' id='word_1_127' title='bbox 2242 587 2432 641; x_wconf 88' lang='lat' dir='ltr'><strong>urbem</strong></span> <span class='ocrx_word' id='word_1_128' title='bbox 2463 586 2627 642; x_wconf 88' lang='lat' dir='ltr'><strong>adire</strong></span> <span class='ocrx_word' id='word_1_129' title='bbox 2662 586 3002 641; x_wconf 80' lang='lat' dir='ltr'><strong>decreverat.</strong></span> <span class='ocrx_word' id='word_1_130' title='bbox 3057 582 3246 637; x_wconf 82' lang='lat' dir='ltr'><strong>Verum</strong></span> <span class='ocrx_word' id='word_1_131' title='bbox 3283 580 3409 636; x_wconf 90' lang='lat' dir='ltr'><strong>dum</strong></span> <span class='ocrx_word' id='word_1_132' title='bbox 3434 581 3646 638; x_wconf 75' lang='lat' dir='ltr'><strong>veritatis</strong></span> <span class='ocrx_word' id='word_1_133' title='bbox 3674 600 3737 639; x_wconf 65' lang='grc' dir='ltr'><strong>τοι</strong></span> 
     </span>
    </p>
   </div>
   <div class='ocr_carea' id='block_1_19' title="bbox 2238 674 3741 746">
    <p class='ocr_par' dir='ltr' id='par_1_19' title="bbox 2238 674 3741 746">
     <span class='ocr_line' id='line_1_19' title="bbox 2238 674 3741 746; baseline 0 -14"><span class='ocrx_word' id='word_1_134' title='bbox 2238 688 2424 733; x_wconf 89' lang='lat' dir='ltr'><strong>ctores</strong></span> <span class='ocrx_word' id='word_1_135' title='bbox 2445 691 2677 745; x_wconf 87' lang='lat' dir='ltr'><strong>querere</strong></span> <span class='ocrx_word' id='word_1_136' title='bbox 2707 685 3004 746; x_wconf 86' lang='lat' dir='ltr'><strong>satageret,</strong></span> <span class='ocrx_word' id='word_1_137' title='bbox 3053 689 3188 732; x_wconf 85' lang='lat' dir='ltr'><strong>ceco</strong></span> <span class='ocrx_word' id='word_1_138' title='bbox 3226 675 3421 730; x_wconf 90' lang='lat' dir='ltr'><strong>itinere</strong></span> <span class='ocrx_word' id='word_1_139' title='bbox 3448 674 3498 729; x_wconf 92' lang='lat' dir='ltr'><strong>in</strong></span> <span class='ocrx_word' id='word_1_140' title='bbox 3524 676 3658 730; x_wconf 86' lang='lat' dir='ltr'><strong>totius</strong></span> <span class='ocrx_word' id='word_1_141' title='bbox 3682 680 3741 732; x_wconf 63' lang='lat' dir='ltr'><strong>lie</strong></span> 
     </span>
    </p>
   </div>
   <div class='ocr_carea' id='block_1_20' title="bbox 2239 766 3742 835">
    <p class='ocr_par' dir='ltr' id='par_1_20' title="bbox 2239 766 3742 835">
     <span class='ocr_line' id='line_1_20' title="bbox 2239 766 3742 835; baseline 0.001 -13"><span class='ocrx_word' id='word_1_142' title='bbox 2239 767 2381 824; x_wconf 89' lang='lat' dir='ltr'><strong>resis</strong></span> <span class='ocrx_word' id='word_1_143' title='bbox 2410 769 2637 823; x_wconf 86' lang='lat' dir='ltr'><strong>baratro</strong></span> <span class='ocrx_word' id='word_1_144' title='bbox 2658 768 2938 824; x_wconf 87' lang='lat' dir='ltr'><strong>dilabitur.</strong></span> <span class='ocrx_word' id='word_1_145' title='bbox 2964 767 3100 823; x_wconf 81' lang='lat' dir='ltr'><strong>Nam</strong></span> <span class='ocrx_word' id='word_1_146' title='bbox 3124 781 3188 821; x_wconf 83' lang='lat' dir='ltr'><strong>ea</strong></span> <span class='ocrx_word' id='word_1_147' title='bbox 3222 774 3532 835; x_wconf 76' lang='lat' dir='ltr'><strong>tempestate</strong></span> <span class='ocrx_word' id='word_1_148' title='bbox 3552 766 3597 820; x_wconf 89' lang='lat' dir='ltr'><strong>in</strong></span> <span class='ocrx_word' id='word_1_149' title='bbox 3613 771 3742 823; x_wconf 78' lang='lat' dir='ltr'><strong>eadem</strong></span> 
     </span>
    </p>
   </div>
   <div class='ocr_carea' id='block_1_21' title="bbox 2240 860 3743 933">
    <p class='ocr_par' dir='ltr' id='par_1_21' title="bbox 2240 860 3743 933">
     <span class='ocr_line' id='line_1_21' title="bbox 2240 860 3743 933; baseline 0.001 -17"><span class='ocrx_word' id='word_1_150' title='bbox 2240 862 2466 922; x_wconf 81' lang='lat' dir='ltr'><strong>civitate</strong></span> <span class='ocrx_word' id='word_1_151' title='bbox 2505 864 2612 918; x_wconf 92' lang='lat' dir='ltr'><strong>duo</strong></span> <span class='ocrx_word' id='word_1_152' title='bbox 2638 863 2828 919; x_wconf 88' lang='lat' dir='ltr'><strong>clerici</strong></span> <span class='ocrx_word' id='word_1_153' title='bbox 2863 862 3172 933; x_wconf 86' lang='lat' dir='ltr'><strong>Stephanus</strong></span> <span class='ocrx_word' id='word_1_154' title='bbox 3196 868 3254 917; x_wconf 83' lang='lat' dir='ltr'><strong>et</strong></span> <span class='ocrx_word' id='word_1_155' title='bbox 3279 860 3490 915; x_wconf 87' lang='lat' dir='ltr'><strong>Lisoius</strong></span> <span class='ocrx_word' id='word_1_156' title='bbox 3515 861 3639 931; x_wconf 71' lang='grc'><strong>(156)</strong></span> <span class='ocrx_word' id='word_1_157' title='bbox 3660 874 3743 933; x_wconf 81' lang='lat' dir='ltr'><strong>aput</strong></span> 
     </span>
    </p>
   </div>
   <div class='ocr_carea' id='block_1_22' title="bbox 2241 948 3809 1021">
    <p class='ocr_par' dir='ltr' id='par_1_22' title="bbox 2241 948 3809 1021">
     <span class='ocr_line' id='line_1_22' title="bbox 2241 948 3809 1021; baseline 0 -16"><span class='ocrx_word' id='word_1_158' title='bbox 2241 966 2431 1007; x_wconf 89' lang='lat' dir='ltr'><strong>omnes</strong></span> <span class='ocrx_word' id='word_1_159' title='bbox 2457 952 2726 1021; x_wconf 75' lang='lat' dir='ltr'><strong>sapientia</strong></span> <span class='ocrx_word' id='word_1_160' title='bbox 2746 951 2902 1016; x_wconf 86' lang='lat' dir='ltr'><strong>clari,</strong></span> <span class='ocrx_word' id='word_1_161' title='bbox 2932 951 3225 1007; x_wconf 83' lang='lat' dir='ltr'><strong>sanctitate</strong></span> <span class='ocrx_word' id='word_1_162' title='bbox 3247 964 3315 1003; x_wconf 90' lang='lat' dir='ltr'><strong>ac</strong></span> <span class='ocrx_word' id='word_1_163' title='bbox 3338 948 3585 1017; x_wconf 77' lang='lat' dir='ltr'><strong>religione</strong></span> <span class='ocrx_word' id='word_1_164' title='bbox 3602 952 3732 1020; x_wconf 74' lang='lat' dir='ltr'><strong>magni</strong></span> <span class='ocrx_word' id='word_1_165' title='bbox 3808 948 3809 981; x_wconf 40' lang='grc' dir='ltr'>ξ</span> 
     </span>
    </p>
   </div>
   <div class='ocr_carea' id='block_1_23' title="bbox 2242 1041 3743 1114">
    <p class='ocr_par' dir='ltr' id='par_1_23' title="bbox 2242 1041 3743 1114">
     <span class='ocr_line' id='line_1_23' title="bbox 2242 1041 3743 1114; baseline -0.001 -15"><span class='ocrx_word' id='word_1_166' title='bbox 2242 1044 2352 1109; x_wconf 86' lang='lat' dir='ltr'><strong>fici,</strong></span> <span class='ocrx_word' id='word_1_167' title='bbox 2396 1044 2745 1101; x_wconf 88' lang='lat' dir='ltr'><strong>eleemosiuis</strong></span> <span class='ocrx_word' id='word_1_168' title='bbox 2783 1042 2941 1114; x_wconf 80' lang='lat' dir='ltr'><strong>largi,</strong></span> <span class='ocrx_word' id='word_1_169' title='bbox 2973 1044 3229 1113; x_wconf 89' lang='lat' dir='ltr'><strong>opinione</strong></span> <span class='ocrx_word' id='word_1_170' title='bbox 3279 1041 3603 1097; x_wconf 85' lang='lat' dir='ltr'><strong>habebantur</strong></span> <span class='ocrx_word' id='word_1_171' title='bbox 3626 1042 3743 1113; x_wconf 71' lang='lat' dir='ltr'><strong>vulgi.</strong></span> 
     </span>
    </p>
   </div>
   <div class='ocr_carea' id='block_1_24' title="bbox 2242 1133 3744 1204">
    <p class='ocr_par' dir='ltr' id='par_1_24' title="bbox 2242 1133 3744 1204">
     <span class='ocr_line' id='line_1_24' title="bbox 2242 1133 3744 1204; baseline -0.004 -12"><span class='ocrx_word' id='word_1_172' title='bbox 2242 1137 2472 1192; x_wconf 86' lang='lat' dir='ltr'><strong>Eosdem</strong></span> <span class='ocrx_word' id='word_1_173' title='bbox 2512 1143 2847 1192; x_wconf 86' lang='lat' dir='ltr'><strong>memoratus</strong></span> <span class='ocrx_word' id='word_1_174' title='bbox 2875 1135 3105 1204; x_wconf 81' lang='lat' dir='ltr'><strong>expetiit</strong></span> <span class='ocrx_word' id='word_1_175' title='bbox 3129 1133 3362 1189; x_wconf 84' lang='lat' dir='ltr'><strong>clericus</strong></span> <span class='ocrx_word' id='word_1_176' title='bbox 3383 1141 3466 1196; x_wconf 86' lang='lat' dir='ltr'><strong>et,</strong></span> <span class='ocrx_word' id='word_1_177' title='bbox 3494 1147 3636 1200; x_wconf 85' lang='lat' dir='ltr'><strong>parvo</strong></span> <span class='ocrx_word' id='word_1_178' title='bbox 3654 1143 3744 1187; x_wconf 66' lang='lat' dir='ltr'><strong>tem</strong></span> 
     </span>
    </p>
   </div>
   <div class='ocr_carea' id='block_1_25' title="bbox 2246 1222 3746 1297">
    <p class='ocr_par' dir='ltr' id='par_1_25' title="bbox 2246 1222 3746 1297">
     <span class='ocr_line' id='line_1_25' title="bbox 2246 1222 3746 1297; baseline -0.002 -17"><span class='ocrx_word' id='word_1_179' title='bbox 2246 1228 2395 1297; x_wconf 88' lang='lat' dir='ltr'><strong>poris</strong></span> <span class='ocrx_word' id='word_1_180' title='bbox 2453 1226 2780 1292; x_wconf 85' lang='lat' dir='ltr'><strong>iutersticio,</strong></span> <span class='ocrx_word' id='word_1_181' title='bbox 2847 1224 3038 1280; x_wconf 85' lang='lat' dir='ltr'><strong>docilis</strong></span> <span class='ocrx_word' id='word_1_182' title='bbox 3087 1222 3384 1291; x_wconf 84' lang='lat' dir='ltr'><strong>discipulus</strong></span> <span class='ocrx_word' id='word_1_183' title='bbox 3409 1262 3427 1288; x_wconf 94' lang='lat'><strong>,</strong></span> <span class='ocrx_word' id='word_1_184' title='bbox 3479 1236 3591 1277; x_wconf 85' lang='lat' dir='ltr'><strong>cum</strong></span> <span class='ocrx_word' id='word_1_185' title='bbox 3636 1224 3746 1277; x_wconf 62' lang='lat' dir='ltr'><strong>diem</strong></span> 
     </span>
    </p>
   </div>
   <div class='ocr_carea' id='block_1_26' title="bbox 2241 1312 3746 1383">
    <p class='ocr_par' dir='ltr' id='par_1_26' title="bbox 2241 1312 3746 1383">
     <span class='ocr_line' id='line_1_26' title="bbox 2241 1312 3746 1383; baseline -0.004 -10"><span class='ocrx_word' id='word_1_186' title='bbox 2241 1319 2393 1375; x_wconf 87' lang='lat' dir='ltr'><strong>verbi</strong></span> <span class='ocrx_word' id='word_1_187' title='bbox 2434 1317 2747 1383; x_wconf 84' lang='lat' dir='ltr'><strong>dulcedine,</strong></span> <span class='ocrx_word' id='word_1_188' title='bbox 2779 1318 2848 1373; x_wconf 87' lang='lat' dir='ltr'><strong>ab</strong></span> <span class='ocrx_word' id='word_1_189' title='bbox 2869 1316 2950 1372; x_wconf 89' lang='lat' dir='ltr'><strong>eis</strong></span> <span class='ocrx_word' id='word_1_190' title='bbox 2969 1314 3251 1371; x_wconf 87' lang='lat' dir='ltr'><strong>debriatnr</strong></span> <span class='ocrx_word' id='word_1_191' title='bbox 3276 1312 3547 1367; x_wconf 88' lang='lat' dir='ltr'><strong>mortifero</strong></span> <span class='ocrx_word' id='word_1_192' title='bbox 3566 1314 3746 1378; x_wconf 71' lang='lat' dir='ltr'><strong>nequitia</strong></span> 
     </span>
    </p>
   </div>
   <div class='ocr_carea' id='block_1_27' title="bbox 2244 1401 3745 1474">
    <p class='ocr_par' dir='ltr' id='par_1_27' title="bbox 2244 1401 3745 1474">
     <span class='ocr_line' id='line_1_27' title="bbox 2244 1401 3745 1474; baseline -0.005 -10"><span class='ocrx_word' id='word_1_193' title='bbox 2244 1418 2428 1464; x_wconf 88' lang='lat' dir='ltr'><strong>austu.</strong></span> <span class='ocrx_word' id='word_1_194' title='bbox 2463 1407 2566 1474; x_wconf 92' lang='lat' dir='ltr'><strong>Qui</strong></span> <span class='ocrx_word' id='word_1_195' title='bbox 2603 1406 2878 1463; x_wconf 86' lang='lat' dir='ltr'><strong>dementia</strong></span> <span class='ocrx_word' id='word_1_196' title='bbox 2903 1414 2960 1461; x_wconf 92' lang='lat' dir='ltr'><strong>et</strong></span> <span class='ocrx_word' id='word_1_197' title='bbox 2985 1406 3213 1461; x_wconf 88' lang='lat' dir='ltr'><strong>herrore</strong></span> <span class='ocrx_word' id='word_1_198' title='bbox 3239 1401 3503 1460; x_wconf 89' lang='lat' dir='ltr'><strong>diabolico</strong></span> <span class='ocrx_word' id='word_1_199' title='bbox 3548 1402 3745 1463; x_wconf 71' lang='lat' dir='ltr'><strong>inicius.</strong></span> 
     </span>
    </p>
   </div>
   <div class='ocr_carea' id='block_1_28' title="bbox 2244 1497 3746 1569">
    <p class='ocr_par' dir='ltr' id='par_1_28' title="bbox 2244 1497 3746 1569">
     <span class='ocr_line' id='line_1_28' title="bbox 2244 1497 3746 1569; baseline -0.005 -14"><span class='ocrx_word' id='word_1_200' title='bbox 2244 1500 2414 1555; x_wconf 84' lang='lat' dir='ltr'><strong>tmius</strong></span> <span class='ocrx_word' id='word_1_201' title='bbox 2436 1498 2739 1555; x_wconf 88' lang='lat' dir='ltr'><strong>divinitatis</strong></span> <span class='ocrx_word' id='word_1_202' title='bbox 2759 1512 2977 1569; x_wconf 81' lang='lat' dir='ltr'><strong>expers,</strong></span> <span class='ocrx_word' id='word_1_203' title='bbox 3019 1497 3301 1567; x_wconf 62' lang='lat' dir='ltr'><strong>sapientia:</strong></span> <span class='ocrx_word' id='word_1_204' title='bbox 3349 1510 3523 1553; x_wconf 85' lang='lat' dir='ltr'><strong>arcem</strong></span> <span class='ocrx_word' id='word_1_205' title='bbox 3559 1508 3746 1549; x_wconf 67' lang='lat' dir='ltr'><strong>consum-</strong></span> 
     </span>
    </p>
   </div>
   <div class='ocr_carea' id='block_1_29' title="bbox 2241 1585 3749 1659">
    <p class='ocr_par' dir='ltr' id='par_1_29' title="bbox 2241 1585 3749 1659">
     <span class='ocr_line' id='line_1_29' title="bbox 2241 1585 3749 1659; baseline -0.007 -12"><span class='ocrx_word' id='word_1_206' title='bbox 2241 1592 2389 1647; x_wconf 84' lang='lat' dir='ltr'><strong>disse</strong></span> <span class='ocrx_word' id='word_1_207' title='bbox 2416 1605 2476 1647; x_wconf 88' lang='lat' dir='ltr'><strong>se</strong></span> <span class='ocrx_word' id='word_1_208' title='bbox 2505 1590 2754 1647; x_wconf 84' lang='lat' dir='ltr'><strong>credidit.</strong></span> <span class='ocrx_word' id='word_1_209' title='bbox 2803 1589 2905 1657; x_wconf 91' lang='lat' dir='ltr'><strong>Qui</strong></span> <span class='ocrx_word' id='word_1_210' title='bbox 2949 1589 3183 1659; x_wconf 84' lang='lat' dir='ltr'><strong>patriam</strong></span> <span class='ocrx_word' id='word_1_211' title='bbox 3233 1588 3521 1658; x_wconf 84' lang='lat' dir='ltr'><strong>repedaas,</strong></span> <span class='ocrx_word' id='word_1_212' title='bbox 3547 1585 3749 1640; x_wconf 73' lang='lat' dir='ltr'><strong>dominum</strong></span> 
     </span>
    </p>
   </div>
   <div class='ocr_carea' id='block_1_30' title="bbox 2240 1678 3750 1753">
    <p class='ocr_par' dir='ltr' id='par_1_30' title="bbox 2240 1678 3750 1753">
     <span class='ocr_line' id='line_1_30' title="bbox 2240 1678 3750 1753; baseline -0.006 -14"><span class='ocrx_word' id='word_1_213' title='bbox 2240 1699 2402 1739; x_wconf 81' lang='lat' dir='ltr'><strong>suum</strong></span> <span class='ocrx_word' id='word_1_214' title='bbox 2425 1724 2441 1748; x_wconf 90' lang='lat'><strong>,</strong></span> <span class='ocrx_word' id='word_1_215' title='bbox 2483 1697 2646 1753; x_wconf 87' lang='lat' dir='ltr'><strong>quem</strong></span> <span class='ocrx_word' id='word_1_216' title='bbox 2674 1682 2937 1752; x_wconf 79' lang='lat' dir='ltr'><strong>singulari</strong></span> <span class='ocrx_word' id='word_1_217' title='bbox 2982 1680 3176 1737; x_wconf 69' lang='lat' dir='ltr'><strong>aﬂectu</strong></span> <span class='ocrx_word' id='word_1_218' title='bbox 3215 1679 3495 1750; x_wconf 84' lang='lat' dir='ltr'><strong>diligebat,</strong></span> <span class='ocrx_word' id='word_1_219' title='bbox 3533 1678 3750 1735; x_wconf 74' lang='lat' dir='ltr'><strong>subtilitate</strong></span> 
     </span>
    </p>
   </div>
   <div class='ocr_carea' id='block_1_31' title="bbox 2246 1769 3815 1833">
    <p class='ocr_par' dir='ltr' id='par_1_31' title="bbox 2246 1769 3815 1833">
     <span class='ocr_line' id='line_1_31' title="bbox 2246 1769 3815 1833; baseline -0.002 -1"><span class='ocrx_word' id='word_1_220' title='bbox 2246 1777 2541 1833; x_wconf 85' lang='lat' dir='ltr'><strong>verborum</strong></span> <span class='ocrx_word' id='word_1_221' title='bbox 2591 1774 2647 1830; x_wconf 86' lang='lat' dir='ltr'><strong>in</strong></span> <span class='ocrx_word' id='word_1_222' title='bbox 2693 1772 2937 1831; x_wconf 81' lang='lat' dir='ltr'><strong>herroris</strong></span> <span class='ocrx_word' id='word_1_223' title='bbox 2984 1772 3131 1828; x_wconf 84' lang='lat' dir='ltr'><strong>viam</strong></span> <span class='ocrx_word' id='word_1_224' title='bbox 3186 1773 3395 1828; x_wconf 84' lang='lat' dir='ltr'><strong>sensim</strong></span> <span class='ocrx_word' id='word_1_225' title='bbox 3445 1769 3751 1831; x_wconf 81' lang='lat' dir='ltr'><strong>ammonendo.</strong></span> <span class='ocrx_word' id='word_1_226' title='bbox 3814 1808 3815 1829; x_wconf 55' lang='grc' dir='ltr'><strong>η</strong></span> 
     </span>
    </p>
   </div>
   <div class='ocr_carea' id='block_1_32' title="bbox 558 1855 3753 1944">
    <p class='ocr_par' dir='ltr' id='par_1_32' title="bbox 558 1855 3753 1944">
     <span class='ocr_line' id='line_1_32' title="bbox 558 1855 3753 1944; baseline -0.003 -16"><span class='ocrx_word' id='word_1_227' title='bbox 558 1868 649 1944; x_wconf 89' lang='lat' dir='ltr'><strong>qui</strong></span> <span class='ocrx_word' id='word_1_228' title='bbox 681 1875 762 1929; x_wconf 90' lang='lat' dir='ltr'><strong>sic</strong></span> <span class='ocrx_word' id='word_1_229' title='bbox 802 1883 1085 1939; x_wconf 83' lang='lat' dir='ltr'><strong>vocantur,</strong></span> <span class='ocrx_word' id='word_1_230' title='bbox 1133 1872 1288 1928; x_wconf 83' lang='lat' dir='ltr'><strong>Rullo</strong></span> <span class='ocrx_word' id='word_1_231' title='bbox 1335 1880 1390 1926; x_wconf 88' lang='lat' dir='ltr'><strong>ct</strong></span> <span class='ocrx_word' id='word_1_232' title='bbox 1436 1871 1650 1940; x_wconf 76' lang='lat' dir='ltr'><strong>Angoht</strong></span> <span class='ocrx_word' id='word_1_233' title='bbox 1697 1877 1753 1923; x_wconf 87' lang='lat' dir='ltr'><strong>et</strong></span> <span class='ocrx_word' id='word_1_234' title='bbox 1780 1865 2046 1931; x_wconf 87' lang='lat' dir='ltr'><strong>Unbeina,</strong></span> <span class='ocrx_word' id='word_1_235' title='bbox 2088 1873 2148 1920; x_wconf 88' lang='lat' dir='ltr'><strong>ut</strong></span> <span class='ocrx_word' id='word_1_236' title='bbox 2178 1855 2430 1927; x_wconf 67' lang='lat' dir='ltr'><strong>Buecum</strong></span> <span class='ocrx_word' id='word_1_237' title='bbox 2481 1867 2779 1923; x_wconf 81' lang='lat' dir='ltr'><strong>adtrahere</strong></span> <span class='ocrx_word' id='word_1_238' title='bbox 2823 1864 3098 1937; x_wconf 82' lang='lat' dir='ltr'><strong>cupiebat,</strong></span> <span class='ocrx_word' id='word_1_239' title='bbox 3148 1862 3451 1920; x_wconf 81' lang='lat' dir='ltr'><strong>testiﬁcans</strong></span> <span class='ocrx_word' id='word_1_240' title='bbox 3488 1862 3753 1916; x_wconf 66' lang='lat' dir='ltr'><strong>Aureliani</strong></span> 
     </span>
    </p>
   </div>
   <div class='ocr_carea' id='block_1_33' title="bbox 560 1958 2141 2034">
    <p class='ocr_par' dir='ltr' id='par_1_33' title="bbox 560 1958 2141 2034">
     <span class='ocr_line' id='line_1_33' title="bbox 560 1958 2141 2034; baseline -0.005 -15"><span class='ocrx_word' id='word_1_241' title='bbox 560 1966 688 2020; x_wconf 88' lang='lat' dir='ltr'><strong>inde</strong></span> <span class='ocrx_word' id='word_1_242' title='bbox 719 1966 1031 2034; x_wconf 88' lang='lat' dir='ltr'><strong>persolvant</strong></span> <span class='ocrx_word' id='word_1_243' title='bbox 1065 1965 1292 2019; x_wconf 89' lang='lat' dir='ltr'><strong>liberum</strong></span> <span class='ocrx_word' id='word_1_244' title='bbox 1343 1964 1645 2019; x_wconf 66' lang='lat' dir='ltr'><strong>servitiumt</strong></span> <span class='ocrx_word' id='word_1_245' title='bbox 1697 1958 1950 2014; x_wconf 86' lang='lat' dir='ltr'><strong>Concedo</strong></span> <span class='ocrx_word' id='word_1_246' title='bbox 1973 1959 2141 2012; x_wconf 84' lang='lat' dir='ltr'><strong>etiam</strong></span> 
     </span>
    </p>
   </div>
   <div class='ocr_carea' id='block_1_34' title="bbox 562 2051 2146 2128">
    <p class='ocr_par' dir='ltr' id='par_1_34' title="bbox 562 2051 2146 2128">
     <span class='ocr_line' id='line_1_34' title="bbox 562 2051 2146 2128; baseline -0.003 -17"><span class='ocrx_word' id='word_1_247' title='bbox 562 2057 636 2111; x_wconf 91' lang='lat' dir='ltr'><strong>de</strong></span> <span class='ocrx_word' id='word_1_248' title='bbox 665 2057 860 2127; x_wconf 85' lang='lat' dir='ltr'><strong>Torgis</strong></span> <span class='ocrx_word' id='word_1_249' title='bbox 884 2056 1020 2112; x_wconf 80' lang='lat' dir='ltr'><strong>Villa</strong></span> <span class='ocrx_word' id='word_1_250' title='bbox 1048 2057 1269 2113; x_wconf 87' lang='lat' dir='ltr'><strong>terciam</strong></span> <span class='ocrx_word' id='word_1_251' title='bbox 1297 2066 1532 2128; x_wconf 89' lang='lat' dir='ltr'><strong>partem,</strong></span> <span class='ocrx_word' id='word_1_252' title='bbox 1577 2053 1880 2118; x_wconf 78' lang='lat' dir='ltr'><strong>hospitibus</strong></span> <span class='ocrx_word' id='word_1_253' title='bbox 1908 2051 2146 2121; x_wconf 88' lang='lat' dir='ltr'><strong>exceptis</strong></span> 
     </span>
    </p>
   </div>
   <div class='ocr_carea' id='block_1_35' title="bbox 561 2143 2146 2218">
    <p class='ocr_par' dir='ltr' id='par_1_35' title="bbox 561 2143 2146 2218">
     <span class='ocr_line' id='line_1_35' title="bbox 561 2143 2146 2218; baseline -0.004 -15"><span class='ocrx_word' id='word_1_254' title='bbox 561 2144 807 2214; x_wconf 86' lang='lat' dir='ltr'><strong>duobus,</strong></span> <span class='ocrx_word' id='word_1_255' title='bbox 843 2148 1054 2204; x_wconf 87' lang='lat' dir='ltr'><strong>Suedan</strong></span> <span class='ocrx_word' id='word_1_256' title='bbox 1102 2157 1158 2202; x_wconf 90' lang='lat' dir='ltr'><strong>et</strong></span> <span class='ocrx_word' id='word_1_257' title='bbox 1202 2147 1486 2203; x_wconf 80' lang='lat' dir='ltr'><strong>Auschetil</strong></span> <span class='ocrx_word' id='word_1_258' title='bbox 1528 2146 1717 2218; x_wconf 80' lang='lat' dir='ltr'><strong>nigro,</strong></span> <span class='ocrx_word' id='word_1_259' title='bbox 1767 2160 1889 2201; x_wconf 90' lang='lat' dir='ltr'><strong>cum</strong></span> <span class='ocrx_word' id='word_1_260' title='bbox 1932 2143 2146 2199; x_wconf 85' lang='lat' dir='ltr'><strong>illorum</strong></span> 
     </span>
    </p>
   </div>
   <div class='ocr_carea' id='block_1_36' title="bbox 567 2236 2148 2312">
    <p class='ocr_par' dir='ltr' id='par_1_36' title="bbox 567 2236 2148 2312">
     <span class='ocr_line' id='line_1_36' title="bbox 567 2236 2148 2312; baseline -0.003 -15"><span class='ocrx_word' id='word_1_261' title='bbox 567 2241 782 2297; x_wconf 87' lang='lat' dir='ltr'><strong>duabus</strong></span> <span class='ocrx_word' id='word_1_262' title='bbox 810 2240 1019 2306; x_wconf 88' lang='lat' dir='ltr'><strong>salinis,</strong></span> <span class='ocrx_word' id='word_1_263' title='bbox 1052 2257 1187 2312; x_wconf 89' lang='lat' dir='ltr'><strong>quos</strong></span> <span class='ocrx_word' id='word_1_264' title='bbox 1214 2256 1336 2298; x_wconf 87' lang='lat' dir='ltr'><strong>meo</strong></span> <span class='ocrx_word' id='word_1_265' title='bbox 1387 2239 1567 2310; x_wconf 90' lang='lat' dir='ltr'><strong>nepoti</strong></span> <span class='ocrx_word' id='word_1_266' title='bbox 1612 2238 1870 2295; x_wconf 89' lang='lat' dir='ltr'><strong>Bosoliuo</strong></span> <span class='ocrx_word' id='word_1_267' title='bbox 1901 2236 2148 2293; x_wconf 88' lang='lat' dir='ltr'><strong>concessi</strong></span> 
     </span>
    </p>
   </div>
   <div class='ocr_carea' id='block_1_37' title="bbox 559 2326 2146 2401">
    <p class='ocr_par' dir='ltr' id='par_1_37' title="bbox 559 2326 2146 2401">
     <span class='ocr_line' id='line_1_37' title="bbox 559 2326 2146 2401; baseline -0.002 -18"><span class='ocrx_word' id='word_1_268' title='bbox 559 2338 622 2384; x_wconf 91' lang='lat' dir='ltr'><strong>ut</strong></span> <span class='ocrx_word' id='word_1_269' title='bbox 652 2331 718 2385; x_wconf 88' lang='lat' dir='ltr'><strong>de</strong></span> <span class='ocrx_word' id='word_1_270' title='bbox 745 2331 845 2385; x_wconf 90' lang='lat' dir='ltr'><strong>hoc</strong></span> <span class='ocrx_word' id='word_1_271' title='bbox 873 2331 1150 2401; x_wconf 86' lang='lat' dir='ltr'><strong>persolvat</strong></span> <span class='ocrx_word' id='word_1_272' title='bbox 1178 2329 1401 2386; x_wconf 88' lang='lat' dir='ltr'><strong>liberale</strong></span> <span class='ocrx_word' id='word_1_273' title='bbox 1424 2328 1708 2384; x_wconf 90' lang='lat' dir='ltr'><strong>servitium</strong></span> <span class='ocrx_word' id='word_1_274' title='bbox 1731 2327 1942 2383; x_wconf 89' lang='lat' dir='ltr'><strong>Sancto</strong></span> <span class='ocrx_word' id='word_1_275' title='bbox 1962 2326 2146 2382; x_wconf 84' lang='lat' dir='ltr'><strong>Petro.</strong></span> 
     </span>
    </p>
   </div>
   <div class='ocr_carea' id='block_1_38' title="bbox 558 2419 2150 2491">
    <p class='ocr_par' dir='ltr' id='par_1_38' title="bbox 558 2419 2150 2491">
     <span class='ocr_line' id='line_1_38' title="bbox 558 2419 2150 2491; baseline -0.001 -17"><span class='ocrx_word' id='word_1_276' title='bbox 558 2419 873 2475; x_wconf 84' lang='lat' dir='ltr'><strong>Ccterorum</strong></span> <span class='ocrx_word' id='word_1_277' title='bbox 902 2422 1172 2491; x_wconf 87' lang='lat' dir='ltr'><strong>hospitum</strong></span> <span class='ocrx_word' id='word_1_278' title='bbox 1194 2421 1404 2488; x_wconf 72' lang='lat' dir='ltr'><strong>saliuae,</strong></span> <span class='ocrx_word' id='word_1_279' title='bbox 1428 2434 1554 2476; x_wconf 90' lang='lat' dir='ltr'><strong>cum</strong></span> <span class='ocrx_word' id='word_1_280' title='bbox 1588 2420 1826 2474; x_wconf 89' lang='lat' dir='ltr'><strong>masnris</strong></span> <span class='ocrx_word' id='word_1_281' title='bbox 1847 2420 1984 2484; x_wconf 87' lang='lat' dir='ltr'><strong>suis,</strong></span> <span class='ocrx_word' id='word_1_282' title='bbox 2014 2433 2150 2490; x_wconf 88' lang='lat' dir='ltr'><strong>quas</strong></span> 
     </span>
    </p>
   </div>
   <div class='ocr_carea' id='block_1_39' title="bbox 561 2498 2149 2581">
    <p class='ocr_par' dir='ltr' id='par_1_39' title="bbox 561 2498 2149 2581">
     <span class='ocr_line' id='line_1_39' title="bbox 561 2498 2149 2581; baseline -0.001 -17"><span class='ocrx_word' id='word_1_283' title='bbox 561 2498 763 2564; x_wconf 82' lang='lat' dir='ltr'><strong>habent</strong></span> <span class='ocrx_word' id='word_1_284' title='bbox 794 2511 846 2564; x_wconf 90' lang='lat' dir='ltr'><strong>in</strong></span> <span class='ocrx_word' id='word_1_285' title='bbox 878 2510 966 2564; x_wconf 89' lang='lat' dir='ltr'><strong>illa</strong></span> <span class='ocrx_word' id='word_1_286' title='bbox 1015 2513 1174 2565; x_wconf 84' lang='lat' dir='ltr'><strong>tertia</strong></span> <span class='ocrx_word' id='word_1_287' title='bbox 1211 2523 1367 2580; x_wconf 87' lang='lat' dir='ltr'><strong>parte</strong></span> <span class='ocrx_word' id='word_1_288' title='bbox 1413 2512 1481 2566; x_wconf 91' lang='lat' dir='ltr'><strong>de</strong></span> <span class='ocrx_word' id='word_1_289' title='bbox 1528 2510 1723 2581; x_wconf 79' lang='lat' dir='ltr'><strong>Torgis</strong></span> <span class='ocrx_word' id='word_1_290' title='bbox 1768 2508 2149 2574; x_wconf 82' lang='lat' dir='ltr'><strong>Villa,Sancti</strong></span> 
     </span>
    </p>
   </div>
   <div class='ocr_carea' id='block_1_40' title="bbox 563 2598 2153 2672">
    <p class='ocr_par' dir='ltr' id='par_1_40' title="bbox 563 2598 2153 2672">
     <span class='ocr_line' id='line_1_40' title="bbox 563 2598 2153 2672; baseline -0.001 -17"><span class='ocrx_word' id='word_1_291' title='bbox 563 2601 709 2655; x_wconf 88' lang='lat' dir='ltr'><strong>Petri</strong></span> <span class='ocrx_word' id='word_1_292' title='bbox 757 2602 887 2656; x_wconf 88' lang='lat' dir='ltr'><strong>sint.</strong></span> <span class='ocrx_word' id='word_1_293' title='bbox 938 2602 1004 2656; x_wconf 90' lang='lat' dir='ltr'><strong>Et</strong></span> <span class='ocrx_word' id='word_1_294' title='bbox 1053 2617 1214 2656; x_wconf 82' lang='lat' dir='ltr'><strong>unam</strong></span> <span class='ocrx_word' id='word_1_295' title='bbox 1261 2600 1617 2672; x_wconf 88' lang='lat' dir='ltr'><strong>piscatoriam</strong></span> <span class='ocrx_word' id='word_1_296' title='bbox 1660 2602 1715 2655; x_wconf 90' lang='lat' dir='ltr'><strong>in</strong></span> <span class='ocrx_word' id='word_1_297' title='bbox 1764 2600 1902 2655; x_wconf 87' lang='lat' dir='ltr'><strong>mari</strong></span> <span class='ocrx_word' id='word_1_298' title='bbox 1948 2598 2153 2655; x_wconf 85' lang='lat' dir='ltr'><strong>Sancto</strong></span> 
     </span>
    </p>
   </div>
   <div class='ocr_carea' id='block_1_41' title="bbox 558 2687 2150 2754">
    <p class='ocr_par' dir='ltr' id='par_1_41' title="bbox 558 2687 2150 2754">
     <span class='ocr_line' id='line_1_41' title="bbox 558 2687 2150 2754; baseline -0.001 -10"><span class='ocrx_word' id='word_1_299' title='bbox 558 2690 733 2745; x_wconf 73' lang='lat' dir='ltr'><strong>&#39;Petro</strong></span> <span class='ocrx_word' id='word_1_300' title='bbox 783 2690 1048 2754; x_wconf 90' lang='lat' dir='ltr'><strong>concedo,</strong></span> <span class='ocrx_word' id='word_1_301' title='bbox 1101 2700 1157 2746; x_wconf 89' lang='lat' dir='ltr'><strong>et</strong></span> <span class='ocrx_word' id='word_1_302' title='bbox 1204 2705 1371 2746; x_wconf 87' lang='lat' dir='ltr'><strong>unum</strong></span> <span class='ocrx_word' id='word_1_303' title='bbox 1421 2688 1791 2746; x_wconf 89' lang='lat' dir='ltr'><strong>molendinum</strong></span> <span class='ocrx_word' id='word_1_304' title='bbox 1834 2690 1889 2744; x_wconf 91' lang='lat' dir='ltr'><strong>in</strong></span> <span class='ocrx_word' id='word_1_305' title='bbox 1920 2703 1989 2744; x_wconf 82' lang='lat' dir='ltr'><strong>ea</strong></span> <span class='ocrx_word' id='word_1_306' title='bbox 2023 2687 2150 2743; x_wconf 88' lang='lat' dir='ltr'><strong>villa</strong></span> 
     </span>
    </p>
   </div>
   <div class='ocr_carea' id='block_1_42' title="bbox 551 2778 2154 2850">
    <p class='ocr_par' dir='ltr' id='par_1_42' title="bbox 551 2778 2154 2850">
     <span class='ocr_line' id='line_1_42' title="bbox 551 2778 2154 2850; baseline -0.001 -16"><span class='ocrx_word' id='word_1_307' title='bbox 551 2784 688 2850; x_wconf 81' lang='lat' dir='ltr'><strong>quae</strong></span> <span class='ocrx_word' id='word_1_308' title='bbox 716 2780 918 2835; x_wconf 85' lang='lat' dir='ltr'><strong>dicitur</strong></span> <span class='ocrx_word' id='word_1_309' title='bbox 948 2780 1127 2835; x_wconf 83' lang='lat' dir='ltr'><strong>Barna</strong></span> <span class='ocrx_word' id='word_1_310' title='bbox 1158 2779 1325 2836; x_wconf 82' lang='lat' dir='ltr'><strong>Villa.</strong></span> <span class='ocrx_word' id='word_1_311' title='bbox 1374 2778 1433 2836; x_wconf 90' lang='lat' dir='ltr'><strong>Si</strong></span> <span class='ocrx_word' id='word_1_312' title='bbox 1470 2780 1595 2850; x_wconf 88' lang='lat' dir='ltr'><strong>quis</strong></span> <span class='ocrx_word' id='word_1_313' title='bbox 1639 2789 1820 2836; x_wconf 88' lang='lat' dir='ltr'><strong>autem</strong></span> <span class='ocrx_word' id='word_1_314' title='bbox 1859 2778 2154 2850; x_wconf 83' lang='lat' dir='ltr'><strong>supradicti</strong></span> 
     </span>
    </p>
   </div>
   <div class='ocr_carea' id='block_1_43' title="bbox 567 2870 2154 2941">
    <p class='ocr_par' dir='ltr' id='par_1_43' title="bbox 567 2870 2154 2941">
     <span class='ocr_line' id='line_1_43' title="bbox 567 2870 2154 2941; baseline 0 -15"><span class='ocrx_word' id='word_1_315' title='bbox 567 2872 842 2935; x_wconf 69' lang='lat' dir='ltr'><strong>emnobii,</strong></span> <span class='ocrx_word' id='word_1_316' title='bbox 874 2871 958 2926; x_wconf 87' lang='lat' dir='ltr'><strong>vel</strong></span> <span class='ocrx_word' id='word_1_317' title='bbox 988 2872 1156 2928; x_wconf 84' lang='lat' dir='ltr'><strong>abbas</strong></span> <span class='ocrx_word' id='word_1_318' title='bbox 1184 2872 1268 2927; x_wconf 84' lang='lat' dir='ltr'><strong>vel</strong></span> <span class='ocrx_word' id='word_1_319' title='bbox 1299 2871 1571 2937; x_wconf 85' lang='lat' dir='ltr'><strong>minister,</strong></span> <span class='ocrx_word' id='word_1_320' title='bbox 1608 2870 1816 2941; x_wconf 85' lang='lat' dir='ltr'><strong>aliquid</strong></span> <span class='ocrx_word' id='word_1_321' title='bbox 1868 2870 2030 2941; x_wconf 90' lang='lat' dir='ltr'><strong>hujus</strong></span> <span class='ocrx_word' id='word_1_322' title='bbox 2058 2871 2154 2926; x_wconf 88' lang='lat' dir='ltr'><strong>do-</strong></span> 
     </span>
    </p>
   </div>
   <div class='ocr_carea' id='block_1_44' title="bbox 558 2962 2156 3030">
    <p class='ocr_par' dir='ltr' id='par_1_44' title="bbox 558 2962 2156 3030">
     <span class='ocr_line' id='line_1_44' title="bbox 558 2962 2156 3030; baseline 0 -14"><span class='ocrx_word' id='word_1_323' title='bbox 558 2963 808 3017; x_wconf 83' lang='lat' dir='ltr'><strong>nationis</strong></span> <span class='ocrx_word' id='word_1_324' title='bbox 833 2962 917 3017; x_wconf 85' lang='lat' dir='ltr'><strong>vel</strong></span> <span class='ocrx_word' id='word_1_325' title='bbox 946 2974 1117 3019; x_wconf 88' lang='lat' dir='ltr'><strong>totum</strong></span> <span class='ocrx_word' id='word_1_326' title='bbox 1137 2978 1231 3018; x_wconf 91' lang='lat' dir='ltr'><strong>seu</strong></span> <span class='ocrx_word' id='word_1_327' title='bbox 1255 2963 1548 3018; x_wconf 82' lang='lat' dir='ltr'><strong>vindiderit</strong></span> <span class='ocrx_word' id='word_1_328' title='bbox 1569 2964 1684 3018; x_wconf 87' lang='lat' dir='ltr'><strong>sive</strong></span> <span class='ocrx_word' id='word_1_329' title='bbox 1705 2962 1939 3030; x_wconf 88' lang='lat' dir='ltr'><strong>dederit,</strong></span> <span class='ocrx_word' id='word_1_330' title='bbox 1953 2963 2156 3018; x_wconf 87' lang='lat' dir='ltr'><strong>Sancto</strong></span> 
     </span>
    </p>
   </div>
   <div class='ocr_carea' id='block_1_45' title="bbox 568 3052 2157 3127">
    <p class='ocr_par' dir='ltr' id='par_1_45' title="bbox 568 3052 2157 3127">
     <span class='ocr_line' id='line_1_45' title="bbox 568 3052 2157 3127; baseline 0.003 -21"><span class='ocrx_word' id='word_1_331' title='bbox 568 3052 754 3118; x_wconf 84' lang='lat' dir='ltr'><strong>Petro,</strong></span> <span class='ocrx_word' id='word_1_332' title='bbox 783 3055 872 3110; x_wconf 90' lang='lat' dir='ltr'><strong>cui</strong></span> <span class='ocrx_word' id='word_1_333' title='bbox 906 3069 1009 3127; x_wconf 89' lang='lat' dir='ltr'><strong>ego</strong></span> <span class='ocrx_word' id='word_1_334' title='bbox 1038 3055 1181 3111; x_wconf 91' lang='lat' dir='ltr'><strong>dono</strong></span> <span class='ocrx_word' id='word_1_335' title='bbox 1203 3063 1259 3111; x_wconf 91' lang='lat' dir='ltr'><strong>et</strong></span> <span class='ocrx_word' id='word_1_336' title='bbox 1289 3054 1378 3110; x_wconf 89' lang='lat' dir='ltr'><strong>ille</strong></span> <span class='ocrx_word' id='word_1_337' title='bbox 1408 3054 1569 3123; x_wconf 90' lang='lat' dir='ltr'><strong>tollit,</strong></span> <span class='ocrx_word' id='word_1_338' title='bbox 1615 3056 1886 3111; x_wconf 88' lang='lat' dir='ltr'><strong>rationem</strong></span> <span class='ocrx_word' id='word_1_339' title='bbox 1928 3056 2157 3111; x_wconf 86' lang='lat' dir='ltr'><strong>reddere</strong></span> 
     </span>
    </p>
   </div>
   <div class='ocr_carea' id='block_1_46' title="bbox 568 3146 1092 3217">
    <p class='ocr_par' dir='ltr' id='par_1_46' title="bbox 568 3146 1092 3217">
     <span class='ocr_line' id='line_1_46' title="bbox 568 3146 1092 3217; baseline 0.004 -19"><span class='ocrx_word' id='word_1_340' title='bbox 568 3152 812 3217; x_wconf 86' lang='lat' dir='ltr'><strong>cogatur.</strong></span> <span class='ocrx_word' id='word_1_341' title='bbox 837 3146 1029 3202; x_wconf 85' lang='lat' dir='ltr'><strong>Amen.</strong></span> <span class='ocrx_word' id='word_1_342' title='bbox 1071 3163 1092 3200; x_wconf 74' lang='grc' dir='ltr'><strong><em>ι</em></strong></span> 
     </span>
    </p>
   </div>
   <div class='ocr_carea' id='block_1_47' title="bbox 643 3214 2229 3311">
    <p class='ocr_par' dir='ltr' id='par_1_47' title="bbox 643 3214 2229 3311">
     <span class='ocr_line' id='line_1_47' title="bbox 643 3214 2229 3311; baseline 0.004 -19"><span class='ocrx_word' id='word_1_343' title='bbox 643 3214 936 3292; x_wconf 85' lang='lat' dir='ltr'><strong>Sciendum</strong></span> <span class='ocrx_word' id='word_1_344' title='bbox 965 3253 1096 3295; x_wconf 91' lang='lat' dir='ltr'><strong>vero</strong></span> <span class='ocrx_word' id='word_1_345' title='bbox 1125 3248 1210 3295; x_wconf 85' lang='lat' dir='ltr'><strong>est</strong></span> <span class='ocrx_word' id='word_1_346' title='bbox 1232 3248 1342 3295; x_wconf 88' lang='lat' dir='ltr'><strong>tam</strong></span> <span class='ocrx_word' id='word_1_347' title='bbox 1364 3240 1724 3310; x_wconf 73' lang='lat' dir='ltr'><strong>praesentibus</strong></span> <span class='ocrx_word' id='word_1_348' title='bbox 1752 3254 1916 3311; x_wconf 88' lang='lat' dir='ltr'><strong>quam</strong></span> <span class='ocrx_word' id='word_1_349' title='bbox 1937 3240 2153 3310; x_wconf 89' lang='lat' dir='ltr'><strong>futuris,</strong></span> <span class='ocrx_word' id='word_1_350' title='bbox 2186 3214 2229 3271; x_wconf 57' lang='grc' dir='ltr'><strong>(ἶ</strong></span> 
     </span>
    </p>
   </div>
   <div class='ocr_carea' id='block_1_48' title="bbox 574 3332 2159 3404">
    <p class='ocr_par' dir='ltr' id='par_1_48' title="bbox 574 3332 2159 3404">
     <span class='ocr_line' id='line_1_48' title="bbox 574 3332 2159 3404; baseline 0.003 -19"><span class='ocrx_word' id='word_1_351' title='bbox 574 3332 835 3401; x_wconf 88' lang='lat' dir='ltr'><strong>quoniam</strong></span> <span class='ocrx_word' id='word_1_352' title='bbox 864 3347 965 3388; x_wconf 91' lang='lat' dir='ltr'><strong>nos</strong></span> <span class='ocrx_word' id='word_1_353' title='bbox 996 3334 1450 3404; x_wconf 87' lang='lat' dir='ltr'><strong>contemporanei</strong></span> <span class='ocrx_word' id='word_1_354' title='bbox 1474 3333 1708 3388; x_wconf 81' lang='lat' dir='ltr'><strong>Arefasti</strong></span> <span class='ocrx_word' id='word_1_355' title='bbox 1739 3333 1859 3388; x_wconf 90' lang='lat' dir='ltr'><strong>illos</strong></span> <span class='ocrx_word' id='word_1_356' title='bbox 1902 3343 2014 3390; x_wconf 90' lang='lat' dir='ltr'><strong>tres</strong></span> <span class='ocrx_word' id='word_1_357' title='bbox 2054 3336 2159 3390; x_wconf 84' lang='lat' dir='ltr'><strong>mi-</strong></span> 
     </span>
    </p>
   </div>
   <div class='ocr_carea' id='block_1_49' title="bbox 575 3422 2158 3494">
    <p class='ocr_par' dir='ltr' id='par_1_49' title="bbox 575 3422 2158 3494">
     <span class='ocr_line' id='line_1_49' title="bbox 575 3422 2158 3494; baseline 0.002 -18"><span class='ocrx_word' id='word_1_358' title='bbox 575 3422 700 3478; x_wconf 84' lang='lat' dir='ltr'><strong>lites</strong></span> <span class='ocrx_word' id='word_1_359' title='bbox 726 3437 865 3494; x_wconf 85' lang='lat' dir='ltr'><strong>quos</strong></span> <span class='ocrx_word' id='word_1_360' title='bbox 892 3422 1025 3480; x_wconf 89' lang='lat' dir='ltr'><strong>dicit</strong></span> <span class='ocrx_word' id='word_1_361' title='bbox 1068 3438 1188 3480; x_wconf 76' lang='lat' dir='ltr'><strong>esse</strong></span> <span class='ocrx_word' id='word_1_362' title='bbox 1237 3424 1305 3479; x_wconf 90' lang='lat' dir='ltr'><strong>ad</strong></span> <span class='ocrx_word' id='word_1_363' title='bbox 1352 3423 1701 3480; x_wconf 91' lang='lat' dir='ltr'><strong>serviendum</strong></span> <span class='ocrx_word' id='word_1_364' title='bbox 1731 3423 1888 3479; x_wconf 91' lang='lat' dir='ltr'><strong>nobis</strong></span> <span class='ocrx_word' id='word_1_365' title='bbox 1930 3424 1983 3479; x_wconf 90' lang='lat' dir='ltr'><strong>in</strong></span> <span class='ocrx_word' id='word_1_366' title='bbox 2023 3424 2158 3480; x_wconf 86' lang='lat' dir='ltr'><strong>llam</strong></span> 
     </span>
    </p>
   </div>
   <div class='ocr_carea' id='block_1_50' title="bbox 575 3516 2160 3590">
    <p class='ocr_par' dir='ltr' id='par_1_50' title="bbox 575 3516 2160 3590">
     <span class='ocr_line' id='line_1_50' title="bbox 575 3516 2160 3590; baseline 0.002 -18"><span class='ocrx_word' id='word_1_367' title='bbox 575 3516 737 3586; x_wconf 82' lang='lat' dir='ltr'><strong>Villa,</strong></span> <span class='ocrx_word' id='word_1_368' title='bbox 788 3533 888 3574; x_wconf 89' lang='lat' dir='ltr'><strong>nec</strong></span> <span class='ocrx_word' id='word_1_369' title='bbox 943 3520 1233 3575; x_wconf 87' lang='lat' dir='ltr'><strong>habuimus</strong></span> <span class='ocrx_word' id='word_1_370' title='bbox 1280 3533 1384 3575; x_wconf 88' lang='lat' dir='ltr'><strong>nec</strong></span> <span class='ocrx_word' id='word_1_371' title='bbox 1422 3519 1704 3585; x_wconf 88' lang='lat' dir='ltr'><strong>novimus,</strong></span> <span class='ocrx_word' id='word_1_372' title='bbox 1755 3529 1954 3590; x_wconf 61' lang='lat' dir='ltr'><strong>praeter</strong></span> <span class='ocrx_word' id='word_1_373' title='bbox 1990 3534 2160 3575; x_wconf 89' lang='lat' dir='ltr'><strong>unum</strong></span> 
     </span>
    </p>
   </div>
   <div class='ocr_carea' id='block_1_51' title="bbox 550 3610 2161 3685">
    <p class='ocr_par' dir='ltr' id='par_1_51' title="bbox 550 3610 2161 3685">
     <span class='ocr_line' id='line_1_51' title="bbox 550 3610 2161 3685; baseline 0.002 -21"><span class='ocrx_word' id='word_1_374' title='bbox 550 3610 773 3677; x_wconf 81' lang='lat' dir='ltr'><strong>solum,</strong></span> <span class='ocrx_word' id='word_1_375' title='bbox 829 3612 1119 3682; x_wconf 80' lang='lat' dir='ltr'><strong>Rogerinm</strong></span> <span class='ocrx_word' id='word_1_376' title='bbox 1177 3614 1418 3683; x_wconf 88' lang='lat' dir='ltr'><strong>nomine,</strong></span> <span class='ocrx_word' id='word_1_377' title='bbox 1474 3614 1591 3685; x_wconf 88' lang='lat' dir='ltr'><strong>qui,</strong></span> <span class='ocrx_word' id='word_1_378' title='bbox 1648 3624 1708 3669; x_wconf 92' lang='lat' dir='ltr'><strong>ut</strong></span> <span class='ocrx_word' id='word_1_379' title='bbox 1752 3629 1899 3682; x_wconf 90' lang='lat' dir='ltr'><strong>reor,</strong></span> <span class='ocrx_word' id='word_1_380' title='bbox 1950 3624 2161 3684; x_wconf 87' lang='lat' dir='ltr'><strong>septem</strong></span> 
     </span>
    </p>
   </div>
   <div class='ocr_carea' id='block_1_52' title="bbox 544 3696 2162 3774">
    <p class='ocr_par' dir='ltr' id='par_1_52' title="bbox 544 3696 2162 3774">
     <span class='ocr_line' id='line_1_52' title="bbox 544 3696 2162 3774; baseline 0.004 -22"><span class='ocrx_word' id='word_1_381' title='bbox 544 3696 774 3753; x_wconf 67' lang='lat' dir='ltr'><strong>&quot;achras</strong></span> <span class='ocrx_word' id='word_1_382' title='bbox 824 3710 986 3756; x_wconf 76' lang='lat' dir='ltr'><strong>terra:</strong></span> <span class='ocrx_word' id='word_1_383' title='bbox 1038 3701 1093 3756; x_wconf 90' lang='lat' dir='ltr'><strong>in</strong></span> <span class='ocrx_word' id='word_1_384' title='bbox 1139 3702 1407 3759; x_wconf 83' lang='lat' dir='ltr'><strong>beneficio</strong></span> <span class='ocrx_word' id='word_1_385' title='bbox 1454 3717 1522 3758; x_wconf 84' lang='lat' dir='ltr'><strong>ex</strong></span> <span class='ocrx_word' id='word_1_386' title='bbox 1576 3704 1858 3759; x_wconf 88' lang='lat' dir='ltr'><strong>monachis</strong></span> <span class='ocrx_word' id='word_1_387' title='bbox 1899 3704 2162 3774; x_wconf 87' lang='lat' dir='ltr'><strong>possidet.</strong></span> 
     </span>
    </p>
   </div>
   <div class='ocr_carea' id='block_1_53' title="bbox 542 3791 2161 3866">
    <p class='ocr_par' dir='ltr' id='par_1_53' title="bbox 542 3791 2161 3866">
     <span class='ocr_line' id='line_1_53' title="bbox 542 3791 2161 3866; baseline 0.005 -22"><span class='ocrx_word' id='word_1_388' title='bbox 542 3793 555 3797; x_wconf 72' lang='grc'>“</span> <span class='ocrx_word' id='word_1_389' title='bbox 584 3791 866 3849; x_wconf 83' lang='lat' dir='ltr'><strong>Boseliuus</strong></span> <span class='ocrx_word' id='word_1_390' title='bbox 904 3809 1120 3866; x_wconf 89' lang='lat' dir='ltr'><strong>quoque</strong></span> <span class='ocrx_word' id='word_1_391' title='bbox 1152 3811 1319 3866; x_wconf 92' lang='lat' dir='ltr'><strong>nepos</strong></span> <span class='ocrx_word' id='word_1_392' title='bbox 1348 3794 1490 3865; x_wconf 89' lang='lat' dir='ltr'><strong>ejus,</strong></span> <span class='ocrx_word' id='word_1_393' title='bbox 1519 3811 1681 3866; x_wconf 89' lang='lat' dir='ltr'><strong>quem</strong></span> <span class='ocrx_word' id='word_1_394' title='bbox 1722 3797 1859 3852; x_wconf 91' lang='lat' dir='ltr'><strong>bene</strong></span> <span class='ocrx_word' id='word_1_395' title='bbox 1887 3796 2161 3862; x_wconf 87' lang='lat' dir='ltr'><strong>novimus,</strong></span> 
     </span>
    </p>
   </div>
   <div class='ocr_carea' id='block_1_54' title="bbox 583 3880 2165 3958">
    <p class='ocr_par' dir='ltr' id='par_1_54' title="bbox 583 3880 2165 3958">
     <span class='ocr_line' id='line_1_54' title="bbox 583 3880 2165 3958; baseline 0.003 -22"><span class='ocrx_word' id='word_1_396' title='bbox 583 3883 634 3936; x_wconf 92' lang='lat' dir='ltr'><strong>in</strong></span> <span class='ocrx_word' id='word_1_397' title='bbox 664 3880 860 3954; x_wconf 77' lang='lat' dir='ltr'><strong>Turgis</strong></span> <span class='ocrx_word' id='word_1_398' title='bbox 886 3880 1046 3949; x_wconf 83' lang='lat' dir='ltr'><strong>Villa,</strong></span> <span class='ocrx_word' id='word_1_399' title='bbox 1077 3885 1179 3940; x_wconf 92' lang='lat' dir='ltr'><strong>hoc</strong></span> <span class='ocrx_word' id='word_1_400' title='bbox 1212 3886 1354 3958; x_wconf 90' lang='lat' dir='ltr'><strong>quod</strong></span> <span class='ocrx_word' id='word_1_401' title='bbox 1386 3901 1417 3940; x_wconf 92' lang='lat' dir='ltr'><strong>a</strong></span> <span class='ocrx_word' id='word_1_402' title='bbox 1467 3885 1625 3941; x_wconf 90' lang='lat' dir='ltr'><strong>nobis</strong></span> <span class='ocrx_word' id='word_1_403' title='bbox 1657 3895 1843 3941; x_wconf 89' lang='lat' dir='ltr'><strong>tenere</strong></span> <span class='ocrx_word' id='word_1_404' title='bbox 1880 3887 2165 3943; x_wconf 83' lang='lat' dir='ltr'><strong>videbatur</strong></span> 
     </span>
    </p>
   </div>
   <div class='ocr_carea' id='block_1_55' title="bbox 582 3977 2165 4045">
    <p class='ocr_par' dir='ltr' id='par_1_55' title="bbox 582 3977 2165 4045">
     <span class='ocr_line' id='line_1_55' title="bbox 582 3977 2165 4045; baseline 0.004 -16"><span class='ocrx_word' id='word_1_405' title='bbox 582 3986 638 4030; x_wconf 88' lang='lat' dir='ltr'><strong>et</strong></span> <span class='ocrx_word' id='word_1_406' title='bbox 682 3993 711 4029; x_wconf 88' lang='lat' dir='ltr'><strong>a</strong></span> <span class='ocrx_word' id='word_1_407' title='bbox 760 3985 954 4045; x_wconf 88' lang='lat' dir='ltr'><strong>patruo</strong></span> <span class='ocrx_word' id='word_1_408' title='bbox 998 3993 1096 4032; x_wconf 93' lang='lat' dir='ltr'><strong>suo</strong></span> <span class='ocrx_word' id='word_1_409' title='bbox 1144 3978 1330 4033; x_wconf 90' lang='lat' dir='ltr'><strong>datum</strong></span> <span class='ocrx_word' id='word_1_410' title='bbox 1362 3977 1558 4043; x_wconf 84' lang='lat' dir='ltr'><strong>fuerat,</strong></span> <span class='ocrx_word' id='word_1_411' title='bbox 1610 3978 1914 4036; x_wconf 88' lang='lat' dir='ltr'><strong>latrociniis</strong></span> <span class='ocrx_word' id='word_1_412' title='bbox 1951 3989 2007 4034; x_wconf 89' lang='lat' dir='ltr'><strong>et</strong></span> <span class='ocrx_word' id='word_1_413' title='bbox 2043 3979 2165 4036; x_wconf 89' lang='lat' dir='ltr'><strong>aliis</strong></span> 
     </span>
    </p>
   </div>
   <div class='ocr_carea' id='block_1_56' title="bbox 583 4063 2167 4135">
    <p class='ocr_par' dir='ltr' id='par_1_56' title="bbox 583 4063 2167 4135">
     <span class='ocr_line' id='line_1_56' title="bbox 583 4063 2167 4135; baseline 0.003 -14"><span class='ocrx_word' id='word_1_414' title='bbox 583 4066 843 4135; x_wconf 74' lang='lat' dir='ltr'><strong>nequitiis</strong></span> <span class='ocrx_word' id='word_1_415' title='bbox 875 4067 948 4121; x_wconf 87' lang='lat' dir='ltr'><strong>ita</strong></span> <span class='ocrx_word' id='word_1_416' title='bbox 979 4063 1079 4122; x_wconf 82' lang='lat' dir='ltr'><strong>fuit</strong></span> <span class='ocrx_word' id='word_1_417' title='bbox 1124 4068 1423 4135; x_wconf 86' lang='lat' dir='ltr'><strong>obnoxius,</strong></span> <span class='ocrx_word' id='word_1_418' title='bbox 1469 4078 1530 4123; x_wconf 92' lang='lat' dir='ltr'><strong>ut</strong></span> <span class='ocrx_word' id='word_1_419' title='bbox 1580 4079 1752 4125; x_wconf 88' lang='lat' dir='ltr'><strong>totum</strong></span> <span class='ocrx_word' id='word_1_420' title='bbox 1791 4070 1920 4125; x_wconf 90' lang='lat' dir='ltr'><strong>illud</strong></span> <span class='ocrx_word' id='word_1_421' title='bbox 1964 4071 2167 4127; x_wconf 79' lang='lat' dir='ltr'><strong>benefi-</strong></span> 
     </span>
    </p>
   </div>
   <div class='ocr_carea' id='block_1_57' title="bbox 541 4159 2166 4232">
    <p class='ocr_par' dir='ltr' id='par_1_57' title="bbox 541 4159 2166 4232">
     <span class='ocr_line' id='line_1_57' title="bbox 541 4159 2166 4232; baseline 0.002 -17"><span class='ocrx_word' id='word_1_422' title='bbox 541 4159 544 4164; x_wconf 84' lang='grc'><em>’</em></span> <span class='ocrx_word' id='word_1_423' title='bbox 583 4161 728 4215; x_wconf 91' lang='lat' dir='ltr'><strong>cium</strong></span> <span class='ocrx_word' id='word_1_424' title='bbox 758 4160 915 4214; x_wconf 88' lang='lat' dir='ltr'><strong>nobis</strong></span> <span class='ocrx_word' id='word_1_425' title='bbox 947 4159 1275 4231; x_wconf 85' lang='lat' dir='ltr'><strong>relinqueret</strong></span> <span class='ocrx_word' id='word_1_426' title='bbox 1319 4170 1375 4217; x_wconf 90' lang='lat' dir='ltr'><strong>et</strong></span> <span class='ocrx_word' id='word_1_427' title='bbox 1427 4162 1479 4217; x_wconf 92' lang='lat' dir='ltr'><strong>in</strong></span> <span class='ocrx_word' id='word_1_428' title='bbox 1524 4162 1760 4232; x_wconf 89' lang='lat' dir='ltr'><strong>quodam</strong></span> <span class='ocrx_word' id='word_1_429' title='bbox 1799 4172 1974 4229; x_wconf 89' lang='lat' dir='ltr'><strong>croto,</strong></span> <span class='ocrx_word' id='word_1_430' title='bbox 2009 4161 2166 4231; x_wconf 82' lang='lat' dir='ltr'><strong>juxta</strong></span> 
     </span>
    </p>
   </div>
   <div class='ocr_carea' id='block_1_58' title="bbox 582 4250 2169 4322">
    <p class='ocr_par' dir='ltr' id='par_1_58' title="bbox 582 4250 2169 4322">
     <span class='ocr_line' id='line_1_58' title="bbox 582 4250 2169 4322; baseline 0.003 -17"><span class='ocrx_word' id='word_1_431' title='bbox 582 4250 891 4322; x_wconf 87' lang='lat' dir='ltr'><strong>peribolum</strong></span> <span class='ocrx_word' id='word_1_432' title='bbox 945 4252 1090 4321; x_wconf 91' lang='lat' dir='ltr'><strong>quod</strong></span> <span class='ocrx_word' id='word_1_433' title='bbox 1148 4251 1421 4309; x_wconf 87' lang='lat' dir='ltr'><strong>edificavit</strong></span> <span class='ocrx_word' id='word_1_434' title='bbox 1478 4253 1810 4309; x_wconf 86' lang='lat' dir='ltr'><strong>venerabilis</strong></span> <span class='ocrx_word' id='word_1_435' title='bbox 1866 4250 2169 4309; x_wconf 85' lang='lat' dir='ltr'><strong>Laudricus</strong></span> 
     </span>
    </p>
   </div>
   <div class='ocr_carea' id='block_1_59' title="bbox 585 4334 2165 4414">
    <p class='ocr_par' dir='ltr' id='par_1_59' title="bbox 585 4334 2165 4414">
     <span class='ocr_line' id='line_1_59' title="bbox 585 4334 2165 4414; baseline 0.001 -16"><span class='ocrx_word' id='word_1_436' title='bbox 585 4334 755 4399; x_wconf 80' lang='lat' dir='ltr'><strong>abbas</strong></span> <span class='ocrx_word' id='word_1_437' title='bbox 805 4344 858 4398; x_wconf 91' lang='lat' dir='ltr'><strong>in</strong></span> <span class='ocrx_word' id='word_1_438' title='bbox 882 4344 1112 4399; x_wconf 89' lang='lat' dir='ltr'><strong>circuitu</strong></span> <span class='ocrx_word' id='word_1_439' title='bbox 1164 4345 1422 4410; x_wconf 70' lang='lat' dir='ltr'><strong>cmnobii,</strong></span> <span class='ocrx_word' id='word_1_440' title='bbox 1473 4361 1599 4401; x_wconf 90' lang='lat' dir='ltr'><strong>cum</strong></span> <span class='ocrx_word' id='word_1_441' title='bbox 1642 4345 1793 4401; x_wconf 91' lang='lat' dir='ltr'><strong>omni</strong></span> <span class='ocrx_word' id='word_1_442' title='bbox 1841 4347 2004 4401; x_wconf 88' lang='lat' dir='ltr'><strong>domo</strong></span> <span class='ocrx_word' id='word_1_443' title='bbox 2048 4362 2165 4414; x_wconf 90' lang='lat' dir='ltr'><strong>sua,</strong></span> 
     </span>
    </p>
   </div>
   <div class='ocr_carea' id='block_1_60' title="bbox 536 4434 2096 4507">
    <p class='ocr_par' dir='ltr' id='par_1_60' title="bbox 536 4434 2096 4507">
     <span class='ocr_line' id='line_1_60' title="bbox 536 4434 2096 4507; baseline 0.001 -21"><span class='ocrx_word' id='word_1_444' title='bbox 536 4454 541 4457; x_wconf 95' lang='grc'>·</span> <span class='ocrx_word' id='word_1_445' title='bbox 584 4434 975 4490; x_wconf 86' lang='lat' dir='ltr'><strong>monachorum</strong></span> <span class='ocrx_word' id='word_1_446' title='bbox 1006 4434 1299 4505; x_wconf 75' lang='lat' dir='ltr'><strong>prehende,</strong></span> <span class='ocrx_word' id='word_1_447' title='bbox 1330 4452 1436 4491; x_wconf 91' lang='lat' dir='ltr'><strong>non</strong></span> <span class='ocrx_word' id='word_1_448' title='bbox 1467 4451 1638 4507; x_wconf 89' lang='lat' dir='ltr'><strong>parvo</strong></span> <span class='ocrx_word' id='word_1_449' title='bbox 1663 4436 1799 4491; x_wconf 86' lang='lat' dir='ltr'><strong>vixit</strong></span> <span class='ocrx_word' id='word_1_450' title='bbox 1832 4446 2096 4507; x_wconf 90' lang='lat' dir='ltr'><strong>tempore.</strong></span> 
     </span>
    </p>
   </div>
   <div class='ocr_carea' id='block_1_61' title="bbox 530 4525 2168 4600">
    <p class='ocr_par' dir='ltr' id='par_1_61' title="bbox 530 4525 2168 4600">
     <span class='ocr_line' id='line_1_61' title="bbox 530 4525 2168 4600; baseline 0.004 -22"><span class='ocrx_word' id='word_1_451' title='bbox 530 4542 533 4543; x_wconf 57' lang='lat'><strong><em>&#39;</em></strong></span> <span class='ocrx_word' id='word_1_452' title='bbox 604 4549 611 4551; x_wconf 51' lang='grc' dir='ltr'>λ</span> <span class='ocrx_word' id='word_1_453' title='bbox 658 4525 894 4581; x_wconf 86' lang='lat' dir='ltr'><strong>Rursum</strong></span> <span class='ocrx_word' id='word_1_454' title='bbox 920 4526 1070 4600; x_wconf 79' lang='grc'><strong>(155)</strong></span> <span class='ocrx_word' id='word_1_455' title='bbox 1100 4541 1315 4600; x_wconf 88' lang='lat' dir='ltr'><strong>quoque</strong></span> <span class='ocrx_word' id='word_1_456' title='bbox 1340 4528 1468 4583; x_wconf 85' lang='lat' dir='ltr'><strong>duxi</strong></span> <span class='ocrx_word' id='word_1_457' title='bbox 1500 4528 1724 4599; x_wconf 77' lang='lat' dir='ltr'><strong>dignum</strong></span> <span class='ocrx_word' id='word_1_458' title='bbox 1756 4529 2032 4584; x_wconf 67' lang='lat' dir='ltr'><strong>memoriae</strong></span> <span class='ocrx_word' id='word_1_459' title='bbox 2056 4536 2168 4584; x_wconf 86' lang='lat' dir='ltr'><strong>tra-</strong></span> 
     </span>
    </p>
   </div>
   <div class='ocr_carea' id='block_1_62' title="bbox 586 4618 2171 4691">
    <p class='ocr_par' dir='ltr' id='par_1_62' title="bbox 586 4618 2171 4691">
     <span class='ocr_line' id='line_1_62' title="bbox 586 4618 2171 4691; baseline 0.003 -19"><span class='ocrx_word' id='word_1_460' title='bbox 586 4618 821 4672; x_wconf 88' lang='lat' dir='ltr'><strong>dendum</strong></span> <span class='ocrx_word' id='word_1_461' title='bbox 852 4619 918 4673; x_wconf 88' lang='lat' dir='ltr'><strong>de</strong></span> <span class='ocrx_word' id='word_1_462' title='bbox 944 4618 1166 4688; x_wconf 72' lang='lat' dir='ltr'><strong>pradan</strong></span> <span class='ocrx_word' id='word_1_463' title='bbox 1188 4619 1329 4684; x_wconf 93' lang='lat' dir='ltr'><strong>viro,</strong></span> <span class='ocrx_word' id='word_1_464' title='bbox 1358 4618 1561 4675; x_wconf 86' lang='lat' dir='ltr'><strong>scilicet</strong></span> <span class='ocrx_word' id='word_1_465' title='bbox 1590 4619 1862 4685; x_wconf 86' lang='lat' dir='ltr'><strong>Arefasto,</strong></span> <span class='ocrx_word' id='word_1_466' title='bbox 1895 4622 2171 4691; x_wconf 87' lang='lat' dir='ltr'><strong>quomodo</strong></span> 
     </span>
    </p>
   </div>
   <div class='ocr_carea' id='block_1_63' title="bbox 530 4707 2169 4782">
    <p class='ocr_par' dir='ltr' id='par_1_63' title="bbox 530 4707 2169 4782">
     <span class='ocr_line' id='line_1_63' title="bbox 530 4707 2169 4782; baseline 0.004 -21"><span class='ocrx_word' id='word_1_467' title='bbox 530 4718 539 4727; x_wconf 55' lang='grc' dir='ltr'>λ</span> <span class='ocrx_word' id='word_1_468' title='bbox 584 4707 640 4762; x_wconf 92' lang='lat' dir='ltr'><strong>iu</strong></span> <span class='ocrx_word' id='word_1_469' title='bbox 669 4707 962 4763; x_wconf 80' lang='lat' dir='ltr'><strong>Aureliana</strong></span> <span class='ocrx_word' id='word_1_470' title='bbox 987 4710 1140 4773; x_wconf 88' lang='lat' dir='ltr'><strong>urbe,</strong></span> <span class='ocrx_word' id='word_1_471' title='bbox 1172 4709 1355 4765; x_wconf 88' lang='lat' dir='ltr'><strong>divina</strong></span> <span class='ocrx_word' id='word_1_472' title='bbox 1385 4724 1487 4781; x_wconf 92' lang='lat' dir='ltr'><strong>ope</strong></span> <span class='ocrx_word' id='word_1_473' title='bbox 1513 4711 1706 4780; x_wconf 90' lang='lat' dir='ltr'><strong>suique</strong></span> <span class='ocrx_word' id='word_1_474' title='bbox 1732 4710 1934 4782; x_wconf 90' lang='lat' dir='ltr'><strong>ingenii</strong></span> <span class='ocrx_word' id='word_1_475' title='bbox 1963 4711 2169 4767; x_wconf 88' lang='lat' dir='ltr'><strong>salubri</strong></span> 
     </span>
    </p>
   </div>
   <div class='ocr_carea' id='block_1_64' title="bbox 526 4798 2173 4871">
    <p class='ocr_par' dir='ltr' id='par_1_64' title="bbox 526 4798 2173 4871">
     <span class='ocr_line' id='line_1_64' title="bbox 526 4798 2173 4871; baseline 0.001 -18"><span class='ocrx_word' id='word_1_476' title='bbox 526 4810 531 4817; x_wconf 52' lang='grc' dir='ltr'><em>ί</em></span> <span class='ocrx_word' id='word_1_477' title='bbox 587 4800 877 4865; x_wconf 88' lang='lat' dir='ltr'><strong>acumine,</strong></span> <span class='ocrx_word' id='word_1_478' title='bbox 926 4798 1230 4854; x_wconf 23' lang='lat' dir='ltr'><strong>rhereticam</strong></span> <span class='ocrx_word' id='word_1_479' title='bbox 1278 4799 1599 4871; x_wconf 85' lang='lat' dir='ltr'><strong>pravitatem</strong></span> <span class='ocrx_word' id='word_1_480' title='bbox 1644 4800 1879 4855; x_wconf 90' lang='lat' dir='ltr'><strong>latenter</strong></span> <span class='ocrx_word' id='word_1_481' title='bbox 1904 4800 2173 4870; x_wconf 87' lang='lat' dir='ltr'><strong>pullulan-</strong></span> 
     </span>
    </p>
   </div>
   <div class='ocr_carea' id='block_1_65' title="bbox 586 4888 2172 4963">
    <p class='ocr_par' dir='ltr' id='par_1_65' title="bbox 586 4888 2172 4963">
     <span class='ocr_line' id='line_1_65' title="bbox 586 4888 2172 4963; baseline 0.003 -19"><span class='ocrx_word' id='word_1_482' title='bbox 586 4900 719 4955; x_wconf 89' lang='lat' dir='ltr'><strong>tem,</strong></span> <span class='ocrx_word' id='word_1_483' title='bbox 744 4890 1075 4963; x_wconf 85' lang='lat' dir='ltr'><strong>jamjamque</strong></span> <span class='ocrx_word' id='word_1_484' title='bbox 1122 4904 1222 4961; x_wconf 88' lang='lat' dir='ltr'><strong>per</strong></span> <span class='ocrx_word' id='word_1_485' title='bbox 1262 4888 1561 4946; x_wconf 83' lang='lat' dir='ltr'><strong>Galliarum</strong></span> <span class='ocrx_word' id='word_1_486' title='bbox 1611 4891 1921 4961; x_wconf 87' lang='lat' dir='ltr'><strong>provincias</strong></span> <span class='ocrx_word' id='word_1_487' title='bbox 1953 4891 2172 4948; x_wconf 80' lang='lat' dir='ltr'><strong>nefandi</strong></span> 
     </span>
    </p>
   </div>
   <div class='ocr_carea' id='block_1_66' title="bbox 587 4980 2171 5052">
    <p class='ocr_par' dir='ltr' id='par_1_66' title="bbox 587 4980 2171 5052">
     <span class='ocr_line' id='line_1_66' title="bbox 587 4980 2171 5052; baseline 0.001 -15"><span class='ocrx_word' id='word_1_488' title='bbox 587 4983 834 5037; x_wconf 86' lang='lat' dir='ltr'><strong>hcrroris</strong></span> <span class='ocrx_word' id='word_1_489' title='bbox 857 4997 1067 5038; x_wconf 87' lang='lat' dir='ltr'><strong>venena</strong></span> <span class='ocrx_word' id='word_1_490' title='bbox 1105 4981 1352 5037; x_wconf 80' lang='lat' dir='ltr'><strong>exitialia</strong></span> <span class='ocrx_word' id='word_1_491' title='bbox 1396 4980 1776 5052; x_wconf 90' lang='lat' dir='ltr'><strong>propinantem</strong></span> <span class='ocrx_word' id='word_1_492' title='bbox 1800 5019 1817 5049; x_wconf 91' lang='lat'><strong>,</strong></span> <span class='ocrx_word' id='word_1_493' title='bbox 1860 4996 1967 5038; x_wconf 92' lang='lat' dir='ltr'><strong>non</strong></span> <span class='ocrx_word' id='word_1_494' title='bbox 1996 4983 2171 5047; x_wconf 80' lang='lat' dir='ltr'><strong>solum</strong></span> 
     </span>
    </p>
   </div>
   <div class='ocr_carea' id='block_1_67' title="bbox 528 5068 2175 5144">
    <p class='ocr_par' dir='ltr' id='par_1_67' title="bbox 528 5068 2175 5144">
     <span class='ocr_line' id='line_1_67' title="bbox 528 5068 2175 5144; baseline 0.003 -18"><span class='ocrx_word' id='word_1_495' title='bbox 528 5076 535 5077; x_wconf 63' lang='lat'><em>&#39;</em></span> <span class='ocrx_word' id='word_1_496' title='bbox 588 5068 1030 5142; x_wconf 84' lang='lat' dir='ltr'><strong>deprehenderit,</strong></span> <span class='ocrx_word' id='word_1_497' title='bbox 1060 5074 1155 5129; x_wconf 89' lang='lat' dir='ltr'><strong>sed</strong></span> <span class='ocrx_word' id='word_1_498' title='bbox 1184 5074 1348 5129; x_wconf 88' lang='lat' dir='ltr'><strong>etiam</strong></span> <span class='ocrx_word' id='word_1_499' title='bbox 1373 5072 1595 5128; x_wconf 90' lang='lat' dir='ltr'><strong>omnino</strong></span> <span class='ocrx_word' id='word_1_500' title='bbox 1615 5076 2018 5144; x_wconf 88' lang='lat' dir='ltr'><strong>compresserit.</strong></span> <span class='ocrx_word' id='word_1_501' title='bbox 2046 5076 2175 5131; x_wconf 86' lang='lat' dir='ltr'><strong>Erat</strong></span> 
     </span>
    </p>
   </div>
   <div class='ocr_carea' id='block_1_68' title="bbox 591 5150 2176 5236">
    <p class='ocr_par' dir='ltr' id='par_1_68' title="bbox 591 5150 2176 5236">
     <span class='ocr_line' id='line_1_68' title="bbox 591 5150 2176 5236; baseline 0.005 -21"><span class='ocrx_word' id='word_1_502' title='bbox 591 5163 737 5216; x_wconf 89' lang='lat' dir='ltr'><strong>enim</strong></span> <span class='ocrx_word' id='word_1_503' title='bbox 777 5164 845 5217; x_wconf 88' lang='lat' dir='ltr'><strong>de</strong></span> <span class='ocrx_word' id='word_1_504' title='bbox 884 5178 1086 5233; x_wconf 89' lang='lat' dir='ltr'><strong>genere</strong></span> <span class='ocrx_word' id='word_1_505' title='bbox 1130 5163 1395 5219; x_wconf 88' lang='lat' dir='ltr'><strong>comitum</strong></span> <span class='ocrx_word' id='word_1_506' title='bbox 1450 5150 1910 5229; x_wconf 84' lang='lat' dir='ltr'><strong>Normaunorum,</strong></span> <span class='ocrx_word' id='word_1_507' title='bbox 1959 5166 2176 5236; x_wconf 90' lang='lat' dir='ltr'><strong>eloquio</strong></span> 
     </span>
    </p>
   </div>
   <div class='ocr_carea' id='block_1_69' title="bbox 593 5238 2174 5326">
    <p class='ocr_par' dir='ltr' id='par_1_69' title="bbox 593 5238 2174 5326">
     <span class='ocr_line' id='line_1_69' title="bbox 593 5238 2174 5326; baseline 0.004 -21"><span class='ocrx_word' id='word_1_508' title='bbox 593 5252 819 5316; x_wconf 88' lang='lat' dir='ltr'><strong>nitidus,</strong></span> <span class='ocrx_word' id='word_1_509' title='bbox 851 5254 1077 5313; x_wconf 88' lang='lat' dir='ltr'><strong>consilio</strong></span> <span class='ocrx_word' id='word_1_510' title='bbox 1099 5238 1394 5325; x_wconf 83' lang='lat' dir='ltr'><strong>providus,</strong></span> <span class='ocrx_word' id='word_1_511' title='bbox 1425 5252 1586 5309; x_wconf 87' lang='lat' dir='ltr'><strong>bonis</strong></span> <span class='ocrx_word' id='word_1_512' title='bbox 1617 5254 1861 5310; x_wconf 87' lang='lat' dir='ltr'><strong>moribus</strong></span> <span class='ocrx_word' id='word_1_513' title='bbox 1894 5265 2174 5326; x_wconf 90' lang='lat' dir='ltr'><strong>comptus,</strong></span> 
     </span>
    </p>
   </div>
   <div class='ocr_carea' id='block_1_70' title="bbox 592 5344 2178 5419">
    <p class='ocr_par' dir='ltr' id='par_1_70' title="bbox 592 5344 2178 5419">
     <span class='ocr_line' id='line_1_70' title="bbox 592 5344 2178 5419; baseline 0.004 -21"><span class='ocrx_word' id='word_1_514' title='bbox 592 5358 660 5399; x_wconf 85' lang='lat' dir='ltr'><strong>ac</strong></span> <span class='ocrx_word' id='word_1_515' title='bbox 687 5344 886 5400; x_wconf 89' lang='lat' dir='ltr'><strong>iccirco</strong></span> <span class='ocrx_word' id='word_1_516' title='bbox 933 5345 1224 5417; x_wconf 84' lang='lat' dir='ltr'><strong>legationis</strong></span> <span class='ocrx_word' id='word_1_517' title='bbox 1270 5346 1484 5416; x_wconf 75' lang='lat' dir='ltr'><strong>ofﬁcio,</strong></span> <span class='ocrx_word' id='word_1_518' title='bbox 1517 5357 1630 5403; x_wconf 89' lang='lat' dir='ltr'><strong>tam</strong></span> <span class='ocrx_word' id='word_1_519' title='bbox 1658 5357 1791 5419; x_wconf 88' lang='lat' dir='ltr'><strong>aput</strong></span> <span class='ocrx_word' id='word_1_520' title='bbox 1838 5347 2178 5405; x_wconf 86' lang='lat' dir='ltr'><strong>Francorum</strong></span> 
     </span>
    </p>
   </div>
   <div class='ocr_carea' id='block_1_71' title="bbox 595 5440 2176 5520">
    <p class='ocr_par' dir='ltr' id='par_1_71' title="bbox 595 5440 2176 5520">
     <span class='ocr_line' id='line_1_71' title="bbox 595 5440 2176 5520; baseline 0.004 -28"><span class='ocrx_word' id='word_1_521' title='bbox 595 5452 776 5508; x_wconf 88' lang='lat' dir='ltr'><strong>regem</strong></span> <span class='ocrx_word' id='word_1_522' title='bbox 804 5453 966 5509; x_wconf 89' lang='lat' dir='ltr'><strong>quam</strong></span> <span class='ocrx_word' id='word_1_523' title='bbox 996 5448 1125 5511; x_wconf 91' lang='lat' dir='ltr'><strong>aput</strong></span> <span class='ocrx_word' id='word_1_524' title='bbox 1154 5454 1440 5520; x_wconf 82' lang='lat' dir='ltr'><strong>proceres,</strong></span> <span class='ocrx_word' id='word_1_525' title='bbox 1487 5440 1806 5498; x_wconf 87' lang='lat' dir='ltr'><strong>notissimus</strong></span> <span class='ocrx_word' id='word_1_526' title='bbox 1833 5442 2033 5498; x_wconf 81' lang='lat' dir='ltr'><strong>extitit.</strong></span> <span class='ocrx_word' id='word_1_527' title='bbox 2075 5440 2176 5499; x_wconf 76' lang='lat' dir='ltr'><strong>Hic</strong></span> 
     </span>
    </p>
   </div>
   <div class='ocr_carea' id='block_1_72' title="bbox 595 5528 2173 5607">
    <p class='ocr_par' dir='ltr' id='par_1_72' title="bbox 595 5528 2173 5607">
     <span class='ocr_line' id='line_1_72' title="bbox 595 5528 2173 5607; baseline 0.004 -21"><span class='ocrx_word' id='word_1_528' title='bbox 595 5531 653 5587; x_wconf 91' lang='lat' dir='ltr'><strong>in</strong></span> <span class='ocrx_word' id='word_1_529' title='bbox 681 5532 880 5589; x_wconf 91' lang='lat' dir='ltr'><strong>domno</strong></span> <span class='ocrx_word' id='word_1_530' title='bbox 914 5546 1014 5589; x_wconf 85' lang='lat' dir='ltr'><strong>sua</strong></span> <span class='ocrx_word' id='word_1_531' title='bbox 1040 5528 1310 5607; x_wconf 88' lang='lat' dir='ltr'><strong>quendam</strong></span> <span class='ocrx_word' id='word_1_532' title='bbox 1358 5533 1617 5593; x_wconf 86' lang='lat' dir='ltr'><strong>clericum</strong></span> <span class='ocrx_word' id='word_1_533' title='bbox 1658 5534 1915 5591; x_wconf 84' lang='lat' dir='ltr'><strong>habuisse</strong></span> <span class='ocrx_word' id='word_1_534' title='bbox 1952 5536 2173 5606; x_wconf 85' lang='lat' dir='ltr'><strong>dicitur,</strong></span> 
     </span>
    </p>
   </div>
   <div class='ocr_carea' id='block_1_73' title="bbox 667 5644 1993 5745">
    <p class='ocr_par' dir='ltr' id='par_1_73' title="bbox 667 5644 1993 5745">
     <span class='ocr_line' id='line_1_73' title="bbox 667 5644 1993 5745; baseline 0.002 -23"><span class='ocrx_word' id='word_1_535' title='bbox 667 5644 816 5745; x_wconf 50' lang='lat' dir='ltr'><strong>(ib?)</strong></span> <span class='ocrx_word' id='word_1_536' title='bbox 853 5667 1107 5745; x_wconf 62' lang='lat' dir='ltr'><strong>[fortasse</strong></span> <span class='ocrx_word' id='word_1_537' title='bbox 1132 5670 1337 5737; x_wconf 73' lang='lat' dir='ltr'><strong>l‘Ornc,</strong></span> <span class='ocrx_word' id='word_1_538' title='bbox 1367 5678 1428 5745; x_wconf 83' lang='lat' dir='ltr'><strong>ut</strong></span> <span class='ocrx_word' id='word_1_539' title='bbox 1452 5666 1765 5745; x_wconf 62' lang='lat' dir='ltr'><strong>conjicitb.</strong></span> <span class='ocrx_word' id='word_1_540' title='bbox 1795 5665 1993 5745; x_wconf 62' lang='lat' dir='ltr'><strong>hiuley.</strong></span> 
     </span>
    </p>
   </div>
   <div class='ocr_carea' id='block_1_74' title="bbox 668 5738 2177 5806">
    <p class='ocr_par' dir='ltr' id='par_1_74' title="bbox 668 5738 2177 5806">
     <span class='ocr_line' id='line_1_74' title="bbox 668 5738 2177 5806; baseline 0.005 -14"><span class='ocrx_word' id='word_1_541' title='bbox 668 5738 814 5806; x_wconf 71' lang='grc'><strong>(153)</strong></span> <span class='ocrx_word' id='word_1_542' title='bbox 854 5738 1015 5795; x_wconf 87' lang='lat' dir='ltr'><strong>Deest</strong></span> <span class='ocrx_word' id='word_1_543' title='bbox 1045 5740 1160 5797; x_wconf 73' lang='lat' dir='ltr'><strong>haec</strong></span> <span class='ocrx_word' id='word_1_544' title='bbox 1188 5741 1433 5796; x_wconf 84' lang='lat' dir='ltr'><strong>narratio</strong></span> <span class='ocrx_word' id='word_1_545' title='bbox 1464 5741 1529 5796; x_wconf 90' lang='lat' dir='ltr'><strong>de</strong></span> <span class='ocrx_word' id='word_1_546' title='bbox 1557 5739 1872 5794; x_wconf 63' lang='lat' dir='ltr'><strong>manichmis</strong></span> <span class='ocrx_word' id='word_1_547' title='bbox 1910 5738 1965 5796; x_wconf 81' lang='lat' dir='ltr'><strong>in</strong></span> <span class='ocrx_word' id='word_1_548' title='bbox 1989 5741 2177 5799; x_wconf 85' lang='lat' dir='ltr'><strong>codice</strong></span> 
     </span>
    </p>
   </div>
   <div class='ocr_carea' id='block_1_75' title="bbox 596 5804 1891 5883">
    <p class='ocr_par' dir='ltr' id='par_1_75' title="bbox 596 5804 1891 5883">
     <span class='ocr_line' id='line_1_75' title="bbox 596 5804 1891 5883; baseline 0.003 -23"><span class='ocrx_word' id='word_1_549' title='bbox 596 5804 656 5879; x_wconf 65' lang='grc' dir='ltr'><strong>β.</strong></span> <span class='ocrx_word' id='word_1_550' title='bbox 678 5804 839 5864; x_wconf 77' lang='lat' dir='ltr'><strong>Edita</strong></span> <span class='ocrx_word' id='word_1_551' title='bbox 865 5818 946 5865; x_wconf 89' lang='lat' dir='ltr'><strong>est</strong></span> <span class='ocrx_word' id='word_1_552' title='bbox 966 5812 1023 5866; x_wconf 74' lang='lat' dir='ltr'><strong>in</strong></span> <span class='ocrx_word' id='word_1_553' title='bbox 1051 5810 1254 5883; x_wconf 85' lang='lat' dir='ltr'><strong>Script.</strong></span> <span class='ocrx_word' id='word_1_554' title='bbox 1284 5811 1557 5875; x_wconf 81' lang='lat' dir='ltr'><strong>Franc.,t.</strong></span> <span class='ocrx_word' id='word_1_555' title='bbox 1590 5807 1661 5875; x_wconf 76' lang='grc' dir='ltr'><strong>Χ,</strong></span> <span class='ocrx_word' id='word_1_556' title='bbox 1683 5824 1737 5880; x_wconf 92' lang='lat' dir='ltr'><strong>p.</strong></span> <span class='ocrx_word' id='word_1_557' title='bbox 1765 5806 1891 5864; x_wconf 73' lang='lat'><strong>556.</strong></span> 
     </span>
    </p>
   </div>
   <div class='ocr_carea' id='block_1_76' title="bbox 2199 4579 2249 4639">
    <p class='ocr_par' dir='ltr' id='par_1_76' title="bbox 2199 4579 2249 4639">
     <span class='ocr_line' id='line_1_76' title="bbox 2199 4579 2249 4639; baseline 0 0"><span class='ocrx_word' id='word_1_558' title='bbox 2199 4579 2249 4639; x_wconf 90' lang='lat' dir='ltr'><strong>D</strong></span> 
     </span>
    </p>
   </div>
   <div class='ocr_carea' id='block_1_77' title="bbox 2245 1954 3753 2033">
    <p class='ocr_par' dir='ltr' id='par_1_77' title="bbox 2245 1954 3753 2033">
     <span class='ocr_line' id='line_1_77' title="bbox 2245 1954 3753 2033; baseline -0.009 -13"><span class='ocrx_word' id='word_1_559' title='bbox 2245 1965 2460 2030; x_wconf 88' lang='lat' dir='ltr'><strong>urbem,</strong></span> <span class='ocrx_word' id='word_1_560' title='bbox 2481 1975 2596 2033; x_wconf 77' lang='lat' dir='ltr'><strong>pra:</strong></span> <span class='ocrx_word' id='word_1_561' title='bbox 2612 1959 2814 2017; x_wconf 86' lang='lat' dir='ltr'><strong>ceteris</strong></span> <span class='ocrx_word' id='word_1_562' title='bbox 2833 1958 3082 2025; x_wconf 88' lang='lat' dir='ltr'><strong>urbibus,</strong></span> <span class='ocrx_word' id='word_1_563' title='bbox 3098 1971 3391 2015; x_wconf 83' lang='lat' dir='ltr'><strong>coruscare</strong></span> <span class='ocrx_word' id='word_1_564' title='bbox 3413 1955 3529 2011; x_wconf 91' lang='lat' dir='ltr'><strong>luce</strong></span> <span class='ocrx_word' id='word_1_565' title='bbox 3548 1954 3753 2027; x_wconf 74' lang='lat' dir='ltr'><strong>sapienti:</strong></span> 
     </span>
    </p>
   </div>
   <div class='ocr_carea' id='block_1_78' title="bbox 2249 2048 3756 2127">
    <p class='ocr_par' dir='ltr' id='par_1_78' title="bbox 2249 2048 3756 2127">
     <span class='ocr_line' id='line_1_78' title="bbox 2249 2048 3756 2127; baseline -0.011 -14"><span class='ocrx_word' id='word_1_566' title='bbox 2249 2066 2415 2127; x_wconf 89' lang='lat' dir='ltr'><strong>atque</strong></span> <span class='ocrx_word' id='word_1_567' title='bbox 2459 2053 2768 2112; x_wconf 87' lang='lat' dir='ltr'><strong>sanctitatis</strong></span> <span class='ocrx_word' id='word_1_568' title='bbox 2795 2051 3068 2123; x_wconf 86' lang='lat' dir='ltr'><strong>lampade.</strong></span> <span class='ocrx_word' id='word_1_569' title='bbox 3113 2049 3173 2105; x_wconf 88' lang='lat' dir='ltr'><strong>lu</strong></span> <span class='ocrx_word' id='word_1_570' title='bbox 3204 2049 3364 2121; x_wconf 88' lang='lat' dir='ltr'><strong>cujus</strong></span> <span class='ocrx_word' id='word_1_571' title='bbox 3392 2048 3564 2104; x_wconf 85' lang='lat' dir='ltr'><strong>verbis</strong></span> <span class='ocrx_word' id='word_1_572' title='bbox 3596 2049 3756 2102; x_wconf 72' lang='grc' dir='ltr'><strong>ὁοηιιιις</strong></span> 
     </span>
    </p>
   </div>
   <div class='ocr_carea' id='block_1_79' title="bbox 2247 2136 3757 2221">
    <p class='ocr_par' dir='ltr' id='par_1_79' title="bbox 2247 2136 3757 2221">
     <span class='ocr_line' id='line_1_79' title="bbox 2247 2136 3757 2221; baseline -0.011 -17"><span class='ocrx_word' id='word_1_573' title='bbox 2247 2150 2385 2221; x_wconf 87' lang='lat' dir='ltr'><strong>ejus,</strong></span> <span class='ocrx_word' id='word_1_574' title='bbox 2415 2144 2770 2204; x_wconf 87' lang='lat' dir='ltr'><strong>iutellectuali</strong></span> <span class='ocrx_word' id='word_1_575' title='bbox 2815 2144 3043 2209; x_wconf 69' lang='lat' dir='ltr'><strong>auditu,</strong></span> <span class='ocrx_word' id='word_1_576' title='bbox 3075 2144 3257 2214; x_wconf 85' lang='lat' dir='ltr'><strong>ipsum</strong></span> <span class='ocrx_word' id='word_1_577' title='bbox 3293 2138 3685 2197; x_wconf 84' lang='lat' dir='ltr'><strong>animadvertita</strong></span> <span class='ocrx_word' id='word_1_578' title='bbox 3705 2136 3757 2189; x_wconf 78' lang='lat' dir='ltr'><strong>vii</strong></span> 
     </span>
    </p>
   </div>
   <div class='ocr_carea' id='block_1_80' title="bbox 2243 2231 3758 2310">
    <p class='ocr_par' dir='ltr' id='par_1_80' title="bbox 2243 2231 3758 2310">
     <span class='ocr_line' id='line_1_80' title="bbox 2243 2231 3758 2310; baseline -0.01 -13"><span class='ocrx_word' id='word_1_579' title='bbox 2243 2239 2477 2310; x_wconf 70' lang='lat' dir='ltr'><strong>justiciae</strong></span> <span class='ocrx_word' id='word_1_580' title='bbox 2523 2237 2768 2303; x_wconf 81' lang='lat' dir='ltr'><strong>devium,</strong></span> <span class='ocrx_word' id='word_1_581' title='bbox 2797 2244 2856 2292; x_wconf 89' lang='lat' dir='ltr'><strong>et</strong></span> <span class='ocrx_word' id='word_1_582' title='bbox 2902 2236 3014 2292; x_wconf 91' lang='lat' dir='ltr'><strong>cito</strong></span> <span class='ocrx_word' id='word_1_583' title='bbox 3060 2234 3252 2291; x_wconf 89' lang='lat' dir='ltr'><strong>comiti</strong></span> <span class='ocrx_word' id='word_1_584' title='bbox 3303 2231 3570 2288; x_wconf 83' lang='lat' dir='ltr'><strong>Richardo</strong></span> <span class='ocrx_word' id='word_1_585' title='bbox 3601 2243 3758 2284; x_wconf 72' lang='lat' dir='ltr'><strong>ansam</strong></span> 
     </span>
    </p>
   </div>
   <div class='ocr_carea' id='block_1_81' title="bbox 2251 2318 3758 2399">
    <p class='ocr_par' dir='ltr' id='par_1_81' title="bbox 2251 2318 3758 2399">
     <span class='ocr_line' id='line_1_81' title="bbox 2251 2318 3758 2399; baseline -0.007 -11"><span class='ocrx_word' id='word_1_586' title='bbox 2251 2331 2512 2395; x_wconf 88' lang='lat' dir='ltr'><strong>innotuit,</strong></span> <span class='ocrx_word' id='word_1_587' title='bbox 2556 2336 2722 2399; x_wconf 85' lang='lat' dir='ltr'><strong>atque</strong></span> <span class='ocrx_word' id='word_1_588' title='bbox 2752 2327 2964 2399; x_wconf 84' lang='lat' dir='ltr'><strong>rogavit</strong></span> <span class='ocrx_word' id='word_1_589' title='bbox 3009 2335 3070 2382; x_wconf 91' lang='lat' dir='ltr'><strong>ut</strong></span> <span class='ocrx_word' id='word_1_590' title='bbox 3101 2325 3383 2381; x_wconf 80' lang='lat' dir='ltr'><strong>Rodberto</strong></span> <span class='ocrx_word' id='word_1_591' title='bbox 3432 2322 3571 2393; x_wconf 84' lang='lat' dir='ltr'><strong>regi,</strong></span> <span class='ocrx_word' id='word_1_592' title='bbox 3608 2318 3758 2377; x_wconf 56' lang='lat' dir='ltr'><strong>litteris</strong></span> 
     </span>
    </p>
   </div>
   <div class='ocr_carea' id='block_1_82' title="bbox 2251 2418 3761 2496">
    <p class='ocr_par' dir='ltr' id='par_1_82' title="bbox 2251 2418 3761 2496">
     <span class='ocr_line' id='line_1_82' title="bbox 2251 2418 3761 2496; baseline -0.013 -14"><span class='ocrx_word' id='word_1_593' title='bbox 2251 2431 2463 2496; x_wconf 90' lang='lat' dir='ltr'><strong>pestem</strong></span> <span class='ocrx_word' id='word_1_594' title='bbox 2495 2424 2550 2478; x_wconf 88' lang='lat' dir='ltr'><strong>in</strong></span> <span class='ocrx_word' id='word_1_595' title='bbox 2591 2435 2759 2492; x_wconf 89' lang='lat' dir='ltr'><strong>regno</strong></span> <span class='ocrx_word' id='word_1_596' title='bbox 2785 2419 2905 2492; x_wconf 87' lang='lat' dir='ltr'><strong>ejus</strong></span> <span class='ocrx_word' id='word_1_597' title='bbox 2944 2418 3123 2475; x_wconf 89' lang='lat' dir='ltr'><strong>adhuc</strong></span> <span class='ocrx_word' id='word_1_598' title='bbox 3175 2418 3513 2480; x_wconf 86' lang='lat' dir='ltr'><strong>latitantem,</strong></span> <span class='ocrx_word' id='word_1_599' title='bbox 3549 2421 3761 2480; x_wconf 77' lang='lat' dir='ltr'><strong>antequam</strong></span> 
     </span>
    </p>
   </div>
   <div class='ocr_carea' id='block_1_83' title="bbox 2253 2501 3762 2586">
    <p class='ocr_par' dir='ltr' id='par_1_83' title="bbox 2253 2501 3762 2586">
     <span class='ocr_line' id='line_1_83' title="bbox 2253 2501 3762 2586; baseline -0.011 -16"><span class='ocrx_word' id='word_1_600' title='bbox 2253 2521 2667 2586; x_wconf 84' lang='lat' dir='ltr'><strong>propagaretur,</strong></span> <span class='ocrx_word' id='word_1_601' title='bbox 2702 2511 3066 2582; x_wconf 89' lang='lat' dir='ltr'><strong>patefaceret,</strong></span> <span class='ocrx_word' id='word_1_602' title='bbox 3090 2517 3148 2564; x_wconf 86' lang='lat' dir='ltr'><strong>et</strong></span> <span class='ocrx_word' id='word_1_603' title='bbox 3171 2517 3234 2564; x_wconf 90' lang='lat' dir='ltr'><strong>ut</strong></span> <span class='ocrx_word' id='word_1_604' title='bbox 3255 2523 3353 2564; x_wconf 86' lang='lat' dir='ltr'><strong>rex</strong></span> <span class='ocrx_word' id='word_1_605' title='bbox 3376 2507 3544 2564; x_wconf 87' lang='lat' dir='ltr'><strong>eidem</strong></span> <span class='ocrx_word' id='word_1_606' title='bbox 3564 2501 3762 2563; x_wconf 78' lang='lat' dir='ltr'><strong>Arelasto,</strong></span> 
     </span>
    </p>
   </div>
   <div class='ocr_carea' id='block_1_84' title="bbox 2254 2595 3764 2679">
    <p class='ocr_par' dir='ltr' id='par_1_84' title="bbox 2254 2595 3764 2679">
     <span class='ocr_line' id='line_1_84' title="bbox 2254 2595 3764 2679; baseline -0.01 -15"><span class='ocrx_word' id='word_1_607' title='bbox 2254 2609 2322 2664; x_wconf 90' lang='lat' dir='ltr'><strong>ad</strong></span> <span class='ocrx_word' id='word_1_608' title='bbox 2343 2607 2720 2679; x_wconf 80' lang='lat' dir='ltr'><strong>expellean</strong></span> <span class='ocrx_word' id='word_1_609' title='bbox 2746 2618 2890 2670; x_wconf 89' lang='lat' dir='ltr'><strong>eam,</strong></span> <span class='ocrx_word' id='word_1_610' title='bbox 2911 2611 3242 2673; x_wconf 86' lang='lat' dir='ltr'><strong>oportunum</strong></span> <span class='ocrx_word' id='word_1_611' title='bbox 3268 2599 3526 2655; x_wconf 85' lang='lat' dir='ltr'><strong>auxilium</strong></span> <span class='ocrx_word' id='word_1_612' title='bbox 3548 2610 3638 2651; x_wconf 82' lang='lat' dir='ltr'><strong>non</strong></span> <span class='ocrx_word' id='word_1_613' title='bbox 3656 2595 3764 2649; x_wconf 69' lang='lat' dir='ltr'><strong>dcu-</strong></span> 
     </span>
    </p>
   </div>
   <div class='ocr_carea' id='block_1_85' title="bbox 2255 2685 3764 2775">
    <p class='ocr_par' dir='ltr' id='par_1_85' title="bbox 2255 2685 3764 2775">
     <span class='ocr_line' id='line_1_85' title="bbox 2255 2685 3764 2775; baseline -0.014 -17"><span class='ocrx_word' id='word_1_614' title='bbox 2255 2712 2431 2775; x_wconf 84' lang='lat' dir='ltr'><strong>garet.</strong></span> <span class='ocrx_word' id='word_1_615' title='bbox 2463 2702 2653 2771; x_wconf 89' lang='lat' dir='ltr'><strong>Itaque</strong></span> <span class='ocrx_word' id='word_1_616' title='bbox 2682 2714 2800 2765; x_wconf 89' lang='lat' dir='ltr'><strong>rex,</strong></span> <span class='ocrx_word' id='word_1_617' title='bbox 2830 2698 3107 2767; x_wconf 85' lang='lat' dir='ltr'><strong>insperata</strong></span> <span class='ocrx_word' id='word_1_618' title='bbox 3155 2710 3214 2751; x_wconf 90' lang='lat' dir='ltr'><strong>re</strong></span> <span class='ocrx_word' id='word_1_619' title='bbox 3244 2694 3533 2757; x_wconf 83' lang='lat' dir='ltr'><strong>attonitus,</strong></span> <span class='ocrx_word' id='word_1_620' title='bbox 3569 2685 3764 2744; x_wconf 70' lang='lat' dir='ltr'><strong>mandavit</strong></span> 
     </span>
    </p>
   </div>
   <div class='ocr_carea' id='block_1_86' title="bbox 2258 2781 3765 2857">
    <p class='ocr_par' dir='ltr' id='par_1_86' title="bbox 2258 2781 3765 2857">
     <span class='ocr_line' id='line_1_86' title="bbox 2258 2781 3765 2857; baseline -0.011 -9"><span class='ocrx_word' id='word_1_621' title='bbox 2258 2801 2322 2848; x_wconf 90' lang='lat' dir='ltr'><strong>ut</strong></span> <span class='ocrx_word' id='word_1_622' title='bbox 2346 2791 2489 2849; x_wconf 91' lang='lat' dir='ltr'><strong>idem</strong></span> <span class='ocrx_word' id='word_1_623' title='bbox 2515 2792 2622 2857; x_wconf 92' lang='lat' dir='ltr'><strong>vir,</strong></span> <span class='ocrx_word' id='word_1_624' title='bbox 2653 2805 2777 2847; x_wconf 90' lang='lat' dir='ltr'><strong>cum</strong></span> <span class='ocrx_word' id='word_1_625' title='bbox 2802 2788 3006 2845; x_wconf 88' lang='lat' dir='ltr'><strong>clerico</strong></span> <span class='ocrx_word' id='word_1_626' title='bbox 3029 2800 3156 2853; x_wconf 89' lang='lat' dir='ltr'><strong>suo,</strong></span> <span class='ocrx_word' id='word_1_627' title='bbox 3184 2786 3258 2841; x_wconf 91' lang='lat' dir='ltr'><strong>ad</strong></span> <span class='ocrx_word' id='word_1_628' title='bbox 3284 2784 3617 2841; x_wconf 73' lang='lat' dir='ltr'><strong>Aurelianum</strong></span> <span class='ocrx_word' id='word_1_629' title='bbox 3639 2781 3765 2833; x_wconf 74' lang='lat' dir='ltr'><strong>urbem</strong></span> 
     </span>
    </p>
   </div>
   <div class='ocr_carea' id='block_1_87' title="bbox 2257 2868 3765 2953">
    <p class='ocr_par' dir='ltr' id='par_1_87' title="bbox 2257 2868 3765 2953">
     <span class='ocr_line' id='line_1_87' title="bbox 2257 2868 3765 2953; baseline -0.013 -15"><span class='ocrx_word' id='word_1_630' title='bbox 2257 2883 2368 2939; x_wconf 91' lang='lat' dir='ltr'><strong>cito</strong></span> <span class='ocrx_word' id='word_1_631' title='bbox 2402 2896 2648 2953; x_wconf 88' lang='lat' dir='ltr'><strong>gressum</strong></span> <span class='ocrx_word' id='word_1_632' title='bbox 2679 2881 2958 2952; x_wconf 89' lang='lat' dir='ltr'><strong>dirigeret,</strong></span> <span class='ocrx_word' id='word_1_633' title='bbox 2997 2877 3259 2949; x_wconf 87' lang='lat' dir='ltr'><strong>pollicens</strong></span> <span class='ocrx_word' id='word_1_634' title='bbox 3289 2873 3606 2931; x_wconf 82' lang='lat' dir='ltr'><strong>omnimodis</strong></span> <span class='ocrx_word' id='word_1_635' title='bbox 3631 2871 3672 2925; x_wconf 86' lang='lat' dir='ltr'><strong>in</strong></span> <span class='ocrx_word' id='word_1_636' title='bbox 3701 2868 3765 2921; x_wconf 78' lang='lat' dir='ltr'><strong>hac</strong></span> 
     </span>
    </p>
   </div>
   <div class='ocr_carea' id='block_1_88' title="bbox 2261 2962 3768 3040">
    <p class='ocr_par' dir='ltr' id='par_1_88' title="bbox 2261 2962 3768 3040">
     <span class='ocr_line' id='line_1_88' title="bbox 2261 2962 3768 3040; baseline -0.014 -9"><span class='ocrx_word' id='word_1_637' title='bbox 2261 2989 2321 3031; x_wconf 90' lang='lat' dir='ltr'><strong>re</strong></span> <span class='ocrx_word' id='word_1_638' title='bbox 2363 2989 2521 3030; x_wconf 88' lang='lat' dir='ltr'><strong>suum</strong></span> <span class='ocrx_word' id='word_1_639' title='bbox 2577 2972 2863 3028; x_wconf 85' lang='lat' dir='ltr'><strong>auxilium.</strong></span> <span class='ocrx_word' id='word_1_640' title='bbox 2911 2970 3183 3040; x_wconf 78' lang='lat' dir='ltr'><strong>Cumque,</strong></span> <span class='ocrx_word' id='word_1_641' title='bbox 3246 2967 3472 3037; x_wconf 88' lang='lat' dir='ltr'><strong>jubente</strong></span> <span class='ocrx_word' id='word_1_642' title='bbox 3525 2978 3661 3035; x_wconf 80' lang='lat' dir='ltr'><strong>rege,</strong></span> <span class='ocrx_word' id='word_1_643' title='bbox 3702 2962 3768 3013; x_wconf 80' lang='lat' dir='ltr'><strong>iter</strong></span> 
     </span>
    </p>
   </div>
   <div class='ocr_carea' id='block_1_89' title="bbox 2240 3051 3767 3139">
    <p class='ocr_par' dir='ltr' id='par_1_89' title="bbox 2240 3051 3767 3139">
     <span class='ocr_line' id='line_1_89' title="bbox 2240 3051 3767 3139; baseline -0.014 -16"><span class='ocrx_word' id='word_1_644' title='bbox 2240 3075 2477 3139; x_wconf 71' lang='lat' dir='ltr'><strong>ageret,</strong></span> <span class='ocrx_word' id='word_1_645' title='bbox 2523 3064 2779 3121; x_wconf 86' lang='lat' dir='ltr'><strong>Carnotis</strong></span> <span class='ocrx_word' id='word_1_646' title='bbox 2825 3061 3083 3127; x_wconf 90' lang='lat' dir='ltr'><strong>devenit,</strong></span> <span class='ocrx_word' id='word_1_647' title='bbox 3129 3059 3454 3116; x_wconf 84' lang='lat' dir='ltr'><strong>Fulbertum</strong></span> <span class='ocrx_word' id='word_1_648' title='bbox 3491 3051 3767 3111; x_wconf 70' lang='lat' dir='ltr'><strong>venerabilem</strong></span> 
     </span>
    </p>
   </div>
   <div class='ocr_carea' id='block_1_90' title="bbox 2264 3146 3768 3226">
    <p class='ocr_par' dir='ltr' id='par_1_90' title="bbox 2264 3146 3768 3226">
     <span class='ocr_line' id='line_1_90' title="bbox 2264 3146 3768 3226; baseline -0.013 -13"><span class='ocrx_word' id='word_1_649' title='bbox 2264 3158 2568 3214; x_wconf 87' lang='lat' dir='ltr'><strong>antistitem</strong></span> <span class='ocrx_word' id='word_1_650' title='bbox 2596 3170 2764 3226; x_wconf 90' lang='lat' dir='ltr'><strong>super</strong></span> <span class='ocrx_word' id='word_1_651' title='bbox 2792 3154 2899 3210; x_wconf 88' lang='lat' dir='ltr'><strong>hac</strong></span> <span class='ocrx_word' id='word_1_652' title='bbox 2927 3168 2989 3209; x_wconf 92' lang='lat' dir='ltr'><strong>re</strong></span> <span class='ocrx_word' id='word_1_653' title='bbox 3015 3151 3404 3217; x_wconf 75' lang='lat' dir='ltr'><strong>consulturus,</strong></span> <span class='ocrx_word' id='word_1_654' title='bbox 3424 3149 3515 3220; x_wconf 87' lang='lat' dir='ltr'><strong>qui</strong></span> <span class='ocrx_word' id='word_1_655' title='bbox 3551 3146 3666 3203; x_wconf 83' lang='lat' dir='ltr'><strong>forte</strong></span> <span class='ocrx_word' id='word_1_656' title='bbox 3685 3151 3768 3196; x_wconf 85' lang='lat' dir='ltr'><strong>tunc</strong></span> 
     </span>
    </p>
   </div>
   <div class='ocr_carea' id='block_1_91' title="bbox 2264 3237 3767 3314">
    <p class='ocr_par' dir='ltr' id='par_1_91' title="bbox 2264 3237 3767 3314">
     <span class='ocr_line' id='line_1_91' title="bbox 2264 3237 3767 3314; baseline -0.011 -9"><span class='ocrx_word' id='word_1_657' title='bbox 2264 3250 2483 3314; x_wconf 85' lang='lat' dir='ltr'><strong>aberat;</strong></span> <span class='ocrx_word' id='word_1_658' title='bbox 2544 3262 2673 3302; x_wconf 89' lang='lat' dir='ltr'><strong>nam</strong></span> <span class='ocrx_word' id='word_1_659' title='bbox 2722 3245 2987 3313; x_wconf 80' lang='lat' dir='ltr'><strong>Romam,</strong></span> <span class='ocrx_word' id='word_1_660' title='bbox 3043 3243 3217 3313; x_wconf 81' lang='lat' dir='ltr'><strong>gratia</strong></span> <span class='ocrx_word' id='word_1_661' title='bbox 3273 3241 3565 3307; x_wconf 88' lang='lat' dir='ltr'><strong>orationis,</strong></span> <span class='ocrx_word' id='word_1_662' title='bbox 3606 3237 3767 3291; x_wconf 72' lang='lat' dir='ltr'><strong>abierat</strong></span> 
     </span>
    </p>
   </div>
   <div class='ocr_carea' id='block_1_92' title="bbox 2264 3327 3770 3405">
    <p class='ocr_par' dir='ltr' id='par_1_92' title="bbox 2264 3327 3770 3405">
     <span class='ocr_line' id='line_1_92' title="bbox 2264 3327 3770 3405; baseline -0.004 -12"><span class='ocrx_word' id='word_1_663' title='bbox 2264 3338 2416 3395; x_wconf 88' lang='lat' dir='ltr'><strong>Tunc</strong></span> <span class='ocrx_word' id='word_1_664' title='bbox 2438 3352 2665 3394; x_wconf 87' lang='lat' dir='ltr'><strong>causam</strong></span> <span class='ocrx_word' id='word_1_665' title='bbox 2711 3338 2795 3392; x_wconf 89' lang='lat' dir='ltr'><strong>sui</strong></span> <span class='ocrx_word' id='word_1_666' title='bbox 2831 3336 3044 3393; x_wconf 88' lang='lat' dir='ltr'><strong>itineris</strong></span> <span class='ocrx_word' id='word_1_667' title='bbox 3089 3335 3309 3391; x_wconf 89' lang='lat' dir='ltr'><strong>cuidam</strong></span> <span class='ocrx_word' id='word_1_668' title='bbox 3360 3332 3581 3405; x_wconf 83' lang='lat' dir='ltr'><strong>sapienti</strong></span> <span class='ocrx_word' id='word_1_669' title='bbox 3613 3327 3770 3387; x_wconf 73' lang='lat' dir='ltr'><strong>clerico.</strong></span> 
     </span>
    </p>
   </div>
   <div class='ocr_carea' id='block_1_93' title="bbox 2264 3418 3769 3494">
    <p class='ocr_par' dir='ltr' id='par_1_93' title="bbox 2264 3418 3769 3494">
     <span class='ocr_line' id='line_1_93' title="bbox 2264 3418 3769 3494; baseline -0.006 -8"><span class='ocrx_word' id='word_1_670' title='bbox 2264 3432 2515 3486; x_wconf 88' lang='lat' dir='ltr'><strong>Ebr-ardo</strong></span> <span class='ocrx_word' id='word_1_671' title='bbox 2546 3429 2787 3494; x_wconf 89' lang='lat' dir='ltr'><strong>nomine,</strong></span> <span class='ocrx_word' id='word_1_672' title='bbox 2818 3427 3173 3487; x_wconf 87' lang='lat' dir='ltr'><strong>Caruotensis</strong></span> <span class='ocrx_word' id='word_1_673' title='bbox 3196 3427 3467 3484; x_wconf 68' lang='lat' dir='ltr'><strong>azcclesite</strong></span> <span class='ocrx_word' id='word_1_674' title='bbox 3485 3418 3769 3481; x_wconf 83' lang='lat' dir='ltr'><strong>sacriscriuio.</strong></span> 
     </span>
    </p>
   </div>
   <div class='ocr_carea' id='block_1_94' title="bbox 2269 3516 3772 3591">
    <p class='ocr_par' dir='ltr' id='par_1_94' title="bbox 2269 3516 3772 3591">
     <span class='ocr_line' id='line_1_94' title="bbox 2269 3516 3772 3591; baseline -0.006 -15"><span class='ocrx_word' id='word_1_675' title='bbox 2269 3522 2535 3586; x_wconf 89' lang='lat' dir='ltr'><strong>innotuit,</strong></span> <span class='ocrx_word' id='word_1_676' title='bbox 2564 3519 2821 3591; x_wconf 80' lang='lat' dir='ltr'><strong>ﬂagitans</strong></span> <span class='ocrx_word' id='word_1_677' title='bbox 2863 3520 2948 3575; x_wconf 88' lang='lat' dir='ltr'><strong>sui</strong></span> <span class='ocrx_word' id='word_1_678' title='bbox 2973 3519 3189 3576; x_wconf 83' lang='lat' dir='ltr'><strong>consilii</strong></span> <span class='ocrx_word' id='word_1_679' title='bbox 3218 3534 3406 3590; x_wconf 90' lang='lat' dir='ltr'><strong>opem,</strong></span> <span class='ocrx_word' id='word_1_680' title='bbox 3444 3516 3657 3588; x_wconf 80' lang='lat' dir='ltr'><strong>qualiter</strong></span> <span class='ocrx_word' id='word_1_681' title='bbox 3676 3520 3772 3567; x_wconf 71' lang='lat' dir='ltr'><strong>sum</strong></span> 
     </span>
    </p>
   </div>
   <div class='ocr_carea' id='block_1_95' title="bbox 2264 3609 3773 3684">
    <p class='ocr_par' dir='ltr' id='par_1_95' title="bbox 2264 3609 3773 3684">
     <span class='ocr_line' id='line_1_95' title="bbox 2264 3609 3773 3684; baseline -0.004 -17"><span class='ocrx_word' id='word_1_682' title='bbox 2264 3614 2485 3668; x_wconf 84' lang='lat' dir='ltr'><strong>deberet</strong></span> <span class='ocrx_word' id='word_1_683' title='bbox 2531 3613 2585 3667; x_wconf 93' lang='lat' dir='ltr'><strong>in</strong></span> <span class='ocrx_word' id='word_1_684' title='bbox 2609 3613 2747 3677; x_wconf 89' lang='lat' dir='ltr'><strong>acie,</strong></span> <span class='ocrx_word' id='word_1_685' title='bbox 2775 3621 2830 3666; x_wconf 90' lang='lat' dir='ltr'><strong>et</strong></span> <span class='ocrx_word' id='word_1_686' title='bbox 2863 3613 3063 3684; x_wconf 86' lang='lat' dir='ltr'><strong>quibus</strong></span> <span class='ocrx_word' id='word_1_687' title='bbox 3091 3612 3261 3667; x_wconf 80' lang='lat' dir='ltr'><strong>armis</strong></span> <span class='ocrx_word' id='word_1_688' title='bbox 3287 3626 3352 3667; x_wconf 89' lang='lat' dir='ltr'><strong>se</strong></span> <span class='ocrx_word' id='word_1_689' title='bbox 3395 3609 3620 3667; x_wconf 86' lang='lat' dir='ltr'><strong>muniret</strong></span> <span class='ocrx_word' id='word_1_690' title='bbox 3641 3612 3773 3661; x_wconf 63' lang='lat' dir='ltr'><strong>contra</strong></span> 
     </span>
    </p>
   </div>
   <div class='ocr_carea' id='block_1_96' title="bbox 2265 3692 3773 3770">
    <p class='ocr_par' dir='ltr' id='par_1_96' title="bbox 2265 3692 3773 3770">
     <span class='ocr_line' id='line_1_96' title="bbox 2265 3692 3773 3770; baseline -0.007 -11"><span class='ocrx_word' id='word_1_691' title='bbox 2265 3703 2620 3760; x_wconf 88' lang='lat' dir='ltr'><strong>multimodas</strong></span> <span class='ocrx_word' id='word_1_692' title='bbox 2674 3712 2822 3759; x_wconf 88' lang='lat' dir='ltr'><strong>artes</strong></span> <span class='ocrx_word' id='word_1_693' title='bbox 2852 3703 3133 3759; x_wconf 68' lang='lat' dir='ltr'><strong>diabolica:</strong></span> <span class='ocrx_word' id='word_1_694' title='bbox 3178 3701 3414 3759; x_wconf 88' lang='lat' dir='ltr'><strong>fraudis.</strong></span> <span class='ocrx_word' id='word_1_695' title='bbox 3457 3700 3576 3770; x_wconf 89' lang='lat' dir='ltr'><strong>Qui,</strong></span> <span class='ocrx_word' id='word_1_696' title='bbox 3610 3692 3773 3767; x_wconf 79' lang='lat' dir='ltr'><strong>sapienti</strong></span> 
     </span>
    </p>
   </div>
   <div class='ocr_carea' id='block_1_97' title="bbox 2264 3792 3775 3864">
    <p class='ocr_par' dir='ltr' id='par_1_97' title="bbox 2264 3792 3775 3864">
     <span class='ocr_line' id='line_1_97' title="bbox 2264 3792 3775 3864; baseline -0.005 -15"><span class='ocrx_word' id='word_1_697' title='bbox 2264 3809 2395 3850; x_wconf 90' lang='lat' dir='ltr'><strong>usus</strong></span> <span class='ocrx_word' id='word_1_698' title='bbox 2412 3794 2660 3861; x_wconf 89' lang='lat' dir='ltr'><strong>consilio,</strong></span> <span class='ocrx_word' id='word_1_699' title='bbox 2685 3808 2808 3850; x_wconf 90' lang='lat' dir='ltr'><strong>eum</strong></span> <span class='ocrx_word' id='word_1_700' title='bbox 2837 3793 3126 3864; x_wconf 87' lang='lat' dir='ltr'><strong>perdocuit</strong></span> <span class='ocrx_word' id='word_1_701' title='bbox 3147 3800 3204 3848; x_wconf 93' lang='lat' dir='ltr'><strong>ut</strong></span> <span class='ocrx_word' id='word_1_702' title='bbox 3227 3793 3450 3859; x_wconf 83' lang='lat' dir='ltr'><strong>cotidie,</strong></span> <span class='ocrx_word' id='word_1_703' title='bbox 3474 3792 3635 3862; x_wconf 85' lang='lat' dir='ltr'><strong>primo</strong></span> <span class='ocrx_word' id='word_1_704' title='bbox 3653 3797 3775 3841; x_wconf 69' lang='lat' dir='ltr'><strong>nunc.</strong></span> 
     </span>
    </p>
   </div>
   <div class='ocr_carea' id='block_1_98' title="bbox 2267 3879 3778 3958">
    <p class='ocr_par' dir='ltr' id='par_1_98' title="bbox 2267 3879 3778 3958">
     <span class='ocr_line' id='line_1_98' title="bbox 2267 3879 3778 3958; baseline -0.005 -15"><span class='ocrx_word' id='word_1_705' title='bbox 2267 3886 2673 3958; x_wconf 89' lang='lat' dir='ltr'><strong>Omnipotentis</strong></span> <span class='ocrx_word' id='word_1_706' title='bbox 2720 3901 2878 3957; x_wconf 91' lang='lat' dir='ltr'><strong>opem</strong></span> <span class='ocrx_word' id='word_1_707' title='bbox 2921 3887 3253 3958; x_wconf 70' lang='lat' dir='ltr'><strong>qumsiturus</strong></span> <span class='ocrx_word' id='word_1_708' title='bbox 3296 3884 3594 3942; x_wconf 65' lang='lat' dir='ltr'><strong>acclesiam</strong></span> <span class='ocrx_word' id='word_1_709' title='bbox 3617 3879 3778 3936; x_wconf 67' lang='lat' dir='ltr'><strong>dem</strong></span> 
     </span>
    </p>
   </div>
   <div class='ocr_carea' id='block_1_99' title="bbox 2226 3980 3780 4047">
    <p class='ocr_par' dir='ltr' id='par_1_99' title="bbox 2226 3980 3780 4047">
     <span class='ocr_line' id='line_1_99' title="bbox 2226 3980 3780 4047; baseline -0.009 -11"><span class='ocrx_word' id='word_1_710' title='bbox 2226 4004 2227 4007; x_wconf 52' lang='grc' dir='ltr'><strong>η</strong></span> <span class='ocrx_word' id='word_1_711' title='bbox 2267 3982 2463 4047; x_wconf 89' lang='lat' dir='ltr'><strong>adiret,</strong></span> <span class='ocrx_word' id='word_1_712' title='bbox 2489 3980 2726 4035; x_wconf 89' lang='lat' dir='ltr'><strong>orationi</strong></span> <span class='ocrx_word' id='word_1_713' title='bbox 2755 3980 3119 4045; x_wconf 83' lang='lat' dir='ltr'><strong>incumberet,</strong></span> <span class='ocrx_word' id='word_1_714' title='bbox 3145 3985 3312 4047; x_wconf 87' lang='lat' dir='ltr'><strong>atque</strong></span> <span class='ocrx_word' id='word_1_715' title='bbox 3332 3981 3661 4033; x_wconf 77' lang='lat' dir='ltr'><strong>sacrosancta</strong></span> <span class='ocrx_word' id='word_1_716' title='bbox 3680 3982 3780 4023; x_wconf 76' lang='lat' dir='ltr'><strong>coa-</strong></span> 
     </span>
    </p>
   </div>
   <div class='ocr_carea' id='block_1_100' title="bbox 2265 4062 3779 4141">
    <p class='ocr_par' dir='ltr' id='par_1_100' title="bbox 2265 4062 3779 4141">
     <span class='ocr_line' id='line_1_100' title="bbox 2265 4062 3779 4141; baseline -0.009 -14"><span class='ocrx_word' id='word_1_717' title='bbox 2265 4074 2523 4128; x_wconf 88' lang='lat' dir='ltr'><strong>munione</strong></span> <span class='ocrx_word' id='word_1_718' title='bbox 2552 4071 2800 4141; x_wconf 89' lang='lat' dir='ltr'><strong>corporis</strong></span> <span class='ocrx_word' id='word_1_719' title='bbox 2831 4078 2887 4126; x_wconf 91' lang='lat' dir='ltr'><strong>et</strong></span> <span class='ocrx_word' id='word_1_720' title='bbox 2934 4069 3220 4141; x_wconf 85' lang='lat' dir='ltr'><strong>sanguinis</strong></span> <span class='ocrx_word' id='word_1_721' title='bbox 3247 4067 3456 4123; x_wconf 87' lang='lat' dir='ltr'><strong>Christi</strong></span> <span class='ocrx_word' id='word_1_722' title='bbox 3495 4080 3552 4121; x_wconf 90' lang='lat' dir='ltr'><strong>se</strong></span> <span class='ocrx_word' id='word_1_723' title='bbox 3590 4062 3779 4118; x_wconf 74' lang='lat' dir='ltr'><strong>muniret.</strong></span> 
     </span>
    </p>
   </div>
   <div class='ocr_carea' id='block_1_101' title="bbox 2228 4156 3781 4228">
    <p class='ocr_par' dir='ltr' id='par_1_101' title="bbox 2228 4156 3781 4228">
     <span class='ocr_line' id='line_1_101' title="bbox 2228 4156 3781 4228; baseline -0.01 -6"><span class='ocrx_word' id='word_1_724' title='bbox 2228 4198 2235 4211; x_wconf 55' lang='lat'><em>»</em></span> <span class='ocrx_word' id='word_1_725' title='bbox 2267 4165 2460 4222; x_wconf 86' lang='lat' dir='ltr'><strong>deinde</strong></span> <span class='ocrx_word' id='word_1_726' title='bbox 2487 4165 2717 4220; x_wconf 87' lang='lat' dir='ltr'><strong>fidenter</strong></span> <span class='ocrx_word' id='word_1_727' title='bbox 2738 4164 2805 4218; x_wconf 86' lang='lat' dir='ltr'><strong>ad</strong></span> <span class='ocrx_word' id='word_1_728' title='bbox 2830 4163 3158 4219; x_wconf 87' lang='lat' dir='ltr'><strong>audiendum</strong></span> <span class='ocrx_word' id='word_1_729' title='bbox 3182 4160 3484 4217; x_wconf 87' lang='lat' dir='ltr'><strong>hereticam</strong></span> <span class='ocrx_word' id='word_1_730' title='bbox 3509 4156 3781 4228; x_wconf 76' lang='lat' dir='ltr'><strong>pravitatem.</strong></span> 
     </span>
    </p>
   </div>
   <div class='ocr_carea' id='block_1_102' title="bbox 2271 4238 3782 4331">
    <p class='ocr_par' dir='ltr' id='par_1_102' title="bbox 2271 4238 3782 4331">
     <span class='ocr_line' id='line_1_102' title="bbox 2271 4238 3782 4331; baseline -0.009 -18"><span class='ocrx_word' id='word_1_731' title='bbox 2271 4258 2557 4331; x_wconf 79' lang='lat' dir='ltr'><strong>signaculo</strong></span> <span class='ocrx_word' id='word_1_732' title='bbox 2592 4266 2797 4313; x_wconf 81' lang='lat' dir='ltr'><strong>sanctae</strong></span> <span class='ocrx_word' id='word_1_733' title='bbox 2828 4256 3010 4311; x_wconf 92' lang='lat' dir='ltr'><strong>crucis</strong></span> <span class='ocrx_word' id='word_1_734' title='bbox 3036 4262 3353 4325; x_wconf 88' lang='lat' dir='ltr'><strong>protectus,</strong></span> <span class='ocrx_word' id='word_1_735' title='bbox 3386 4257 3643 4323; x_wconf 83' lang='lat' dir='ltr'><strong>pergeret,</strong></span> <span class='ocrx_word' id='word_1_736' title='bbox 3668 4238 3782 4299; x_wconf 76' lang='lat' dir='ltr'><strong>nichil</strong></span> 
     </span>
    </p>
   </div>
   <div class='ocr_carea' id='block_1_103' title="bbox 2224 4336 3783 4421">
    <p class='ocr_par' dir='ltr' id='par_1_103' title="bbox 2224 4336 3783 4421">
     <span class='ocr_line' id='line_1_103' title="bbox 2224 4336 3783 4421; baseline -0.006 -16"><span class='ocrx_word' id='word_1_737' title='bbox 2224 4376 2225 4379; x_wconf 52' lang='grc' dir='ltr'><strong>η</strong></span> <span class='ocrx_word' id='word_1_738' title='bbox 2270 4351 2465 4406; x_wconf 91' lang='lat' dir='ltr'><strong>horum</strong></span> <span class='ocrx_word' id='word_1_739' title='bbox 2498 4367 2619 4421; x_wconf 71' lang='lat' dir='ltr'><strong>qua:</strong></span> <span class='ocrx_word' id='word_1_740' title='bbox 2642 4351 2714 4406; x_wconf 83' lang='lat' dir='ltr'><strong>ab</strong></span> <span class='ocrx_word' id='word_1_741' title='bbox 2738 4350 2817 4405; x_wconf 88' lang='lat' dir='ltr'><strong>eis</strong></span> <span class='ocrx_word' id='word_1_742' title='bbox 2844 4349 3061 4404; x_wconf 87' lang='lat' dir='ltr'><strong>audiret</strong></span> <span class='ocrx_word' id='word_1_743' title='bbox 3087 4347 3523 4409; x_wconf 81' lang='lat' dir='ltr'><strong>contradiceret;</strong></span> <span class='ocrx_word' id='word_1_744' title='bbox 3550 4350 3642 4406; x_wconf 88' lang='lat' dir='ltr'><strong>set,</strong></span> <span class='ocrx_word' id='word_1_745' title='bbox 3668 4336 3783 4391; x_wconf 66' lang='grc' dir='ltr'><strong>εἰωθ-</strong></span> 
     </span>
    </p>
   </div>
   <div class='ocr_carea' id='block_1_104' title="bbox 2272 4421 3784 4508">
    <p class='ocr_par' dir='ltr' id='par_1_104' title="bbox 2272 4421 3784 4508">
     <span class='ocr_line' id='line_1_104' title="bbox 2272 4421 3784 4508; baseline -0.009 -14"><span class='ocrx_word' id='word_1_746' title='bbox 2272 4440 2385 4496; x_wconf 88' lang='lat' dir='ltr'><strong>lato</strong></span> <span class='ocrx_word' id='word_1_747' title='bbox 2413 4439 2660 4508; x_wconf 87' lang='lat' dir='ltr'><strong>discipuli</strong></span> <span class='ocrx_word' id='word_1_748' title='bbox 2692 4438 2862 4505; x_wconf 89' lang='lat' dir='ltr'><strong>vultu,</strong></span> <span class='ocrx_word' id='word_1_749' title='bbox 2886 4437 3071 4493; x_wconf 88' lang='lat' dir='ltr'><strong>omnia</strong></span> <span class='ocrx_word' id='word_1_750' title='bbox 3105 4436 3306 4493; x_wconf 87' lang='lat' dir='ltr'><strong>tacitus</strong></span> <span class='ocrx_word' id='word_1_751' title='bbox 3331 4436 3390 4491; x_wconf 92' lang='lat' dir='ltr'><strong>in</strong></span> <span class='ocrx_word' id='word_1_752' title='bbox 3416 4432 3637 4505; x_wconf 82' lang='lat' dir='ltr'><strong>peetoris</strong></span> <span class='ocrx_word' id='word_1_753' title='bbox 3664 4421 3784 4481; x_wconf 81' lang='lat' dir='ltr'><strong>donti-</strong></span> 
     </span>
    </p>
   </div>
   <div class='ocr_carea' id='block_1_105' title="bbox 2271 4530 2725 4587">
    <p class='ocr_par' dir='ltr' id='par_1_105' title="bbox 2271 4530 2725 4587">
     <span class='ocr_line' id='line_1_105' title="bbox 2271 4530 2725 4587; baseline -0.007 -1"><span class='ocrx_word' id='word_1_754' title='bbox 2271 4530 2400 4587; x_wconf 87' lang='lat' dir='ltr'><strong>cilio</strong></span> <span class='ocrx_word' id='word_1_755' title='bbox 2432 4530 2725 4586; x_wconf 86' lang='lat' dir='ltr'><strong>conferret.</strong></span> 
     </span>
    </p>
   </div>
   <div class='ocr_carea' id='block_1_106' title="bbox 2348 4608 3784 4692">
    <p class='ocr_par' dir='ltr' id='par_1_106' title="bbox 2348 4608 3784 4692">
     <span class='ocr_line' id='line_1_106' title="bbox 2348 4608 3784 4692; baseline -0.01 -16"><span class='ocrx_word' id='word_1_756' title='bbox 2348 4622 2514 4692; x_wconf 90' lang='lat' dir='ltr'><strong>Igitur</strong></span> <span class='ocrx_word' id='word_1_757' title='bbox 2554 4619 2864 4674; x_wconf 83' lang='lat' dir='ltr'><strong>Anreliauis</strong></span> <span class='ocrx_word' id='word_1_758' title='bbox 2904 4618 3199 4674; x_wconf 82' lang='lat' dir='ltr'><strong>deveniens</strong></span> <span class='ocrx_word' id='word_1_759' title='bbox 3222 4658 3239 4685; x_wconf 89' lang='lat'><strong>,</strong></span> <span class='ocrx_word' id='word_1_760' title='bbox 3273 4618 3351 4672; x_wconf 92' lang='lat' dir='ltr'><strong>uti</strong></span> <span class='ocrx_word' id='word_1_761' title='bbox 3395 4616 3611 4673; x_wconf 87' lang='lat' dir='ltr'><strong>edoctus</strong></span> <span class='ocrx_word' id='word_1_762' title='bbox 3644 4608 3784 4664; x_wconf 71' lang='lat' dir='ltr'><strong>fuerit.</strong></span> 
     </span>
    </p>
   </div>
   <div class='ocr_carea' id='block_1_107' title="bbox 2278 4704 3789 4778">
    <p class='ocr_par' dir='ltr' id='par_1_107' title="bbox 2278 4704 3789 4778">
     <span class='ocr_line' id='line_1_107' title="bbox 2278 4704 3789 4778; baseline -0.008 -10"><span class='ocrx_word' id='word_1_763' title='bbox 2278 4712 2475 4768; x_wconf 90' lang='lat' dir='ltr'><strong>cotidie</strong></span> <span class='ocrx_word' id='word_1_764' title='bbox 2504 4725 2656 4765; x_wconf 80' lang='lat' dir='ltr'><strong>sacra</strong></span> <span class='ocrx_word' id='word_1_765' title='bbox 2686 4708 3070 4764; x_wconf 89' lang='lat' dir='ltr'><strong>communione</strong></span> <span class='ocrx_word' id='word_1_766' title='bbox 3097 4722 3163 4763; x_wconf 81' lang='lat' dir='ltr'><strong>ac</strong></span> <span class='ocrx_word' id='word_1_767' title='bbox 3214 4707 3446 4778; x_wconf 86' lang='lat' dir='ltr'><strong>supplici</strong></span> <span class='ocrx_word' id='word_1_768' title='bbox 3472 4704 3690 4762; x_wconf 79' lang='lat' dir='ltr'><strong>oratione</strong></span> <span class='ocrx_word' id='word_1_769' title='bbox 3707 4708 3789 4750; x_wconf 68' lang='grc' dir='ltr'><strong>ω’</strong></span> 
     </span>
    </p>
   </div>
   <div class='ocr_carea' id='block_1_108' title="bbox 2279 4783 3788 4868">
    <p class='ocr_par' dir='ltr' id='par_1_108' title="bbox 2279 4783 3788 4868">
     <span class='ocr_line' id='line_1_108' title="bbox 2279 4783 3788 4868; baseline -0.005 -9"><span class='ocrx_word' id='word_1_770' title='bbox 2279 4805 2443 4868; x_wconf 90' lang='lat' dir='ltr'><strong>uitus,</strong></span> <span class='ocrx_word' id='word_1_771' title='bbox 2475 4802 2542 4858; x_wconf 83' lang='lat' dir='ltr'><strong>ad</strong></span> <span class='ocrx_word' id='word_1_772' title='bbox 2567 4818 2754 4857; x_wconf 87' lang='lat' dir='ltr'><strong>eorum</strong></span> <span class='ocrx_word' id='word_1_773' title='bbox 2784 4801 3092 4855; x_wconf 87' lang='lat' dir='ltr'><strong>doctrinam</strong></span> <span class='ocrx_word' id='word_1_774' title='bbox 3128 4801 3377 4866; x_wconf 85' lang='lat' dir='ltr'><strong>veniens,</strong></span> <span class='ocrx_word' id='word_1_775' title='bbox 3406 4801 3476 4854; x_wconf 84' lang='lat' dir='ltr'><strong>ad</strong></span> <span class='ocrx_word' id='word_1_776' title='bbox 3505 4799 3662 4853; x_wconf 75' lang='lat' dir='ltr'><strong>insur</strong></span> <span class='ocrx_word' id='word_1_777' title='bbox 3686 4783 3788 4843; x_wconf 70' lang='grc' dir='ltr'><strong>Νάίε</strong></span> 
     </span>
    </p>
   </div>
   <div class='ocr_carea' id='block_1_109' title="bbox 2224 4876 3788 4965">
    <p class='ocr_par' dir='ltr' id='par_1_109' title="bbox 2224 4876 3788 4965">
     <span class='ocr_line' id='line_1_109' title="bbox 2224 4876 3788 4965; baseline -0.015 -14"><span class='ocrx_word' id='word_1_778' title='bbox 2224 4926 2231 4933; x_wconf 84' lang='lat'><strong><em>~</em></strong></span> <span class='ocrx_word' id='word_1_779' title='bbox 2279 4894 2552 4965; x_wconf 88' lang='lat' dir='ltr'><strong>discipuli,</strong></span> <span class='ocrx_word' id='word_1_780' title='bbox 2592 4892 2835 4953; x_wconf 87' lang='lat' dir='ltr'><strong>ultimus.</strong></span> <span class='ocrx_word' id='word_1_781' title='bbox 2870 4891 3011 4946; x_wconf 89' lang='lat' dir='ltr'><strong>intra</strong></span> <span class='ocrx_word' id='word_1_782' title='bbox 3039 4892 3259 4948; x_wconf 90' lang='lat' dir='ltr'><strong>domum</strong></span> <span class='ocrx_word' id='word_1_783' title='bbox 3298 4876 3788 4949; x_wconf 52' lang='lat' dir='ltr'><strong>berroneorumwltic</strong></span> 
     </span>
    </p>
   </div>
   <div class='ocr_carea' id='block_1_110' title="bbox 2283 4971 3788 5055">
    <p class='ocr_par' dir='ltr' id='par_1_110' title="bbox 2283 4971 3788 5055">
     <span class='ocr_line' id='line_1_110' title="bbox 2283 4971 3788 5055; baseline -0.015 -13"><span class='ocrx_word' id='word_1_784' title='bbox 2283 5003 2408 5043; x_wconf 91' lang='lat' dir='ltr'><strong>mus</strong></span> <span class='ocrx_word' id='word_1_785' title='bbox 2427 4987 2800 5042; x_wconf 87' lang='lat' dir='ltr'><strong>adsidebatnr.</strong></span> <span class='ocrx_word' id='word_1_786' title='bbox 2828 4984 3074 5053; x_wconf 86' lang='lat' dir='ltr'><strong>Cumque</strong></span> <span class='ocrx_word' id='word_1_787' title='bbox 3111 4986 3344 5055; x_wconf 87' lang='lat' dir='ltr'><strong>primum</strong></span> <span class='ocrx_word' id='word_1_788' title='bbox 3377 4985 3660 5040; x_wconf 84' lang='lat' dir='ltr'><strong>divinorum</strong></span> <span class='ocrx_word' id='word_1_789' title='bbox 3683 4971 3788 5026; x_wconf 79' lang='lat' dir='ltr'><strong>volu-</strong></span> 
     </span>
    </p>
   </div>
   <div class='ocr_carea' id='block_1_111' title="bbox 2282 5064 3790 5148">
    <p class='ocr_par' dir='ltr' id='par_1_111' title="bbox 2282 5064 3790 5148">
     <span class='ocr_line' id='line_1_111' title="bbox 2282 5064 3790 5148; baseline -0.014 -15"><span class='ocrx_word' id='word_1_790' title='bbox 2282 5082 2487 5134; x_wconf 86' lang='lat' dir='ltr'><strong>minum</strong></span> <span class='ocrx_word' id='word_1_791' title='bbox 2508 5078 2772 5148; x_wconf 80' lang='lat' dir='ltr'><strong>exemplis</strong></span> <span class='ocrx_word' id='word_1_792' title='bbox 2810 5092 2939 5132; x_wconf 91' lang='lat' dir='ltr'><strong>eum</strong></span> <span class='ocrx_word' id='word_1_793' title='bbox 2962 5085 3018 5130; x_wconf 92' lang='lat' dir='ltr'><strong>et</strong></span> <span class='ocrx_word' id='word_1_794' title='bbox 3041 5077 3369 5146; x_wconf 87' lang='lat' dir='ltr'><strong>quibusdam</strong></span> <span class='ocrx_word' id='word_1_795' title='bbox 3396 5089 3572 5131; x_wconf 87' lang='lat' dir='ltr'><strong>rerum</strong></span> <span class='ocrx_word' id='word_1_796' title='bbox 3598 5064 3790 5126; x_wconf 85' lang='lat' dir='ltr'><strong>similitu-</strong></span> 
     </span>
    </p>
   </div>
   <div class='ocr_carea' id='block_1_112' title="bbox 2279 5150 3788 5239">
    <p class='ocr_par' dir='ltr' id='par_1_112' title="bbox 2279 5150 3788 5239">
     <span class='ocr_line' id='line_1_112' title="bbox 2279 5150 3788 5239; baseline -0.009 -11"><span class='ocrx_word' id='word_1_797' title='bbox 2279 5174 2497 5228; x_wconf 90' lang='lat' dir='ltr'><strong>dinibus</strong></span> <span class='ocrx_word' id='word_1_798' title='bbox 2521 5171 2905 5234; x_wconf 85' lang='lat' dir='ltr'><strong>informarent,</strong></span> <span class='ocrx_word' id='word_1_799' title='bbox 2934 5180 3121 5239; x_wconf 85' lang='lat' dir='ltr'><strong>atque,</strong></span> <span class='ocrx_word' id='word_1_800' title='bbox 3154 5185 3302 5223; x_wconf 90' lang='lat' dir='ltr'><strong>more</strong></span> <span class='ocrx_word' id='word_1_801' title='bbox 3330 5165 3559 5237; x_wconf 83' lang='lat' dir='ltr'><strong>perfecti</strong></span> <span class='ocrx_word' id='word_1_802' title='bbox 3582 5150 3788 5225; x_wconf 65' lang='lat' dir='ltr'><strong>discipuli.</strong></span> 
     </span>
    </p>
   </div>
   <div class='ocr_carea' id='block_1_113' title="bbox 2280 5243 3791 5326">
    <p class='ocr_par' dir='ltr' id='par_1_113' title="bbox 2280 5243 3791 5326">
     <span class='ocr_line' id='line_1_113' title="bbox 2280 5243 3791 5326; baseline -0.012 -6"><span class='ocrx_word' id='word_1_803' title='bbox 2280 5263 2494 5320; x_wconf 88' lang='lat' dir='ltr'><strong>subdita</strong></span> <span class='ocrx_word' id='word_1_804' title='bbox 2527 5279 2658 5318; x_wconf 87' lang='lat' dir='ltr'><strong>aure</strong></span> <span class='ocrx_word' id='word_1_805' title='bbox 2707 5265 2973 5319; x_wconf 85' lang='lat' dir='ltr'><strong>intentum</strong></span> <span class='ocrx_word' id='word_1_806' title='bbox 3020 5261 3293 5326; x_wconf 87' lang='lat' dir='ltr'><strong>viderent,</strong></span> <span class='ocrx_word' id='word_1_807' title='bbox 3322 5261 3466 5316; x_wconf 86' lang='lat' dir='ltr'><strong>inter</strong></span> <span class='ocrx_word' id='word_1_808' title='bbox 3495 5257 3619 5312; x_wconf 81' lang='lat' dir='ltr'><strong>alias</strong></span> <span class='ocrx_word' id='word_1_809' title='bbox 3648 5243 3791 5307; x_wconf 80' lang='lat' dir='ltr'><strong>simili-</strong></span> 
     </span>
    </p>
   </div>
   <div class='ocr_carea' id='block_1_114' title="bbox 2281 5343 3789 5435">
    <p class='ocr_par' dir='ltr' id='par_1_114' title="bbox 2281 5343 3789 5435">
     <span class='ocr_line' id='line_1_114' title="bbox 2281 5343 3789 5435; baseline -0.007 -24"><span class='ocrx_word' id='word_1_810' title='bbox 2281 5356 2500 5412; x_wconf 90' lang='lat' dir='ltr'><strong>tudines</strong></span> <span class='ocrx_word' id='word_1_811' title='bbox 2528 5356 2761 5411; x_wconf 89' lang='lat' dir='ltr'><strong>silvestri</strong></span> <span class='ocrx_word' id='word_1_812' title='bbox 2800 5353 3015 5411; x_wconf 89' lang='lat' dir='ltr'><strong>arboris</strong></span> <span class='ocrx_word' id='word_1_813' title='bbox 3042 5352 3449 5409; x_wconf 86' lang='lat' dir='ltr'><strong>similitudinem</strong></span> <span class='ocrx_word' id='word_1_814' title='bbox 3476 5351 3525 5405; x_wconf 89' lang='lat' dir='ltr'><strong>ei</strong></span> <span class='ocrx_word' id='word_1_815' title='bbox 3551 5343 3789 5435; x_wconf 49' lang='lat' dir='ltr'><strong>proferunt-</strong></span> 
     </span>
    </p>
   </div>
   <div class='ocr_carea' id='block_1_115' title="bbox 2288 5436 3791 5519">
    <p class='ocr_par' dir='ltr' id='par_1_115' title="bbox 2288 5436 3791 5519">
     <span class='ocr_line' id='line_1_115' title="bbox 2288 5436 3791 5519; baseline -0.013 -14"><span class='ocrx_word' id='word_1_816' title='bbox 2288 5462 2309 5501; x_wconf 72' lang='grc' dir='ltr'>ι</span> <span class='ocrx_word' id='word_1_817' title='bbox 2342 5448 2683 5505; x_wconf 86' lang='lat' dir='ltr'><strong>Tractandus</strong></span> <span class='ocrx_word' id='word_1_818' title='bbox 2701 5462 2782 5516; x_wconf 85' lang='lat' dir='ltr'><strong>es,</strong></span> <span class='ocrx_word' id='word_1_819' title='bbox 2810 5448 3084 5519; x_wconf 89' lang='lat' dir='ltr'><strong>inquiunt,</strong></span> <span class='ocrx_word' id='word_1_820' title='bbox 3107 5464 3138 5503; x_wconf 90' lang='lat' dir='ltr'><strong>a</strong></span> <span class='ocrx_word' id='word_1_821' title='bbox 3158 5447 3314 5503; x_wconf 91' lang='lat' dir='ltr'><strong>nobis</strong></span> <span class='ocrx_word' id='word_1_822' title='bbox 3331 5454 3393 5500; x_wconf 91' lang='lat' dir='ltr'><strong>ut</strong></span> <span class='ocrx_word' id='word_1_823' title='bbox 3415 5444 3573 5500; x_wconf 84' lang='lat' dir='ltr'><strong>arbor</strong></span> <span class='ocrx_word' id='word_1_824' title='bbox 3588 5436 3791 5495; x_wconf 75' lang='lat' dir='ltr'><strong>silvestns</strong></span> 
     </span>
    </p>
   </div>
   <div class='ocr_carea' id='block_1_116' title="bbox 2278 5523 3791 5613">
    <p class='ocr_par' dir='ltr' id='par_1_116' title="bbox 2278 5523 3791 5613">
     <span class='ocr_line' id='line_1_116' title="bbox 2278 5523 3791 5613; baseline -0.01 -15"><span class='ocrx_word' id='word_1_825' title='bbox 2278 5541 2371 5613; x_wconf 88' lang='lat' dir='ltr'><strong>qui</strong></span> <span class='ocrx_word' id='word_1_826' title='bbox 2396 5540 2696 5598; x_wconf 87' lang='lat' dir='ltr'><strong>translatus</strong></span> <span class='ocrx_word' id='word_1_827' title='bbox 2724 5542 2780 5597; x_wconf 93' lang='lat' dir='ltr'><strong>in</strong></span> <span class='ocrx_word' id='word_1_828' title='bbox 2804 5541 3107 5610; x_wconf 89' lang='lat' dir='ltr'><strong>viridiario,</strong></span> <span class='ocrx_word' id='word_1_829' title='bbox 3129 5539 3313 5598; x_wconf 88' lang='lat' dir='ltr'><strong>taudiu</strong></span> <span class='ocrx_word' id='word_1_830' title='bbox 3345 5536 3501 5609; x_wconf 77' lang='lat' dir='ltr'><strong>aquis</strong></span> <span class='ocrx_word' id='word_1_831' title='bbox 3516 5523 3791 5604; x_wconf 63' lang='lat' dir='ltr'><strong>perfundi&quot;!r</strong></span> 
     </span>
    </p>
   </div>
   <div class='ocr_carea' id='block_1_117' title="bbox 2351 5665 3789 5749">
    <p class='ocr_par' dir='ltr' id='par_1_117' title="bbox 2351 5665 3789 5749">
     <span class='ocr_line' id='line_1_117' title="bbox 2351 5665 3789 5749; baseline -0.024 0"><span class='ocrx_word' id='word_1_832' title='bbox 2351 5675 2498 5749; x_wconf 60' lang='lat'><strong>(&#39;5‘)</strong></span> <span class='ocrx_word' id='word_1_833' title='bbox 2536 5674 2662 5731; x_wconf 87' lang='lat' dir='ltr'><strong>Sive</strong></span> <span class='ocrx_word' id='word_1_834' title='bbox 2688 5674 2908 5748; x_wconf 67' lang='lat' dir='ltr'><strong>Litoris,</strong></span> <span class='ocrx_word' id='word_1_835' title='bbox 2939 5691 3061 5735; x_wconf 90' lang='lat' dir='ltr'><strong>cum</strong></span> <span class='ocrx_word' id='word_1_836' title='bbox 3088 5686 3374 5747; x_wconf 90' lang='lat' dir='ltr'><strong>utramque</strong></span> <span class='ocrx_word' id='word_1_837' title='bbox 3417 5669 3675 5730; x_wconf 88' lang='lat' dir='ltr'><strong>lectionem</strong></span> <span class='ocrx_word' id='word_1_838' title='bbox 3696 5665 3789 5730; x_wconf 75' lang='grc' dir='ltr'><strong>ρῐοο</strong></span> 
     </span>
    </p>
   </div>
   <div class='ocr_carea' id='block_1_118' title="bbox 2280 5748 2682 5804">
    <p class='ocr_par' dir='ltr' id='par_1_118' title="bbox 2280 5748 2682 5804">
     <span class='ocr_line' id='line_1_118' title="bbox 2280 5748 2682 5804; baseline -0.005 0"><span class='ocrx_word' id='word_1_839' title='bbox 2280 5748 2457 5804; x_wconf 85' lang='lat' dir='ltr'><strong>ferant</strong></span> <span class='ocrx_word' id='word_1_840' title='bbox 2487 5748 2682 5803; x_wconf 71' lang='lat' dir='ltr'><strong>littera</strong></span> 
     </span>
    </p>
   </div>
  </div>
