3842 6308
96 420 191 478 265

1065 418 1291 476 VETUS
1328 417 1582 474 AGANO.
1621 447 1690 458 —
1729 415 1856 470 LIB.
1897 415 1982 472 Vl.
2019 417 2414 477 ARNULFUS.

3229 434 3336 494 268

95 535 253 587 donec
295 530 460 585 humo
527 539 843 596 rantcetnr;
907 531 1103 586 dehinc
1146 533 1317 602 spinis
1373 540 1432 586 et
1495 532 1658 587 rebus
1686 537 1732 596 Α
1763 539 1822 584 ιιι
1850 529 2079 586 visibilis
2127 531 2217 587 illa
2248 533 2532 589 videbatur
2561 533 2730 599 visio,
2779 538 3031 596 omnibus
3080 545 3339 606 extinctis

94 619 358 692 superfluis
396 621 743 688 emundantur,
774 632 867 686 ut,
919 622 1264 691 postmodum
1306 631 1452 677 terre
1495 630 1656 678 tenus

93 724 354 770 truncatus
383 714 623 778 sarculo,
652 713 860 768 meliori
894 713 1165 769 inseratur
1189 714 1523 780 ramuscula,
1559 715 1656 785 qui

88 807 411 877 postmodum
463 805 659 862 fertilis
689 806 762 860 sit
807 804 1060 860 mellifluo
1102 822 1282 876 pomo.
1329 807 1520 877 Itaque
1571 817 1654 873 tu,

88 897 235 952 simili
267 899 428 953 modo
461 897 756 952 translatus
785 898 852 952 de
895 897 1082 967 iniquo
1123 898 1309 953 seculo
1359 899 1416 954 in
1461 907 1652 955 nostro

88 999 258 1044 sancto
278 989 537 1060 collegio,
576 990 732 1059 aquis
769 989 1112 1060 perfunderis
1134 991 1448 1060 sapientite,
1481 991 1653 1048 donec

87 1084 408 1150 informeris,
460 1094 520 1140 et
567 1084 746 1155 gladio
802 1083 954 1138 verbi
1002 1085 1097 1139 Dei
1154 1085 1416 1140 viciornm
1480 1084 1652 1154 spinis

83 1189 252 1229 carere
275 1174 485 1240 valeas,
533 1189 631 1238 ac,
672 1173 874 1229 insulsa
903 1174 1151 1229 doctrina
1191 1175 1267 1230 tui
1309 1175 1545 1244 pectoris
1583 1175 1653 1229 ab

83 1275 220 1321 antro
247 1265 492 1330 exclusa,
538 1273 781 1319 noctram
813 1264 1116 1320 doctrinam
1144 1281 1174 1318 a
1219 1274 1407 1320 sancto
1446 1265 1651 1335 Spiritu

84 1357 309 1410 traditam
347 1357 556 1412 mentis
604 1356 844 1428 puritate
892 1357 1073 1427 possis
1100 1357 1372 1427 excipere.
1409 1375 1428 1409 ι
1463 1356 1652 1411 Atille

86 1448 139 1501 de
166 1448 302 1502 omni
330 1447 506 1504 verbo
535 1449 678 1518 quod
704 1447 1054 1517 proferebant
1080 1462 1295 1516 semper
1318 1448 1426 1501 Deo
1447 1447 1652 1516 gratias

84 1537 362 1604 referebat;
397 1539 550 1594 unde
598 1540 698 1593 rati
745 1547 869 1593 sunt
915 1553 1039 1593 eum
1078 1553 1402 1594 conversum
1445 1553 1564 1592 esse
1595 1537 1647 1591 in

85 1645 246 1684 eorttm
278 1630 602 1696 herrorem,
641 1628 976 1700 janvjamque
1025 1644 1136 1683 sua:
1182 1629 1434 1698 nequitia:
1483 1627 1650 1682 senti-

83 1737 209 1786 nam,
230 1722 410 1777 verbis
455 1721 770 1776 divinorum
820 1720 1084 1775 librorum
1116 1728 1274 1774 antea
1309 1727 1645 1788 cuopertam,

84 1811 234 1865 securi
257 1813 540 1881 aperiunt,
569 1812 812 1867 dicentes
835 1810 1112 1866 Christum
1133 1811 1197 1864 de
1225 1810 1444 1880 Virgine
1477 1809 1644 1864 Maria

1757 619 2140 688 luminarihus,
2181 624 2582 694 quamprimum
2613 627 2844 698 quisque
2869 639 3116 700 poterat,
3147 625 3346 694 mnlie¥

1729 726 1872 766 rem
1907 727 2027 780 qua:
2059 713 2128 768 ad
2159 729 2378 769 manum
2425 714 2527 772 sibi
2571 719 2844 786 veniebat,
2894 723 2964 776 al
3001 722 3334 784 abutendum

1757 801 2077 872 arripiebat,
2110 803 2227 858 sine
2253 806 2464 874 peccati
2511 817 2797 878 respectu,
2839 819 2896 866 et
2937 822 3117 869 utrum
3161 829 3338 874 mater

1760 901 1859 946 aut
1887 908 2045 949 soror
2070 903 2165 950 aut
2192 898 2455 953 monacba
2480 899 2791 967 haberetur,
2823 918 2922 973 pro
2953 908 3243 965 sanctitate
3270 925 3337 966 ac

1752 983 2013 1052 religione
2039 986 2158 1057 ejus
2202 989 2524 1046 concubitus
2565 991 2634 1046 ab
2679 993 2786 1049 illis
2823 996 3198 1054 estimabatur.
3253 1001 3335 1057 Ex

1752 1092 1862 1147 quo
1895 1081 2252 1150 spurcissimo
2276 1085 2563 1140 concubitu
2594 1087 2772 1145 infans
2797 1103 3112 1161 generatus,
3136 1105 3334 1154 octava

1752 1164 1863 1234 die,
1897 1170 1952 1224 in
1987 1172 2166 1227 medio
2192 1187 2382 1229 eorum
2408 1175 2626 1246 copioso
2655 1179 2779 1248 igne
2799 1197 3058 1249 accenso,
3085 1187 3336 1256 piabatur

1749 1274 1849 1330 per
1882 1261 2080 1331 ignem,
2117 1279 2271 1320 more
2303 1267 2653 1337 antiquorum
2684 1287 3037 1342 paganorum,
3066 1287 3121 1332 et
3157 1279 3236 1334 sic
3277 1281 3330 1335 in

1751 1350 1874 1420 igne
1899 1354 2270 1408 cremabatur.
2300 1356 2465 1425 Cujus
2504 1360 2642 1414 cinis
2667 1371 2814 1417 tanta
2845 1369 3194 1425 veneratione
3219 1371 3331 1424 col-

1733 1441 2024 1512 ~ligebatur
2051 1456 2216 1515 atque
2237 1449 2663 1514 custodiebatur,
2695 1465 2754 1508 ut
2780 1455 3077 1512 christiana
3108 1461 3329 1530 religio-

1756 1534 1894 1589 sitas
1917 1549 2114 1605 corpus
2135 1537 2338 1593 Christi
2363 1543 2623 1597 custodiri
2655 1545 2809 1610 solet,
2837 1550 2994 1616 :egris
3016 1551 3246 1606 dandum
3261 1553 3331 1608 de

1749 1624 1854 1681 hoc
1893 1627 2075 1682 seculo
2113 1629 2344 1685 exituris
2391 1633 2458 1686 ad
2491 1633 2769 1690 viaticum.
2800 1637 2976 1694 Inerat
3005 1643 3147 1696 enim
3181 1653 3329 1697 tanta

1751 1717 1834 1771 vis
1856 1717 2134 1774 diabolicae
2166 1720 2370 1777 fraudis
2409 1724 2460 1778 in
2492 1725 2610 1795 ipso
2652 1729 2862 1795 cinere,
2901 1741 2961 1785 ut
3003 1735 3330 1804 quicumque

1748 1807 1814 1862 de
1865 1809 2090 1879 prtefata
2149 1813 2328 1868 heresi
2385 1815 2623 1873 imbutus
2675 1820 2870 1875 fuisset
2910 1832 2960 1877 et
3027 1826 3093 1878 de
3139 1828 3328 1882 eodem

87 1917 171 1954 ηοη
191 1916 304 1956 esse
336 1913 555 1967 natum,
581 1917 756 1972 neque
782 1917 880 1971 pro
920 1902 1228 1957 hominibus
1266 1917 1512 1970 passum,
1547 1917 1656 1956 nec
1678 1883 1721 1938 Β
1746 1899 1949 1963 cinere,
1977 1903 2226 1970 quamvis
2256 1907 2520 1961 sumendo
2553 1923 2740 1976 parum
2789 1913 3196 1982 prazlihavisset,
3237 1919 3328 1973 vix

85 2006 190 2047 vere
230 1993 281 2048 in
311 1994 608 2064 sepulchro
653 1995 920 2064 positum,
972 2007 1074 2047 nec
1117 2007 1148 2045 a
1191 1992 1419 2047 mortuis
1469 2007 1646 2046 resur-

90 2086 300 2149 rexisse;
329 2087 604 2141 addentes
636 2087 688 2139 in
715 2085 986 2154 baptismo
1030 2101 1137 2139 non
1181 2100 1301 2140 esse
1336 2085 1498 2138 ullam
1529 2099 1648 2139 sce-

86 2178 229 2234 lerum
252 2181 614 2242 ablutionem,
649 2197 830 2250 neque
875 2189 1280 2236 sacramentum
1315 2180 1563 2250 corporis
1591 2188 1646 2233 et

85 2271 548 2342 tanguinisChristi
578 2273 628 2326 in
651 2272 1062 2328 consecratione
1087 2271 1400 2326 sacerdotis.
1417 2272 1646 2326 Sanctos

89 2371 320 2434 martyres
363 2371 536 2432 atque
584 2363 928 2418 confessores
975 2363 1266 2432 implorare
1298 2379 1394 2433 pro
1443 2364 1645 2418 nichilo

87 2453 339 2507 ducebant.
365 2454 623 2524 Cumque
648 2455 766 2510 haec
800 2463 854 2510 et
887 2455 990 2508 alia
1030 2455 1331 2509 execranda
1364 2456 1558 2524 perditi
1589 2464 1645 2510 et

90 2543 342 2598 miserrimi
401 2545 662 2600 homines
718 2562 747 2598 a
809 2545 976 2599 fetido
1026 2554 1245 2615 pectore
1297 2555 1640 2612 evomerent,

88 2633 332 2689 Arcfastus
358 2635 436 2690 sic
466 2635 544 2688 ad
574 2650 668 2690 eos
697 2636 899 2690 dixisse
927 2636 1135 2690 fertur:
1182 2655 1200 2687 ι
1234 2635 1289 2690 Si
1323 2639 1375 2690 in
1411 2637 1491 2691 bis
1525 2652 1645 2706 quae

89 2728 414 2781 enumerastis
445 2727 604 2782 salus
639 2729 916 2782 hominum
947 2744 1068 2798 qua:
1097 2740 1348 2798 speratur
1377 2730 1520 2784 nulla
1540 2771 1556 2794 ,
1587 2739 1645 2785 ut

89 2817 257 2880 dicitis,
307 2833 426 2874 esse
471 2829 679 2888 potest,
727 2835 756 2872 a
789 2820 944 2874 vobis
995 2819 1196 2874 obnixe
1257 2835 1418 2890 rogo,
1480 2820 1642 2875 michi

92 2909 257 2974 aperiri
285 2909 336 2963 in
366 2910 574 2980 quibus
597 2912 803 2980 sperari
835 2910 1052 2979 poterit,
1081 2924 1150 2963 ne
1177 2924 1329 2964 meus
1351 2910 1564 2966 animus
1590 2911 1640 2964 in

89 3000 222 3057 dubio
247 3007 450 3075 positus
503 3008 624 3062 cito
663 3007 827 3061 cadat
871 3006 922 3059 in
963 3006 1358 3075 desperationis
1404 3007 1638 3061 ruinam.

89 3119 142 3131 --
165 3093 342 3151 Procul
373 3099 544 3153 dubio
565 3139 579 3163 ,
623 3107 810 3162 trater,
845 3097 1122 3167 inquiunt,
1155 3097 1208 3151 in
1240 3097 1458 3154 Carthdi
1495 3097 1642 3152 falsa:

89 3185 318 3253 opinionis
357 3201 598 3246 actenus
621 3204 744 3244 cum
778 3188 1286 3257 indoctisjacuisti;
1324 3205 1467 3244 nunc
1510 3204 1637 3244 vero

91 3289 267 3334 erectus
308 3281 362 3335 in
409 3282 662 3337 culmine
687 3284 854 3337 totius
883 3281 1150 3349 veritatis,
1184 3281 1410 3350 integra:
1443 3283 1640 3338 mentis

93 3371 246 3426 oculos
271 3374 333 3428 ad
363 3373 556 3430 lumen
590 3389 731 3429 verae
764 3373 886 3429 fidei
915 3374 1129 3445 aperire
1159 3375 1392 3444 coepisti.
1433 3375 1641 3430 Pande-

92 3475 187 3516 mus
209 3465 293 3520 tibi
323 3466 515 3521 salutis
554 3467 820 3531 hostium,
865 3481 974 3536 quo
1007 3466 1309 3538 ingressus.
1337 3482 1436 3537 per
1471 3467 1644 3539 impo-

94 3553 304 3611 sitiouem
350 3559 614 3614 videlicet
669 3575 926 3612 manuum
978 3570 1324 3626 nostraruut,
1373 3560 1442 3615 ab
1494 3560 1639 3614 omni

91 3651 261 3714 peccati
288 3651 404 3708 labe
435 3654 818 3720 mundaberis,
853 3662 1017 3724 atque
1049 3655 1221 3710 sancti
1247 3654 1481 3725 Spiritus
1501 3665 1640 3711 dono

95 3741 368 3812 repleberis,
401 3747 492 3817 qui
521 3746 922 3817 scripturarum
942 3748 1183 3802 omnium
1215 3748 1638 3818 profunditatem

95 3843 146 3884 ac
163 3847 323 3888 veram
360 3837 707 3892 divinitatem
729 3877 744 3900 ,
774 3838 978 3908 absque
1007 3837 1279 3908 scrupulo,
1329 3846 1380 3892 te
1406 3839 1636 3894 docebit.

97 3920 262 3982 Deinde
283 3929 486 3984 caelesti
520 3928 649 3984 cibo
673 3939 880 3998 pastus,
904 3930 1116 3984 interna
1140 3931 1404 3986 societate
1435 3945 1641 3986 recrea-

99 4019 180 4075 ιιιι,
229 4016 432 4072 Videbis
461 4033 696 4089 persepe
743 4019 1024 4074 nobiscum
1069 4019 1306 4074 visiones
1345 4020 1636 4088 angelicas,

98 4115 286 4169 quarum
311 4107 505 4164 solatio
533 4107 724 4176 fultus,
747 4124 869 4164 cum
893 4110 994 4173 eis,
1010 4109 1201 4179 quovis
1230 4108 1494 4178 locorum,
1519 4112 1639 4166 sine

101 4207 222 4249 mora
247 4197 326 4252 vel
373 4198 711 4267 dificultate,
767 4217 890 4257 cum
940 4201 1206 4266 volueris,
1267 4203 1346 4256 ire
1401 4203 1634 4269 poteris,

99 4283 326 4357 nichilque
354 4291 446 4346 tibi
473 4293 672 4357 deerit,
715 4292 838 4362 quia
868 4291 1010 4346 Deus
1035 4293 1278 4347 omnium
1326 4293 1421 4348 tibi
1455 4310 1638 4349 comes

100 4386 348 4446 numquam
393 4383 599 4448 deerit,
635 4382 686 4436 in
735 4397 842 4452 quo
878 4385 1159 4453 sapientia:
1199 4385 1440 4440 thesauri
1477 4397 1638 4456 atque

100 4459 363 4524 divitiarum
393 4473 714 4528 consistunt.
748 4491 768 4524 ι

1721 2005 1984 2060 ,ιιιιᾳιιίιιιι
2017 2003 2202 2062 postea
2230 1995 2297 2050 de
2318 1998 2506 2052 eadem
2547 1999 2725 2056 heresi
2756 2019 3002 2071 gressum
3035 2009 3234 2062 mentis
3261 2011 3329 2064 ad

1748 2080 1892 2134 viam
1921 2083 2170 2139 veritatis
2205 2086 2445 2156 dirigere
2478 2089 2706 2145 valeret.
2765 2092 2842 2148 De
2880 2109 2985 2164 qua
3031 2112 3090 2150 re
3139 2112 3329 2166 parum

1745 2175 1947 2231 dixisse
1975 2178 2231 2244 sufﬁciat,
2260 2190 2321 2236 ιιι
2370 2182 2711 2240 Christicolae
2753 2197 2980 2244 caveant
3023 2206 3082 2244 se
3123 2194 3189 2246 ab
3229 2194 3332 2247 hoc

1747 2268 1956 2324 nefario
1981 2285 2167 2340 opere,
2199 2288 2306 2328 non
2339 2283 2396 2329 ιιι
2445 2275 2696 2331 studeant
2744 2281 3006 2335 sectando
3044 2285 3327 2338 immitari.

1750 2360 1947 2436 Verum
1971 2365 2096 2434 quia
2129 2366 2524 2436 digressionem
2573 2369 2766 2424 fecisse
2791 2372 2999 2438 videor,
3031 2376 3097 2428 ad
3137 2379 3327 2430 eadem

1746 2454 1906 2508 modo
1929 2471 2048 2524 qua:
2077 2457 2257 2513 dimisi
2285 2468 2531 2515 vertatur
2557 2462 2754 2527 oratio,
2782 2478 2847 2519 ac
2865 2466 3140 2522 succincte
3163 2483 3328 2524 cursu

1746 2544 2042 2602 infidelium
2075 2549 2392 2615 crudelitas,
2459 2556 2878 2608 transcurre-nilo
2917 2569 3227 2629 peragatur,
3259 2577 3330 2613 ne.

1744 2637 2007 2708 prolixior
2031 2644 2421 2698 controversia:
2443 2645 2829 2702 sermocinatio
2861 2646 3133 2702 fastidium
3163 2665 3328 2720 gene-

1744 2738 1830 2786 ret
1855 2732 2088 2787 delicato
2118 2733 2330 2788 lectori.

1815 2823 2004 2896 Igitur,
2035 2835 2092 2878 ut
2121 2826 2326 2881 dictum
2372 2837 2474 2888 est,
2510 2827 2614 2884 illis
2646 2829 2967 2886 introductis
2993 2843 3115 2887 ante
3144 2849 3324 2904 regem

1725 2926 1800 2972 .et
1843 2917 2220 2988 episcoporum
2253 2927 2612 2983 conventum,
2652 2922 2802 2990 prior
2830 2923 3111 2980 Arefastus
3144 2941 3325 2998 regem

1745 3005 2012 3060 allocutus
2037 3015 2123 3061 est
2150 3007 2337 3062 dicens
2367 3025 2380 3062 :
2425 3027 2444 3061 ι
2479 3009 2738 3073 Domine,
2769 3011 2840 3064 mi
2870 3027 2987 3078 rex,
3020 3014 3174 3070 miles
3204 3031 3325 3069 sum

1747 3099 2039 3164 Hichardi,
2099 3099 2173 3154 tui
2225 3099 2522 3156 fidelissimi
2584 3104 2798 3158 comitis
2843 3104 3215 3173 Normanniae,
3270 3118 3327 3163 et

1745 3189 2029 3244 inmeritus
2078 3198 2265 3246 teneor
2318 3193 2534 3248 vinctus
2577 3202 2631 3248 et
2686 3203 2967 3253 catenatus
3020 3207 3146 3253 ante
3187 3209 3257 3254 te.
3299 3217 3319 3250 ι

1696 3273 1712 3294 ⁴
1743 3279 1841 3334 Cui
1875 3293 1968 3334 rex
2007 3281 2080 3334 ita
2131 3283 2410 3352 respondit
2439 3299 2450 3336 :
2486 3302 2504 3335 ι
2537 3283 2764 3339 Causam
2805 3287 2877 3340 tui
2921 3288 3184 3342 adventus
3213 3289 3324 3344 cito

1743 3369 1896 3424 nobis
1936 3369 2152 3437 indica,
2192 3384 2281 3437 ιιι,
2320 3389 2384 3428 ea
2425 3375 2638 3444 agnita,
2681 3384 2773 3430 aut
2821 3393 2944 3433 reus
2989 3379 3041 3432 in
3090 3381 3319 3436 vinculis

1746 3466 2006 3530 .enearis,
2035 3475 2128 3522 aut
2153 3465 2437 3532 innoxius,
2466 3483 2494 3522 a
2532 3469 2760 3524 vinculis
2801 3471 3038 3537 solutus,
3081 3473 3320 3528 dimitta-

1744 3556 1840 3612 ris.
1870 3577 1890 3610 ι
1921 3558 2001 3612 Ad
2047 3558 2162 3613 lucc
2193 3558 2282 3614 ille
2319 3561 2632 3629 respondit:
2670 3581 2688 3612 ‹
2725 3562 2920 3616 Audita
2967 3563 3231 3632 sapientia
3263 3577 3317 3620 et

1729 3645 1999 3715 religione
2041 3647 2232 3700 borum
2273 3648 2362 3716 qui
2411 3649 2571 3702 vincti
2599 3651 2816 3705 adstant
2845 3667 3056 3708 mecum
3089 3663 3212 3707 ante
3243 3664 3318 3721 te,

1740 3738 1807 3793 ad
1838 3739 1976 3794 hanc
2005 3737 2190 3794 urbem
2221 3740 2404 3794 venire
2435 3739 2575 3794 volui
2603 3749 2659 3795 ιιι
2703 3742 2850 3806 inde,
2881 3744 3126 3815 exemplo
3151 3745 3322 3802 hono-

1741 3845 1861 3883 rum
1891 3843 2114 3898 opernm
2146 3838 2309 3899 atque
2349 3830 2591 3885 doctrina
2631 3846 2816 3886 eorum
2843 3875 2856 3896 ,
2893 3833 3207 3890 melioratus
3233 3853 3318 3892 rc-

1739 3921 1932 3977 direm.
1967 3921 2091 3976 llznc
2142 3923 2358 3992 quidem
2414 3937 2576 3978 causa
2627 3933 2710 3979 est
2746 3939 2844 3994 pro
2909 3941 3012 3995 qua
3045 3927 3110 3982 de
3141 3931 3315 3997 patria

1741 4027 1860 4066 mea
1887 4011 2038 4066 exire
2073 4013 2214 4067 volui
2250 4022 2306 4067 et
2344 4013 2482 4070 hanc
2513 4015 2698 4070 urbem
2725 4016 2874 4085 petii.
2906 4017 3056 4084 Quod
3082 4020 3124 4074 si
3165 4030 3316 4074 reatu

1740 4103 1920 4171 aliquo
1966 4119 2063 4169 pro
2092 4105 2192 4159 hoc
2241 4118 2406 4172 opere
2456 4113 2683 4171 teneor,
2734 4108 2994 4176 praesules
3025 4109 3116 4163 tibi
3145 4111 3314 4164 assis-

1740 4203 1916 4250 tentcs
1944 4196 2159 4249 videant
2204 4205 2258 4251 et
2301 4195 2563 4265 judicent.
2611 4218 2630 4252 ι
2677 4199 2828 4256 Tunc
2869 4202 3127 4270 praesules
3162 4203 3317 4258 dixe-

1742 4296 1865 4340 runt
1899 4304 1912 4339 :
1947 4306 1965 4337 ι
2009 4286 2063 4341 Si
2102 4287 2382 4357 sapientiae
2408 4303 2470 4343 ac
2510 4287 2786 4360 religionis
2810 4291 3024 4346 modum
3053 4308 3212 4362 quem
3244 4294 3314 4349 ab

1739 4379 1826 4434 his
1850 4379 2084 4434 didicisti
2140 4380 2296 4434 nobis
2349 4379 2622 4449 proferas,
2677 4391 2860 4438 nostro
2904 4383 3106 4454 judicio
3157 4385 3318 4442 facile

1737 4467 2070 4527 dinoscetur.
2105 4487 2122 4520 ι
2159 4467 2337 4524 Atille
2365 4469 2442 4522 ait
2473 4487 2484 4521 :
2519 4489 2536 4520 ι
2573 4469 2738 4542 Regia
2772 4473 3026 4543 majestas
3051 4484 3106 4529 et
3135 4485 3313 4532 vestra

152 4554 334 4616 Interea
368 4579 461 4619 rex
486 4575 545 4619 et
572 4563 887 4620 Constantia
910 4566 1120 4636 regina,
1152 4566 1293 4623 sicut
1317 4567 1403 4622 vir
1431 4581 1635 4623 memo-

1744 4559 2036 4613 auctoritas
2063 4559 2144 4614 eis
2167 4558 2355 4627 jubeat
2410 4569 2470 4614 ut
2497 4575 2620 4629 qua:
2665 4577 2750 4617 me
2797 4564 3095 4620 docuerunt
3120 4581 3182 4620 ea
3212 4567 3315 4638 ipsi

102 4654 221 4702 ratus
247 4654 611 4721 mandaverat,
641 4658 709 4711 ad
741 4658 931 4712 urbem
959 4659 1333 4726 Aurelianam,
1375 4675 1495 4716 cum
1520 4662 1634 4732 epi-

101 4747 344 4806 scoporum
387 4746 645 4818 collegio,
705 4749 1023 4817 venientes,
1071 4751 1160 4806 die
1205 4753 1486 4822 sequenti,
1547 4754 1636 4810 illo

103 4823 195 4893 ipso
223 4847 554 4906 suggerente,
578 4840 758 4898 onmis
793 4841 880 4897 illa
909 4844 1244 4914 nequissima
1288 4848 1635 4918 congregatio

104 4918 228 4976 simul
249 4941 338 4994 per
360 4928 613 4986 ofﬁciales
643 4933 821 5004 regios
844 4933 912 4989 de
934 4935 1095 4990 domo
1117 4935 1204 4990 ubi
1223 4946 1386 4992 erant
1409 4953 1636 5007 congre-

105 5013 187 5079 gati
222 5029 338 5075 sunt
366 5023 643 5086 abstracti,
675 5034 730 5080 et
759 5025 812 5080 in
837 5026 1145 5081 :ecclesiam
1184 5025 1404 5082 Sanctae
1440 5029 1632 5084 Crucis

107 5112 204 5158 ante
225 5124 388 5181 regem
416 5123 576 5184 atque
595 5117 968 5186 episcoporum
995 5131 1058 5171 ac
1080 5117 1398 5172 clericorum
1427 5128 1629 5174 cretum

107 5193 300 5255 adducti.
331 5203 439 5267 Set,
470 5218 758 5277 antequam
791 5209 860 5262 ad
891 5207 1201 5263 conflictum
1232 5209 1536 5275 veniamus,
1565 5210 1632 5266 de

108 5285 202 5341 cibo
221 5290 301 5346 illo
339 5297 426 5362 qui
464 5297 678 5354 celestis
706 5299 776 5354 ab
824 5299 930 5354 illis
975 5299 1278 5363 dicebatur,
1327 5299 1472 5369 quali
1514 5311 1631 5358 arte

110 5379 467 5454 conficiebatur,
495 5391 867 5446 nescientibus
899 5391 1274 5446 demonstrare
1310 5393 1536 5446 curabo.

162 5471 597 5546 Congregabantur
622 5482 886 5552 siquidem
914 5481 1078 5536 certis
1107 5483 1352 5536 noctilms
1383 5483 1434 5536 in
1464 5482 1624 5538 domo

111 5558 422 5633 denominata,
452 5571 647 5642 singuli
685 5573 939 5628 lucernas
970 5581 1216 5626 tenentes
1255 5573 1306 5625 in
1351 5573 1621 5640 manibus,

114 5655 232 5712 Chad
250 5657 404 5713 instar
425 5661 648 5727 letanizc,
675 5665 962 5718 demonum
993 5665 1206 5717 nomina
1227 5663 1620 5729 declamabant,

117 5740 249 5800 donec
292 5751 456 5805 subito
503 5756 780 5811 demonem
833 5757 884 5810 in
940 5757 1289 5811 similitudine
1338 5758 1623 5827 cujuslibet

117 5828 311 5897 bestiola:
334 5843 464 5899 inter
483 5862 570 5902 eos
603 5849 849 5905 viderent
901 5851 1249 5907 descendere.
1283 5851 1383 5918 Qui
1437 5852 1618 5908 statim

325 5969 340 5978 -
379 5940 638 6004 Ριτιιοι..
683 5943 858 6006 CLV.

1738 4666 1922 4706 coram
1971 4651 2126 4706 vobis
2171 4650 2688 4720 dicantrquatinus
2725 4655 2908 4710 audita
2950 4671 2980 4710 a
3005 4658 3154 4712 vobis
3178 4698 3194 4720 ,
3223 4668 3316 4714 aut

1738 4746 1895 4816 digna
1931 4745 2086 4800 laude
2127 4746 2467 4810 habeantur,
2518 4758 2609 4801 aut
2662 4747 2877 4820 indigna
2919 4749 3176 4804 oblivioni
3205 4758 3316 4805 tra-

1737 4838 1954 4892 dantur.
1993 4857 2012 4890 ι
2047 4837 2252 4906 Quibus
2291 4852 2382 4892 rex
2415 4851 2578 4908 atque
2609 4841 2878 4898 antistites
2911 4857 3032 4896 cum
3056 4841 3314 4911 juberent

1735 4938 1796 4984 ut
1823 4945 1932 4984 sute
1965 4929 2085 4983 fidei
2119 4944 2362 4984 normam
2411 4929 2697 4986 referendo
2723 4929 3114 5001 patefacerent,
3149 4933 3312 4990 totius

1735 5021 1986 5076 veritatis
2011 5020 2248 5083 inimici,
2283 5021 2385 5075 alia
2442 5036 2540 5090 pro
2573 5022 2694 5078 aliis
2723 5023 2997 5086 dicentes,
3030 5022 3170 5076 intra
3201 5040 3314 5080 sum

1734 5112 1940 5168 heresis
1975 5111 2274 5167 foeditatem
2305 5111 2448 5167 nullo
2475 5113 2623 5166 aditu
2665 5113 2887 5167 introire
2913 5113 3202 5182 volebant;
3230 5125 3315 5174 set

1733 5215 1793 5260 ut
1821 5221 2043 5275 serpens
2065 5216 2264 5274 quanto
2285 5205 2402 5274 plus
2441 5206 2494 5259 in
2532 5206 2783 5272 manibus
2804 5206 3120 5277 stringitur,
3160 5219 3312 5266 tanto

1735 5297 1964 5367 amplius
1995 5298 2227 5353 elabitur
2249 5337 2264 5362 ,
2295 5297 2366 5350 ita
2401 5306 2455 5352 et
2483 5296 2602 5362 isti,
2639 5312 2748 5367 quo
2784 5299 2995 5369 anplius
3022 5301 3311 5358 conclude-

1733 5387 1936 5442 bantur
1984 5389 2227 5442 veritatis
2271 5403 2547 5450 sermone,
2608 5397 2757 5444 tanto
2812 5391 2984 5462 magis
3034 5391 3310 5448 labiliorcs

1731 5481 2054 5534 videbantur
2099 5479 2368 5548 effugisse.
2426 5480 2576 5534 'l‘unc
2600 5481 2880 5537 Arefastus
2940 5485 3126 5540 videns
3162 5486 3308 5554 quol

1731 5575 2064 5626 redimereut
2093 5581 2324 5640 tempus,
2353 5579 2408 5626 et
2437 5587 2747 5628 sermonum
2783 5576 2958 5646 clipeo
2987 5576 3307 5631 festinarent

1729 5664 2043 5718 obnubilare
2088 5679 2198 5718 sum
2257 5664 2376 5717 fidei
2420 5665 2733 5729 herrorem,
2792 5668 2858 5721 ad
2907 5682 3001 5721 eos
3054 5677 3139 5723 est
3179 5682 3309 5721 con-

1730 5768 1943 5816 versus,
1980 5753 2206 5808 dicens:
2243 5771 2260 5802 ι
2301 5753 2555 5808 Veritatis
2581 5757 2882 5825 magistros,
2910 5772 3016 5811 non
3043 5756 3304 5820 herroris,

1730 5863 1828 5904 vos
1861 5847 2062 5902 habere
2090 5846 2294 5918 putavi,
2327 5846 2450 5901 dum
2475 5857 2789 5902 constanter
2814 5849 2956 5902 illam
3005 5849 3166 5902 michi
3209 5847 3306 5901 do-

2796 5941 2834 6000 9

1789 6023 1819 6033 α,
