3890 6302
553 420 559 427 ’
586 409 692 467 287

1500 402 1728 460 'PAULI
1768 402 1827 458 S.
1868 399 2074 458 PETRI
2103 400 2584 461 CARNO'I‘ENSIS
2617 403 2924 465 MONACHI

3702 413 3807 478 '268

580 525 835 589 (trinum,
866 533 1030 592 quam
1054 516 1387 575 salutiferam
1413 518 1887 590 evangelizabatis,
1915 515 2236 580 viderem'A
2260 531 2387 573 nam
2417 517 2717 575 multifaria
2761 519 3108 577 elaborarent
3139 532 3330 578 omnes
3352 562 3367 589 ,
3422 531 3485 578 ut
3537 520 3654 580 illos
3674 541 3700 582 a
3724 544 3803 587 suo

574 627 681 668 vos
711 612 929 677 docere,
960 617 1125 680 atque
1154 608 1569 680 pollicebamini,
1597 623 1695 679 pro
1725 608 1895 678 paenis
1923 606 2159 663 inferen-

578 705 667 761 dis
694 714 754 760 et
779 704 945 760 etiam
986 718 1087 775 pro
1130 710 1307 758 morte
1371 700 1669 757 tolleranda
1691 741 1706 765 ,
1739 715 2014 771 nunquam
2039 714 2160 755 eam

542 811 700 853 'esse
744 810 776 850 a
815 794 973 851 vobis
1025 792 1416 866 denegandam.
1462 792 1616 847 hunc
1653 807 1824 857 vero,
1861 792 2031 848 oblita
2058 792 2162 848 lide

560 903 738 959 quam
784 886 1143 957 promisistis,
1192 893 1253 941 ut
1275 884 1461 951 video,
1492 885 1686 941 timore
1728 886 1949 949 mortis,
1976 886 2044 941 ab
2067 885 2158 940 illa

576 976 825 1032 doctrina
864 975 1021 1049 longe
1043 974 1210 1031 vultis
1238 974 1378 1043 ﬂeri,
1410 989 1606 1044 meque
1631 976 1810 1031 adhuc
1832 976 2021 1030 rudem
2050 975 2161 1030 dis-

554 1068 814 1138 cipulum
843 1067 895 1122 in
920 1066 1161 1137 periculo
1183 1066 1377 1121 mortis
1427 1065 1700 1121 dimittere
1741 1065 2156 1136 parvipenditis.

544 1186 549 1193 -
577 1160 734 1217 Unde
773 1161 934 1232 regiae
953 1158 1186 1232 iussioni
1213 1158 1510 1229 parendum
1545 1168 1659 1223 est,
1690 1170 1743 1218 et
1768 1158 2015 1215 obmdire
2038 1167 2160 1214 tan-

552 1260 756 1306 .torum
778 1255 1070 1321 praesulum
1112 1249 1424 1307 auctoritati
1459 1258 1705 1320 oportet,
1744 1257 1803 1304 ut
1839 1249 1890 1304 in
1928 1250 2013 1305 his
2038 1263 2159 1321 qua)

576 1356 608 1396 a
642 1342 797 1398 vobis
821 1343 981 1398 didici
1010 1382 1026 1407 ,
1058 1342 1103 1397 si
1136 1356 1244 1412 qua
1271 1348 1398 1396 sunt
1422 1340 1735 1396 christiana:
1759 1339 1999 1411 religioni
2024 1354 2158 1394 con-

575 1435 764 1502 traria,
788 1434 1017 1490 istorum
1039 1433 1247 1505 judicio
1289 1431 1526 1503 cognita,
1560 1446 1683 1501 quae
1720 1431 1994 1501 sequenda
2029 1438 2158 1485 sunt

546 1534 628 1576 et
648 1538 771 1593 quas
792 1524 1093 1595 respuenda
1129 1536 1439 1592 agnoscam.
1489 1522 1759 1577 Docoistis
1789 1522 2035 1592 equidem
2070 1534 2157 1575 me

570 1613 778 1669 nullam
806 1614 863 1668 in
904 1612 1175 1668 babtismo
1201 1610 1501 1682 promereri
1529 1610 1745 1667 veniam
1774 1621 2151 1682 peccatorum,

570 1720 748 1776 neque
769 1704 1045 1760 Christum
1073 1704 1140 1760 de
1192 1702 1410 1774 Virgine
1452 1717 1572 1759 esse
1614 1711 1824 1771 natum,
1852 1719 2027 1774 neque
2058 1720 2155 1775 pro

570 1799 883 1855 hominibus
910 1812 1161 1868 passum,
1198 1812 1374 1867 neque
1413 1811 1541 1853 vere
1582 1798 1883 1867 sepultum,
1915 1812 2091 1870 neque
2120 1814 2152 1854 a

571 1890 805 1945 mortuis
836 1867 1233 1953 resurrexissc,
1270 1902 1448 1960 neque
1474 1902 1669 1958 panem
1698 1896 1754 1944 et
1788 1887 1974 1944 vinum
2011 1890 2154 1959 quod
2182 1867 2233 1929 Β

570 1997 739 2052 super
760 1981 931 2038 altare
953 2022 968 2047 ,
1000 1982 1249 2038 manibus
1279 1982 1622 2037 sacerdotum
1645 2022 1661 2047 ,
1698 1982 1881 2037 sancti
1919 1980 2155 2053 Spiritus

570 2074 916 2144 operatione,
964 2074 1104 2130 edici
1151 2075 1364 2130 videtur
1417 2082 1816 2131 sacramentum
1846 2114 1863 2139 ,
1910 2077 2152 2132 converti

548 2179 733 2235 posse
762 2166 814 2220 in
841 2180 1070 2235 corpore
1096 2174 1151 2220 et
1178 2166 1441 2236 sanguine
1462 2164 1685 2221 Christi.
1724 2185 1744 2219 ι
1772 2165 2014 2236 Cumque
2040 2167 2153 2223 haec

568 2253 853 2310 Arelastus
881 2254 999 2309 viva
1021 2268 1153 2309 voce
1176 2263 1503 2325 perorasset,
1535 2254 1829 2320 Guarinus,
1853 2254 2154 2311 Belvacen-
2230 2296 2235 2301 ο

565 2349 644 2404 sis
668 2346 887 2417 prtesul,
918 2346 1274 2417 interrogavit
1304 2345 1640 2416 Stephanum
1672 2355 1728 2402 et
1757 2347 2031 2415 Lisoium,
2059 2349 2151 2418 qui

564 2437 727 2506 huius
755 2436 1002 2494 bcrroris
1036 2437 1362 2492 videbantur
1387 2452 1507 2493 esse
1537 2438 1811 2509 magistri,
1841 2440 1885 2495 si
1922 2440 1996 2495 ita
2026 2455 2152 2496 sen-

565 2531 731 2588 tirent
750 2541 807 2588 et
831 2531 1118 2588 crederent
1144 2545 1264 2601 quae
1290 2529 1358 2585 ab
1371 2530 1622 2586 Arelasto
1640 2540 1797 2586 erant
1824 2542 2147 2588 memorata.

563 2622 635 2677 At
663 2621 765 2688 illi,
792 2636 914 2677 cum
938 2621 1150 2677 diabolo
1179 2620 1233 2675 in
1260 2621 1475 2688 in'cruo
1493 2621 1611 2684 jam
1640 2623 1962 2680 mansionen
1995 2639 2152 2694 para-

564 2722 675 2768 tam
705 2714 986 2779 habentes,
1014 2728 1142 2768 vera
1173 2727 1294 2768 esse
1321 2721 1643 2778 memorata,
1674 2723 1730 2769 et
1758 2714 1829 2768 ita
1861 2729 1920 2770 se
1947 2717 2151 2771 sentire

563 2818 627 2861 ac
652 2804 876 2860 credere
910 2812 1226 2860 constanter
1250 2813 1537 2859 asserunt.‘
1555 2803 1762 2871 Quibus
1785 2820 1907 2859 cum
1943 2806 2145 2876 prmsul

562 2898 770 2955 diceret
796 2897 1032 2954 voluisse
1082 2897 1359 2954 Christum
1414 2898 1564 2954 nasci
1617 2898 1686 2954 de
1738 2897 2150 2971 Virgine,quia

558 2991 759 3061 potuit,
787 2998 845 3046 et
867 3004 966 3060 pro
990 2998 1177 3044 nostra
1211 2989 1387 3045 salute
1414 2990 1527 3060 pati
1555 2989 1608 3043 in
1643 2989 1982 3044 humanitate
2001 3032 2014 3057 ,
2055 3001 2113 3044 ut
2132 3029 2148 3056 ,

560 3083 733 3138 tercia
758 3082 863 3145 die,
894 3081 1102 3137 devicta
1131 3090 1328 3147 morte,
1361 3089 1671 3153 resurgeret
1701 3081 1753 3137 in
1800 3097 1896 3136 sua
1928 3082 2148 3147 deitate,

2263 609 2491 666 horrore
2512 620 2864 681 revocarent,
2889 621 2948 668 et
2970 612 3106 683 ipsi,
3137 611 3285 669 ferro
3306 614 3552 670 duriores
3572 654 3588 681 ,
3621 617 3804 681 minime

2232 744 2235 747 λ
2263 701 2671 773 resipiscerent,
2695 702 2831 773 iussi
2854 713 2981 760 sunt
3006 705 3201 775 singuli
3229 711 3403 763 sacris
3430 707 3663 765 vestibus
3683 711 3805 772 indui

2265 792 2318 847 in
2345 807 2444 848 suo
2470 795 2683 861 ordine,
2715 796 3010 867 statimque
3035 797 3106 852 ab
3132 782 3425 853 aniistibus
3447 815 3476 852 a
3501 801 3708 871 proprio
3725 805 3805 861 bo-

2236 912 2237 915 η
2263 900 2396 942 nore
2423 895 2550 941 sunt
2572 887 2837 956 depositi,
2860 896 2949 953 et,
2980 903 3106 959 rege
3128 887 3385 959 iubente,
3408 889 3710 948 Constantia
3734 911 3804 953 re-

2262 978 2387 1048 gina
2408 989 2536 1033 ante
2560 978 2745 1034 valvas
2769 979 3007 1035 basilica:
3032 980 3207 1045 stetit,
3233 994 3300 1039 ne
3321 979 3553 1050 populus
3574 994 3665 1037 eos
3685 983 3804 1042 intra

2260 1067 2567 1124 aacelesiam
2611 1069 2973 1137 interﬁceret;
3024 1079 3083 1126 et
3130 1071 3214 1127 sic
3255 1072 3322 1128 de
3371 1071 3583 1142 gremio
3632 1088 3806 1136 sane:

2260 1157 2525 1216 meclesiae
2546 1158 2705 1230 ejecti
2756 1171 2901 1216 sunt.
2946 1159 3052 1229 Qui
3094 1175 3218 1216 cum
3263 1159 3804 1237 ejicerentur,regina

2261 1249 2557 1321 Stephani,
2589 1253 2671 1308 sui
2694 1252 2825 1308 olim
2856 1253 3217 1319 confessoris,
3249 1269 3372 1309 cum
3423 1253 3647 1321 baculo,
3673 1272 3806 1328 quem

2258 1356 2420 1397 manu
2451 1346 2719 1415 gestabat,
2747 1345 2961 1401 oculum
2996 1346 3159 1402 eruit.
3198 1344 3405 1403 Deinde
3422 1354 3580 1403 extra
3605 1349 3807 1409 civitatis

2256 1433 2440 1488 educti
2486 1449 2705 1499 muros,
2744 1438 2797 1491 in
2855 1439 3087 1506 quodam
3118 1437 3429 1508 tuguriolo,
3480 1440 3691 1509 copioso
3711 1444 3808 1514 igne

2256 1540 2488 1582 accenso
2506 1566 2522 1593 ,
2550 1538 2743 1598 praeter
2776 1546 2942 1584 unum
2991 1530 3247 1587 clericum
3270 1540 3440 1601 atque
3464 1547 3625 1585 unam
3655 1548 3811 1590 mona-

2254 1620 2415 1676 cham
2441 1662 2456 1686 ,
2489 1637 2612 1677 cum
2637 1623 2846 1678 nefario
2875 1625 3126 1695 pulvere,
3162 1628 3228 1682 de
3255 1640 3364 1696 quo
3394 1641 3559 1697 supra
3583 1627 3805 1697 diximus,

2255 1714 2483 1768 cremati
2513 1723 2662 1770 sunt.
2686 1716 2930 1773 Clericus
2961 1718 3107 1773 enim
3129 1720 3185 1774 et
3211 1719 3481 1774 monacha
3506 1727 3636 1775 nutu
3657 1720 3810 1777 divine

2257 1805 2619 1877 resipuerunt.

2784 1917 3186 1978 CAPITULUM
3223 1919 3313 1978 IV.

2364 2006 2442 2064 De
2468 2008 2791 2084 wcclesiaje
2810 2010 3109 2084 Fonlim‘do
3132 2055 3149 2076 ,
3170 2030 3327 2083 quam
3367 2014 3491 2084 fecit
3519 2012 3725 2069 liberam

2706 2081 2994 2137 Radbertus
3018 2081 3384 2154 arcltiprwsttlt

2859 2176 3038 2246 (Anno
3063 2176 3243 2247 1035).

2328 2267 2347 2293 ⁶
2389 2283 2409 2319 ι
2457 2265 2607 2337 (156)
2644 2266 2755 2323 Deo
2803 2276 2859 2322 et
2910 2267 3138 2323 Domino
3173 2277 3362 2324 nostro
3404 2269 3575 2326 Jhesu
3625 2268 3811 2327 Christo

2252 2364 2595 2434 przesidente.
2627 2364 3007 2430 Decernimus,
3038 2379 3138 2436 ego
3169 2364 3476 2422 Radbertus
3495 2408 3511 2434 ,
3544 2366 3711 2437 gratia
3734 2367 3811 2422 Dei

2255 2451 2543 2525 Rotomagi
2579 2455 2953 2524 archiprzesnl,
2985 2467 3038 2510 et
3065 2456 3372 2527 cocpiscopi
3408 2460 3580 2513 nostri
3612 2457 3815 2514 Herber-

2254 2552 2342 2600 tus
2364 2544 2565 2601 Lisivae
2591 2547 2847 2610 civitatis,
2885 2546 3190 2603 Rodbertns
3221 2548 3561 2605 Constantia!
3581 2592 3594 2611 .
3631 2550 3815 2605 Radbo-

2252 2636 2354 2692 dus
2381 2635 2579 2703 Sasiae,
2612 2636 2763 2709 Hugo
2792 2639 3028 2694 civitatis
3050 2639 3294 2695 Ebroicze
3316 2657 3335 2706 ;
3361 2641 3725 2707 decernimus,
3753 2642 3813 2695 in-

2254 2745 2438 2801 quam,
2486 2739 2647 2801 atque
2695 2731 3032 2798 sanrcimus,
3061 2741 3119 2786 ut
3146 2732 3391 2788 :ccclesia
3416 2735 3484 2790 de
3518 2733 3813 2798 Fontinido,

2254 2838 2352 2891 pro
2378 2838 2562 2878 amore
2585 2832 2640 2877 et
2662 2823 2868 2880 honore
2902 2823 3075 2880 sancti
3109 2823 3277 2893 Petri,
3304 2825 3670 2895 apostolorum
3692 2826 3814 2896 prin-

2253 2913 2388 2985 cipis
2410 2923 2465 2969 et
2486 2914 2729 2985 magistri
2763 2915 2967 2982 nostri,
2993 2915 3062 2970 ab
3094 2916 3194 2972 hac
3221 2917 3308 2973 die
3334 2917 3388 2971 in
3429 2927 3736 2988 perpetuum
3762 2917 3815 2970 ab

2254 3003 2401 3059 omni
2449 3004 2522 3059 sit
2558 3005 2929 3090 inquietudine
2954 3013 3064 3060 tam
3097 3007 3335 3077 episcopi
3374 3022 3540 3077 quam
3578 3006 3817 3063 archidia-

2255 3094 2377 3150 coni
2425 3108 2664 3163 remota;
2708 3096 2898 3151 eodem
2946 3097 3108 3151 modo
3175 3113 3283 3167 quo
3326 3106 3383 3153 et
3436 3096 3654 3154 Gesiaci
3703 3096 3814 3152 cella

558 3187 770 3241 nosque
803 3172 1023 3229 doceret
1048 3187 1169 3226 esse
1196 3172 1678 3227 resurrecturosin
1717 3172 2145 3286 refcgmalione;
2176 3221 2223 3286 ρ
2257 3187 2444 3244 Sancti
2484 3188 2628 3261 Petri
2659 3188 3014 3246 Carnotensis
3054 3190 3286 3245 ctenobii
3327 3205 3452 3246 cum
3482 3191 3573 3245 illa
3599 3189 3815 3248 arerlesia

554 3265 809 3335 viperino
851 3278 946 3320 ore
998 3265 1397 3335 responderunt
1436 3265 1681 3320 dicentes
1712 3282 1730 3319 :
1760 3284 1779 3317 ε
1812 3264 1925 3321 Nos
1969 3280 2146 3336 neque

558 3357 940 3420 interfuimus,
989 3372 1165 3428 neque
1213 3357 1330 3413 haec
1361 3372 1491 3413 vera
1533 3372 1654 3414 esse
1682 3358 1907 3414 credere
1950 3368 2146 3429 possu-

558 3464 701 3504 ums.
725 3468 743 3501 ι
780 3451 848 3505 At
872 3448 1020 3519 (l55)
1052 3451 1165 3504 haec
1198 3449 1393 3521 praesul
1419 3464 1513 3506 eos
1540 3450 1717 3521 inquit
1746 3451 2088 3523 interrogans
2118 3469 2134 3507 ε

578 3558 600 3592 ς
651 3540 911 3597 Caruales
938 3551 1191 3611 parentes
1242 3540 1497 3598 habuisse
1542 3542 1786 3610 creditis,
1833 3557 1902 3597 an
1952 3543 2094 3598 non?
2122 3564 2142 3597 ι

552 3634 801 3703 Cumque
830 3649 891 3690 se
933 3636 1161 3690 credere
1198 3644 1533 3701 assererem,
1566 3637 1764 3708 pracsul
1813 3636 2095 3708 respondit
2129 3651 2145 3692 :

552 3745 584 3778 4
617 3726 674 3782 Si
701 3742 767 3782 ex
798 3728 1112 3797 parentibus
1133 3742 1228 3784 vos
1251 3742 1374 3784 esse
1398 3737 1716 3800 procreatos
1741 3730 1988 3796 creditis,
2018 3745 2144 3786 cum

554 3833 669 3873 non
694 3821 885 3883 eratis,
920 3827 1047 3874 ante
1084 3817 1277 3874 saecula
1300 3817 1470 3874 Deum
1503 3821 1570 3874 de
1602 3819 1712 3874 Deo
1735 3819 1977 3887 genitum
2026 3819 2146 3874 sine

559 3921 754 3980 matre,
794 3912 849 3967 in
883 3912 989 3967 ﬁne
1019 3912 1310 3982 temporis,
1358 3913 1536 3968 sancti
1579 3913 1814 3981 Spiritus
1855 3912 2147 3968 obumbra-

558 4005 734 4069 tione,
768 4005 835 4061 de
868 4002 1087 4076 Virgine
1123 4012 1306 4059 natum
1327 4043 1344 4071 ,
1394 4018 1493 4059 cur
1537 4003 1762 4059 credere
1792 4004 2083 4074 respuitis?
2118 4021 2138 4057 ι

554 4096 629 4155 At
658 4097 729 4152 illi
758 4097 1011 4153 dixerunt
1042 4115 1055 4153 :
1090 4114 1115 4150 ι
1148 4095 1301 4166 Quod
1342 4104 1534 4152 natura
1576 4094 1838 4165 denegat,
1865 4110 2082 4167 semper
2112 4110 2141 4149 a

555 4200 804 4250 creatore
832 4190 1122 4262 discrepat.
1169 4208 1190 4244 ι
1249 4189 1457 4258 Quibus
1491 4188 1688 4260 prassul
1721 4188 2028 4259 respondit,
2057 4187 2144 4243 di-

557 4298 734 4342 cens:
776 4303 795 4337 ς
840 4283 1144 4355 Antequam
1188 4284 1480 4354 quicquam
1533 4281 1686 4338 fleret
1731 4294 1831 4353 per
1869 4287 2143 4349 naturam,

550 4384 668 4430 'non
692 4373 912 4431 creditis
943 4389 1041 4445 per
1069 4374 1266 4430 Filium
1290 4374 1459 4430 Deum
1486 4371 1703 4429 Patrem
1731 4372 1930 4429 fecisse
1961 4374 2143 4429 omnia

556 4479 623 4520 ex
654 4465 893 4521 nichilo?
928 4484 946 4517 ι
997 4465 1095 4521 Cui
1135 4465 1356 4520 alienati
1406 4480 1436 4519 a
1487 4464 1593 4520 ﬁde
1638 4464 1892 4519 dixerunt
1925 4482 1938 4519 :
1981 4483 2001 4517 ι
2035 4465 2144 4521 lsta

2251 3290 2336 3338 est
2363 3281 2602 3353 subjecta
2631 3322 2646 3347 ,
2678 3282 2746 3339 ab
2774 3282 2952 3347 omni,
2995 3282 3244 3353 inquam,
3274 3294 3522 3352 respectu
3548 3293 3605 3339 et
3634 3282 3818 3354 inquie-

2253 3372 2436 3427 tudine
2482 3379 2802 3442 permaneat
2851 3385 3075 3436 secura,
3138 3373 3312 3427 tribus
3358 3372 3447 3428 his
3498 3372 3816 3451 solummodo

2248 3464 2491 3535 exceptis
2516 3479 2531 3518 :
2560 3464 2842 3531 videlicet,
2871 3464 3042 3534 ipsius
3075 3464 3335 3521 :ecclesize
3364 3466 3814 3529 reconciliatione,

2248 3553 2350 3610 olei
2380 3564 2434 3609 et
2455 3554 2593 3609 sacri
2624 3554 2937 3610 chrismatis
2974 3557 3319 3626 perceptione
3341 3597 3357 3624 ,
3380 3565 3436 3611 et
3460 3555 3815 3627 paenitentiam

2249 3644 2708 3703 reconciliatione.
2761 3645 2893 3712 Quae
2938 3648 3160 3713 omnia,
3205 3647 3349 3702 sicut
3387 3662 3526 3718 opus
3550 3648 3735 3712 fuerit,
3762 3644 3818 3701 ab

2247 3737 2503 3808 episcOpo
2529 3736 2682 3807 cujus
2706 3748 2792 3793 est
2816 3739 3049 3794 diocesis
3073 3738 3436 3810 postulentur,
3470 3749 3532 3796 et
3556 3742 3627 3797 ab
3649 3739 3814 3796 eodem

2247 3832 2418 3901 gratis
2443 3839 2498 3885 et
2543 3832 2748 3901 absque
2795 3831 2903 3886 ulla
2944 3834 3151 3901 praemii
3201 3833 3575 3903 postulatione
3618 3833 3701 3889 vel
3736 3834 3815 3887 da-

2249 3921 2427 3989 tione,
2449 3932 2671 3994 propter
2696 3922 2956 3978 [umorem
2988 3922 3174 3980 Sancti
3217 3923 3358 3981 Petri
3379 3964 3396 3989 ,
3434 3925 3815 3989 conferantur,

2247 4023 2383 4071 utet
2412 4031 2510 4072 nos
2541 4025 2597 4072 et
2633 4031 2979 4075 successores
3021 4026 3240 4074 nostros
3272 4016 3341 4073 ab
3379 4019 3528 4074 omni
3557 4018 3688 4089 jugo
3710 4030 3819 4089 pec-

2246 4113 2355 4170 cati
2402 4115 2654 4186 dignetur
2695 4115 2978 4172 absolvere
3021 4115 3325 4188 supradicti
3367 4116 3621 4189 magistri
3665 4112 3816 4170 nostri

2245 4213 2489 4277 potestas
2520 4216 2576 4261 et
2616 4206 3007 4264 misericordia.
3040 4209 3106 4264 Et
3148 4215 3207 4263 ut
3256 4210 3377 4265 lucc
3411 4209 3618 4265 noticia
3650 4207 3819 4264 incon-

2246 4311 2403 4354 cussa
2432 4309 2767 4370 permaneat,
2792 4300 3041 4357 manibus
3067 4300 3270 4358 nostris
3290 4315 3409 4357 eam
3434 4300 3815 4362 roboravimus.

2246 4391 2403 4462 signo
2420 4408 2634 4463 quoque
2658 4401 2712 4449 et
2734 4394 3041 4449 nominibus
3059 4394 3540 4450 corroboravimus
3555 4435 3570 4459 ,
3616 4401 3671 4448 et
3689 4389 3819 4446 Cu:-

2247 4481 2453 4537 scelino
2484 4482 2888 4550 archidiaCono,
2913 4485 2998 4540 cui
3027 4484 3128 4540 sub
3154 4496 3241 4539 me
3269 4484 3522 4556 proprius
3550 4485 3817 4546 intererat,

554 4544 664 4615 illis
694 4574 919 4615 narrare
954 4569 1142 4630 potes,
1184 4559 1276 4630 qui
1325 4568 1538 4615 terrena
1588 4559 1805 4629 sapiunt
1833 4568 1998 4630 atque
2018 4574 2140 4616 cre-

2254 4570 2668 4646 consignandam
2709 4586 2765 4631 et
2811 4572 3236 4632 conﬁrmandam
3286 4585 3342 4633 et
3388 4577 3510 4633 aliis
3539 4576 3753 4633 clericis
3772 4581 3821 4630 et

554 4652 693 4707 dunt
723 4651 847 4708 ﬁcta
876 4650 1175 4707 carnalium
1207 4650 1517 4717 hominum,
1549 4649 1752 4719 scripta
1783 4650 1837 4704 in
1869 4651 2141 4707 membra-

2254 4665 2403 4721 Iaicis
2434 4667 2634 4722 nostris
2656 4670 3056 4740 proposuimus.
3087 4669 3142 4725 Si
3173 4670 3294 4740 quis
3321 4685 3453 4726 vero
3481 4658 3820 4725 antichristus

550 4740 700 4796 nulis
728 4740 1073 4807 animalium;
1114 4738 1268 4794 nobis
1315 4749 1496 4795 autem
1537 4740 1629 4810 qui
1675 4740 1847 4811 legem
1879 4741 2138 4811 scriptam

2254 4758 2351 4814 hoc
2395 4759 2608 4828 pietatis
2648 4738 2988 4831 opus,qnod
3034 4761 3084 4815 iu
3144 4738 3237 4816 Dei
3292 4752 3511 4817 numine
3542 4760 3814 4821 cudimus,

554 4831 817 4888 habemus
851 4833 904 4887 in
936 4832 1182 4887 interiori
1228 4832 1449 4887 homine
1499 4847 1528 4887 a
1581 4832 1791 4904 Spiritu
1826 4844 2049 4902 sancto,
2082 4845 2138 4893 et
2245 4849 2568 4906 auaminarc
2599 4844 2972 4919 ιοπιριειγει-ῑι,
3004 4866 3067 4905 εκ
3110 4865 3206 4906 ore
3233 4851 3346 4905 veri
3390 4849 3598 4905 (gms-ﬁ
3639 4859 3693 4904 et
3733 4862 3803 4901 nos

547 4921 716 4977 nichil
744 4922 887 4979 aliud
917 4924 1178 4995 sapimus,
1206 4923 1309 4979 nisi
1341 4924 1483 4993 quod
1521 4940 1549 4979 a
1579 4925 1711 4991 Deo,
1735 4928 1975 4982 omnium
2006 4944 2137 4984 con-

2254 4947 2486 4995 slrorum
2513 4941 2774 5007 omnium,
2800 4956 2933 5010 quos
2960 4956 3157 4996 vocare
3174 4940 3425 5011 dignatus
3450 4950 3534 4996 est
3563 4938 3817 4994 Christia-

547 5012 742 5081 ditore,
771 5015 1079 5079 didicimus,
1107 5014 1382 5070 incassum
1406 5015 1672 5085 superﬂua
1705 5026 1758 5073 et
1781 5033 1810 5072 a
1844 5018 2135 5077 Divinitate
2238 5030 2344 5088 ἠοε
2365 5046 2514 5099 suos,
2546 5034 2909 5088 anmllemalis
2936 5033 3115 5105 gladio
3138 5032 3438 5104 iugulatur.
3471 5031 3628 5088 Hanc
3651 5039 3816 5087 autem

547 5105 707 5162 ἀονῖθ
736 5106 967 5177 Ρτοῖεΐδο
1014 5106 1221 5162 “Circo
1267 5107 1449 5163 verbis
1485 5109 1645 5165 ﬁnem
1679 5110 1898 5182 impone
1928 5153 1942 5179 θ
1973 5128 2038 5168 ac
2069 5115 2135 5169 de
2240 5124 2639 5195 sugillationem
2673 5125 2756 5181 vel
2781 5167 2795 5191 ,
2835 5136 2894 5180 ut
2925 5127 2997 5181 ita
3046 5126 3260 5191 dicam,
3303 5124 3690 5195 sigillationem
3721 5118 3819 5176 sia-

545 5198 705 5254 nobis
729 5200 989 5270 quicquid
1016 5200 1152 5255 velis
1199 5201 1385 5256 facito.
1418 5203 1536 5257 Jam
1585 5218 1767 5276 regem
1801 5217 2046 5262 nostrum
2078 5208 2131 5263 in
2241 5217 2348 5288 guli
2374 5210 2702 5289 singulorum
2731 5219 3039 5274 nominibus
3071 5219 3515 5290 cocpiscoporum
3562 5212 3818 5272 subscribi

547 5292 861 5349 coslest:hus
904 5303 1218 5363 regnantem
1258 5296 1540 5364 videmus,
1579 5301 1671 5371 qui
1703 5302 1768 5357 ad
1795 5302 2130 5360 immortales
2236 5303 2607 5364 decernimus.
2642 5308 2947 5365 Rodbertus
2975 5309 3328 5379 archiprtesul
3353 5351 3367 5373 ,
3404 5309 3498 5380 qui
3545 5309 3651 5364 hoc
3695 5308 3819 5375 Opus

545 5381 851 5451 triumphos
884 5383 1107 5440 dextera
1130 5401 1229 5441 sua
1255 5402 1353 5443 nos
1399 5389 1677 5458 sublevat,
1712 5392 1847 5450 dans
1891 5410 2126 5467 superna
2238 5399 2457 5469 pietatis
2499 5400 2720 5470 iticmpit
2750 5409 2805 5456 et
2846 5401 3093 5471 perfecit.
3139 5401 3444 5457 Rodbertus
3475 5392 3817 5456 Constantia".

544 5472 764 5566 gaudia.
800 5493 821 5527 ι
1576 5494 1583 5497 ·
2235 5488 2541 5548 Rodbertus
2586 5491 2798 5549 Lisivaa.
2851 5494 3139 5550 Radbodus
3178 5490 3375 5549 Sasiae.
3414 5493 3573 5566 Hugo
3606 5493 3819 5549 Ebroas.

558 5596 563 5601 ι
612 5562 855 5663 Cumque
882 5566 951 5623 ab
976 5567 1111 5623 hora
1141 5569 1244 5625 diei
1277 5573 1447 5641 prima
1483 5588 1655 5645 usque
1695 5577 1763 5632 ad
1813 5577 2002 5635 horam
2028 5572 2130 5636 nol
2231 5582 2527 5655 Maiugisus
2571 5585 2954 5643 Abriucarum.
2993 5586 3322 5643 Willclmus.
3352 5562 3691 5644 Richardus.
3722 5576 3821 5638 Ro-

562 5770 573 5783 .
615 5724 765 5799 (1.55)
800 5724 916 5799 §iC,
940 5743 1039 5799 pro
1067 5686 1167 5786 ad.
2111 5752 2129 5761 -

566 5856 571 5859 _
610 5795 759 5868 (156]
797 5795 957 5855 Εάἰιί
988 5801 1046 5857 in
1077 5799 1223 5857 Call.
1253 5802 1446 5858 Christ.
1466 5844 1480 5871 ,
1515 5813 1556 5860 t.
1604 5803 1717 5860 VIII
1743 5843 1758 5872 ,
1791 5804 1975 5875 iustr.,
2006 5808 2120 5865 col.
2166 5807 2293 5865 291.
2386 5848 2389 5853 .
