3842 6308
83 441 176 502 269

1018 442 1246 498 VETUS
1281 442 1516 499 ΜΕΛΝο
1573 443 1790 504 -ιιΒ,
1834 445 1920 502 Vl.
1960 445 2350 504 ARNULFUS.
2405 485 2416 492 ν

3216 457 3322 519 170

81 556 255 614 dnlfns.
284 553 453 625 llugo.
478 553 818 612 Wascelinus
858 557 1308 615 archidiaconus..
1340 559 1625 624 Henricus,
1658 561 1704 618 Α
1730 559 2023 630 adquisivit
2071 575 2170 616 suo
2221 575 2414 618 cruore
2449 561 2696 632 precioso
2731 583 2750 618 ς
2797 565 2850 622 in
2881 582 2942 622 ea
2985 571 3132 628 enim
3161 588 3320 632 renae

76 651 223 704 abbas
261 646 444 702 Sancti
495 647 762 703 Audoeni.
827 648 1122 707 Balduinus
1187 653 1624 708 archidiaconus.

79 739 358 804 lleiuricus,
383 740 653 809 presbiter
665 741 984 798 etdecanus.
1010 743 1271 800 Rodulfus
1293 745 1624 814 capellanus.

73 833 356 898 llerluinus,
380 833 544 891 levita
570 844 624 891 et
648 824 969 892 canonicos:
983 835 1271 892 Corbucio.
1295 835 1623 892 Willelmus.

70 925 369 980 Pascharius
401 928 734 997 capellanus.
773 925 1040 983 Rodulfus
1084 929 1148 983 de
1200 927 1402 998 Sancto
1453 925 1625 982 Sanc-

69 1033 198 1076 soae.
233 1017 398 1085 Atto,
449 1019 620 1076 levita
669 1031 726 1076 et
766 1020 1094 1092 capellanus.
1136 1019 1252 1076 Odo
1279 1020 1623 1090 prtepositus.

70 1106 186 1170 Odo,
237 1107 393 1163 levita
445 1117 503 1164 et
563 1110 887 1180 capellanus.
940 1109 1250 1165 Osmundus
1300 1108 1622 1164 Tudeborti.

71 1199 321 1270 Rogerius,
381 1200 528 1258 ﬁlius
573 1201 842 1256 Hunfridi.
896 1201 1233 1258 Lescelinus.
1284 1201 1625 1258 Cuimundus

69 1308 256 1360 parvus.
277 1293 566 1363 Rogerius,
599 1295 738 1350 ﬁlius
762 1293 965 1350 Odonis
986 1294 1259 1364 prtepositi
1285 1295 1350 1352 de
1374 1295 1622 1352 Noiomo.

69 1384 286 1440 Albertus
314 1385 636 1441 hostiarius.
665 1385 928 1442 Rodulfus
953 1427 969 1451 ,
1007 1387 1149 1442 ﬁlius
1177 1387 1412 1443 Osberti.
1451 1407 1470 1441 ι

583 1477 984 1534 CAPITULUM
1021 1477 1085 1535 V.

276 1565 352 1621 De
381 1570 870 1638 recumpensatione
903 1568 1111 1637 Arnulﬁ
1139 1569 1362 1624 abbatis.

638 1659 814 1729 (Anno
844 1658 1022 1729 l055.)

119 1751 132 1770 ‘
166 1766 183 1798 ι
215 1747 352 1818 (157)
381 1748 440 1804 ln
470 1750 696 1806 nomine
729 1751 941 1808 Domini
995 1752 1168 1808 nostri
1203 1750 1371 1807 Jhesu
1396 1750 1616 1808 Christi.

63 1842 154 1903 Ego
177 1840 336 1895 frater
357 1841 645 1907 Arnulfus,
672 1839 858 1898 Sancti
883 1842 1028 1898 Petri
1060 1844 1412 1899 Carnoteusis
1434 1857 1620 1899 coeno-

1729 649 1934 706 scimur
1987 667 2081 722 per
2131 653 2473 723 baptismatis
2521 653 2865 726 lavachrum,
2922 675 2987 716 ac
3037 662 3090 719 in
3141 680 3206 722 ea
3234 683 3318 724 re-

1727 741 2000 809 Surgimus
2026 757 2056 796 a
2087 751 2261 798 morte
2298 741 2491 800 animae
2525 759 2622 814 per
2649 749 2962 817 penitentize
2985 752 3186 810 luctum
3212 796 3228 820 ,
3255 767 3313 816 et

1725 830 1994 910 pestvitse
2018 833 2310 888 terminum
2355 844 2540 891 nostra
2597 838 2929 895 tumulantur
2955 846 3218 902 cadavera
3248 848 3308 906 in

1724 919 1844 990 ejus
1866 923 2085 978 atrium.
2119 923 2270 982 llanc
2290 925 2543 983 Christus
2573 943 2736 1000 supra
2791 931 2951 989 ﬁdem
2989 951 3152 1008 quam
3173 953 3308 996 con-

1724 1012 1902 1086 fessus
1929 1024 2014 1074 est
2036 1017 2383 1074 ﬁdelissimus
2411 1019 2602 1076 Petrus
2624 1021 2891 1087 fundavit,
2919 1025 3045 1080 dum
3075 1015 3305 1100 Domino

1723 1103 1899 1161 dixit:
1933 1104 2011 1159 Tu
2037 1122 2090 1160 es
2113 1105 2369 1172 Christus,
2399 1107 2570 1164 Filius
2600 1109 2698 1165 Dei
2727 1113 2847 1167 vivi.
2871 1103 3303 1174 Fundamentum

1721 1193 1867 1250 enim
1898 1195 2046 1258 aliud
2074 1211 2235 1272 nemo
2263 1206 2441 1268 potest
2461 1215 2661 1270 ponere
2683 1241 2700 1268 ,
2738 1213 2934 1273 prreter
2954 1205 3008 1260 id
3039 1209 3181 1278 quod
3206 1224 3304 1280 po-

1721 1281 1884 1338 situm
1926 1293 2044 1350 est,
2093 1286 2237 1355 quod
2275 1297 2362 1344 est.
2405 1289 2652 1345 Christus
2701 1292 2916 1350 Jhesus.
2975 1296 3112 1352 Sunt
3169 1314 3301 1354 vero

1719 1372 1864 1429 beati
1895 1375 1987 1446 qui
2015 1377 2279 1434 catholice
2325 1379 2555 1436 vivendo
2577 1382 2822 1440 habitant
2865 1388 2975 1454 ibi,
3025 1397 3084 1445 ut
3130 1389 3302 1449 David

1722 1465 1921 1521 cecinit
1954 1485 1968 1521 :
1997 1467 2149 1522 Beati
2181 1471 2271 1540 qui
2305 1471 2543 1526 habitant
2599 1474 2652 1528 in
2708 1477 2862 1531 domo
2888 1489 3012 1546 tua,
3045 1469 3303 1538 Domine!

1721 1556 1773 1609 in
1801 1556 1976 1611 secula
2005 1558 2299 1615 seculorum
2336 1561 2626 1618 laudabunt
2654 1575 2719 1619 te.
2769 1566 2864 1623 llis
2889 1570 3114 1640 aliisque
3140 1573 3300 1629 dictis

1717 1649 2146 1720 quampluribus,
2176 1661 2484 1708 sanctorum
2521 1656 2680 1710 dictis
2705 1673 2767 1712 ac
2798 1674 2966 1715 sacra:
3005 1655 3300 1735 seripturze

1718 1740 1992 1812 mysteriis
2041 1743 2233 1798 edocm
2282 1753 2337 1800 et
2393 1747 2716 1812 ammonita,
2771 1765 2870 1820 ego
2919 1738 3302 1823 Hildegardis,

1718 1827 2112 1887 vicecomitissa
2165 1832 2546 1901 Castridunis,
2598 1837 2668 1892 do
2735 1840 3077 1896 sanctissimo
3137 1843 3301 1901 Petro

67 1931 140 1994 bii.
164 1932 272 1986 licet
297 1931 581 2004 indignus,
611 1933 798 2002 abbas,
834 1950 956 1990 cum
986 1933 1249 1990 fratribus
1275 1934 1438 1990 michi
1467 1949 1608 1991 com-

1717 1917 2072 1978 Carnotensis
2100 1924 2330 1980 cmnobii
2382 1925 2596 1982 alodum
2635 1944 2810 1983 meum
2836 1930 2900 1983 de
2932 1930 3075 1987 Bello
3097 1933 3302 2000 Monte,“

67 2023 230 2078 missis.
261 2022 456 2079 Notum
487 2039 616 2081 esse
640 2025 758 2080 volo
794 2026 998 2081 nostris
1027 2026 1459 2092 successoribus,
1487 2027 1612 2095 quia

65 2130 140 2184 pro
158 2115 368 2170 caritate
391 2123 447 2170 et
478 2115 656 2170 multa
700 2117 1034 2186 benignitate
1073 2125 1455 2196 quampnostro
1495 2118 1615 2174 loco

65 2215 108 2260 et
128 2206 262 2261 nobis
299 2207 591 2279 inpendit,
638 2217 858 2281 propter
901 2211 1165 2266 honorem
1211 2209 1392 2265 Sancti
1437 2210 1611 2280 Petri,

65 2296 407 2366 amplectenda;
435 2299 718 2354 memorias
759 2298 1106 2370 archiprtesul
1141 2299 1425 2370 Rotomagi
1454 2298 1612 2354 dom-

67 2400 146 2439 nus
171 2384 463 2444 ltodbertns
487 2429 502 2452 ,
532 2389 603 2444 de
641 2387 890 2457 aecclesia
915 2389 1085 2444 nostri
1117 2389 1382 2459 siquidem
1429 2403 1615 2446 coeno-

67 2477 138 2536 bii,
172 2479 229 2532 de
263 2495 362 2549 qua
405 2495 636 2536 omnem
675 2481 986 2535 violentiam
1018 2481 1384 2538 archidiaconi
1413 2493 1466 2537 et
1492 2497 1613 2538 suc-

68 2580 298 2624 cessurum
327 2569 443 2640 ejus
473 2571 713 2625 removit
745 2571 796 2624 in
839 2581 1191 2640 perpetuum,
1236 2571 1378 2628 sicut
1423 2572 1480 2626 in
1527 2588 1615 2626 ar-

68 2658 190 2711 chiro
212 2669 386 2714 nostro
409 2660 752 2727 continetur,
781 2661 1040 2730 scriptum
1072 2661 1213 2729 quod
1258 2659 1475 2731 quidem
1501 2659 1615 2730 ipse

55 2731 332 2818 :lrcqucnter
370 2743 744 2806 nominandus
790 2752 1142 2822 archipraesul
1188 2753 1417 2807 domnus
1464 2751 1611 2806 Rod-

67 2838 214 2895 bocrtns
259 2857 437 2897 coram
493 2858 563 2898 se
600 2843 760 2897 scribi
807 2841 934 2898 fecit
981 2851 1036 2898 et
1083 2844 1240 2900 nobis
1282 2844 1610 2914 servandum

67 2942 280 3000 perpetuo
312 2933 582 3000 contulit;
615 2949 712 3004 pro
756 2934 890 3000 hac,
919 2935 1173 3004 inquam,
1201 2933 1432 3004 benigna
1466 2934 1610 2990 cari-

68 3031 168 3083 tate,
201 3033 372 3078 notum
403 3039 534 3080 esse
569 3024 832 3090 volumus,
865 3025 990 3096 quia
1023 3033 1300 3096 gratanter
1332 3023 1616 3098 constitui-

66 3127 159 3166 mus
182 3101 352 3186 atque
373 3117 691 3173 sanccimus
711 3157 724 3181 ,
755 3126 814 3170 ut
838 3157 852 3181 ,
882 3131 982 3186 pro
1007 3115 1188 3170 anima
1219 3114 1337 3184 ejus
1363 3154 1377 3178 ,
1409 3113 1478 3168 ab
1506 3114 1611 3170 hac

66 3205 130 3258 die
152 3206 196 3259 in
223 3217 474 3263 arternum
499 3250 517 3275 ,
577 3223 715 3261 unus
743 3223 948 3277 panper
977 3206 1218 3277 quotidie
1244 3205 1430 3286 .pedes
1463 3203 1610 3260 lave-

1720 2027 1842 2068 cum
1875 2014 2034 2070 terris
2063 2015 2220 2071 cultis
2257 2025 2309 2070 et
2337 2017 2553 2073 incultis
2578 2059 2590 2080 ,
2624 2027 2678 2072 ct
2705 2015 2856 2075 silvis
2885 2022 3300 2102 piseatoriisque

1717 2103 1914 2160 ibidem
1947 2108 2372 2177 pertinentibus,
2417 2112 2748 2166 assentiente
2787 2121 2841 2166 et
2889 2125 3159 2172 annuente
3191 2117 3301 2172 ﬁlio

1716 2212 1838 2254 meo
1871 2198 2126 2270 llugone,
2169 2201 2578 2272 archiepiscopo
2622 2201 2998 2269 Turonorum,
3052 2199 3303 2263 videlicet

1715 2303 1781 2343 eo
1833 2298 2017 2344 tenore
2058 2306 2196 2360 quo,
2246 2301 2366 2361 post
2418 2295 2621 2346 exitum
2675 2310 2888 2363 meum,
2955 2297 3186 2364 sepeliar
3246 2299 3301 2354 in

1717 2378 2010 2434 claustrum
2043 2383 2452 2447 monachorum,
2493 2396 2550 2438 ut
2593 2400 2805 2455 semper
2835 2396 3178 2444 transeuntes
3209 2405 3301 2445 su-

1715 2485 1814 2540 per
1854 2485 2032 2526 meum
2061 2473 2322 2526 tumulum
2374 2484 2531 2529 orent
2582 2491 2679 2546 pro
2718 2491 2803 2532 me
2835 2477 3051 2548 jngiter.
3085 2479 3194 2536 lloc
3216 2481 3298 2535 vi-

1717 2562 1913 2616 derunt
1958 2571 2013 2616 et
2067 2574 2374 2619 annuerunt
2403 2565 2851 2624 Castriduneuses
2888 2573 3302 2642 proceres,‘qui

1716 2663 1843 2707 sunt
1883 2655 2071 2724 scripti
2125 2657 2330 2711 subter.
2373 2657 2428 2712 Si
2461 2659 2584 2727 quis
2618 2675 2748 2714 vero
2781 2676 2844 2714 ex
2889 2662 3146 2733 progenie
3175 2681 3296 2720 mea

1715 2755 1808 2801 aut
1838 2747 1974 2802 alius
2005 2749 2220 2803 invasor
2248 2791 2262 2811 .
2311 2751 2545 2806 stimulis
2573 2752 2656 2806 vel
2702 2754 2913 2824 sagittis
2941 2757 3300 2826 exsagittatus

1716 2835 1992 2890 diabolicis
2015 2877 2030 2902 ,
2086 2837 2191 2890 vim
2243 2837 2430 2892 fecerit
2481 2841 2758 2895 monachis
2784 2884 2797 2906 ,
2829 2851 2881 2897 et
2910 2843 3295 2918 elemosinam,

1715 2943 1875 2996 quam
1925 2929 2128 2983 Sancto
2175 2929 2334 2984 Petro
2365 2930 2512 2993 dedi,
2543 2941 2886 3005 quocumque
2923 2936 3082 2990 modo
3113 2938 3298 2993 abstu-

1713 3017 1856 3082 lerit,
1889 3019 2269 3086 dampnatione
2296 3019 2617 3091 dampnatus
2646 3035 2928 3095 perpetua,
2959 3038 3142 3096 pereat
3166 3013 3291 3084 cum

1707 3103 1923 3164 Dathari
1952 3119 2007 3165 et
2031 3110 2230 3164 Abiron
2263 3121 2318 3167 et
2347 3113 2500 3168 Anna
2523 3123 2577 3169 et
2600 3116 2833 3185 Caipha;
2861 3121 3293 3190 auctoritateque

1715 3199 1808 3254 ﬁlii
1840 3201 1942 3256 mei
1970 3204 2364 3273 archiprmsulis
2391 3205 2628 3277 llugonis
2654 3209 3144 3267 anathematizatns
3166 3199 3288 3283 per:

65 3303 144 3357 tur.
167 3298 462 3366 reﬁciatur,
513 3300 676 3354 vivus
718 3275 1040 3370 procuretur
1063 3340 1078 3364 ,
1104 3275 1350 3351 mortuus
1378 3295 1609 3365 sepelia~
1635 3275 1677 3334 (ἶ
1713 3277 1946 3346 maneat.
1982 3293 2134 3364 llugo
2165 3296 2536 3366 archipratsul.
2562 3297 2835 3353 Gausfridi
2861 3343 2875 3367 ,
2910 3303 3122 3372 nepotis
3147 3301 3284 3371 ejus.

69 3397 160 3455 tur;
180 3394 444 3461 oportunis
473 3391 672 3447 diebus
691 3391 928 3462 psalmus
971 3391 1022 3445 in
1069 3401 1332 3445 conventu
1363 3390 1609 3464 plenario

67 3497 214 3549 meo
238 3493 480 3540 cantetur
515 3502 532 3538 :
571 3482 837 3537 Exaudiat
874 3492 922 3536 te
970 3481 1254 3546 Dominus,
1286 3473 1339 3534 in
1362 3482 1479 3546 die;
1513 3497 1610 3552 per

63 3573 256 3643 singulas
295 3576 636 3632 ebdomadas
679 3575 840 3630 missa
889 3589 986 3644 pro
1017 3590 1081 3630 eo
1125 3573 1432 3644 specialiter
1461 3574 1607 3630 cele-

64 3663 247 3732 bretur,
289 3683 409 3722 cum
459 3667 716 3738 plenario
762 3675 1052 3722 conventu.
1099 3664 1261 3720 Multa
1315 3665 1458 3721 enim
1500 3665 1606 3720 alia

61 3767 218 3823 pneler
241 3760 350 3816 haec
377 3760 649 3817 beneﬁcia
680 3761 838 3816 nobis
885 3760 1110 3831 largitus
1136 3769 1219 3815 est
1240 3803 1255 3828 ,
1281 3776 1399 3830 quae
1424 3760 1606 3816 omnia

55 3846 139 3918 sibi
167 3861 534 3922 recumpensel
579 3869 742 3908 manu
792 3852 1180 3923 benignissima
1234 3853 1324 3924 qui
1367 3853 1498 3906 vivit
1550 3859 1605 3907 et

69 3953 215 4010 regnat
243 3961 373 4000 unus
413 3946 567 4002 Deus
611 3946 664 4000 in
711 3945 978 4000 Trinitate
1017 3950 1279 4016 perfecta.
1318 3944 1384 4000 Et
1405 3954 1461 4000 ut
1491 3945 1606 4012 haec

67 4037 430 4104 recnnpensalio
461 4038 622 4091 ﬁrma
656 4044 970 4107 permaneat
1015 4036 1066 4090 in
1112 4034 1319 4101 secula,
1353 4033 1604 4088 manibus

65 4125 224 4180 nostris
265 4137 317 4182 et
365 4127 682 4184 nominibus
727 4112 1196 4191 con-ﬁrmavimus,
1227 4135 1282 4182 et
1322 4126 1376 4180 iu
1417 4135 1603 4181 nostro
1701 4115 1704 4120 ’

63 4225 191 4268 aureo
215 4225 350 4273 textu
375 4219 556 4274 sancti
599 4218 893 4290 Evangelii,
922 4220 987 4273 ad
1021 4217 1326 4273 inviolabile
1357 4218 1601 4272 testimo-

59 4302 200 4370 nium,
224 4310 448 4375 posteris
479 4310 688 4365 nostris
717 4311 880 4365 scribi
910 4309 1304 4364 mandavimus.
1339 4309 1601 4365 Arnulfus

66 4392 213 4448 abbas.
254 4397 532 4456 Ebrardus
575 4401 892 4456 monachus.
942 4400 1291 4472 Beringarius
1339 4401 1596 4456 tlecanus‘.

55 4475 304 4543 ‘Richerius
333 4490 657 4544 monachus.
700 4489 1048 4546 Marchuinus
1081 4492 1394 4546 monachus.
1429 4491 1600 4546 Gaus-

65 4568 215 4630 bcrtus
262 4582 577 4636 monachus.
627 4581 932 4638 Rodhertus
971 4583 1286 4638 monachus.
1329 4581 1598 4637 llubertus

1709 3381 1955 3437 lluherti.
1991 3385 2328 3451 GndesCalci,
2358 3388 2449 3442 lilii
2498 3389 2634 3459 ejus.
2681 3389 2934 3455 lluherti,
2963 3394 3293 3450 thesauraril

1709 3473 2178 3531 Cinomatmcnsis.
2216 3477 2425 3532 Radulﬁ
2457 3519 2471 3542 ,
2507 3479 2638 3549 legis
2689 3481 2853 3537 docti.
2893 3483 3153 3538 Fulcaldi.
3181 3485 3291 3560 Gaf

1711 3564 1909 3619 thonis.
1939 3565 2140 3620 Odonis
2168 3566 2424 3622 Brunelli.
2457 3568 2679 3624 lluherti
2710 3570 2967 3627 Brunelli.
3002 3574 3282 3645 llelgaudi,

1709 3653 1800 3708 ﬁlii
1847 3656 2255 3726 archiepisc0pi.
2307 3657 2564 3727 llelgaudi
2619 3660 2787 3730 Nigri.
2833 3661 3092 3718 Gradulﬁ.
3157 3665 3283 3720 Fir-’

1707 3746 1837 3799 mati
1874 3747 2136 3800 canonici.
2164 3748 2460 3804 Frederici.
2504 3750 2743 3821 llugonis
2772 3753 2978 3810 vicarii.
3020 3757 3282 3818 Bernardi

1701 3821 1774 3891 Ide
1799 3835 1976 3890 anlo.
1995 3836 2306 3910 .lunanigui,
2328 3840 2480 3909 jussu
2513 3844 2925 3918 archiepisc0pi,
2953 3849 3048 3905 has
3072 3835 3282 3910 litteras

1707 3927 1854 3982 fecit.
1907 3949 1923 3980 ι

1702 4021 1708 4027 ’
2225 4022 2621 4082 CAPITULUM
2663 4027 2769 4083 Vll.

1972 4111 2050 4167 De
2072 4111 2357 4168 exclusatio
2383 4115 2799 4171 molendinorum
2831 4120 2998 4176 Aueti.

2266 4205 2427 4276 (Ante
2459 4207 2722 4278 a.1054.)

1694 4289 1698 4294 ’
1781 4315 1799 4346 ι
1867 4313 1898 4350 n
1934 4298 2152 4354 nomine
2183 4307 2383 4354 sanctae
2427 4309 2481 4354 et
2516 4299 2804 4358 individua:
2831 4303 3138 4375 Trinitatis,
3170 4309 3278 4365 Pa-

1705 4389 1802 4444 tris
1826 4391 2075 4446 videlicet
2123 4401 2176 4446 et
2224 4392 2346 4446 Filii
2380 4401 2433 4446 et
2465 4392 2699 4466 Spiritus
2745 4398 2939 4452 sancti.
2983 4400 3094 4469 Ego
3125 4403 3278 4459 miles

1693 4471 1863 4547 'Urso,
1899 4483 2039 4538 ﬁlius
2079 4482 2374 4540 Germundi
2415 4486 2482 4541 de
2511 4487 2726 4543 Aisiaco
2757 4499 2943 4545 notum
2975 4507 3096 4548 esse
3126 4493 3279 4549 volu-

1694 4559 1823 4628 imus
1845 4576 2096 4628 omnibus
2124 4574 2452 4632 Christianis
2480 4581 2838 4646 przesentibus
2862 4589 3024 4652 atque
3053 4582 3276 4649 futuris,

68 4668 334 4725 monachus.
361 4672 620 4728 Letaldus
643 4674 960 4729 monachus.
993 4673 1253 4743 Rogerius
1277 4675 1593 4729 monachus.

1711 4666 1830 4735 quia
1847 4665 2194 4719 medietatem
2218 4669 2284 4722 de
2316 4667 2615 4725 exclusatio
2638 4672 3065 4728 molendinorum
3091 4676 3276 4730 Sancti

66 4748 374 4816 Guinefredus
400 4763 720 4817 monachus.
752 4763 1018 4819 Berardus
1047 4764 1358 4820 monachus.
1399 4784 1417 4817 ι

546 4853 944 4910 CAPITULUM
981 4855 1069 4910 Vl.

371 4942 447 5002 De
467 4947 624 5004 alodo
649 4946 820 5001 Calidi
846 4946 1038 5001 Montis
1064 4945 1232 5019 (l58).

567 5040 742 5112 (Circa
770 5055 819 5091 a.
859 5036 1041 5110 1020.)

121 5123 136 5142 ⁸
171 5143 186 5174 ι
218 5127 353 5199 (159)
383 5129 440 5184 In
475 5132 690 5185 nomine
721 5139 918 5186 sancta:
953 5139 1007 5184 et
1037 5129 1322 5186 individua:
1349 5123 1588 5184 Triuita4

66 5209 136 5274 tis,
169 5214 328 5274 Patris
371 5232 424 5276 et
473 5223 592 5276 Fllii
641 5231 696 5276 et
759 5221 992 5293 Spiritus
1045 5222 1242 5277 sancti.
1300 5221 1591 5276 Catholica:

70 5313 259 5378 Vereque
291 5313 473 5368 matris
504 5314 764 5369 aacclesia:
803 5312 1012 5384 populis
1044 5313 1095 5367 in
1127 5313 1452 5368 Christicolis
1475 5313 1601 5366 laus‘

71 5403 242 5462 semlier
283 5401 446 5472 viget,
485 5405 765 5474 vigeatqne
793 5405 1084 5473 perhenne.
1122 5401 1233 5458 Hoc
1283 5411 1457 5458 autem
1507 5404 1586 5456 di;

73 5481 334 5546 guissimum
356 5490 554 5559 justum
587 5508 799 5563 quoque
820 5503 994 5559 extat,
1023 5494 1279 5564 quoniam
1302 5502 1385 5548 est
1415 5505 1588 5548 mater

73 5581 234 5638 nostra,
279 5578 467 5636 Christi
501 5597 627 5637 vero
677 5583 886 5638 Domini
941 5584 1112 5638 nostri
1144 5599 1380 5654 Sponsa,
1425 5599 1585 5654 quam

267 5685 427 5761 Allanc
447 5692 688 5748 chartam
717 5695 885 5749 habes
909 5696 1109 5752 editam
1133 5695 1186 5752 in
1210 5693 1584 5761 Gall.Chri-,t.,

77 5750 106 5796 ι.
132 5747 243 5822 ιιιιέ
267 5757 406 5822 inst.,
431 5763 528 5816 col.
551 5747 685 5818 298.
917 5747 922 5774 ⁵

129 5820 253 5894 “53)
286 5825 321 5878 Β
349 5848 361 5883 :
393 5820 466 5884 De
492 5833 646 5888 alodo
679 5834 810 5890 Belli
829 5834 1044 5893 Montis.

1701 4755 1849 4812 Petri
1893 4757 2238 4815 Carnotensis
2286 4762 2550 4825 cmuobii,
2583 4764 2672 4832 qui
2715 4775 2838 4820 sunt
2893 4769 2960 4820 ad
3009 4767 3272 4831 Anetum,

1701 4865 1861 4920 quam
1891 4865 2041 4907 meus
2066 4868 2199 4908 avus
2225 4855 2450 4910 dederat
2479 4855 2681 4912 Sancto
2707 4857 2865 4913 Petro
2892 4867 2945 4913 et
2990 4859 3092 4914 mei
3124 4871 3274 4916 ante-

1691 4927 1941 4997 iccssores
1968 4945 2469 5010 auctorizaverunt,
2515 4957 2568 5002 et
2615 4963 2714 5018 ego
2742 4965 2838 5017 per
2865 4949 3062 5002 malum
3094 4954 3272 5007 cousi-

1691 5031 1823 5113 lium
1857 5037 2226 5092 calnmniabar
2253 5078 2268 5103 ,
2298 5039 2364 5092 ah
2400 5039 2499 5093 hac
2525 5040 2611 5093 die
2640 5080 2654 5105 ,
2691 5039 2890 5094 Sancto
2927 5041 3086 5096 Petro
3121 5044 3272 5113 quie-

1690 5110 1804 5179 tum
1837 5125 2078 5191 dimitto,
2109 5136 2169 5180 ut
2197 5136 2250 5182 et
2296 5143 2396 5197 ego
2437 5138 2643 5198 partem
2676 5129 2904 5183 habeam
2937 5131 2987 5184 in
3019 5110 3272 5190 elemosi-

1694 5231 1816 5269 nam
1848 5231 2088 5270 meortnn
2119 5225 2546 5271 antecesserunt.
2577 5217 2640 5271 Et
2671 5227 2727 5270 ιιι
2757 5218 2872 5274 hzee
2918 5222 3116 5278 noticia
3145 5241 3271 5296 per-

1694 5297 1912 5364 maneat
1941 5309 2093 5363 ﬁrma
2118 5350 2133 5373 ,
2166 5325 2260 5364 vos
2307 5310 2550 5364 scniorcs
2575 5311 2639 5365 de
2666 5310 2898 5391 Castello
2926 5313 3180 5379 Ehriaco,
3220 5319 3271 5371 in

1692 5418 1918 5472 quorum
1974 5403 2261 5472 prtesentia
2310 5401 2412 5456 hoc
2465 5402 2640 5468 facio,
2689 5389 3034 5476 testes-estis
3070 5405 3272 5463 Sancto

1692 5493 1879 5558 Petro,
1903 5496 2028 5563 quia
2059 5508 2156 5564 ego
2186 5509 2348 5548 manu
2379 5508 2495 5548 mea
2531 5495 2674 5548 illam
2703 5493 2933 5560 ﬁrmavi,
2957 5506 3012 5552 et
3042 5497 3108 5551 ad
3137 5514 3272 5568 quos

1693 5587 1997 5662 pertinebat
2046 5587 2471 5640 coroboramlam
2537 5589 2812 5657 proposui.
2882 5589 2940 5644 S.
3002 5587 3265 5653 Ursonis,

1766 5699 1912 5767 (I59)
1951 5687 2344 5764 Publici'jnris
2402 5697 2539 5752 facta
2611 5709 2696 5755 est
2766 5702 2952 5757 charta
3016 5701 3068 5754 in
3128 5698 3252 5755 Call

1695 5767 1914 5837 Christ,
1953 5779 1989 5821 t.
2029 5768 2160 5834 Vlll,
2193 5770 2374 5836 iustr.,
2405 5770 2506 5824 col.
2538 5769 2664 5824 9.95.
