3890 6302
569 454 675 512 271

1462 418 1667 501 partu
1696 439 1755 499 s.
1795 416 2518 497 pararunnorsrtsrs
2559 416 2868 495 nossem"
3689 446 3775 510 ηε

567 568 662 625 lilii
689 564 1024 631 Germundi,
1070 563 1163 635 qui
1211 531 1356 618 hanc
1393 566 1600 615 cartam
1642 550 1758 611 fieri
1794 553 1978 625 jussit.
2017 550 2152 610 Ger—
2181 560 2230 618 Α
2258 552 2522 609 decimam
2554 567 2584 607 a
2613 550 2791 615 cocis,
2823 564 2919 606 seu
2953 563 2985 607 a
3026 548 3389 622 piscatoribus
3412 592 3426 618 ,
3454 565 3607 626 super
3638 559 3778 632 ripam

570 657 756 713 monii
792 653 1146 712 vicecomitis.
1175 649 1450 722 llugouis,
1484 644 1756 718 praepositi
1788 643 1993 700 clerici.
2021 641 2155 698 Cer-

565 746 701 801 vini.
729 744 979 809 Aitardi,
1031 740 1219 796 fratris
1266 736 1714 808 Germundi,qui
1764 734 1904 791 hanc
1948 742 2154 789 cartam

567 835 718 894 fecit.
750 834 987 901 Odonis,
1019 833 1112 888 mu
1144 816 1381 887 Ascelini
1426 828 1670 885 Bordeti.
1727 824 2000 897 Hugonis,
2048 813 2159 879 ira.

567 930 670 984 tris
697 924 835 998 eius.
863 924 1117 981 Bodonis.
1146 921 1371 985 Odouis,
1396 921 1488 976 lilii
1519 918 1820 991 Ragenadi.
1855 915 2155 989 Borgereti.‘

568 1008 838 1079 Cuillelmi
859 1061 874 1088 ,
906 1020 1001 1075 lilii
1030 1016 1368 1081 Guascelini,
1396 1023 1547 1070 recto
1589 1012 1811 1068 nomine
1840 1009 2093 1067 Achardi.
2133 1022 2154 1058 ι

586 1116 591 1121 ’
846 1114 849 1119 ’
1071 1108 1468 1168 CAPITULUM
1517 1106 1648 1164 Vlll.
1989 1090 1995 1099 ’

746 1210 826 1267 De
851 1221 991 1266 terra
1019 1209 1146 1261 dum
1176 1205 1231 1259 in
1261 1205 1382 1259 villa
1412 1219 1530 1274 qua:
1562 1196 1757 1257 dicitur
1789 1197 1973 1254 Pinus.

1136 1296 1301 1366 (Ante
1324 1311 1375 1350 a.
1409 1292 1592 1364 1054.)
1842 1295 1848 1301 ’

643 1413 664 1447 σ
710 1393 766 1449 1η
797 1389 997 1449 Christi
1028 1388 1271 1444 nomine.
1302 1385 1419 1458 Ego
1455 1383 1613 1439 miles
1650 1380 1926 1438 Guarinus
1952 1379 2021 1435 de
2060 1394 2157 1433 ca-

567 1497 683 1542 stro
710 1484 913 1540 Drocas
932 1525 953 1551 ,
983 1482 1126 1537 filius
1145 1478 1419 1543 Alberici,
1452 1475 1645 1531 militis
1682 1472 1981 1546 Ragenoldi
2013 1464 2159 1526 vice;

568 1574 777 1633 domini
805 1617 821 1644 ,
849 1582 1037 1630 notum
1066 1585 1191 1627 esse
1222 1569 1347 1624 volo
1391 1566 1643 1624 omnibus
1668 1562 1996 1619 Christianis
2022 1575 2161 1631 prae-

567 1669 816 1726 sentibus
866 1677 1033 1738 atque
1062 1662 1261 1719 futuris
1286 1702 1302 1729 ,
1333 1660 1568 1733 qualiter
1595 1657 1799 1713 Sancto
1827 1655 1992 1711 Petro
2021 1653 2164 1710 Car-

569 1762 781 1819 notensi
828 1743 1116 1821 coenobio,
1164 1754 1252 1811 cui
1305 1749 1629 1810 venerabilis
1682 1749 1851 1804 abbas
1900 1744 2161 1801 Arnulfus

573 1862 790 1924 prmest,
823 1867 921 1925 pro
949 1850 1132 1906 anima
1156 1862 1271 1903 mea
1295 1844 1378 1902 vel
1410 1853 1695 1915 parentum
1726 1855 1992 1904 meorum,
2016 1837 2161 1894 dono

575 1909 793 1999 aloduui
823 1909 1020 1998 .meum
1072 1941 1125 1997 in
1174 1954 1315 2010 pago
1361 1909 1687 1992 Drocassino
1726 1933 1793 1987 ad
1826 1930 2010 1986 villam
2040 1944 2161 1999 qua:
2192 1909 2238 1970 Β

574 2045 805 2092 vocatur
832 2033 1033 2099 Pinus,
1068 2042 1330 2103 quantum
1379 2027 1577 2083 sullieit
1622 2024 1691 2079 ad
1733 2023 1869 2078 duos
1897 2021 2063 2077 boves
2097 2019 2164 2074 ad

574 2141 771 2182 omnes
801 2124 1070 2190 sationes;
1104 2137 1167 2178 ea
1209 2121 1420 2176 ratione
1472 2120 1531 2172 ut
1578 2115 1816 2188 quandiu
1859 2113 2049 2167 vixero
2083 2120 2162 2167 te—

574 2233 736 2273 neam
765 2216 911 2271 illam
950 2225 1149 2272 terram
1168 2254 1182 2278 ,
1208 2222 1261 2266 et
1292 2209 1669 2265 investituram
1700 2206 1900 2261 habeat
1931 2201 2166 2258 Sanctus

572 2309 773 2367 Petrus
792 2316 846 2362 et
873 2304 1048 2376 campi
1078 2312 1287 2376 partem
1338 2310 1393 2356 et
1421 2299 1685 2355 decimam
1715 2297 1785 2352 de
1811 2309 1898 2351 me
1925 2293 2067 2350 sicut
2098 2293 2167 2349 de

571 2413 683 2454 uno
710 2406 993 2452 extraneo.
1020 2393 1086 2448 Et
1110 2401 1171 2448 ut
1212 2392 1329 2448 haec
1355 2388 1555 2446 notieia
1585 2388 1657 2443 sit
1688 2386 1897 2442 lirmior
1927 2400 2024 2456 per
2049 2398 2167 2439 om-

575 2488 690 2551 nia.
723 2488 858 2543 meis
897 2485 1149 2541 manibus
1180 2485 1343 2558 istam
1374 2491 1584 2538 cartam
1612 2480 1767 2551 posui
1796 2493 1960 2549 super
1987 2476 2095 2531 alta
2109 2490 2166 2532 re

577 2578 767 2636 Sancti
796 2577 983 2646 Petri,
1030 2575 1338 2632 videntibus
1385 2576 1471 2630 his
1519 2588 1750 2643 qnorum
1784 2570 2002 2625 nomina
2034 2568 2167 2624 sub-

576 2672 778 2749 scripta
812 2682 937 2727 sunt
980 2679 1035 2725 et
1087 2667 1208 2723 aliis
1242 2665 1676 2739 quamplurimis.
1703 2663 1770 2718 Et
1813 2670 2002 2734 postea
2034 2660 2169 2715 Dro-

580 2779 703 2828 eas,
727 2761 1035 2818 videntibus
1071 2769 1128 2815 et
1160 2758 1527 2814 annuentibus
1559 2756 1695 2811 meis
1736 2753 2043 2809 senioribus
2078 2751 2171 2807 Ri-

577 2854 739 2912 boldo
794 2862 851 2911 et.
905 2851 1179 2919 Ausoldo,
1223 2859 1278 2904 et
1315 2847 1712 2905 contribulibus
1756 2845 1892 2902 meis
1928 2844 2022 2916 qui
2065 2843 2165 2898 ad-

579 2956 758 3012 erant,
784 2946 1113 3016 fecilcgere;
1144 2953 1198 2999 et
1233 2941 1556 2998 monachum
1587 2938 1772 2996 Sancti
1788 2937 1935 2993 Petri
1965 2935 2086 2991 misi
2111 2934 2165 2991 in

583 3039 820 3104 alodum,
846 3038 965 3093 vice
992 3036 1179 3092 Sancti
1204 3034 1377 3100 Petri,
1405 3041 1459 3091 et
1490 3030 1580 3089 ille
1602 3046 1689 3088 me
1721 3030 1884 3097 foras,
1914 3029 2056 3086 sicut
2083 3034 2169 3086 est

580 3128 934 3187 consuetudo.
975 3146 993 3180 ι

654 3220 708 3273 lu
738 3218 1050 3288 supradicta
1079 3216 1235 3282 villa,
1275 3225 1397 3288 post
1443 3212 1612 3270 multa
1663 3211 1934 3268 curricula
1987 3225 2162 3267 anno-

581 3311 972 3383 rum,quidam
1033 3311 1333 3367 monachus
1384 3307 1575 3365 Sancti
1617 3305 1797 3374 Petri,
1826 3303 2169 3374 Hildegarius

581 3407 837 3475 nomine,
868 3412 937 3466 ab
962 3404 1215 3480 agricolis
1265 3403 1407 3458 illius
1438 3400 1573 3456 emit
1613 3414 1719 3454 non
1749 3397 2016 3455 modicam
2045 3410 2171 3466 par-

581 3507 691 3555 tem
725 3507 903 3556 terrze.
927 3498 1147 3555 Guaszo
1189 3507 1406 3564 quoque
1454 3490 1543 3546 ille
1582 3486 1987 3543 famosissimus
2012 3500 2170 3541 areas

580 3592 867 3650 domorum
899 3598 956 3646 et
998 3585 1246 3644 curtillos
1276 3584 1446 3650 villae,
1477 3578 1709 3651 pecunia
1743 3577 1903 3644 data,
1938 3576 2070 3632 emit
2100 3575 2173 3631 ab

580 3683 686 3750 eis,
712 3681 939 3754 penuria
968 3679 1178 3744 victus,
1210 3675 1464 3744 deditque
1504 3671 1708 3727 Sancto
1738 3668 1922 3735 Petro,
1952 3683 2051 3739 pro
2077 3682 2167 3720 sa-

578 3774 694 3833 lute
717 3774 911 3829 animae
937 3786 1079 3836 suae,
1131 3777 1186 3829 et
1236 3764 1504 3837 agricolas
1532 3770 1664 3835 aput
1706 3761 1969 3817 Sanctum
2000 3757 2171 3814 Geor-

581 3852 730 3939 gium
761 3865 970 3921 abitare
1000 3861 1146 3918 fecit.

653 3957 802 4029 (160)
833 3954 1075 4026 Expletis
1102 3952 1335 4023 denique
1363 3949 1535 4006 cartis
1561 3945 1853 4004 scribendo
1874 3958 2013 4014 quas
2045 3940 2167 3997 novi

581 4065 703 4107 esse
733 4047 1079 4121 profuturas,
1127 4040 1411 4102 illasesse
1444 4038 1829 4110 relinquendas
1860 4035 2169 4093 existimavi

583 4144 640 4201 in
671 4142 868 4215 quibus
910 4138 1332 4219 rememorando
1387 4136 1536 4193 nulla
1587 4134 1795 4191 utilitas
1826 4132 1892 4187 ad
1943 4145 2172 4203 presens

579 4245 821 4311 putatur.
854 4234 1053 4291 Verum
1084 4232 1155 4287 de
1200 4231 1360 4288 beato
1407 4229 1559 4296 viro,
1596 4226 1810 4283 scilicet
1842 4225 2038 4279 abbate
2073 4222 2175 4276 Ar-

579 4330 890 4393 nulfo,sub
937 4328 1097 4400 cuius
1142 4328 1334 4384 diebus
1384 4321 1642 4399 praefatas
1683 4327 1869 4374 cartas
1921 4316 2171 4373 novimus

581 4418 702 4478 fore
720 4418 922 4487 factas,
956 4420 1154 4476 cudere
1174 4418 1397 4488 dignum
1421 4412 1550 4469 duxi
1580 4410 1719 4466 mala
1749 4425 1871 4480 quae
1912 4424 1942 4462 a
1985 4408 2174 4462 dome-

584 4511 738 4568 sticis
763 4510 816 4566 in
844 4518 1125 4566 senectute
1151 4522 1246 4563 sua
1277 4519 1467 4577 passus
1496 4510 1598 4558 est.
1625 4499 1752 4554 Fuit
1776 4497 1921 4552 enim
1946 4512 1974 4551 a
2002 4512 2171 4569 puero

2260 645 2548 715 chuanm,
2578 643 2874 714 supradicti
2896 643 3147 699 monachi
3178 644 3496 716 reciperent,
3522 664 3619 704 non
3650 656 3780 714 edere

2260 752 2435 808 neque
2468 735 2724 792 Carnotis
2752 734 3014 791 fratribus
3039 735 3254 793 mittere
3286 746 3491 807 gratum
3518 756 3628 797 esse
3650 746 3781 805 duce-

2258 828 2423 895 bant;
2457 838 2568 895 set,
2600 827 2814 900 publice
2867 843 3054 884 eorum
3104 829 3353 900 precium
3404 830 3469 885 ab
3503 841 3787 905 emptoribus

2259 918 2624 996 accipientes,
2670 919 2723 974 in
2762 918 2875 974 suis
2903 920 3258 975 conferebant
3295 924 3579 979 crumenis.
3613 927 3682 983 Ex
3704 945 3786 999 quo

2258 1024 2424 1081 opere
2458 1009 2529 1065 ab
2562 1011 2713 1065 omni
2742 1011 2899 1082 plebe
2943 1011 3100 1067 urbis
3123 1011 3214 1067 Osi
3245 1020 3377 1081 aput
3416 1014 3649 1071 comitem
3677 1019 3787 1077 fama

2257 1101 2536 1175 pervolat,
2560 1117 2591 1158 a
2619 1116 2728 1174 quo
2754 1101 2951 1166 etiam,
2994 1111 3218 1174 propter
3245 1102 3390 1159 hunc
3416 1106 3651 1163 avaricize
3673 1126 3789 1166 mor.

2259 1188 2388 1251 bum
2414 1237 2429 1260 ,
2462 1194 2601 1267 jussi
2642 1203 2769 1252 sunt
2817 1210 2848 1252 a
2902 1195 3023 1252 loco
3065 1195 3272 1267 egredi.
3312 1195 3490 1253 Abbas
3517 1214 3665 1267 vero,
3690 1188 3787 1260 dum

2258 1285 2426 1351 vixit,
2458 1286 2607 1343 nullo
2639 1287 2801 1343 modo
2834 1287 3105 1343 tramitem
3133 1285 3332 1358 regulae
3354 1287 3395 1357 ζει
3426 1302 3674 1359 quoquam
3699 1308 3792 1362 pas-

2260 1393 2354 1434 sus
2377 1387 2461 1435 est
2480 1378 2716 1443 deviari;
2750 1386 2869 1445 set,
2894 1378 3011 1450 ipso
3053 1378 3257 1450 praevio
3274 1418 3290 1445 ,
3316 1393 3501 1434 omnes
3527 1383 3788 1453 magistram

2262 1472 2630 1541 sequebantur
2679 1472 2963 1541 regulam,
3015 1479 3070 1527 et
3120 1470 3377 1541 operibus
3428 1472 3590 1527 variis
3640 1474 3791 1532 diatitr.

2262 1561 2555 1619 afﬂuebant
2581 1565 2634 1618 in
2667 1564 2922 1619 Domino.
2944 1562 3100 1619 Unde
3124 1563 3399 1630 diabolus,
3426 1563 3657 1620 invidens
3681 1582 3791 1622 sem-

2262 1674 2361 1729 per
2387 1657 2723 1713 felicissimis
2763 1658 3005 1723 actibus,
3053 1673 3152 1729 per
3174 1656 3437 1727 quosdam
3460 1672 3665 1721 eorum,
3692 1674 3793 1727 quo-

2263 1764 2384 1806 rum
2406 1749 2524 1805 leve
2556 1759 2675 1806 erat
2700 1750 3002 1823 ingenium,
3024 1763 3251 1820 persepe
3279 1748 3557 1803 inmeritas
3584 1750 3794 1805 actitabat

2262 1839 2422 1897 beato
2448 1847 2503 1894 et
2524 1839 2759 1911 simplici
2799 1840 2917 1894 viro
2960 1840 3208 1911 injurias.
3239 1837 3336 1894 Set
3366 1837 3491 1907 quia
3521 1837 3712 1910 longum
3734 1852 3796 1895 est

2267 1932 2347 1987 ire
2389 1945 2490 2002 per
2534 1930 2811 2000 singulas,
2843 1946 3006 1986 unam
3035 1945 3224 1986 earum
3276 1928 3454 2000 palam
3502 1929 3611 1984 ﬁeri
3653 1931 3793 1995 volui,

2268 2037 2430 2090 quam
2480 2023 2530 2078 ei
2585 2021 2810 2078 humani
2866 2022 3082 2094 generis
3135 2020 3392 2076 inimicus
3438 2022 3684 2091 congessit
3728 2039 3798 2093 per

2266 2115 2593 2173 Walterium
2613 2157 2629 2182 ,
2672 2115 2988 2171 monasterii
3036 2115 3300 2172 decanum
3324 2154 3340 2177 ,
3371 2114 3497 2185 qui,
3520 2116 3736 2186 quamvis
3759 2118 3799 2170 in

2268 2210 2463 2267 studiis
2501 2210 2902 2267 mcclesiasticis
2932 2208 3267 2264 honorabilis
3295 2208 3611 2273 haberetur,
3656 2216 3797 2261 tamen

2269 2302 2324 2359 in
2355 2308 2559 2360 exteris
2610 2303 2773 2359 rebus
2815 2319 2912 2359 cor
2965 2302 3123 2358 facile
3169 2302 3526 2372 sequebatur.
3574 2299 3664 2357 Hic
3707 2316 3800 2355 cum

2268 2395 2572 2452 fautoribus
2621 2396 2735 2452 suis
2785 2404 2917 2468 aput
2967 2393 3365 2458 Teodoricum,
3421 2399 3545 2446 tunc
3593 2389 3803 2460 temporis

2269 2488 2604 2554 antistitem,
2651 2488 2763 2560 egit
2797 2496 2856 2543 ut
2899 2502 2930 2542 a
2988 2485 3323 2542 monasterio
3370 2483 3681 2558 pellerentur
3703 2481 3803 2539 reli—

2269 2581 2405 2654 giosi
2442 2591 2497 2637 et
2528 2581 2717 2637 obtimi
2760 2580 3048 2647 monachi,
3085 2578 3367 2635 Ebrardus
3413 2578 3643 2641 scilicet,
3671 2576 3803 2631 abbas

2268 2672 2511 2745 Britogili
2560 2672 2762 2739 castri,
2794 2672 2886 2745 qui
2942 2681 3071 2728 tunc
3125 2674 3319 2727 aderat
3356 2670 3467 2737 ibi,
3505 2685 3565 2725 ac
3593 2668 3734 2724 certis
3754 2681 3804 2722 ex

2269 2765 2451 2822 causis
2483 2780 2547 2821 eo
2581 2774 2824 2837 tempore
2851 2765 3126 2823 abbatiam
3157 2780 3312 2821 suam
3359 2764 3664 2833 reliquerat;
3701 2759 3807 2815 Gui-

2269 2856 2544 2922 nefredus,
2574 2857 2859 2913 Durandus
2880 2899 2894 2921 ,
2930 2855 3214 2912 Arefaslus
3239 2865 3407 2925 atque
3444 2852 3710 2909 Ernaldus.
3741 2850 3803 2904 liii

2269 2949 2505 3021 denique
2537 2950 2735 3022 regula:
2760 2950 3002 3019 vigorem
3029 2965 3151 3002 cmn
3182 2948 3382 3003 abbate
3413 2944 3635 3000 maxime
3662 2943 3806 2997 fovere

2267 3041 2544 3108 volebant,
2575 3050 2630 3098 et
2657 3057 2846 3097 eorum
2882 3041 3111 3097 consilio
3136 3039 3226 3094 ubi
3262 3040 3353 3093 ubi
3378 3045 3652 3107 opuserat
3675 3035 3807 3089 abbas

2270 3130 2543 3187 utebatur.
2574 3130 2709 3187 Cum
2754 3133 2831 3186 ad
2875 3132 2977 3186 hoc
3019 3130 3255 3200 denique
3283 3137 3506 3184 ventum
3536 3135 3700 3190 esset,
3721 3124 3805 3193 epi-

2272 3238 2467 3295 scopus
2493 3239 2615 3279 cum
2648 3237 2842 3295 magna
2872 3221 3194 3278 clericorum
3225 3229 3281 3275 et
3310 3220 3569 3274 laicorum
3596 3226 3806 3278 caterva,

2272 3316 2340 3372 ad
2372 3316 2763 3372 monasterium
2789 3315 2971 3380 venit,
3005 3322 3093 3381 et,
3128 3321 3261 3368 ante
3279 3313 3427 3368 beati
3458 3312 3597 3368 Petri
3622 3308 3807 3381 apostoli

2264 3408 2467 3471 sedens
2498 3408 2699 3471 altare,
2745 3421 2910 3462 aurea
2939 3422 3070 3462 vasa
3115 3404 3380 3461 aecclesize
3409 3414 3569 3475 atque
3599 3410 3810 3473 argentea

2266 3517 2484 3578 necnon
2518 3511 2573 3557 et
2596 3501 2703 3557 alia
2727 3508 3052 3556 ornamenta
3087 3499 3139 3554 in
3183 3497 3327 3555 ceris
3371 3496 3633 3554 conscribi
3649 3494 3806 3565 jussit,

2272 3593 2466 3650 deinde
2521 3591 2775 3664 przefatos
2833 3590 3127 3647 monachos
3201 3606 3233 3645 a
3295 3588 3628 3645 monasterio
3690 3584 3808 3639 abire

2270 3685 2549 3758 praecepit.
2585 3683 2770 3741 Abbas
2801 3699 3043 3755 quoque,
3093 3682 3167 3755 pii
3215 3682 3457 3753 pastoris
3501 3694 3713 3750 sequens
3742 3690 3809 3729 ve-

2271 3776 2454 3847 stigia,
2482 3777 2787 3832 testabatur
2828 3774 2977 3846 quia,
3016 3775 3061 3830 si
3102 3773 3223 3830 illos
3259 3770 3526 3842 cjiceret,
3573 3785 3683 3827 sese
3718 3780 3807 3822 cum

2271 3867 2353 3924 eis
2387 3867 2756 3938 profecturum
2784 3881 3112 3937 omnemque
3157 3881 3351 3921 eorum
3397 3864 3632 3920 laborem
3672 3858 3809 3931 perla-

2275 3967 2492 4025 turum;
2523 3959 2809 4029 episcopus
2853 3972 3013 4021 vero,
3056 3956 3174 4029 ejus
3216 3957 3385 4012 verba
3428 3951 3809 4028 parvipendeus,

2273 4051 2491 4107 domum
2533 4066 2685 4106 suam
2723 4049 2899 4106 rediit.
2933 4049 3112 4106 Abbas
3155 4064 3309 4120 ergo,
3341 4050 3433 4105 die
3475 4056 3810 4110 octavo,cum

2270 4141 2548 4213 prtetlictis
2576 4141 2859 4196 monachis
2889 4156 2919 4195 a
2949 4141 3282 4196 monasterio
3314 4153 3590 4212 egressus,
3616 4134 3679 4190 ab
3700 4130 3814 4189 omni

2272 4228 2429 4304 plebe
2453 4248 2575 4287 cum
2597 4230 2811 4289 ﬂetibus
2833 4231 3201 4304 prosequitur,
3217 4238 3291 4299 et,
3311 4247 3419 4286 non
3441 4243 3602 4301 parva
3618 4225 3813 4297 equitate

2273 4326 2466 4394 fretus,
2496 4325 2548 4380 in
2580 4324 2867 4383 Gcsiacam
2897 4324 3089 4382 cellam
3121 4340 3179 4380 se
3221 4325 3462 4394 recepit;
3498 4322 3670 4392 ibique
3702 4329 3812 4371 rom-

2273 4435 2495 4478 moraus
2545 4435 2642 4491 per
2691 4427 2801 4475 tres
2847 4434 3079 4482 menses,
3136 4433 3233 4490 per
3283 4417 3531 4474 Odoncm
3583 4411 3818 4471 comitem,

2273 4509 2615 4580 postmodum
2643 4509 2858 4565 rediens
2887 4508 2940 4564 in
2981 4507 3256 4563 abbatiam
3286 4522 3475 4577 suam,
3509 4519 3628 4570 cum
3651 4502 3817 4565 honore

582 4618 845 4660 monacus
867 4611 922 4657 et
948 4600 1177 4671 adplene
1199 4595 1527 4653 monialibus
1555 4589 1751 4647 studiis
1779 4588 2046 4653 eruditus,
2077 4604 2170 4659 pu-
2205 4605 2251 4660 Ῑ)
2278 4603 2458 4657 debito
2476 4612 2560 4657 ρει
2590 4609 2872 4671 receptus;
2897 4601 2949 4656 in
2972 4615 3077 4674 qua
3101 4598 3215 4661 fere
3237 4617 3336 4676 per
3356 4604 3644 4661 triennium
3670 4610 3816 4672 postea

581 4695 703 4751 dice
728 4708 898 4765 agens
924 4688 1353 4748 adolescentiam
1404 4699 1557 4741 suam
1578 4725 1594 4749 ,
1626 4679 1890 4748 bonisque
1910 4679 2169 4749 operibus

579 4783 820 4857 quotidie
863 4794 1165 4841 exornans,
1196 4775 1393 4831 meruit
1416 4783 1536 4845 post
1566 4770 1955 4843 Mageuardum
1990 4768 2165 4823 abba-

579 4887 688 4934 tem
723 4892 753 4931 a
780 4877 980 4930 domno
1004 4870 1262 4926 Fulberto
1293 4865 1527 4938 praesule
1571 4864 1776 4919 sacrari
1827 4872 1884 4919 et
1930 4862 1986 4917 in
2032 4860 2172 4931 regi-

578 4970 728 5025 mine
753 4967 989 5023 abbatize
1011 4961 1323 5034 subrogari.
1354 4956 1519 5027 Cujus
1545 4956 1656 5010 vita
1682 4967 1738 5011 et
1766 4953 2079 5010 innocentia
2104 4967 2169 5008 ea

578 5068 902 5131 tempestate
937 5072 1003 5113 eo
1037 5056 1327 5119 rutilahat,
1358 5061 1416 5107 ut
1463 5049 1532 5105 ab
1560 5047 1780 5112 Odoue,
1812 5045 2055 5118 palatino
2077 5060 2171 5101 co-

581 5152 712 5207 mite
739 5191 755 5215 ,
784 5150 1075 5205 admodum
1117 5147 1436 5218 diligeretur
1460 5184 1475 5211 ,
1518 5151 1684 5213 atque
1735 5137 1992 5194 Richardi
2029 5135 2170 5192 Nor-

581 5243 816 5298 mannize
842 5242 1061 5297 comitis
1087 5240 1365 5297 confessor
1390 5236 1564 5301 ﬁeret,
1590 5233 1744 5305 cujus
1776 5245 1907 5302 sepe
1941 5229 2165 5287 honori-

582 5336 817 5393 llcentiis
850 5336 1152 5391 fruebatur.
1184 5334 1330 5391 Inter
1349 5349 1486 5404 quas
1519 5330 1823 5387 aecclesiam
1852 5337 2165 5385 sanctorum

580 5428 829 5488 Gervasii
863 5436 915 5483 et
939 5426 1207 5492 Protasii,
1232 5441 1355 5482 cum
1388 5422 1719 5496 appenditiis
1749 5420 1882 5484 suis,
1916 5418 1965 5475 ei
1995 5418 2162 5474 dedit.

582 5520 680 5578 Set
725 5520 1019 5597 insatiabili
1069 5519 1305 5574 avaricia
1350 5515 1715 5587 quorumdam
1770 5512 2162 5568 monachorum

580 5628 718 5683 quos
760 5611 832 5667 ibi
879 5619 1137 5681 posuerat
1182 5619 1370 5681 postea
1424 5606 1680 5679 perdidit.
1729 5604 1824 5660 Est
1872 5604 2017 5659 enim
2047 5602 2164 5673 ipsa

581 5703 824 5759 ecclesia
854 5718 963 5757 non
996 5700 1152 5773 longe
1181 5716 1208 5754 a
1240 5699 1510 5755 moenibus
1546 5695 1831 5768 Rotomagi
1865 5695 2017 5750 urbis
2037 5694 2162 5748 sita.

580 5794 824 5864 Cumque
845 5791 1071 5864 singulis
1101 5792 1289 5847 diebus
1311 5790 1364 5845 in
1393 5774 1671 5860 qu'oquiua
1696 5785 1914 5841 comitis
1935 5782 2163 5855 piscium

652 5888 799 5953 (ltiti)
845 5886 1004 5942 Deest
1029 5886 1143 5941 lucc
1174 5884 1413 5939 narratio
1440 5883 1491 5938 in
1521 5879 1714 5938 codice
1737 5880 1799 5934 Β.

2277 4692 2506 4749 feliciter
2552 4693 2758 4760 vivens,
2790 4707 2965 4752 senex
3010 4703 3065 4751 et
3112 4695 3306 4767 plenus
3352 4695 3586 4761 dierum,
3617 4692 3818 4748 laborum

2278 4803 2501 4842 suorum
2529 4788 2833 4844 mercedem
2863 4805 2891 4843 a
2906 4788 3123 4844 Christo
3147 4788 3380 4843 Domino
3398 4787 3638 4858 recipere
3661 4781 3818 4840 meruit

2276 4880 2395 4936 sine
2428 4878 2535 4936 line
2556 4894 2893 4935 mansuram.
2922 4879 3168 4950 Cumque
3193 4881 3420 4935 humum
3445 4878 3682 4935 foderent
3707 4875 3816 4928 intra

2274 4975 2554 5032 basilicam
2582 4974 2724 5029 beati
2774 4972 2919 5029 Petri
2946 4973 3202 5044 apostoli,
3230 4973 3494 5028 videlicet
3521 4981 3642 5027 ante
3682 4967 3821 5021 altare

2272 5067 2532 5139 martyris
2563 5064 2868 5130 Laurentii,
2892 5066 2959 5121 ad
2991 5064 3164 5120 levam
3213 5066 3437 5135 quidem
3470 5059 3715 5123 Rodberti
3743 5052 3814 5113 ﬁlii

2273 5160 2489 5217 comitis
2516 5158 2803 5223 Riehardi,
2832 5158 3040 5213 nullum
3076 5158 3340 5214 habentes
3398 5155 3816 5227 sarchOpbagum,

2274 5253 2523 5309 inventus
2575 5258 2658 5306 est
2715 5250 2787 5304 ibi
2847 5264 3011 5315 unus,
3045 5258 3108 5304 ut
3157 5250 3381 5321 opinor,
3411 5265 3441 5303 a
3473 5247 3583 5303 Deo
3611 5251 3813 5317 paratus,

2271 5344 2423 5398 mirae
2450 5340 2887 5413 pulchritudinis,
2912 5356 2975 5395 ac
3027 5339 3073 5396 si
3118 5355 3184 5397 eo
3231 5340 3317 5396 die
3361 5357 3395 5395 a
3430 5338 3641 5394 latomis
3662 5334 3817 5389 fuisset

2267 5436 2471 5509 politus
2509 5444 2673 5504 atque
2716 5433 2857 5489 beati
2900 5433 3000 5488 viri
3048 5432 3217 5504 glebae
3259 5441 3500 5504 aptatus.
3532 5431 3605 5486 lbi
3631 5425 3814 5483 menbra

2268 5531 2412 5587 illius
2447 5529 2620 5600 posita
2668 5528 3016 5598 requiescunt
3068 5543 3260 5584 secura
3323 5528 3394 5583 de
3445 5518 3815 5582 resurrectionis

2267 5622 2457 5695 gloria.
2494 5619 2685 5676 Tercia
2718 5633 2846 5673 vero
2899 5617 2988 5672 die
3031 5627 3314 5690 postquam
3348 5620 3510 5684 obiit,
3544 5617 3596 5672 in
3643 5611 3814 5667 visione

2266 5715 2464 5768 domno
2495 5708 2738 5765 Ebrardo
2763 5708 2978 5775 abbate,
2988 5709 3102 5780 jam
3128 5711 3179 5765 in
3209 5710 3429 5766 abbatia
3460 5725 3557 5765 sua
3585 5713 3813 5778 regressﬁ.

2267 5803 2536 5873 apparuit,
2561 5801 2749 5858 dicens
2796 5802 2864 5857 ad
2908 5816 3031 5858 cum
3062 5820 3077 5857 :
3113 5822 3131 5858 ε
3159 5802 3354 5859 Frater
3379 5790 3815 5859 dilectissime,ab
