3890 6302
133 313 213 368 275

718 299 941 357 VETUS
978 297 1233 356 AGANO.
1271 325 1343 339 —
1372 295 1501 352 LIB.
1539 296 1651 354 VII.
1686 295 2086 356 LANDBICUS
2113 294 2203 352 ET
2242 291 2636 352 HUBEBTUS.

3202 294 3310 350 27b

126 423 248 490 huius
267 417 425 474 mundi
458 413 766 471 turbinibus
795 426 881 469 me
931 421 1142 470 erutum
1174 412 1336 473 scias,
1367 424 1624 480 nuncque
1654 412 1918 474 Alaverit
1985 422 2046 470 ut
2119 413 2270 470 locus
2334 413 2436 471 sibi
2495 413 2819 469 commissus
2891 428 2992 484 per
3056 414 3300 473 locorum

123 513 236 571 felici
268 511 434 582 requie
475 508 715 579 perfrui;
750 515 836 563 set
863 507 963 562 hos
1017 505 1212 578 quibus
1251 503 1326 559 fui
1356 504 1411 560 in
1445 503 1627 558 odium

121 627 200 666 non
225 609 299 662 diu
317 621 428 662 esse
469 606 773 678 gavisurus.
811 624 829 659 ι
867 605 1020 673 Quod
1041 614 1096 660 et
1119 604 1320 660 factum
1348 611 1432 659 est
1458 620 1472 658 :
1502 616 1626 657 nam

118 704 287 760 illorum
309 715 423 770 pars
442 699 494 753 in
524 699 719 756 eodem
750 715 894 756 anno
923 701 992 755 ab
1017 699 1120 755 bac
1142 699 1248 754 vita
1288 697 1539 763 decessit,
1575 707 1633 755 et
1663 717 1676 730 θ

114 810 218 866 quos
250 794 458 847 mundus
485 792 638 849 vivos
677 792 946 858 detinuit,
984 803 1296 862 temporum
1314 789 1631 847 vicissitudo

114 886 369 958 perturbata
423 883 785 940 inclementer
851 899 918 940 ac
985 885 1196 940 duriter
1258 897 1472 952 semper
1534 896 1630 938 eos

114 976 333 1031 tractavit.

162 1065 619 1132 Veruinenimvero,
635 1067 894 1137 quoniam
915 1065 981 1122 de
1004 1065 1145 1124 beati
1168 1065 1276 1120 vita
1313 1064 1414 1120 viri
1437 1079 1628 1134 parum

108 1158 338 1223 elucidari,
373 1156 484 1226 jam
511 1158 676 1214 stilus
708 1160 1002 1216 vertendus
1046 1169 1130 1214 est
1171 1158 1238 1213 ad
1283 1165 1464 1212 cartas
1512 1171 1632 1226 quae

106 1251 222 1304 facta:
245 1261 357 1304 sunt
397 1250 496 1305 sub
552 1251 759 1308 abbate
804 1251 1070 1308 Landrico
1114 1251 1284 1324 (161),
1315 1261 1633 1306 successore

105 1340 263 1395 scilicet
285 1341 484 1410 praefati
514 1342 738 1398 abbatis
760 1342 991 1400 Arnulﬁ.
1018 1342 1120 1411 Qui
1143 1349 1406 1414 quantum
1431 1339 1632 1410 invigi-

150 1497 267 1570 (161)
295 1497 440 1554 liunc
459 1498 644 1555 locum
677 1499 934 1559 librarius
980 1505 1032 1556 in
1063 1503 1184 1558 cod.
1217 1504 1257 1557 Β
1284 1503 1608 1558 adulteravut

103 1571 432 1640 sdscripsitqne
479 1571 550 1624 ad
607 1573 821 1628 calcem
873 1575 989 1628 libri
1049 1573 1297 1629 Landrici
1355 1575 1602 1635 abbatis;

103 1650 302 1712 pneterea
325 1642 552 1695 mutavit
571 1642 772 1697 abbate
791 1643 1047 1699 Landrico
1072 1646 1123 1698 in
1151 1645 1344 1699 abbate.
1361 1643 1406 1697 Η
1414 1645 1614 1706 uberto;

1434 1747 1719 1763 ﬂ

1741 518 2027 566 aucmenta
2052 525 2150 565 suo
2173 512 2224 566 in
2252 519 2493 578 tempore
2517 507 3103 578 cresceret,multiplex
3128 518 3310 564 carta-

1740 617 1863 658 rum
1891 617 2152 657 numerus
2182 603 2460 666 ostendet,
2493 601 2595 656 nisi
2620 601 2801 656 obstet
2826 611 3031 656 mutata
3055 603 3318 672 temporis

1738 693 2079 762 vicissitudo,
2112 709 2232 764 qua:
2262 694 2472 766 ingrata
2505 703 2558 748 et
2581 692 2832 748 abbatem
2863 707 2894 748 a
2925 691 3044 748 loco
3087 694 3310 762 pepulit,

1736 797 1794 844 et
1820 803 1921 844 nos
1966 803 2155 845 omnes
2205 787 2568 858 perturbavit;
2599 795 2653 841 et
2694 786 2979 857 quosdam,
3028 787 3193 841 certis
3247 802 3315 842 ex

1738 882 1918 938 causis
1943 881 2169 953 ejectos,
2194 881 2592 936 monasterium
2643 879 3002 954 intronizans,
3028 877 3183 932 nobis
3232 878 3315 932 in-

1736 974 1854 1030 visa
1881 987 2046 1044 super
2082 971 2358 1028 exaltavit.
2377 971 2468 1026 Set
2498 971 2624 1040 quia
2653 969 3016 1040 equanimiter
3035 966 3317 1024 toleranda

1737 1077 1840 1134 est,
1866 1068 1993 1124 licet
2045 1067 2252 1122 lenitim
2311 1073 2367 1121 et
2409 1073 2655 1120 tortuoso
2708 1064 2920 1134 itinere,
2947 1071 3131 1133 utpote
3160 1061 3319 1132 longe

1737 1162 1946 1230 positus
1973 1159 2119 1212 etab
2168 1154 2351 1209 idiotis
2396 1168 2490 1209 eas
2530 1154 2835 1211 inordinate
2885 1154 3172 1224 recipiens,
3216 1164 3317 1222 pro

1738 1267 1895 1324 posse
1923 1263 2044 1308 meo
2076 1249 2314 1306 scribere
2343 1247 2562 1304 curabo.

1717 1511 1782 1552 ac
1831 1497 1972 1552 inter
2010 1495 2111 1549 nisi
2157 1502 2214 1548 et
2267 1490 2426 1546 obstet
2496 1485 2703 1542 addidit
2758 1483 2852 1538 sub
2917 1480 3146 1536 Arralda
3203 1479 3316 1552 epi-

1716 1585 1890 1637 scopo.

3229 1720 3314 1746 α

2051 1725 3219 1755 ____________._________—

1725 1742 2043 1762 ﬁ

1097 1899 1506 2016 LIBER
1592 1889 2292 2012 SEPTIMUS

1621 2135 1762 2182 BIVE

634 2305 1206 2396 LANDRICI
1311 2302 1462 2392 ET
1531 2296 2069 2392 HUBERTI
2175 2287 2731 2383 ABBATUM

517 2502 637 2572 (Ab
667 2516 816 2557 anno
845 2500 980 2558 1033
1014 2500 1081 2556 ad
1107 2513 1311 2556 annum
1346 2496 1521 2562 1069;
1545 2522 1620 2538 --
1643 2493 1713 2548 ab
1743 2506 1884 2548 anno
1914 2489 2052 2547 1069
2089 2488 2155 2544 ad
2192 2503 2394 2544 annum
2426 2486 2564 2542 1079
2597 2485 2788 2556 (161').

1549 2629 1861 2648 *-

608 2699 1013 2756 CAPITULUM
1041 2699 1080 2754 Ι.

539 2792 630 2846 De
685 2791 851 2862 Regia
914 2791 1145 2862 Capella.

623 2884 791 2957 (Ante
815 2883 1069 2956 a.1070.)

148 3000 163 3032 ι
198 2980 245 3036 ln
273 2979 492 3035 nomine
542 2977 744 3033 Patris
788 2987 843 3033 et
895 2978 1014 3033 Filii
1054 2987 1110 3032 et
1152 2975 1393 3046 Spiritus
1442 2972 1642 3032 sancti.

97 3077 177 3146 Ego
198 3075 506 3138 Landricus,
560 3071 747 3126 abbas
774 3070 960 3126 Sancti
1009 3071 1158 3126 Petri
1183 3069 1558 3133 Carnotensis,
1589 3073 1645 3123 et

99 3169 233 3224 omnis
279 3166 649 3240 congregatio
702 3163 863 3219 michi
904 3163 1213 3218 commissa.
1270 3161 1465 3217 Notum
1521 3173 1644 3216 esse

95 3259 292 3312 volumus
336 3258 703 3328 prcsentibus
756 3263 920 3327 atque
963 3253 1188 3317 futuris,
1225 3255 1352 3326 quia
1379 3254 1646 3311 adivimus

97 3354 377 3422 presentiam
407 3354 644 3408 domnae
670 3351 842 3406 Berta:
879 3358 1142 3406 matrona:
1174 3357 1231 3404 et
1251 3348 1482 3404 ﬁliorum
1501 3345 1643 3416 ejus,

96 3445 293 3500 Walterii
306 3446 517 3513 clerici,
536 3445 770 3510 llervei,
787 3442 1048 3514 Hugonis,
1067 3439 1321 3496 Tedbaldi
1333 3482 1346 3505 ,
1361 3439 1641 3512 Sigebodi,

94 3533 329 3603 Engucize;
357 3535 743 3607 deprecantes
772 3542 865 3600 ut,
906 3547 1006 3603 pro
1036 3531 1404 3602 redemptione
1450 3531 1645 3586 animte

94 3644 173 3682 suae
187 3640 234 3684 et
255 3630 488 3684 ﬁliorum
518 3629 881 3696 tiliarumque
909 3634 1364 3690 suarum,terram
1387 3624 1451 3679 de
1475 3621 1644 3693 Regia

94 3720 285 3792 Capella,
333 3739 456 3792 quae
489 3721 757 3794 proxima
806 3727 890 3774 est
926 3727 1088 3773 terra:
1117 3725 1314 3772 nostrae
1359 3715 1425 3770 de
1475 3713 1646 3770 Bosco

93 3812 246 3880 lledio,
273 3817 428 3871 nobis
457 3813 828 3878 concederet,
877 3826 1001 3866 cum
1050 3809 1298 3865 meclesia
1357 3817 1412 3864 et
1439 3807 1646 3862 duabus

94 3907 197 3959 areis
240 3908 694 3962 molendinorum
755 3903 1116 3972 omnibusque
1175 3901 1336 3956 rebus
1398 3915 1520 3970 quae
1573 3899 1648 3953 ibi

92 4001 336 4064 pertinent.
362 4001 502 4068 Quae
562 3997 930 4053 libentissime
973 4011 1098 4052 cum
1155 3994 1281 4050 ﬁliis
1333 4001 1389 4048 et
1433 3991 1646 4047 ﬁliabus

1665 2694 1710 2755 Β
1741 2689 1798 2745 8.
1831 2687 2094 2745 Gualterii
2136 2688 2203 2742 de
2232 2685 2457 2742 Bodacis
2495 2685 2650 2741 Villa.
2703 2685 2761 2739 8.
2798 2683 3045 2748 lluberti,
3076 2677 3322 2752 privigni

1743 2778 1994 2833 Adventi.
2032 2780 2089 2833 S.
2120 2777 2324 2832 Giraldi
2355 2776 2492 2833 coci.
2534 2777 2594 2832 S.
2649 2774 2903 2830 Morardi.
2952 2774 3011 2829 8.
3069 2769 3324 2844 llugolini

1744 2871 2049 2927 servientis.
2095 2888 2114 2921 ι

2288 2957 2685 3014 CAPITULUM
2719 2957 2780 3012 ll.

2137 3051 2210 3106 De
2254 3053 2421 3106 altare
2467 3051 2694 3122 Capellw
2740 3051 2938 3122 Regiw.

2308 3141 2469 3211 (Ante
2507 3158 2556 3196 a.
2600 3141 2786 3205 1048.)

1818 3245 1837 3265 ⁸
1868 3262 1887 3296 ι
1933 3236 2080 3312 (162)
2115 3234 2170 3290 Si
2209 3235 2431 3306 pietatis
2457 3249 2520 3290 ac
2550 3234 2825 3304 religionis
2855 3240 3068 3288 constat
3111 3247 3232 3288 esse
3260 3232 3330 3288 ad

1747 3335 1986 3399 laudem,
2013 3340 2067 3387 et
2086 3329 2308 3400 gloriam
2329 3326 2525 3383 summi
2552 3336 2606 3380 et
2628 3325 2814 3380 :etcrni
2853 3324 3041 3396 Regis,
3067 3323 3332 3377 aecclcsiis

1749 3430 1801 3487 in
1829 3429 2036 3485 honore
2062 3434 2363 3495 martyrum
2395 3435 2489 3476 seu
2513 3421 2677 3474 etiam
2715 3419 3087 3473 confcssorum
3125 3417 3332 3470 consti-

1748 3522 1880 3577 tutis
1934 3536 1964 3574 a
2013 3517 2280 3581 ﬁdelibus,
2330 3511 2773 3570 honorificentius
2821 3511 3068 3573 exiberc;
3128 3517 3333 3576 quanto

1749 3615 1922 3686 magis
1965 3613 2052 3668 liis
2103 3626 2224 3681 qum
2275 3610 2327 3663 in
2383 3607 2646 3662 memoria
2695 3605 2838 3658 illius
2886 3613 3011 3657 sunt
3055 3601 3331 3666 stabiliter,

1754 3723 1922 3777 super
1973 3719 2131 3776 quem
2172 3701 2439 3757 catholica
2488 3697 2706 3753 fundata
2758 3708 2842 3752 est
2891 3695 3171 3756 :ecc'esia,
3238 3692 3330 3746 cui

1749 3798 1914 3853 etiam
1966 3810 1996 3848 a
2052 3808 2286 3864 superno
2344 3790 2654 3853 Conditore,
2701 3787 3009 3843 commissis
3066 3784 3331 3840 caelorum

1751 3889 2016 3954 clavibus,
2045 3885 2246 3957 ligandi
2273 3893 2436 3957 atque
2458 3882 2699 3938 solvendi
2745 3879 3084 3950 pontiﬁcium
3115 3885 3333 3934 constat

1749 3994 1871 4036 esse
1896 3978 2174 4033 traditum.
2204 3977 2379 4043 Unde,
2412 3990 2512 4046 pro
2537 3983 2756 4028 aeternae
2781 3971 3057 4028 felicitatis
3091 3969 3335 4039 adquisi-

94 4092 177 4146 suis
194 4095 393 4160 annuit,
433 4109 500 4148 ea
539 4092 1006 4156 ronventione,ut
1027 4089 1226 4145 domno
1250 4096 1434 4143 nostro
1460 4085 1641 4142 comiti

1755 4072 1921 4137 tione,
1946 4085 2107 4140 quam
2140 4069 2310 4138 ipsius
2340 4065 2734 4122 interventione
2778 4061 3144 4134 apostolorum
3177 4060 3326 4128 prin-

92 4179 339 4249 ‘l’edbaldo,
361 4199 432 4239 ex
462 4182 640 4251 cujus
661 4181 923 4236 benelicio
974 4193 1095 4234 esse
1139 4180 1373 4242 videtur,
1405 4189 1649 4230 annuere

93 4269 308 4338 iacerent,
353 4285 409 4329 et
463 4290 538 4330 ex
568 4272 830 4329 omnibus
879 4269 1166 4325 calumniis
1213 4285 1334 4340 quae
1370 4268 1498 4322 inibi
1541 4267 1652 4321 ori-

98 4372 246 4418 rentur
296 4365 530 4422 liberam
601 4363 863 4418 facerent.
922 4361 1075 4429 Quod
1134 4361 1208 4415 ita
1271 4361 1471 4415 factum
1527 4368 1648 4425 est,

97 4453 358 4511 ridentibus
408 4457 501 4511 bis
553 4467 796 4523 quorum
857 4453 1073 4508 nomina
1137 4450 1439 4520 subscripta
1501 4457 1648 4504 sunt.

94 4543 143 4598 Et
158 4547 411 4604 concessit
459 4546 542 4601 ita
580 4543 706 4599 ﬁeri
741 4543 972 4598 domnus
999 4550 1188 4597 noster
1217 4555 1399 4596 eomes
1423 4538 1652 4595 Tedbal-

97 4639 191 4705 dus,
223 4657 313 4708 pro
339 4640 524 4698 salute
573 4638 776 4692 anima:
808 4651 920 4692 sum
970 4649 1034 4689 ac
1062 4635 1144 4689 sui
1172 4633 1368 4702 patris,
1394 4643 1449 4687 et
1488 4646 1650 4687 manu

94 4734 268 4802 propria
295 4731 734 4800 nominibusque
754 4743 974 4784 suorum
999 4725 1243 4782 ﬁdelium
1269 4726 1367 4779 bas
1389 4723 1652 4780 litterulas

95 4825 450 4878 corroborarit.
481 4822 548 4878 S.
583 4820 807 4876 comitis
828 4817 1108 4874 Tedbaldi.
1136 4816 1196 4872 8.
1245 4816 1483 4873 Gilduini
1509 4817 1654 4873 vice-

95 4917 294 4972 comitis.
321 4917 380 4972 8.
412 4913 671 4985 Hugonis
704 4911 1034 4967 vicedomni.
1090 4906 1150 4965 8.
1203 4909 1399 4965 llervei
1431 4909 1650 4964 viceco-

98 5008 231 5062 mitis.
271 5009 328 5064 S.
363 5009 557 5062 lvonis
589 5003 802 5060 clerici.
832 5002 892 5058 S.
938 5000 1231 5066 Fulclierii,
1266 4999 1358 5054 ﬁlii
1385 4998 1650 5055 Gradulﬁ.

97 5093 142 5149 S.
171 5097 359 5166 liberti,
391 5099 491 5153 ﬁlii
527 5094 832 5150 Nivelonis.
863 5094 920 5148 8.
951 5093 1181 5158 Alberti,
1231 5091 1444 5148 abbatis
1471 5089 1655 5146 Sancti

100 5184 299 5242 lartini.
348 5188 412 5244 8.
446 5185 738 5249 Ricberii,
795 5185 1006 5241 abbatis
1055 5183 1244 5239 Sancti
1304 5181 1653 5238 Launomari.

95 5273 356 5349 S.Vigerii
404 5279 476 5332 de
533 5275 856 5331 Castaneto.
905 5272 964 5330 S.
998 5272 1277 5328 Willelmi.
1336 5271 1652 5328 S.Warini.

1751 4163 1890 4232 cipis
1938 4172 2068 4231 aput
2092 4161 2395 4215 animarum
2427 4158 2770 4212 liberatorem
2807 4169 3089 4224 speramus
3117 4152 3334 4207 facilius

1753 4253 2001 4323 adipisci,
2051 4252 2422 4320 altare,quod
2475 4249 2637 4303 situm
2692 4255 2780 4301 est
2811 4246 2862 4300 in
2912 4243 3156 4300 :ecclesia
3211 4257 3334 4311 qua:

1752 4343 1972 4414 Capella
2017 4341 2185 4411 Regia
2223 4348 2470 4403 vocatur,
2519 4337 2759 4392 concedo
2814 4335 2961 4406 (165)
3008 4332 3336 4391 Camotcnsi

1751 4432 2014 4488 eecclesiee
2063 4432 2116 4486 in
2162 4430 2369 4500 praefati
2407 4429 2634 4500 apostoli
2691 4427 2954 4482 memoria
2991 4427 3326 4488 constitutae,

1753 4527 1820 4580 ad
1845 4525 2108 4594 stipendia
2138 4524 2525 4577 monachorum
2555 4520 2686 4574 inibi
2717 4521 2827 4575 Deo
2863 4520 3243 4581 militantium;
3269 4531 3337 4572 ea

1753 4616 2064 4672 conditione
2094 4623 2173 4679 ut,
2202 4615 2271 4667 ab
2299 4613 2560 4668 hodierna
2601 4612 2690 4666 die
2738 4612 2788 4666 ei
2839 4626 2935 4682 per
2987 4608 3333 4665 succeilentia

1755 4719 2020 4780 tempora,
2067 4706 2135 4761 ab
2177 4695 2323 4762 omni
2374 4705 2682 4760 conditione
2740 4713 2795 4759 et
2846 4702 3271 4771 comparatione,
3301 4714 3334 4752 a

1755 4801 1986 4858 sinodali
2037 4800 2274 4862 circada,
2313 4799 2381 4853 ab
2428 4798 2575 4852 omni
2605 4797 2788 4852 debito
2813 4796 2894 4849 vel
2936 4805 3146 4863 parata,
3175 4791 3335 4843 abso-

1754 4893 1865 4949 luta
1896 4901 2242 4966 permaneat;
2279 4893 2351 4946 ita
2381 4901 2440 4944 ut
2472 4904 2742 4958 nonquam
2778 4900 3086 4953 nos,neque
3116 4897 3338 4938 succes-

1757 5003 1908 5044 sores
1938 4987 2130 5052 nostri,
2175 4987 2242 5040 ab
2275 4986 2385 5054 ipsa
2417 4983 2632 5052 Capella
2665 4979 2851 5050 [legali
2898 4979 3090 5033 horum
3136 4977 3341 5048 aliquid

1759 5095 2017 5150 umquam
2049 5080 2328 5149 requirere
2356 5075 2441 5132 vel
2471 5075 2714 5145 recipere
2742 5072 2826 5127 vel
2860 5079 3106 5140 repetere
3136 5084 3344 5140 prassu-

1759 5184 1895 5228 mat.
1925 5174 1994 5228 Et
2017 5183 2078 5229 ut
2107 5182 2305 5229 nostrm
2334 5168 2670 5226 liberalitatis
2701 5164 3070 5221 muniﬁcentia
3087 5165 3342 5222 omnibus

1759 5276 1961 5324 sanctae
1988 5265 2178 5321 matris
2198 5263 2482 5320 Ecclesiae
2505 5259 2751 5315 ﬁdelibus
2779 5267 2923 5313 esset
2953 5267 3101 5323 nota,
3127 5272 3342 5312 summo

101 5367 145 5419 ὃ.
180 5346 417 5425 Herberti
470 5367 673 5423 clerici
723 5366 792 5422 de
836 5365 1036 5422 lmonis
1074 5365 1230 5421 Villa.
1269 5363 1328 5419 8.
1373 5363 1655 5419 llermuini
1681 5401 1735 5462 Β
1761 5358 1943 5414 studio
1971 5367 2026 5413 et
2071 5355 2348 5428 diligentia
2398 5351 2610 5408 exarari
2662 5349 3040 5420 praecipimus;
3076 5346 3335 5419 quatinus

102 5459 285 5530 majoris
340 5462 408 5518 de
464 5459 647 5516 Boseo
696 5456 889 5514 Medio.
943 5457 1003 5514 S.
1056 5455 1300 5514 Bernerii
1339 5454 1650 5526 presbiteri.

156 5573 255 5646 (161
268 5576 377 5644 ')ln
397 5592 511 5630 uno
529 5575 672 5630 libro
695 5573 1002 5646 collegimus
1032 5573 1268 5641 chartas,
1298 5574 1487 5628 borum
1512 5579 1620 5626 tem

104 5645 289 5716 tioribus
315 5647 793 5716 abbatam_datas,
835 5645 954 5716 quia:
975 5645 1029 5702 in
1055 5645 1251 5714 Codd.,
1281 5645 1470 5701 ordine
1513 5651 1628 5698 tur-

105 5713 223 5782 bato,
252 5716 492 5773 confusa:
516 5714 850 5772 referuntur.

1747 5451 1910 5524 quod
1939 5465 2102 5506 manu
2128 5447 2369 5520 propria,
2410 5445 2566 5516 signo
2611 5442 2792 5512 crucis
2844 5442 3114 5512 inpresso,
3142 5437 3341 5494 statui-

1829 5566 1977 5638 (162)
2027 5562 2242 5632 Vulgat.
2295 5562 2347 5616 in
2407 5557 2836 5624 Call..Cltrist.,
2885 5565 2921 5610 t.
2977 5553 3109 5620 V111,
3160 5551 3343 5618 instr.,

1736 5636 2040 5778 ωιὶίὲῗοιό
2065 5721 2079 5759 :
2109 5702 2222 5768 Ego
2260 5700 2603 5755 Theodericus
2623 5695 2798 5769 Ρνθηίί
2827 5685 3055 5750 “mea”
3107 5729 3146 5744 "
