3890 6302
1394 345 1625 415 eam
1656 328 1715 415 s.
1756 327 1962 449 rem
1991 326 2471 422 CARNDTENSIS
2506 362 2830 424 nossent.
3161 325 3183 373 ·’
3507 442 3514 449 ι
3716 354 3800 431 276

571 487 692 530 mus
739 485 860 528 esse
890 462 1089 535 ratum,
1108 461 1202 540 per
1230 469 1496 526 currieula
1522 462 1922 527 succedentium
1954 481 2160 541 tempo-
2186 477 2236 539 Α
2265 476 2380 534 fero
2401 476 2567 534 etiam
2595 480 2768 537 eidem
2795 481 2913 537 loco
2941 478 3180 539 banuum
3204 481 3468 538 Bermerii
3488 472 3799 554 Villa),queni

571 571 689 621 r'mn
732 574 943 621 maneat
972 564 1364 620 inconvulsum.
1420 562 1559 617 Etsi
1597 563 1717 631 quis
1753 562 1911 632 hujus
1957 558 2159 621 elemoé

577 636 718 692 sine.
778 634 1188 707 porciunculam
1257 633 1599 703 temptaverit
1663 649 1786 688 esse
1852 634 2159 691 violandam

576 727 750 800 (quod
815 727 1035 799 absitij,
1092 726 1227 781 iram
1284 725 1377 780 Dei
1438 726 1709 790 incurrat,
1741 734 1906 796 atque
1958 738 2147 784 nostra
2218 738 2235 759 ⁸

577 832 999 892 nostrorumque
1027 822 1266 876 omnium
1300 817 1626 873 auctoritate
1662 819 1945 877 convictus
1970 819 2162 877 absce-

586 915 706 982 dat,
750 923 804 969 et
830 930 930 985 pro
971 912 1157 969 illicita
1201 911 1655 983 przesumptione,
1685 912 1904 967 venturi
1950 913 2003 967 in
2052 912 2161 968 ﬁne

583 1005 889 1062 seculorum
930 1002 1096 1073 judiei
1142 1002 1413 1058 sententia
1442 1011 1702 1072 perpetuo
1729 1005 2075 1058 anathemate
2098 1020 2160 1061 se

577 1096 884 1167 perfossum
915 1105 1077 1167 atque
1114 1094 1171 1149 in
1216 1092 1430 1151 inferno
1460 1093 1704 1150 inferiori
1736 1104 2010 1154 retrusutn
2042 1097 2160 1157 sine

573 1184 685 1245 ﬁne
713 1185 909 1249 doleat.
1292 1226 1299 1233 .

645 1297 666 1330 σ
693 1276 1022 1333 Teodericus
1049 1277 1268 1347 praesul,
1304 1278 1397 1349 qui
1438 1278 1586 1336 dedit
1609 1280 1749 1336 hanc
1786 1280 2155 1347 donationem.

569 1369 830 1426 Arnulfus
846 1379 1166 1440 praacentor.
1191 1369 1498 1441 Agobertus
1514 1381 1821 1428 succentor.
1834 1371 2154 1429 Fulcherius

574 1462 1010 1520 archidiaconus.
1037 1463 1382 1536 Hildegarius
1405 1463 1764 1520 subdecanus.
1779 1464 1933 1536 Hugo
1949 1480 2158 1535 praepo-

574 1538 735 1608 situs.
762 1551 975 1609 Gniddo
998 1552 1242 1609 Rubeus.
1277 1552 1608 1610 Rodbertus.
1641 1553 1958 1611 Bernerius.
1983 1553 2158 1626 lngel-

569 1657 798 1698 rannus.
849 1664 868 1696 ι
1240 1707 1245 1710 ι

588 1754 599 1757 “
1103 1722 1502 1791 CAPITULUM
1539 1733 1622 1789 ill.

791 1825 866 1880 De
904 1825 1168 1883 calumnia
1206 1825 1439 1897 ejusdem
1478 1823 1707 1895 Capella:
1741 1825 1937 1897 Regiw.

1141 1919 1301 1990 (Ante
1325 1918 1577 1989 $1070.)

658 2029 676 2062 ι
712 2009 909 2066 Notum
949 2025 1069 2067 esse
1111 2010 1360 2066 volumus
1387 2011 1641 2068 omnibus
1663 2010 2010 2078 Christicolis,
2050 2020 2161 2067 tam

581 2101 933 2172 prescntibus
991 2116 1153 2172 quam
1213 2100 1429 2168 futuris,
1484 2116 1585 2171 ego
1649 2100 1955 2158 Landricus
1993 2102 2161 2158 abbas

571 2194 857 2264 omnisque
887 2192 1119 2248 fratrum
1148 2202 1461 2251 nostrorum
1495 2195 1865 2266 congregatio,
1894 2195 2162 2267 quoniam

574 2287 846 2358 Capellam
905 2288 1149 2358 Regiam,
1177 2304 1397 2361 ~quam,
1435 2290 1596 2355 sicut,
1650 2290 1904 2358 superius
1945 2288 2166 2358 scripta:
2216 2332 2223 2337 .

576 2379 774 2435 littera:
817 2379 1140 2446 ostendunt,
1194 2396 1224 2435 a
1284 2381 1448 2436 Berta
1505 2391 1755 2436 matrona
1814 2390 1868 2436 et
1916 2379 2050 2436 ﬁliis
2097 2394 2165 2435 ac

582 2472 799 2528 ﬁliabus
844 2473 978 2539 suis,
1028 2473 1256 2543 probata
1300 2473 1585 2544 peccunia,
1621 2488 1952 2539 emeramus,
1975 2482 2162 2544 postea

581 2579 752 2635 gener
791 2564 908 2634 ejus
962 2564 1256 2631 Raberius,
1296 2560 1533 2637 conjunx
1584 2565 1839 2621 videlicet
1885 2565 2156 2637 Euguciie,

576 2655 1035 2719 calumniabatur.
1067 2656 1174 2712 Pro
1214 2673 1322 2727 qua
1360 2672 1418 2713 re
1448 2658 1836 2726 convenientes
1874 2675 2000 2716 eum
2031 2657 2167 2713 Car-

578 2746 725 2823 iiotis
748 2754 873 2802 ante
898 2748 1154 2803 comitem
1186 2747 1611 2815 Tedbaldum,et
1638 2733 1754 2822 ipso
1781 2751 1979 2807 comite
2003 2761 2167 2823 atque

516 2833 526 2839 ’
574 2821 929 2892 ὸῢιῑιηοιῖιωε
959 2838 1076 2906 ejus
1125 2838 1281 2893 nobis
1308 2821 1745 2910 suggerentibus,
1776 2821 2166 2911 spopundimus

576 2926 629 2982 ei
650 2943 718 2983 xl.
747 2928 948 2985 solidos
973 2945 1319 2985 nummorum
1348 2930 1731 2996 Carnotorum,
1749 2939 1809 2987 ut
1834 2932 1945 3003 ipse
1967 2931 2168 2987 calum-

579 3016 751 3083 niam,
815 3032 978 3088 quam
1037 3018 1271 3074 faciebat
1330 3032 1456 3076 ante
1505 3021 1790 3087 comitem,
1845 3022 2164 3077 dimitteret.

580 3107 734 3176 Quod
788 3119 844 3166 et
903 3109 1136 3165 libenter
1196 3113 1325 3183 egit.
1369 3112 1478 3168 Nos
1525 3127 1740 3185 quoque
1803 3122 2012 3184 postea,
2069 3128 2168 3183 per

2183 1851 2233 1911 Β
2250 1930 2257 1939 η

2262 566 2483 624 Redono
2513 571 2675 626 etiam
2705 579 2762 628 et
2788 574 2922 630 alias
2975 575 3421 631 con‘suetndines‘
3447 573 3513 629 ad
3548 587 3631 628 me
3660 579 3803 646 perti-

2263 668 2494 728 nentes,
2549 664 2594 719 si
2631 663 2772 721 forte
2820 667 2893 723 ibi
2948 652 3187 737 unquam
3224 667 3392 721 fuisse
3424 676 3800 736 memorantur;

2258 765 2422 826 atque
2449 770 2614 823 nunc,
2636 772 2671 811 v
2706 758 2826 814 idus
2865 758 3004 828 julii,
3039 759 3244 815 savium
3291 755 3598 812 ramusculo
3639 756 3804 813 donum

2260 862 2424 921 super
2445 850 2619 907 altare
2644 850 2817 906 sancti
2850 850 2999 905 Petri
3024 850 3273 921 apostoli,
3299 848 3536 920 publice,
3557 860 3651 918 pro
3666 847 3807 905 salute

2260 948 2404 1008 mea,
2450 944 2618 999 malui
2662 950 2884 1014 ptinere.
2923 942 2990 997 Et
3018 932 3077 998 ut
3105 932 3235 997 hate:
3267 939 3475 995 cartuia
3529 938 3809 995 incomulsa

2259 1041 2619 1103 permaneat,
2681 1048 2802 1088 meo
2863 1032 3083 1088 nomine
3143 1030 3561 1099 nominibusque
3600 1026 3808 1086 ﬁdelium

2259 1135 2504 1178 meorum
2531 1123 2884 1180 corroborari
2929 1123 3087 1195 jussi,
3144 1130 3225 1188 ut,
3259 1122 3305 1177 si
3359 1118 3499 1175 forte
3555 1119 3811 1190 aliquando

2154 1206 2155 1211 “
2259 1213 2517 1283 quislibet
2539 1214 2666 1270 huic
2690 1229 2824 1270 mea:
2851 1213 3127 1285 largitioni
3170 1211 3447 1269 contraire
3474 1212 3809 1281 temptaverit,

2260 1294 2297 1360 ii
2326 1322 2394 1361 ex
2424 1306 2654 1363 adverso
2684 1315 2831 1362 stent
2871 1316 2927 1363 et
2952 1311 3440 1363 eum‘commotum
3481 1310 3536 1358 et
3562 1301 3811 1357 contusum

2260 1397 2412 1455 abire
2455 1397 2576 1455 sine
2622 1398 2819 1456 effectu
2871 1408 3089 1472 cogant.
3140 1398 3278 1466 Odo,
3319 1397 3596 1469 palatinas
3637 1407 3811 1452 comes;

2261 1488 2563 1560 Sansgualo
2603 1489 2953 1546 senescallus.
3001 1490 3154 1561 llugo
3204 1489 3271 1544 de
3321 1487 3532 1542 Melius.
3564 1485 3811 1542 Hilduinus

2259 1578 2328 1649 de
2378 1577 2674 1636 Ramerud.
2720 1572 2892 1650 ~liugo
2945 1578 3251 1636 Tronellus.
3300 1577 3473 1635 Fulco
3524 1576 3812 1637 vicecomes.

2260 1665 2414 1739 Hugo
2435 1668 2506 1724 de
2528 1667 2834 1725 Versalliis.
2868 1668 3201 1740 lngelgerius
3224 1668 3295 1724 de
3315 1667 3516 1723 Islaris.
3556 1686 3576 1719 ι

2808 1778 3223 1838 CAPITULUM'
3238 1779 3299 1837 ν.

2686 1877 2765 1935 De
2790 1944 2793 1947 ν
2818 1879 3108 1935 redditione
3175 1878 3407 1934 γειιαια».

2730 2017 2740 2028 .
2786 2026 2795 2035 ,
2828 1968 2991 2042 (Ante
3021 1985 3073 2026 a.
3102 1969 3288 2041 1061.)

2331 2083 2353 2100 ⁹
2388 2095 2408 2130 ι
2448 2076 2597 2149 (164)
2628 2076 2688 2134 ln
2721 2077 2944 2135 nomine
2987 2077 3201 2135 Domini
3225 2079 3395 2135 nostri
3425 2076 3592 2135 Jhesu
3621 2076 3814 2135 Christi.

2262 2170 2377 2242 Ego
2424 2170 2757 2236 Landricus,
2794 2171 3031 2229 cmuobii
3076 2171 3262 2227 Sancti
3295 2171 3443 2228 Petri
3503 2170 3816 2228 Caruotensis

2263 2262 2451 2329 abbas,
2473 2278 2607 2339 eum
2635 2262 2895 2320 fratribus
2917 2265 3080 2321 michi
3112 2265 3440 2339 commissis.
3489 2264 3685 2320 Notum
3720 2280 3817 2319 esse
3854 2286 3855 2291 π

2262 2336 2537 2421 volumus,
2558 2362 2667 2413 tam
2698 2355 3058 2426 praesentibus
3093 2336 3255 2428 quam
3280 2356 3478 2412 futuris
3503 2364 3701 2411 sancta:
3729 2356 3802 2410 Dei

2263 2445 2528 2502 azcclesiaa
2594 2446 2921 2513 cultoribus,
2996 2450 3253 2519 quoniam
3323 2448 3432 2503 adii
3505 2448 3816 2517 przeseutiam

2263 2536 2537 2593 Gausfridi
2559 2579 2574 2605 ,
2599 2536 3016 2610 Andegavorum
3074 2539 3288 2595 comitis
3307 2578 3324 2605 ,
3357 2538 3678 2608 cognomine
3702 2536 3821 2590 Mar-

2267 2628 2400 2694 telti,
2438 2638 2568 2696 aput
2596 2645 2721 2685 eum
2746 2631 3144 2699 querimoniam
3172 2630 3376 2685 faciens
3414 2630 3481 2685 de
3503 2629 3620 2698 ejus
3652 2636 3818 2697 nepote

2218 2724 2229 2775 ἒ
2265 2720 2592 2786 Gausfrido,
2622 2723 2882 2778 territorii
2939 2723 3150 2780 scilicet
3199 2722 3583 2779 Guastinensis
3625 2723 3817 2785 comite,

2267 2813 2358 2884 qui
2391 2822 2596 2868 terram
2634 2812 2971 2884 tltthillula
3001 2814 3221 2877 dicitur,
3249 2814 3522 2884 quondam
3553 2829 3581 2867 a
3608 2811 3819 2867 Tedniuo

2269 2905 2437 2960 milite
2466 2914 2656 2960 sancto
2679 2906 2840 2962 Petro
2872 2907 3078 2972 datam,
3107 2921 3205 2962 suo
3230 2906 3445 2962 cuidam
3481 2905 3636 2959 militi
3660 2903 3822 2971 injuste

2264 2996 2515 3059 dederat,
2571 3006 2625 3052 et
2656 3008 2851 3053 sancto
2879 2998 3039 3053 Petro
3087 2998 3403 3067 usurpando
3461 2997 3673 3053 tulerat.
3695 2994 3822 3062 Quod

2262 3087 2497 3143 audiens
2533 3087 2793 3159 praefatus
2833 3102 3052 3155 eomes,
3085 3087 3138 3143 id
3195 3101 3325 3158 egre
3355 3087 3497 3153 tulit,
3524 3096 3582 3142 et
3605 3100 3712 3143 rem
3737 3101 3821 3139 uoa

577 3198 807 3255 Paulum
852 3206 1200 3271 monachum,
1233 3180 1508 3262 vmisimus
1542 3180 1613 3263 ἐἰ
1652 3180 1869 3263 solidos
1920 3180 2168 3263 nnmmo-
2194 3208 2236 3265 C
2264 3188 2419 3236 “ac
2464 3190 2644 3236 “tam
2709 3180 3033 3249 corrigens’
3092 3180 3221 3237 meo
3280 3180 3597 3251 pumicum
3653 3189 3823 3237 “3mm

577 3300 700 3345 rum
723 3307 965 3362 xr.,quos
1001 3293 1049 3348 ei
1084 3296 1303 3350 tradidit
1326 3294 1497 3353 Blesis
1520 3308 1724 3365 castro,
1745 3299 1796 3353 in
1828 3298 1949 3354 vico
1980 3276 2166 3376 Viana;

576 3390 744 3450 super
769 3380 982 3453 Ligeris
1018 3384 1221 3454 ripam;
1252 3396 1307 3441 et
1352 3387 1494 3442 intra
1526 3397 1787 3454 castrum,
1821 3399 1949 3446 ante
1977 3389 2168 3465 accele-

574 3471 719 3524 ‘siam
777 3471 965 3527 Matris
1021 3472 1257 3542 Domini,
1290 3476 1506 3545 publice
1555 3477 1884 3533 calumniam
1941 3479 2164 3534 missam

576 3560 729 3626 fecit,
767 3577 873 3616 una
905 3578 1028 3617 cum
1071 3579 1241 3621 uxore
1299 3583 1396 3622 sua
1426 3568 1700 3638 Engucia,
1753 3578 1807 3624 et
1865 3569 2027 3626 unico
2057 3570 2167 3627 ﬁlio

574 3654 800 3710 nomine
824 3653 1117 3721 Rainaldo,
1158 3671 1261 3713 nec
1279 3674 1384 3713 non
1410 3668 1465 3713 et
1504 3658 1720 3716 ﬁliabus
1751 3659 1980 3723 duabus,
2005 3661 2166 3723 Berta

579 3749 789 3805 scilicet
840 3763 906 3804 ac
939 3750 1196 3819 Adeiina;
1232 3751 1416 3823 ibique
1442 3755 1541 3809 has
1590 3753 1804 3810 litteras
1835 3753 1999 3824 jussit
2027 3754 2164 3819 ﬁeri,

581 3834 638 3923 et
678 3857 773 3897 eas
798 3859 961 3900 manu
1008 3844 1229 3915 propria
1264 3842 1627 3915 manibusque
1660 3845 1902 3902 omnium
1943 3860 2165 3900 suorum

579 3933 926 3989 corroborari
958 3934 1142 4001 voluit,
1176 3951 1359 3991 coram
1388 3938 1738 3994 convicaueis
1782 3948 1837 3992 et
1881 3937 2166 3991 contribu-

578 4025 721 4081 libns
754 4028 887 4082 suis.
905 4027 1208 4085 Raimundo
1236 4029 1303 4083 de
1318 4029 1514 4084 Viana.
1535 4028 1835 4085 Teoderico
1866 4029 1933 4084 de
1965 4028 2168 4085 Sancto

580 4115 814 4172 Briceio.
846 4118 1156 4187 Gausfrido,
1181 4118 1291 4174 ﬁlio
1320 4118 1726 4177 Archemhaldi.
1750 4119 1866 4175 Pila
1903 4119 1970 4175 de
1990 4119 2162 4190 Lupo.

579 4208 846 4264 Rainaldo
906 4209 973 4265 de
1029 4210 1216 4267 Calido
1269 4210 1473 4267 Monte.
1530 4211 1761 4268 ilerveo.
1822 4211 2163 4266 Burchardo.

575 4292 895 4367 llaimerico
912 4300 1137 4357 decano.
1166 4300 1429 4367 liuberto,
1460 4301 1571 4356 ﬁlio
1592 4300 1850 4357 Gislardi.
1880 4301 2162 4371 Gunterio,
2258 4324 2267 4329 η

579 4386 697 4442 ﬁlio
727 4389 977 4445 Andreae.
1003 4389 1293 4459 Herberto,
1327 4390 1437 4448 ﬁiio
1464 4391 1714 4446 Teduini.
1746 4391 2020 4448 Rodberto
2055 4392 2166 4448 cle-
2264 4430 2269 4433 -

580 4480 720 4536 rico.
775 4479 1039 4538 llubcrto.
1097 4480 1397 4538 Bernardo.
1451 4480 1677 4538 Ernulfo
1716 4480 1906 4552 Nigro,
1961 4481 2163 4539 famulo

574 4565 730 4629 Pauli
756 4572 1057 4646 [monachi,
1102 4577 1194 4648 qui
1220 4577 1359 4631 hanc
1382 4586 1589 4632 cartam
1626 4575 1890 4649 scripsit].
1926 4597 1944 4629 ι
2142 4572 2147 4601 ³

578 4656 587 4685 έ
1111 4665 1512 4723 CAPITULUM
1550 4668 1639 4723 tv.

968 4756 1048 4811 De
1092 4757 1261 4813 banno
1303 4756 1558 4812 Bermerii
1598 4754 1771 4812 Villae.

1148 4850 1311 4919 (Ante
1340 4866 1391 4904 a.
1408 4850 1589 4921 l038.)
2140 4924 2143 4927 η

656 4961 677 4995 ι
721 4943 956 4999 Domino
991 4942 1159 4998 Jhesu
1190 4941 1411 4998 Christo
1453 4956 1634 4997 rerum
1677 4943 1956 5000 conditore
1992 4945 2165 5015 presi-

579 5034 764 5088 dente.
799 5032 913 5103 Ego
939 5032 1078 5097 Odo,
1101 5032 1276 5103 gratia
1306 5032 1422 5099 Dei,
1448 5032 1716 5102 palatinus
1738 5050 1940 5101 comes,
1970 5051 2165 5105 paren-

568 5130 697 5179 tum
757 5140 1005 5181 meorum
1069 5123 1493 5179 munificentiam
1548 5136 1712 5194 atque
1774 5126 2162 5198 benignitatem

579 5227 842 5284 sequens,
870 5230 1034 5284 quam
1065 5230 1193 5286 erga
1223 5213 1399 5270 locum
1428 5215 1614 5271 Sancti
1641 5215 1787 5272 Petri
1810 5216 2165 5274 Carnotensis

568 5305 845 5361 “habuisse
878 5306 1112 5376 plurima
1145 5307 1386 5362 locorum
1412 5317 1469 5363 et
1494 5308 1730 5362 maxima
1763 5308 2015 5375 donaria,
2045 5324 2167 5378 quae

578 5394 761 5449 eidem
793 5395 910 5451 loco
951 5397 1317 5466 contulerunt,
1347 5407 1638 5463 testantur,
1673 5400 1929 5455 onmibus
1967 5409 2169 5455 sancta:

569 5486 681 5543 'Dei
715 5487 973 5543 aacciesias
1003 5487 1160 5554 filiis,
1215 5499 1325 5546 tam
1355 5490 1712 5561 praesentibus
1742 5506 1905 5561 quam
1947 5490 2164 5557 futuris,

568 5586 773 5643 ,notum
806 5593 940 5634 .esse
996 5580 1139 5649 volo,
1179 5582 1338 5651 quia,
1383 5581 1526 5636 inter
1570 5580 1677 5638 alia
1731 5580 1994 5637 beneﬁcia
2049 5595 2170 5650 qua:

586 5669 815 5737 contuli,
852 5687 956 5753 una
988 5686 1109 5727 cum
1136 5686 1401 5728 consensu
1433 5687 1679 5728 meorum
1731 5672 1970 5727 ﬁdelium
1990 5710 2004 5735 ,
2032 5686 2169 5726 con-v

2142 4572 2147 4601 ³
2190 4563 2244 4623 D

2262 3273 2480 3329 Sancto
2527 3273 2688 3329 Petro
2720 3272 2978 3335 reddidit.
3003 3281 3061 3328 et
3102 3273 3203 3329 has
3230 3272 3445 3330 litteras
3482 3272 3700 3330 nomine
3718 3284 3823 3341 pro-

2262 3366 2392 3435 prio
2427 3366 2846 3437 nominibusque
2902 3366 3199 3437 primatum
3238 3382 3460 3422 suorum
3510 3364 3823 3422 corroborari

2262 3456 2447 3529 jussit.
2479 3455 2821 3523 Gausfridus,
2853 3457 3270 3530 Andegavorum
3302 3472 3508 3513 comes.
3559 3455 3821 3512 Bartholo-

2264 3561 2453 3616 meus,
2511 3549 2957 3619 archiepiscopus
3030 3548 3393 3607 Turonorum.
3458 3547 3730 3605 Johannes
3774 3546 3828 3600 de

2268 3639 2512 3713 Cainone
2535 3655 2740 3707 castro,
2769 3642 2942 3698 frater
2984 3643 3403 3713 archiepiscOpi.
3436 3641 3529 3698 lvo
3568 3640 3704 3696 Mala
3746 3638 3827 3694 Co-

2262 3711 2431 3788 rona:
2483 3731 2837 3798 Teoderieus,
2890 3730 3035 3788 ﬁlius
3081 3711 3366 3802 Uubergze.
3425 3732 3718 3788 Raiualdus
3769 3729 3824 3784 de

2264 3822 2511 3880 Castellu
2535 3823 2811 3880 Gunterii.
2835 3824 3148 3881 Richardus
3194 3826 3264 3880 de
3290 3823 3531 3881 Castello
3560 3822 3826 3879 Landouis.

2260 3914 2619 3975 ,‘Guidbertus.
2648 3915 3005 3982 Godefridus,
3048 3916 3191 3973 ﬁlius
3245 3917 3566 3986 Ansgardis.
3594 3913 3829 3969 [tadulius

2266 4006 2338 4062 de
2394 4005 2540 4063 Malli
2591 4005 2749 4064 Villa.
2805 4007 2889 4064 Ex
2939 4009 3193 4065 nostris:
3241 4006 3566 4064 Gausfridus
3614 4006 3827 4060 Bicotus.

2269 4094 2558 4153 Gilduinus
2602 4096 2798 4166 major.
2833 4096 3134 4154 Landricus
3186 4099 3382 4169 major.
3419 4095 3714 4153 Walterius
3745 4094 3833 4151 cle-

2270 4200 2445 4240 ιἰευδ.
2491 4204 2510 4237 ι

2792 4279 3191 4339 CAPITULUM
3233 4281 3320 4337 Vi.

2554 4371 2635 4428 De
2682 4371 2879 4428 vicaria
2921 4373 3378 4430 Ermeuteriarum
3412 4373 3571 4432 υίιιω.

2818 4474 2983 4545 (Ante
3009 4473 3266 4545 a.1070.)

2352 4589 2372 4625 ο
2400 4572 2457 4627 In
2486 4573 2706 4629 nomine
2717 4572 2929 4630 Domini
2958 4574 3312 4631 nostrilhesu
3328 4573 3531 4630 Christi
3551 4572 3833 4630 conditoris

2262 4666 2511 4723 ‘omnium
2544 4681 2748 4722 rerum.
2796 4667 2911 4737 Ego
2952 4667 3278 4734 Landricus,
3331 4668 3506 4737 gratia
3550 4665 3645 4722 Dei
3686 4666 3831 4721 abbas

2269 4758 2503 4814 emnohii
2518 4758 2703 4814 Sancti
2727 4756 2872 4814 Petri
2885 4758 3427 4829 Carnotensis,atque
3446 4774 3639 4815 omnes
3655 4756 3830 4813 fratres

2252 4838 2472 4917 quibus
2517 4861 2744 4917 preesse
2783 4846 2993 4915 videor,
3032 4856 3220 4904 notum
3244 4846 3364 4902 fore
3404 4847 3654 4903 volumus
3679 4843 3833 4902 omni-

2271 4939 2376 4994 bus
2404 4938 2675 5006 ﬁdeiibus,
2702 4948 2813 4993 tam
2839 4940 3122 5010 praesentis
3141 4954 3305 5010 quam
3335 4939 3504 4995 futuri
3529 4938 3655 5006 aevi,
3686 4933 3829 5006 quod,

2270 5039 2560 5101 postquam
2584 5030 2654 5085 ab
2685 5030 3132 5087 antecessoribus
3158 5030 3364 5086 nostris
3386 5028 3834 5085 Ermenteriarum

2266 5120 2414 5187 villa,
2444 5130 2570 5177 tunc
2623 5121 3012 5187 inhabitabilis,
3056 5138 3179 5179 cum
3209 5121 3477 5189 ecclesia,
3509 5123 3577 5177 de
3624 5118 3834 5192 quodam

2259 5212 2468 5279 milite,
2518 5211 2795 5268 Bosceliui
2839 5223 3023 5283 patre,
3070 5214 3213 5269 sicut
3271 5215 3326 5268 in
3374 5213 3613 5269 archivis
3655 5210 3835 5268 nostris

2258 5306 2500 5362 habetur
2522 5306 2806 5375 scriptum,
2836 5305 2987 5360 omni
3024 5306 3635 5372 consuetudinelibera,
3658 5309 3836 5375 prater

2272 5396 2408 5453 duos
2442 5395 2645 5452 solidos
2675 5411 3021 5452 nummorum
3048 5398 3116 5452 de
3143 5397 3391 5453 custodia
3416 5404 3474 5453 et
3503 5395 3829 5467 pasnadium,

2262 5486 2379 5544 fuit
2406 5499 2616 5560 empta;
2650 5499 2732 5545 set
2758 5489 2898 5544 idem
2937 5489 3278 5554 Roseelinus,
3308 5488 3639 5545 inreverenti
3680 5495 3735 5542 et
3765 5484 3837 5538 iu-

2277 5578 2476 5637 frunito
2521 5581 2702 5635 animo
2749 5582 2945 5646 victus,
2990 5587 3114 5651 post
3164 5579 3564 5644 venditionem,
3596 5574 3835 5633 vicariam

2276 5669 2517 5742 ejusdem
2553 5670 2693 5728 villae
2730 5686 2995 5742 usurpare
3040 5687 3149 5733 non
3197 5670 3438 5728 erubuit.
3482 5668 3583 5739 Qui
3641 5666 3836 5724 tandem

659 5801 806 5874 (165)
853 5806 1061 5876 Vulgat.
1114 5808 1169 5866 in
1215 5806 1356 5865 Call.
1404 5809 1633 5871 Christ”
1689 5818 1726 5863 ι.
1782 5807 1913 5869 Vill,
1967 5808 2151 5869 instr..
2197 5805 2300 5863 col.
2336 5805 2465 5861 309..
