3890 6302
172 335 262 393 277

812 323 1038 383 verus
1067 323 1319 382 nemo.
1347 355 1419 384 —_—
1447 325 1576 383 us.
1615 327 1726 384 vu.
1764 325 2160 385 LANDRICUS
2186 324 2274 382 ET
2303 297 2701 384 invasurus.

3266 332 3370 388 278
3386 379 3400 396 ,,

170 441 416 501 moriendo
441 438 790 509 resipiscens,
814 454 918 510 pro
938 439 1128 496 animae
1155 446 1266 494 suae
1285 437 1545 502 remedio,
1575 452 1698 492 cum
1727 440 1774 500 Α
1805 446 1996 526 nostro
2051 437 2314 526 beneﬁcio
2366 437 2509 509 quod
2584 435 2820 508 possidet
2843 471 2891 503 ,ι
2924 437 3240 508 ampliﬁcet;
3261 499 3266 522 η,
3316 451 3373 526 et

163 547 354 591 assensu
377 530 564 585 domus
609 545 747 594 suae,
797 529 1004 586 Sancto
1045 529 1206 586 Petro
1245 528 1496 584 reddidit.
1535 529 1699 599 Cujus
1799 525 2060 594 quidquid
2102 527 2150 581 ei
2187 525 2436 583 conferre
2487 534 2541 581 et
2588 540 2829 581 annuere
2875 526 3125 594 voluerit,
3180 529 3252 584 ita
3301 525 3373 588 sit

163 625 278 679 ﬁlius
299 619 471 676 Teudo
507 627 722 688 postea,
752 636 926 691 pravo
951 620 1174 676 consilio
1201 635 1446 684 suorum,
1468 618 1696 674 eandem

159 711 380 768 vicariam
403 724 496 780 per
521 725 719 765 sonum
765 726 1041 781 campanae
1079 709 1336 767 tecclesiaa
1374 725 1588 764 rursum
1614 708 1696 764 in-

156 803 288 857 vasit.
307 799 498 854 Verum
553 809 738 856 tamen
763 841 780 866 ,
804 816 836 856 a
868 802 1092 858 Warino
1130 801 1416 866 monacho,
1441 800 1694 870 precibus

154 891 306 948 multis
321 897 596 955 exoratus,
626 893 870 962 acceptis
900 893 1022 948 inde
1045 891 1231 948 solidis
1266 906 1607 946 nummorum
1632 906 1688 959 χ,

150 983 289 1051 ipsam
317 979 602 1046 vicariam,
649 996 811 1050 quam
865 981 1066 1051 injuste
1111 981 1403 1046 invaserat,
1432 980 1688 1051 gurpivit,

149 1072 321 1128 habens
361 1085 543 1124 secum
579 1070 864 1139 Hogonem
911 1071 976 1126 de
1022 1070 1343 1127 Manselaria
1393 1081 1447 1125 et
1477 1071 1684 1128 Walte-

147 1164 260 1218 riuni
283 1160 627 1216 Christallum
658 1163 724 1217 de
747 1162 1099 1218 Senunchiis.
1127 1163 1328 1218 Deinde
1354 1162 1513 1233 hujus
1541 1163 1686 1217 Ten-

145 1253 270 1310 doois
295 1253 520 1306 (hornus
538 1253 822 1321 Albertus,
853 1253 1060 1310 Ribaldi
1085 1253 1248 1320 ﬁlius,
1276 1254 1508 1325 quadam
1529 1269 1687 1309 occa-

142 1345 264 1398 sione
293 1352 536 1410 accepta,
589 1342 849 1413 praefatos
885 1345 1021 1399 duos
1082 1344 1282 1399 solidos
1337 1359 1684 1399 nummorum

141 1447 236 1488 cum
258 1429 512 1501 pasnadio
533 1439 594 1486 et
615 1432 790 1501 ipsam
819 1433 1080 1488 vicariam
1128 1435 1241 1489 suis
1269 1434 1455 1489 usibus
1479 1434 1686 1488 manci-

137 1523 270 1593 pavit.
317 1520 450 1588 Qui,
518 1536 650 1576 cum
697 1537 794 1592 per
841 1522 1111 1593 plusculos
1168 1537 1339 1580 annos
1389 1525 1681 1587 tenuisset,

137 1623 288 1669 nocte
333 1613 493 1669 Petro
559 1613 814 1683 apostolo
864 1615 1010 1669 hanc
1056 1615 1230 1684 ipsam
1273 1613 1550 1678 vicariam,
1587 1629 1684 1684 pro

135 1706 295 1761 animae
313 1720 419 1760 sua
459 1705 669 1771 salute,
688 1705 817 1774 jure
839 1715 1100 1776 perpetuo
1125 1705 1534 1776 possidendam,
1560 1711 1684 1762 red-

1794 613 2022 672 liberum
2049 627 2210 687 atque
2239 618 2306 674 ab
2335 617 2481 674 omni
2503 617 2790 687 judiciaria
2812 627 3081 690 potestate
3108 603 3367 690 solutum;

1793 715 1852 760 ut
1899 706 2039 761 idem
2099 708 2270 764 ﬁdelis
2316 718 2501 766 noster
2541 709 2819 776 Alhertus,
2860 719 3084 766 actenus
3137 728 3167 767 a
3213 713 3371 770 nobis

1792 797 1967 853 tenuit
2010 797 2240 852 liberum
2277 810 2440 870 atque
2498 801 2754 866 solutum,
2809 803 3065 873 quatinus
3112 806 3369 860 monachi

1791 885 1990 941 ibidem
2047 887 2157 942 Deo
2214 887 2572 955 famulantes,
2635 890 2755 946 sine
2805 890 2932 946 'ulla
2996 891 3372 961 inquietudine

1792 976 2078 1046 cujuslibet
2133 981 2399 1037 secularis
2435 982 2695 1048 hominis,
2743 992 2933 1039 noctes
2981 985 3205 1053 diesque
3241 1000 3370 1042 ora-

1789 1069 2026 1124 tionibus
2051 1068 2364 1128 insistentes
2395 1073 2622 1144 aliisquc
2667 1075 2824 1130 bonis
2859 1076 3115 1144 operibus
3141 1090 3370 1131 vaccan-

1789 1174 1890 1232 tes,
1925 1171 2172 1240 quietam
2213 1173 2378 1236 agant
2429 1165 2618 1220 vitam.
2647 1164 2858 1221 Placuit
2912 1182 3042 1238 ergo
3088 1168 3366 1222 serenitati

1788 1269 2036 1325 nostrae,
2111 1255 2436 1312 auctoritate
2490 1256 2634 1326 regia
2663 1295 2679 1321 ,
2739 1256 3061 1313 interdicere
3118 1273 3188 1312 ne
3245 1259 3368 1328 quis

1788 1363 2068 1417 umquam,
2112 1363 2212 1418 per
2269 1346 2614 1402 succedentia
2663 1354 2938 1418 tempora,
2987 1348 3116 1403 huic
3166 1357 3367 1403 nostra:

1786 1437 2170 1493 muniﬁcentiae
2190 1437 2340 1507 aperi
2367 1435 2510 1506 quod
2532 1436 2798 1501 cudimus,
2818 1438 2998 1509 aliqua
3033 1440 3362 1504 temeritate,

1787 1536 2076 1597 praesumat
2101 1527 2406 1591 contraire;
2440 1540 2614 1596 neque
2636 1528 2702 1582 de
2724 1528 2884 1584 rebus
2915 1544 3052 1599 quas
3071 1529 3186 1600 jam
3217 1531 3365 1586 dedit

1788 1619 1872 1673 vel
1930 1619 2155 1674 daturus
2216 1627 2302 1674 est
2352 1617 2592 1689 praelatae
2644 1619 2901 1673 ecclesiae
2953 1619 3124 1676 ﬁdelis
3178 1631 3384 1677 noster.

1785 1710 2062 1777 Alhertus,
2107 1709 2223 1766 sive
2251 1708 2342 1764 alii
2375 1709 2642 1773 homines,
2680 1723 2781 1764 nec
2827 1709 2880 1763 in
2917 1725 3112 1781 magno
3158 1728 3259 1769 nec
3306 1713 3363 1768 in

135 1796 261 1860 didit,
285 1809 345 1850 ac
370 1795 508 1851 duos
537 1799 842 1868 praedictos
867 1798 1091 1865 solidos,
1115 1813 1240 1854 cum
1269 1799 1532 1869 pasnadio
1561 1813 1679 1864 suo,
1716 1798 1756 1856 Β
1787 1815 1954 1869 parvo
1988 1800 2234 1856 minuere
2263 1799 2488 1864 audeat;
2518 1813 2692 1868 neque
2727 1798 2886 1869 hujus
2904 1800 3161 1856 tecclesiaa
3182 1802 3362 1858 homi-

136 1890 308 1944 cuidam
352 1890 496 1947 ﬁdeli
525 1890 763 1947 lsnardo
802 1892 869 1947 de
895 1891 1032 1948 Mori
1083 1892 1284 1948 Vitiare
1329 1893 1682 1948 condonavit.

133 1977 266 2047 Hujus
293 1980 363 2034 rei
387 1989 558 2035 testes
583 1991 716 2036 sunt
750 1999 764 2036 :
795 1981 1004 2046 Guado,
1023 1980 1176 2053 Rogo
1205 1982 1511 2049 Drocensis,
1547 1982 1685 2038 ller-

133 2071 280 2126 bertus
303 2071 366 2127 de
387 2072 696 2129 Bnrseriis.
727 2073 876 2130 Dodo
911 2074 1261 2130 senescallus.
1299 2092 1317 2125 ι

182 2160 676 2220 ιιιΐει-ἰυε’ἀίρθιηιιε
719 2165 787 2221 de
827 2166 990 2222 rebus
1027 2183 1148 2238 qua:
1174 2167 1369 2222 addita:
1404 2177 1532 2224 sunt
1560 2167 1682 2224 loco

129 2261 278 2309 oestro
297 2268 326 2307 a
348 2253 462 2310 viro
485 2256 859 2326 nobilissimo,
888 2257 1109 2313 Alberto
1130 2258 1375 2314 nomine.

596 2364 1006 2424 CAPITULUM
1047 2368 1154 2424 VII.

129 2450 186 2504 Dc
224 2455 357 2507 rebus
392 2455 539 2510 datis
591 2467 644 2510 et
705 2458 942 2512 (ecclesia
991 2458 1117 2512 data
1164 2457 1359 2514 Sancto
1405 2457 1564 2513 Petro
1613 2460 1678 2514 ab

263 2524 484 2590 Alberto,
515 2543 618 2596 per
645 2545 960 2582 consensum
993 2530 1126 2599 regis
1155 2539 1204 2582 et
1241 2529 1495 2600 apicibus.

658 2619 830 2689 (Ante
848 2619 1096 2689 a.lOﬁl.)

176 2704 192 2724 ⁶
213 2721 234 2754 ‹
263 2703 403 2775 (165)
432 2706 491 2762 ln
519 2709 758 2764 nomine
808 2718 1010 2765 sanctze
1036 2721 1090 2763 et
1123 2709 1409 2764 individua:
1437 2707 1675 2764 Trinita-

128 2793 192 2848 tis.
215 2795 314 2868 Ego
359 2798 641 2856 Henricus
676 2801 851 2871 gratia
885 2801 978 2856 Dei
1027 2801 1360 2874 Francorum
1393 2817 1508 2856 rex.
1537 2801 1671 2857 Cum

127 2887 282 2957 regalis
307 2889 500 2946 solium
531 2893 826 2964 dignitatis
868 2877 1152 2962 multiplex
1202 2893 1464 2948 virtutum
1492 2893 1671 2948 cultus

126 2991 330 3048 exornet,
351 2981 663 3040 liberalitas
699 2994 878 3040 tamen
906 2994 961 3040 et
989 2986 1357 3040 muniﬁcentia
1403 2987 1546 3041 inter
1572 2987 1672 3042 has

127 3071 390 3140 precipuum
435 3074 626 3130 locum
667 3085 836 3143 tenet,
865 3091 1094 3146 quarum
1127 3075 1350 3132 elfectus
1377 3077 1669 3133 multorum

1787 1905 1882 1945 nes
1905 1890 2152 1946 corvedis
2182 1895 2425 1960 premat;
2457 1903 2632 1959 neque
2681 1889 2861 1945 hanno
2879 1929 2896 1954 ,
2921 1905 3097 1959 neque
3125 1891 3359 1957 teloneo,

1785 1995 1959 2050 neque
1982 1980 2206 2046 vicaria,
2228 1995 2401 2050 neque
2430 1980 2712 2034 exactione
2751 1979 2990 2049 qualibet
3029 1989 3237 2049 gravet,
3271 1992 3364 2036 aut

1785 2068 2068 2135 sollicitet;
2101 2077 2185 2124 set
2220 2069 2374 2123 liberi
2407 2069 2474 2123 ab
2519 2069 2664 2122 omni
2709 2069 3104 2124 consuetudine
3143 2069 3358 2124 secula-

1783 2161 1922 2216 riutn
1951 2154 2255 2224 hominum,
2289 2159 2464 2214 securi
2499 2173 2560 2213 ac
2586 2159 2738 2212 liberi
2773 2159 3076 2215 inhabitent
3101 2170 3156 2216 et
3177 2175 3364 2215 mona-

1782 2251 1900 2308 chis
1945 2249 2182 2321 prmfatte
2211 2250 2468 2306 :ecclesiaa
2524 2251 2785 2316 serviant,
2815 2260 2870 2305 et
2893 2267 2988 2306 sua
3017 2252 3197 2307 debita
3229 2267 3358 2322 per-

1783 2341 2014 2396 solvant.
2041 2340 2193 2408 Quod
2222 2341 2264 2394 si
2291 2341 2415 2412 quis
2446 2351 2790 2409 presumptor
2811 2350 2903 2394 aut
2924 2341 3382 2396 insanuscontra.

1781 2434 1920 2489 hanc
1952 2434 2329 2490 auctoritatem
2367 2442 2606 2488 nostram
2637 2443 2837 2488 temere
2870 2433 3160 2502 quicquam
3191 2447 3354 2502 agere

1781 2525 2152 2596 presumserit,
2178 2525 2566 2594 quinquaginta
2600 2523 2764 2577 libras
2816 2522 3086 2593 persolvat
3127 2525 3266 2585 auri,
3300 2533 3378 2578 et

1779 2616 1895 2687 ejus
1962 2616 2209 2672 inelIicax
2266 2624 2544 2671 remaneat
2607 2624 2852 2671 conatus.
2916 2615 3125 2670 Placuit
3187 2615 3352 2670 etiam

1779 2718 1978 2763 nostra:
2038 2708 2224 2778 pietati
2278 2707 2403 2760 huic
2466 2705 2616 2774 operi
2687 2707 2886 2760 addere
2937 2714 3098 2774 atque
3147 2714 3380 2764 cartam,

1778 2801 2153 2866 subscribere,
2180 2800 2380 2855 factam
2405 2797 2651 2868 jussione
2681 2796 2855 2851 ﬁdelis
2902 2797 3070 2852 nostri
3121 2797 3350 2861 Alberti,

1777 2894 1844 2947 de
1873 2893 2038 2948 rebus
2073 2907 2210 2962 quas
2247 2892 2361 2962 ipse
2409 2890 2523 2962 jam
2561 2887 2707 2943 dedit
2737 2886 2960 2956 prefatre
3013 2887 3270 2944 :ecclesize
3295 2898 3351 2943 et

1777 2997 1913 3052 quas
1959 2991 2082 3051 post
2140 2990 2368 3036 mortem
2420 2978 2665 3050 corporis
2721 2975 3027 3046 relinquere
3088 2978 3346 3042 decrevit,

1776 3089 1981 3128 necnon
2020 3081 2072 3127 et
2095 3081 2272 3126 cetera
2303 3072 2442 3126 dona
2491 3085 2611 3140 quze
2639 3085 2738 3124 suo
2767 3084 2991 3125 assensu
3018 3069 3204 3125 ﬁdeles
3229 3068 3349 3138 ejus

125 3163 494 3222 necessitatibus
514 3136 927 3224 condescendat
948 3179 1002 3223 et
1023 3169 1294 3239 jnstorum
1321 3169 1669 3238 petitionibus
1695 3136 1740 3198 Ο
1775 3166 1953 3236 largiti
1983 3174 2127 3229 sunt,
2154 3173 2232 3228 ut,
2259 3163 2309 3218 in
2339 3163 2487 3219 calce
2516 3162 2684 3232 ipsius
2706 3171 2893 3217 nosuo
2935 3162 3151 3216 nomine
3173 3163 3348 3216 nomi-

125 3254 394 3311 satislaciat.
429 3256 641 3314 Notum
674 3260 752 3314 sit
784 3274 914 3330 ergo
939 3260 1192 3315 omnibus
1231 3270 1432 3316 sanctae
1479 3261 1671 3315 matris

125 3342 334 3400 ecclesia:
367 3345 630 3405 ﬁdelibus
661 3358 721 3405 et
746 3350 967 3414 nostris,
996 3359 1105 3403 tam
1138 3351 1479 3420 presentibus
1504 3366 1668 3420 quam

123 3431 370 3505 etiutut'is,
394 3439 545 3508 quod
580 3441 813 3509 quidam
856 3456 1009 3496 meus
1050 3441 1249 3506 ﬁdelis,
1286 3441 1541 3496 Albertus
1570 3459 1669 3497 no-

123 3523 254 3586 mine,
277 3525 416 3583 ﬁlius
437 3529 662 3586 scilicet
691 3530 926 3596 Ribaldi,
958 3529 1281 3587 nobilissimi
1311 3531 1443 3598 viri,
1470 3543 1669 3586 nostra:

122 3614 386 3672 serenitatis
414 3618 556 3673 adiit
586 3621 946 3689 presentiam,
964 3637 1161 3693 rogans
1188 3630 1243 3675 ct
1261 3621 1459 3677 obnixe
1484 3633 1668 3691 postu-

122 3697 228 3767 laus,
258 3713 329 3771 ut,
358 3707 526 3778 regali
563 3709 778 3780 pietate
829 3722 1026 3766 nostra:
1071 3710 1452 3767 muniﬁcentia:
1479 3727 1665 3766 aurem

122 3797 441 3864 assentando,
503 3801 628 3855 suis
686 3801 941 3870 precibus
986 3800 1246 3854 inclinare
1285 3801 1662 3871 dignarentur;

120 3893 340 3949 quatenus
367 3891 514 3958 quod
534 3933 550 3956 ,
580 3891 695 3946 Deo
726 3891 1042 3960 inspirante,
1072 3889 1383 3945 maturabat
1413 3892 1664 3962 implere,

123 3985 280 4031 nostrre
325 3979 678 4036 liberalitatis
733 3996 994 4050 assensu,
1053 3983 1120 4037 ad
1168 3982 1416 4040 ell'ectum
1467 3985 1666 4042 ducere

122 4065 342 4132 quivisset
389 4090 404 4125 :
436 4073 706 4128 videlicet
737 4084 798 4129 ut
840 4075 1110 4144 quandam
1143 4078 1468 4145 meclesiam,
1501 4095 1663 4150 quam

122 4164 242 4220 pater
263 4158 393 4227 ejus,
420 4162 608 4219 ﬁdelis
642 4174 831 4220 noster
859 4165 1138 4235 Bibaldus,
1173 4168 1227 4222 in
1264 4169 1471 4225 honore
1515 4170 1663 4226 beati

122 4244 326 4306 Genuam
355 4255 838 4314 Altissioderensis
892 4261 1157 4332 episcopi,
1204 4263 1661 4320 cementariorum

121 4349 266 4405 Opere,
292 4342 344 4398 in
391 4345 747 4406 Bruerolensi
796 4351 931 4418 vico,
965 4367 1063 4424 pro
1106 4351 1280 4410 salute
1323 4353 1518 4411 animae
1547 4368 1662 4416 suae

122 4440 480 4501 construxerat,
507 4442 662 4510 regia
689 4441 906 4512 quidem
933 4445 1227 4511 voluntate,
1245 4447 1433 4504 liceret
1457 4449 1504 4504 ei
1529 4451 1660 4507 dare

1777 3257 2046 3324 nihusqoe
2075 3256 2365 3324 primatum
2394 3263 2700 3308 nostrorum
2729 3262 2890 3321 atque
2924 3253 3084 3323 regite
3110 3254 3347 3323 digni:.a-
3372 3301 3378 3310 .

1778 3349 1846 3402 tis
1876 3346 2054 3417 sigillo
2083 3346 2453 3411 corroborata,
2487 3353 2601 3398 rata
2631 3352 2684 3398 et
2719 3342 2971 3399 inviolata
2997 3344 3050 3398 in
3079 3355 3343 3400 aeternum
3370 3391 3378 3406 ,.

1772 3450 2145 3510 permaneant.

1848 3553 1865 3585 ι
1897 3533 1978 3587 Ad
2006 3547 2256 3588 occasum
2284 3540 2476 3587 cuncta
2499 3530 2706 3585 ruitura
2735 3530 3000 3586 secularia
3021 3573 3036 3598 ,
3070 3540 3125 3586 et
3145 3547 3176 3585 e
3203 3547 3335 3588 con-

1775 3625 1944 3679 trario
1967 3623 2213 3679 cmlestia
2235 3622 2567 3677 mtcrnaliter
2609 3637 2888 3686 mansura,
2918 3622 3220 3677 divinorum
3251 3638 3344 3678 vo-

1770 3716 2034 3769 luminum
2068 3723 2296 3768 testatur
2322 3714 2609 3784 scriptura.
2635 3713 2869 3783 Precipit
2915 3729 3044 3784 ergo
3073 3713 3343 3780 ﬁdelibus,

1769 3804 2180 3858 Christicrnore
2197 3803 2510 3871 redemptis,
2527 3810 2605 3866 ut,
2623 3803 2800 3858 dando
2818 3802 3028 3868 viliora,
3043 3803 3346 3872 adipiscan-

1772 3902 1860 3946 tnr
1883 3893 2168 3948 nobiliora.
2191 3892 2342 3948 Unde
2366 3908 2464 3962 ego
2491 3892 2762 3957 Albcrtus,
2781 3891 3100 3947 nobilissimi
3129 3892 3345 3948 Ribaldi

1771 3984 1936 4051 ﬁlius,
1963 3984 2188 4054 cupiens
2217 3983 2520 4038 caelestium
2572 3984 2806 4038 naccisci
2857 3985 3209 4047 consortium,
3258 3985 3342 4038 fa-

1770 4084 1931 4130 vente
1954 4090 2070 4129 mea
2093 4075 2377 4128 carissima
2409 4074 2660 4144 conjuge,
2689 4075 2942 4130 Adelaisa
2970 4075 3215 4141 nomine,
3245 4092 3344 4147 pro

1770 4163 2054 4218 animabus
2067 4163 2269 4218 nostris
2286 4172 2679 4234 parentumque
2693 4173 3021 4229 nostrorum,
3037 4164 3258 4219 liberam
3274 4167 3342 4221 ab

1769 4255 1913 4308 omni
1941 4253 2208 4308 calumnia
2234 4254 2610 4308 universorum
2641 4254 2917 4308 hominum
2945 4255 3246 4316 aecclcsiam
3275 4263 3344 4319 de

1766 4345 2110 4406 Bruerolensi
2135 4346 2275 4413 vico,
2304 4362 2464 4420 quam
2496 4353 2650 4422 pater
2677 4366 2825 4406 meus
2859 4352 2911 4406 in
2940 4353 3144 4407 honore
3170 4355 3346 4408 sancti

1767 4443 2023 4499 Germani
2050 4444 2286 4515 episc0pi
2315 4445 2636 4509 construxit,
2665 4459 2787 4498 cum
2819 4445 2956 4499 atrio
2981 4453 3035 4500 et
3070 4445 3344 4516 sepultura

121 4515 247 4575 beato
270 4523 446 4593 Petro,
478 4532 856 4600 apostolorum
885 4535 1138 4606 principi,
1164 4546 1218 4591 et
1247 4540 1528 4594 monachis
1554 4541 1657 4598 sibi
1688 4523 1737 4581 Ι)
1769 4549 1831 4588 ac
1866 4533 2077 4589 decima
2112 4534 2280 4605 ipsius
2309 4535 2563 4590 {ecclesiae
2584 4575 2599 4599 ,
2633 4551 2754 4605 qua:
2784 4536 2836 4590 in
2872 4551 3035 4590 manu
3064 4515 3180 4592 mea
3223 4551 3344 4592 esse

121 4606 465 4675 famulantibus
513 4623 569 4676 in
602 4625 849 4680 cmnohio
873 4628 1015 4696 quod
1048 4629 1212 4684 situm
1237 4639 1324 4685 est
1358 4647 1463 4686 non
1501 4631 1658 4705 longe

120 4717 143 4753 a
163 4707 404 4765 menibus
429 4710 748 4769 Carnotinte
797 4717 984 4785 urbis;
1015 4728 1177 4790 atque
1228 4736 1297 4776 ex
1333 4721 1494 4778 rebus
1522 4739 1661 4793 quas

121 4803 168 4842 ex
191 4805 356 4852 nostro
408 4801 680 4858 beneﬁcio
725 4805 1001 4874 possidere
1047 4809 1351 4878 videbatur,
1373 4811 1656 4881 praefatam

123 4882 400 4955 ecclesiam,
429 4900 540 4944 tam
595 4895 709 4962 ipse
763 4912 923 4965 quam
978 4896 1094 4968 ejus
1147 4899 1353 4966 ﬁdeles,
1408 4917 1507 4971 pro
1560 4902 1660 4961 Dei

123 4985 289 5042 amore,
317 4989 502 5035 nostra
536 4982 818 5042 favorabili
847 4975 1130 5044 clementia
1159 4989 1492 5061 locupletare
1519 4994 1658 5050 libe-

122 5064 269 5122 ralimr
292 5072 614 5141 quivissent.
660 5075 826 5146 Cujus
857 5078 1060 5148 justam
1104 5096 1171 5137 ac
1211 5082 1322 5138 Deo
1366 5096 1650 5155 acceptam

123 5159 394 5253 petitionem
440 5166 786 5236 judicantes,
835 5185 960 5226 cum
1006 5173 1260 5244 episcopo
1288 5175 1558 5244 Agoberto
1598 5177 1654 5233 in

122 5250 240 5312 cujus
266 5250 460 5309 diocesi
491 5257 738 5312 tecclesia
770 5259 955 5316 eadem
977 5271 1081 5329 est,
1111 5278 1319 5319 necnon
1347 5274 1402 5319 et
1422 5265 1656 5322 oblima-

123 5334 233 5391 libus
257 5347 453 5400 nostris
480 5347 579 5416 qui
627 5349 907 5404 nobiscum
937 5361 1232 5420 praesentes
1259 5354 1518 5421 aderant,
1573 5357 1653 5410 di-

123 5439 250 5495 gnum
276 5433 546 5502 duximus,
573 5454 674 5508 pro
697 5451 873 5495 nostra
897 5442 1066 5498 salute
1085 5451 1141 5502 et
1162 5444 1474 5515 integritate
1498 5447 1658 5518 regni

127 5525 290 5616 nostri,
320 5543 604 5584 assensum
653 5532 888 5601 praebere
936 5535 1221 5590 intentioni
1267 5553 1399 5592 sure.
1455 5537 1654 5592 Damus

126 5614 271 5681 Mue
290 5616 334 5670 ei
371 5617 678 5683 licentiam,
707 5629 830 5678 utet
856 5636 1209 5682 memoratam
1236 5627 1560 5694 :ecclesiam,
1584 5642 1654 5684 ex

1767 4624 1998 4686 videtur,
2031 4623 2232 4680 Sancto
2253 4625 2415 4680 Petro
2441 4628 2674 4681 ccenobii
2701 4627 3047 4682 Carnotensis
3070 4628 3338 4694 concedo;

1762 4725 1822 4772 ut
1862 4717 2114 4773 monachi
2160 4718 2329 4787 ipsius
2363 4718 2630 4784 caanohii,
2659 4719 2728 4774 ab
2769 4719 2870 4774 hac
2908 4719 2996 4773 die
3037 4718 3091 4772 in
3139 4726 3296 4772 antea
3321 4757 3338 4780 ,

1760 4811 1988 4865 eandem
2021 4809 2322 4865 ecclesiam
2358 4811 2610 4876 habeant,
2643 4819 2862 4865 teneant
2896 4818 2952 4864 et
2981 4809 3036 4862 in
3079 4818 3353 4872 aeternum

1761 4899 2092 4970 possideant.
2131 4900 2317 4956 Altare
2352 4916 2565 4970 quoque
2592 4900 2831 4969 ejusdem
2867 4897 3122 4954 accclesite
3143 4939 3168 4962 ,
3195 4898 3344 4968 quod

1761 4991 1829 5046 ah
1866 4990 2120 5064 episcopo
2156 4991 2473 5048 Carnotensi
2513 5006 2728 5062 semper
2767 4990 2818 5045 in
2857 4991 2976 5044 [evo
3020 4999 3293 5045 tenueram
3319 5032 3338 5059 ,

1761 5083 1886 5138 huic
1914 5083 2186 5153 largitioni
2219 5099 2351 5138 mete
2375 5083 2604 5137 domnus
2631 5098 2781 5136 meus
2797 5082 3100 5153 Agohertus
3123 5082 3340 5150 episco-

1759 5188 1890 5243 pus,
1933 5188 2038 5226 una
2077 5189 2200 5228 cum
2243 5188 2466 5227 assensu
2503 5172 2884 5228 canonicorum
2929 5172 3019 5240 qui
3057 5187 3178 5226 cum
3222 5173 3338 5242 ipso

1759 5273 1916 5319 erant
1943 5264 2152 5330 Drocis,
2183 5264 2235 5318 in
2266 5264 2414 5318 curia
2450 5262 2614 5331 regis,
2649 5262 2874 5328 addidit,
2907 5263 3165 5333 petitione
3193 5261 3344 5329 Lan-~

1756 5355 1892 5409 drici
1923 5355 2136 5410 ahhatis
2163 5363 2216 5409 et
2257 5362 2440 5408 nostra
2472 5352 2666 5408 ﬂexus.
2704 5353 2834 5407 Item
2858 5393 2875 5420 ,
2912 5368 3134 5410 censum
3168 5353 3342 5423 ipsius.

1757 5445 1860 5499 vici
1889 5460 2013 5500 cum
2055 5443 2263 5499 decima
2301 5441 2526 5497 mercati
2571 5443 2846 5509 concedo,
2884 5451 2940 5499 et
2977 5443 3229 5513 quicquic
3265 5457 3336 5514 ex

1757 5535 1902 5590 omni
1947 5549 2142 5604 genere
2180 5533 2423 5598 olerum,
2459 5547 2552 5586 seu
2592 5547 2901 5603 pomorum,
2947 5540 3120 5602 potest
3160 5529 3334 5600 accipi

1755 5623 1876 5695 jure
1912 5625 2154 5691 mercati,
2188 5639 2394 5680 necnon
2423 5633 2479 5680 et
2506 5624 2763 5696 pugillum
2791 5623 2918 5680 salis
2946 5623 3038 5696 qui
3063 5621 3334 5699 colligitur

178 5762 298 5837 (165)
349 5770 490 5830 Edit.
551 5773 608 5829 in
670 5771 798 5830 Gali.
851 5777 1076 5849 Cluith,
1134 5790 1174 5836 t.
1227 5779 1374 5848 Vill,
1432 5781 1616 5851 instr.,
1647 5780 1751 5840 col.
1783 5781 1906 5836 30!.
