3842 6308
484 338 592 396 9.79

1337 319 1543 377 PAULI
1582 317 1642 374 S.
1672 315 1876 372 PETRI
1910 307 2397 371 CABNOTENSIS
2432 303 2741 362 MONAClll

485 456 557 512 ab
581 457 903 518 unoquoque
933 424 1209 499 salinario.
1241 437 1403 499 Item,
1433 436 1564 489 duas
1610 438 1791 504 partes
1829 429 1968 484 furui
1996 428 2056 518 iu
2089 431 2136 490 Α
2165 422 2504 518 confugerit,
2537 421 2588 475 in
2623 411 3671 518 inferno-trususpenasiuet

486 543 606 611 ipso
627 517 768 601 vico,
794 539 992 604 praeter
1011 542 1173 600 quem
1203 524 1339 580 alter
1369 523 1589 577 minime
1609 523 1681 576 sit
1703 520 1754 573 in
1784 527 1894 574 tota
1917 517 2059 572 villa.

485 631 643 695 Item,
668 637 793 698 post
813 622 1068 693 capitium
1096 617 1262 688 ipsius
1287 612 1562 678 accelesiae,
1587 612 1721 666 duos
1746 611 2089 680 agripenuos-

488 729 649 776 terrae
673 724 730 772 et
751 720 960 785 pratos,
988 721 1126 779 quos
1151 706 1252 760 sub
1283 705 1399 774 ipso
1428 702 1545 757 vico
1571 701 1825 756 habuisse
1860 699 2064 761 videor,

491 803 756 865 concedo,
793 810 1101 866 terramque
1138 791 1383 850 Walterii
1420 789 1652 851 Costati,
1695 803 1858 859 quam
1899 787 2070 842 tenuit

493 897 620 950 dum
647 888 969 964 praepositus
995 886 1114 942 fuit.
1156 882 1405 939 Concedo
1429 890 1485 936 et
1510 881 1686 935 lucum
1717 880 1808 950 qui
1838 879 2085 947 adiacet.

493 985 723 1041 Terram
758 993 971 1054 quoque
1007 991 1126 1049 quae
1154 974 1319 1031 michi
1353 972 1570 1036 colitur,
1603 986 1726 1026 cum
1769 970 1891 1026 luco
1924 969 2073 1038 adja-

493 1075 662 1142 centi,
693 1088 813 1130 cum
842 1073 982 1126 hunc
1011 1069 1253 1138 iniquum
1281 1067 1522 1124 seculum
1552 1066 1708 1121 vivus
1735 1065 2068 1135 relinquere,

493 1172 590 1219 aut
623 1171 867 1219 mortuus
895 1175 1119 1232 corpore
1153 1160 1414 1215 dimisero
1438 1202 1453 1226 ,
1487 1157 1734 1214 habendo
1767 1157 2075 1228 possideant

496 1263 555 1306 et
591 1250 917 1320 possidendo
955 1249 1137 1305 colant
1183 1249 1432 1304 monachi
1473 1248 1768 1318 supradicti
1803 1247 2072 1313 eoenobii,

493 1347 890 1394 commorantes
931 1337 1004 1394 ibi
1035 1347 1092 1393 et
1133 1353 1233 1408 pro
1271 1338 1426 1392 nobis
1466 1337 1720 1391 omnibus
1758 1338 1810 1392 in
1849 1336 2075 1407 praelata

493 1426 738 1482 :ecclesia
766 1427 1144 1497 deprecantes.
1174 1427 1233 1481 ln
1269 1427 1431 1482 bosco
1459 1427 1723 1496 denique,
1759 1427 1850 1496 qui
1881 1428 2078 1483 dicitur

491 1515 679 1571 Sancti
712 1515 976 1587 Remigii,
1011 1517 1237 1587 singulis
1269 1518 1423 1572 annis
1456 1532 1654 1572 amnuo
1679 1518 1957 1573 monachis
1984 1534 2078 1587 pa-

492 1605 741 1661 snadium
789 1621 1010 1662 suorum
1059 1623 1347 1677 porcorum
1375 1651 1390 1676 ,
1441 1624 1715 1679 unumque
1757 1610 2078 1680 agripenna-

491 1697 660 1763 rium,
685 1698 778 1752 ubi
805 1697 1014 1753 subulci
1040 1701 1449 1764 monachorum,
1476 1715 1596 1755 cum
1623 1701 1800 1770 porcis
1824 1702 1938 1757 suis
1960 1703 2082 1758 dor-

2167 517 2225 574 S.
2259 516 2467 571 “adulti
2497 514 2730 571 comitis.
2761 511 2821 568 S.
2849 509 3100 566 Walterii
3127 506 3370 570 comitis,
3395 505 3476 561 alii
3499 504 3672 561 Railuli.

2167 611 2226 668 S.
2264 610 2506 680 Hugonis
2535 608 2769 664 comitis.
2813 605 2872 662 S.
2912 603 3119 660 Alberti
3142 645 3160 669 ,
3194 601 3290 672 qui
3329 601 3460 654 hanc
3494 598 3676 668 largitio-

2168 715 2291 755 nem
2319 699 2464 754 fecit.
2499 698 2561 754 ὃ.
2591 695 2899 759 Teudonis,
2931 693 3120 748 fratris
3144 689 3383 746 Alberti.
3411 687 3468 742 S.
3492 687 3678 753 Guarini,

2168 792 2352 848 fratris
2389 792 2650 862 ejusdem.
2695 788 2756 844 S.
2806 785 3104 842 Frederici.
3145 783 3208 838 S.
3255 779 3510 835 Balduini.
3548 777 3596 833 S.
3623 779 3682 835 Si-

2169 883 2365 938 monis.
2416 882 2477 938 S.
2521 877 2782 952 Agoberti
2832 875 3093 947 episcopi.
3141 873 3203 928 S.
3255 870 3488 940 Hugonis
3526 867 3684 924 demi.

2173 973 2232 1030 S.
2272 971 2540 1030 Guillelmi
2581 969 2878 1041 praepositi.
2922 967 2981 1022 S.
3017 964 3257 1035 Sigonis.
3291 963 3352 1016 S.
3397 958 3616 1014 Ascelini.
3644 957 3687 1016 S.

2171 1064 2454 1122 Geucelini
2492 1061 2706 1118 deeani.
2741 1081 2759 1114 ι

2240 1152 2376 1209 Post
2404 1159 2634 1206 mortem
2662 1158 2844 1203 autem
2872 1144 3095 1201 Henrici
3131 1141 3314 1214 regis,
3343 1139 3564 1196 secundo
3593 1153 3692 1194 anno

2174 1243 2325 1314 regni
2371 1242 2484 1308 sui,
2527 1239 2808 1310 Philippus
2845 1252 2974 1304 rex,
3017 1251 3139 1292 cum
3182 1233 3377 1304 regina
3413 1240 3568 1287 matre
3597 1246 3693 1294 sua,

2175 1333 2384 1400 Drocis,
2417 1332 2470 1386 in
2498 1347 2596 1385 sua
2625 1344 2863 1395 camera,
2896 1327 3038 1382 hanc
3061 1333 3304 1388 eartam,
3327 1323 3517 1378 domno
3538 1320 3698 1374 Albano

2175 1429 2453 1486 exorante,
2478 1434 2637 1473 manu
2663 1418 2882 1488 propria
2905 1415 3142 1470 firmavit
3163 1411 3518 1478 manibusque
3537 1423 3696 1463 suom

2178 1510 2636 1569 corroborandam
2682 1507 2924 1564 tradidit.
2975 1525 2993 1558 ‹
3032 1504 3386 1575 Balduinus,
3426 1498 3699 1554 Flandrensis

2180 1619 2384 1659 comes.
2431 1602 2642 1666 Simon,
2674 1598 2888 1655 Radulli
2915 1596 3130 1654 comitis
3159 1594 3330 1650 filius.
3359 1588 3628 1646 Tedbaldns
3656 1589 3700 1640 de

2181 1695 2362 1750 Monte
2402 1692 2698 1748 Morentiae.
2729 1690 2882 1761 litigo
2908 1687 3240 1744 butillarius.
3292 1682 3577 1739 Adelardus
3597 1678 3702 1733 enhi-

499 1761 687 1841 mituri
715 1827 730 1851 ,
779 1788 1012 1842 reditum
1059 1789 1294 1845 habeant
1341 1761 1718 1848 domesticum.
1761 1792 1840 1848 De
1885 1803 2081 1850 czetero
2111 1761 2155 1820 Β
2183 1785 2437 1840 cularius.
2483 1784 2878 1855 lngerrannus,
2922 1780 3232 1852 pedagogus
3271 1776 3440 1849 regis.
3478 1772 3605 1842 lingu
3631 1768 3702 1823 Dl-

497 1875 750 1929 omnibus
775 1876 910 1931 meis
938 1878 1116 1932 tribuo
1147 1879 1440 1946 licentiam,
1471 1889 1551 1947 ut,
1577 1897 1645 1936 ex
1673 1881 1833 1937 rebus
1857 1897 1991 1952 quas
2013 1899 2082 1938 ex

499 1975 623 2016 meo
655 1964 920 2020 beneficio
955 1968 1205 2022 videntur
1233 1970 1463 2036 habere,
1492 1988 1592 2042 pro
1631 1973 1911 2030 animabus
1940 1975 2084 2040 suis,

497 2049 780 2119 prtefatam
806 2054 1107 2110 accclesiam
1135 2057 1306 2112 ditent
1328 2067 1489 2128 atque
1509 2069 1794 2128 exornent,
1814 2063 1952 2117 sicut
1970 2061 2084 2130 jam

498 2137 638 2194 fecit
663 2139 957 2198 Walter-ius
987 2145 1168 2216 (166),
1204 2149 1523 2217 preuomine
1550 2150 1828 2216 Palat-dus,
1853 2153 1942 2222 qui
1974 2166 2085 2208 me-

499 2231 758 2288 dietatem
791 2245 948 2293 terra:
972 2237 1275 2302 Bulﬁniaci,
1306 2257 1404 2312 pro
1432 2244 1611 2300 anima
1643 2261 1770 2312 sua,
1796 2247 1848 2300 iu
1877 2245 2083 2316 stipen-

497 2319 604 2376 diis
633 2325 1018 2380 monachorum
1054 2331 1353 2398 concessit;
1387 2343 1508 2402 post
1534 2345 1761 2391 mortem
1790 2351 1916 2391 vero
1943 2337 2080 2392 alte-

497 2426 614 2466 ram
644 2425 852 2484 partem
883 2426 1040 2474 terrae
1069 2436 1229 2490 quam
1256 2423 1444 2478 vivens
1473 2427 1696 2492 retinet,
1750 2429 1906 2484 alteri
1939 2432 2082 2500 parti

501 2507 693 2560 eodem
724 2513 882 2562 modo
911 2508 1123 2578 adjicit,
1157 2512 1296 2568 sicut
1332 2513 1434 2568 alio
1463 2515 1514 2569 in
1541 2515 1659 2571 loco
1700 2519 1928 2573 habetur
1950 2521 2090 2575 seria

499 2604 675 2665 ptum.
728 2599 892 2666 Item,
935 2601 1240 2659 Rodbertus
1285 2606 1352 2662 de
1394 2607 1632 2664 Fossatis
1676 2620 1877 2665 terram
1927 2613 2086 2668 unius

502 2689 670 2744 aratri
695 2690 746 2745 in
773 2691 1031 2750 Fontanis
1053 2698 1339 2752 concessit.
1361 2698 1512 2765 Item,
1540 2699 1820 2757 Hcrsiudis
1839 2705 2084 2772 quaedam

501 2782 662 2838 vidua
701 2784 902 2841 Sancto
929 2787 1092 2844 Petro
1121 2799 1175 2845 et
1205 2790 1407 2848 Sancto
1438 2792 1710 2850 Germano
1729 2837 1742 2861 ,
1773 2797 1825 2850 in
1852 2797 1969 2851 loco
1995 2799 2084 2867 qui

501 2875 704 2930 dicitur
728 2877 874 2934 .luris
910 2881 1072 2946 Vena,
1101 2890 1299 2938 terram
1326 2901 1489 2955 quam
1516 2903 1578 2941 ex
1608 2896 1796 2942 nostro
1827 2889 2106 2946 beneficio

503 2969 752 3034 tenebat,
790 2987 912 3026 eum
947 2974 1237 3032 medietate
1274 2977 1530 3034 aecclesiae
1572 2980 1819 3037 Cruciaei
1861 2981 1996 3038 villae
2033 2991 2087 3040 et

2181 1876 2395 1933 blellus.
2431 1875 2740 1930 Radbertus
2766 1871 2960 1926 Rufus.
2990 1891 3011 1924 ›

2698 2002 3095 2061 CAPITULUM
3135 2001 3271 2058 Vill.

2579 2117 2653 2172 De
2689 2127 2828 2172 terra
2857 2113 3115 2169 Gualterii
3155 2113 3386 2168 Costuli.

2739 2228 2902 2298 (Ante
2935 2243 2988 2282 a.
3030 2227 3215 2297 1080.)

2263 2361 2279 2392 ι
2318 2341 2374 2395 lu
2407 2340 2623 2396 nomine
2649 2339 2860 2394 Domini
2883 2338 3070 2404 Ihesu,
3103 2336 3408 2394 conditoris
3428 2334 3631 2390 omnium
3650 2346 3704 2384 re

2187 2451 2328 2490 l‘lllll.
2365 2435 2558 2488 Notum
2607 2447 2727 2488 esse
2761 2431 3046 2498 volumus,
3097 2447 3197 2502 ego
3245 2429 3517 2484 Hubertus
3555 2424 3704 2485 abbas,

2187 2540 2470 2582 successor
2495 2523 2750 2578 Landrici
2774 2523 3004 2587 abbatis,
3029 2536 3333 2590 omnesque
3359 2515 3589 2573 monachi
3606 2513 3698 2567 San-

2187 2617 2258 2672 cti
2289 2615 2433 2670 Petri
2467 2613 2699 2670 cmnobii
2729 2611 3112 2676 Carnotensis,
3138 2610 3399 2665 omnibus
3427 2602 3703 2662 christianis.

2189 2718 2296 2764 tam
2334 2705 2689 2777 praesentibus
2720 2719 2882 2773 quam
2919 2701 3115 2756 futuris
3141 2742 3155 2767 ,
3193 2701 3325 2772 quia
3361 2697 3603 2769 quandam
3635 2701 3702 2745 ter»

2189 2817 2303 2855 ram
2322 2841 2336 2865 ,
2365 2814 2527 2870 quam
2557 2797 2782 2853 dederat
2806 2794 3136 2850 venerabilis
3164 2793 3423 2848 Alberlus
3451 2789 3624 2844 Sancto
3643 2781 3705 2835 Pe-

2190 2905 2274 2950 tro
2301 2903 2354 2948 et
2381 2892 2582 2948 Sancto
2612 2890 2887 2945 Germano
2915 2889 2981 2943 de
3010 2887 3288 2942 Bruerolis
3309 2928 3325 2951 ,
3362 2901 3480 2954 qua:
3504 2879 3608 2934 olim
3629 2873 3709 2945 qni-

2190 2985 2311 3040 dem
2359 2983 2483 3038 data
2529 2981 2698 3036 fuisse
2733 2979 3032 3034 dinoscitur
3070 2979 3284 3033 cuidam
3334 2977 3451 3030 viro
3475 2969 3705 3026 Walter».

504 3061 709 3156 ‘E?sali5_
739 3064 991 3120 οτηηίδυε
1016 3081 1150 3135 quos
1177 3068 1248 3123 ibi
1279 3085 1348 3124 ex
1379 3086 1466 3126 me
1497 3073 1762 3140 habebat.
1788 3092 1886 3146 pro
1911 3092 2085 3133 reme-
2115 3099 2156 3156 ο
2189 3075 2524 3148 praenomine
2547 3074 2791 3137 Costato,
2822 3074 2946 3125 dum
2977 3070 3296 3141 praepositus
3335 3069 3456 3129 fuit,
3486 3073 3621 3156 atque
3641 3059 3706 3112 ite-

503 3149 596 3204 dio
621 3150 818 3207 animas
845 3167 986 3217 suae,
1019 3155 1236 3224 tribuit,
1268 3159 1471 3214 addens
1497 3175 1554 3216 se
1580 3161 1865 3232 prebendae
1900 3181 2089 3221 mona-

505 3242 754 3298 chorum.
794 3244 1107 3316 metioues
1152 3266 1368 3321 quoque
1412 3262 1467 3307 et
1490 3257 1960 3320 ,commutationes
2001 3259 2088 3313 vel

505 3333 830 3390 cummercia
874 3339 1122 3392 monachi
1161 3355 1278 3408 quae
1319 3339 1562 3396 fecerunt
1600 3344 1685 3398 vel
1726 3345 1919 3402 facturi
1963 3357 2088 3403 sunt

504 3439 725 3480 amnuo.
758 3426 1019 3483 Similiter
1049 3432 1326 3488 monachis
1358 3432 1543 3488 Sancti
1577 3433 1720 3490 Petri
1751 3439 1990 3494 concedo
2019 3439 2086 3494 li-

505 3513 700 3570 berum
733 3519 1020 3573 transitum
1051 3531 1148 3590 per
1181 3531 1350 3577 totam
1380 3539 1555 3579 meam
1589 3535 1787 3581 terram
1813 3571 1828 3595 ,
1863 3530 2086 3584 utnulla

504 3620 764 3675 umquam
800 3611 1136 3666 consuetudo
1169 3613 1236 3667 ab
1259 3613 1350 3684 eis
1381 3615 1686 3684 requiratur
1715 3617 1781 3672 de
1809 3618 2047 3688 piscibus
2072 3661 2087 3686 ,

507 3695 576 3750 de
599 3698 794 3766 coriis,
830 3714 922 3755 seu
966 3701 1034 3756 de
1061 3702 1314 3758 omnibus
1343 3705 1504 3760 rebus
1537 3721 1658 3776 qua:
1699 3709 2088 3763 monachorum

507 3803 628 3844 esse
669 3793 1038 3847 ostendeutur.
1089 3793 1304 3850 Possem
1339 3807 1394 3851 et
1441 3797 1543 3851 alia
1584 3797 1782 3854 addere
1821 3814 1942 3870 qum
1986 3801 2090 3855 mei

508 3877 699 3934 ﬁdeles
741 3879 858 3934 loco
903 3883 1160 3951 praedicto
1195 3885 1574 3952 contulerunt;
1622 3897 1736 3954 set,
1787 3890 1910 3957 quia
1957 3889 2092 3944 alias

509 3969 775 4038 scriptum
807 3979 915 4035 est,
946 3981 1000 4026 et
1031 3973 1190 4028 tinem
1229 3974 1409 4030 verbis
1446 3976 1624 4030 facere
1657 3986 1712 4030 et
1740 3979 2092 4032 corroborare

509 4065 655 4119 hanc
675 4075 881 4119 cat-tam
905 4065 1082 4136 sigillo
1112 4068 1294 4122 domui
1319 4071 1422 4122 mei
1455 4070 1614 4140 regis,
1641 4086 1760 4125 cum
1787 4071 2093 4126 nominibus

509 4157 831 4211 obtimatum
863 4175 1102 4224 suorum,
1135 4158 1360 4224 festino,
1392 4160 1494 4214 hoc
1518 4161 1688 4216 solum
1719 4162 1768 4215 in
1801 4162 1906 4216 fine
1938 4162 2094 4232 hujus

512 4247 692 4316 operis
721 4249 970 4305 omnibus
1006 4258 1190 4303 nolunt
1222 4250 1335 4304 ﬁeri
1377 4251 1528 4318 volo,
1561 4251 1734 4322 quod,
1763 4252 1902 4306 sicut
1937 4266 2036 4321 ego
2063 4268 2092 4306 a

513 4337 716 4395 «Ieiuno
743 4357 864 4397 meo
899 4358 1023 4414 rege
1053 4342 1224 4398 libere
1261 4345 1407 4399 tenui
1445 4354 1701 4410 actenus,
1731 4345 1804 4399 ita
1839 4361 1868 4400 a
1899 4359 2090 4398 mona-

2191 3183 2314 3223 rum
2335 3166 2460 3222 data
2481 3174 2563 3220 est
2587 3163 2861 3218 Richardo
2885 3160 3204 3231 przeposito;
3231 3168 3344 3224 set,
3366 3158 3497 3212 sicut
3517 3151 3704 3206 diximus.

2191 3272 2220 3312 a
2253 3257 2449 3312 domno
2479 3255 2722 3317 Alberto,
2749 3249 2990 3322 apostolo
3019 3249 3180 3303 Petro
3205 3256 3261 3303 et
3285 3257 3482 3302 sancto
3503 3240 3708 3296 Germano

2191 3352 2335 3407 data.
2369 3348 2616 3417 Quandiu
2649 3345 2811 3409 vixit,
2846 3345 2913 3400 de
2942 3343 3132 3398 eadem
3173 3349 3319 3394 terra
3356 3338 3596 3425 siluerunt
3610 3324 3706 3425 turi:

2191 3456 2298 3512 que
2348 3451 2402 3496 et
2461 3438 2766 3494 Richardus
2827 3435 3146 3506 praepositus
3199 3441 3254 3487 et
3309 3432 3474 3486 heres
3522 3419 3708 3516 Waltuii

2189 3534 2428 3597 Costati;
2455 3547 2578 3587 cum
2602 3545 2730 3584 vero
2752 3529 2954 3583 obisset
2982 3527 3210 3580 domnus
3237 3522 3511 3584 Albertus,
3535 3514 3706 3569 surrexit

2191 3627 2361 3697 ipsius
2381 3622 2626 3679 Walterii
2653 3621 2812 3685 filius,
2835 3620 3200 3674 Guiuehertus
3225 3615 3473 3678 nomine,
3500 3618 3548 3664 et
3564 3602 3706 3697 calum:

2194 3695 2444 3772 uiabatur
2469 3724 2666 3770 terram
2691 3713 2861 3782 ipsam
2885 3751 2899 3775 ,
2928 3725 3048 3779 quae
3070 3717 3187 3764 erat
3215 3722 3338 3762 cum
3373 3706 3488 3760 luco
3507 3695 3704 3764 adjacan

2193 3811 2246 3864 in
2287 3815 2568 3879 prospectu
2600 3803 2808 3876 praefati
2839 3802 2978 3869 vici;
3007 3800 3204 3868 diuque
3230 3798 3450 3852 luctans
3472 3793 3519 3847 iu
3544 3790 3623 3843 hac
3644 3796 3705 3838 re.

2195 3899 2410 3952 tandem
2441 3911 2471 3950 a
2501 3894 2655 3949 nobis
2676 3935 2690 3958 ,
2721 3907 2818 3963 pro
2847 3893 2962 3961 ipsa
2987 3899 3152 3954 terra,
3184 3889 3488 3958 pecuniam,
3513 3881 3704 3950 quantum

2195 3988 2500 4044 taxavimus
2530 3986 2582 4040 in
2615 3984 2868 4048 invicem,
2896 3981 2947 4036 id
2977 3989 3060 4036 est
3089 3977 3187 4033 XX
3221 3979 3426 4035 solidos
3439 3974 3706 4063 nummum

2195 4079 2441 4151 accepit,
2483 4087 2538 4132 et
2579 4089 2837 4148 guerpum
2885 4088 3050 4143 super
3089 4072 3259 4126 altare
3301 4069 3510 4140 publice
3549 4057 3704 4151 pastilli

2195 4144 2379 4227 coram
2413 4144 2640 4223 testibus
2666 4144 2726 4219 in
2747 4165 2852 4219 [ine
2875 4161 3217 4232 subscriptis.
3244 4160 3449 4215 Deinde
3473 4144 3703 4209 Richard“!

2195 4259 2546 4333 praepositus,
2575 4269 2858 4311 successor
2886 4252 3169 4317 Walterii,
3203 4250 3520 4306 calumniam
3546 4233 3702 4333 intulit;

2197 4327 2283 4406 cui
2310 4327 2476 4404 etiam
2501 4349 2641 4402 datis
2665 4345 2752 4400 Vll
2779 4344 2966 4400 solidis
2991 4356 3360 4408 nummorum,
3391 4341 3546 4410 ipsam
3563 4327 3704 4410 αιιιιξ·

515 4430 636 4486 chis
662 4431 830 4486 libere
859 4442 1144 4488 teneantur
1165 4449 1224 4490 ea
1251 4451 1393 4506 quae,
1422 4451 1519 4504 pro
1549 4435 1722 4490 salute
1747 4435 1942 4490 anima:
1968 4451 2100 4491 meae
2132 4432 2177 4490 Ι)
2203 4441 2349 4494 niam
2383 4437 2632 4508 guerpire
2669 4434 2928 4510 fecimus,
2965 4446 3150 4486 coram
3185 4430 3439 4484 omnibus
3475 4425 3548 4480 his
3572 4408 3706 4510 :‘Ilod-

515 4536 582 4576 ac
613 4521 914 4578 animarum
954 4533 1237 4593 parentum
1276 4541 1554 4594 meorum,
1583 4526 1738 4595 dedi,
1767 4536 1824 4583 et
1850 4543 1971 4598 quas
2009 4527 2099 4582 alii

516 4614 864 4672 contulerunt
897 4615 1057 4670 simili
1090 4618 1272 4683 modo,
1294 4633 1416 4696 pro
1454 4619 1740 4675 animabus
1775 4620 1890 4675 suis
1919 4639 1934 4674 :
1977 4628 2036 4674 ut
2070 4635 2101 4674 a

519 4707 806 4763 monachis
826 4707 1031 4789 .667),
1065 4723 1239 4780 neque
1276 4710 1345 4765 ab
1378 4709 1689 4766 hominibus
1727 4719 1884 4765 terrae
1915 4725 2102 4765 eorum

519 4799 702 4870 aliqua
745 4803 1084 4855 consuetudo
1113 4814 1143 4854 a
1182 4799 1331 4854 nullo
1371 4801 1595 4856 homine
1627 4800 1953 4870 requiratur,
1996 4815 2102 4854 non

519 4891 746 4957 vicaria,
775 4907 883 4947 non
923 4891 1193 4957 bannum,
1240 4905 1350 4946 non
1380 4890 1634 4958 corveda,
1659 4906 1766 4945 non
1795 4891 2101 4962 expeditio;

522 4991 646 5044 set,
695 4983 834 5037 sicut
875 4983 1126 5052 superius
1169 4981 1374 5036 dictum
1415 4989 1534 5048 est,
1581 4982 1828 5038 monachi
1873 4983 2106 5038 orationi

525 5071 811 5136 insistant,
840 5077 895 5125 et
924 5071 1172 5126 homines
1201 5085 1388 5126 eorum
1421 5071 1700 5126 monachis
1729 5071 1859 5127 solis
1888 5086 1984 5126 sua
2015 5071 2110 5127 de-

525 5161 640 5214 bita
680 5161 909 5216 solvant.
947 5161 1003 5217 Si
1048 5163 1172 5232 quis
1210 5171 1393 5216 autem
1427 5161 1687 5216 heredum
1727 5177 1971 5217 meorum
2018 5171 2114 5218 aut

531 5252 762 5306 aliorum
789 5253 1068 5308 hominum
1107 5253 1231 5309 huic
1255 5253 1403 5324 operi
1435 5253 1807 5309 contradicere
1837 5253 2068 5308 voluerit
2093 5293 2107 5318 ,

532 5357 657 5402 cum
683 5345 835 5399 Anna
859 5353 913 5399 et
935 5347 1164 5416 Caipha,
1192 5346 1399 5401 Anania
1427 5353 1483 5401 et
1505 5345 1735 5418 Saphira
1761 5354 1814 5399 et
1843 5343 1978 5400 Juda
2007 5353 2116 5399 tra-

535 5437 733 5505 ditore,
767 5437 870 5492 uisi
897 5438 1187 5507 resipuerit
1213 5447 1267 5492 et
1301 5437 1366 5492 ad
1398 5436 1787 5494 satisfactionis
1817 5435 2112 5492 remedium

549 5617 552 5620 ,
611 5551 878 5626 (ιρβλρε
903 5553 1394 5626 quaAconcessione
1415 5555 1666 5610 Walterii
1695 5554 1816 5610 vide
1854 5550 2116 5620 inferius,

539 5622 661 5695 cap.
693 5622 943 5695 xiv.oot;
973 5623 1106 5679 eat.

611 5693 761 5767 (ιδ-ι)
803 5694 974 5750 Voces
1017 5711 1048 5747 a
1099 5693 1366 5749 monachis
1413 5694 1718 5750 cancellatae
1767 5693 1820 5749 in
1863 5695 1983 5749 cod.
2031 5695 2073 5747 Α
2101 5734 2114 5756 ,

2201 4531 2376 4595 berto,
2400 4507 2675 4598 quondam
2706 4507 2902 4581 abbate
2931 4522 3165 4580 cmuobii
3203 4517 3562 4578 Fossatensis;
3585 4507 3704 4598 Gali-‘1'

2203 4621 2343 4678 frido
2370 4595 2690 4684 Guiscardo,
2723 4616 3025 4682 monacho,
3055 4615 3149 4685 qui
3187 4613 3276 4670 vn
3304 4612 3498 4668 solidos
3523 4595 3702 4685 tradidit;

2205 4714 2480 4770 Rodberto
2507 4711 2816 4782 praeposito,
2850 4683 3165 4779 ilugonede
3188 4705 3391 4769 Famis,
3421 4683 3703 4782 Bernardtttle

2204 4805 2420 4862 Lameri
2451 4775 2960 4872 Villailngenulfo,‘
2978 4797 3234 4852 Richerio
3261 4796 3493 4865 pistore,
3519 4775 3702 4842 amnuo.

2207 4896 2502 4952 Wimundo
2549 4909 2756 4963 puero,
2800 4891 3074 4946 Rodberto
3135 4888 3438 4951 mulnario,
3498 4877 3701 4936 Βυὺεῐιοιι

2209 4991 2484 5046 liodberlo
2511 4987 2784 5051 Canaruo,
2818 4984 3092 5040 Adelelmo
3117 4991 3174 5036 et
3209 4981 3330 5035 aliis
3357 4963 3702 5048 quamplurimu-

2212 5083 2320 5136 Has
2342 5089 2522 5135 autem
2556 5079 2761 5132 litteras
2780 5076 2871 5146 qui
2896 5075 3168 5130 contraire
3191 5072 3438 5135 voluerit,
3463 5073 3541 5124 aut
3560 5061 3699 5148 te???“

2212 5172 2386 5240 ipsam
2425 5167 2644 5224 reclam!
2667 5181 2725 5217 re
2756 5164 3014 5227 voluerit,
3039 5163 3084 5218 (Ζ
3112 5163 3312 5218 solidos
3336 5159 3630 5214 nummorum
3645 5152 3702 5240 lll‘

2213 5235 2318 5316 diei
2346 5258 2644 5330 persolvat,
2677 5265 2733 5310 et
2771 5256 2922 5310 nisus
2951 5253 3068 5322 ejus
3099 5253 3345 5308 iueﬂlcax
3377 5247 3631 5305 remaneat;
3651 5235 3698 5330 eli

2214 5352 2318 5408 nisi
2349 5329 2659 5419 resipuerit,
2690 5349 2742 5402 in
2765 5348 2986 5404 baratre
3005 5344 3204 5402 inferni
3227 5357 3348 5398 cum
3371 5334 3560 5396 diabolo
3577 5329 3701 5383 {"1505

2217 5445 2404 5501 ardeat
2431 5443 2548 5498 sine
2580 5441 2703 5495 ﬁne.
2739 5458 2758 5491 ι

2217 5559 2432 5614 omissae
2463 5556 2588 5613 sunt
2614 5556 2667 5609 in
2701 5553 2822 5608 cod.
2851 5553 2914 5616 Β,
2947 5553 3036 5609 ubi
3068 5551 3187 5607 loco
3212 5565 3410 5616 eorum,
3440 5537 3561 5616 quod
3578 5531 3705 5617 εαιιιιέ

2222 5642 2306 5685 tur
2334 5629 2531 5700 legitur
2557 5625 2947 5682 monachorum.

3815 5325 3817 5420 ψ

3815 5459 3817 5518 ς

3815 5969 3817 6108 1
