3842 6308
561 487 956 545 CAPITULUM
1007 487 1094 542 IX.

290 579 368 634 De
390 588 545 634 terra
569 592 740 650 empta
766 597 798 634 a
829 579 1052 634 Warino
1075 578 1352 634 monacho.

589 670 754 742 (Ante
783 686 838 726 a.
874 671 1060 740 1070.)

102 785 121 818 ι
155 766 210 820 ln
243 763 472 819 nomine
506 763 672 820 Jbesu
711 763 916 819 Christi
947 761 1160 819 Domini
1204 761 1394 817 nostri.
1422 759 1622 816 Notum

36 872 143 913 esse
169 853 420 910 volumus
448 854 707 910 omnibus
731 853 1040 909 christiana:
1067 851 1211 918 ﬁdei,
1243 859 1353 906 tam
1382 863 1624 921 praesen-

37 947 170 1003 tibus
193 961 358 1015 quam
391 944 618 1010 futuris,
648 959 748 1014 ego
771 943 1073 1000 Landricus
1097 943 1296 1010 abbas,
1325 957 1624 1013 omnesque

36 1035 273 1093 monachi
315 1035 567 1092 emnobii
616 1034 801 1091 Sancti
849 1035 995 1090 Petri
1043 1035 1427 1100 Carnotensis,
1477 1034 1621 1105 quod

36 1129 238 1195 quidam
281 1127 596 1183 monachus
639 1134 846 1193 noster,
902 1125 1163 1182 Warinns
1207 1127 1464 1194 nomine,
1513 1140 1638 1180 non»

37 1215 178 1284 longe
206 1231 236 1271 a
265 1218 392 1272 vico
421 1217 730 1283 Bruerolis,
758 1233 882 1273 cum
911 1233 1136 1274 assensu
1173 1215 1493 1272 nobilissimi
1518 1214 1622 1270 viri

37 1306 250 1370 Alberti,
287 1307 577 1376 quandam
606 1317 808 1362 terram
837 1307 972 1363 emit
998 1323 1122 1364 cum
1151 1306 1272 1362 luco
1297 1304 1564 1374 adjacenti
1589 1320 1622 1361 a

37 1396 245 1468 quodam
278 1396 539 1462 homine,
562 1397 856 1454 Mascelino
883 1399 1125 1464 nomine,
1153 1397 1262 1454 ﬁlio
1287 1397 1494 1454 scilicet
1516 1396 1623 1453 Ge-

40 1486 152 1540 raldi
187 1487 252 1540 de
279 1486 453 1553 Best;
501 1502 602 1558 pro
627 1505 734 1560 qua
771 1500 882 1545 tres
907 1489 1074 1545 libras
1104 1505 1450 1545 nummorum
1483 1504 1623 1560 prae-

40 1577 132 1632 lato
177 1577 513 1646 Mascelino,
546 1597 654 1636 una
697 1597 820 1637 cum
849 1598 1113 1639 consensu
1143 1583 1327 1646 domui
1367 1584 1450 1639 sui
1482 1583 1624 1648 Hera

41 1670 176 1736 berti,
205 1672 268 1726 de
291 1672 457 1742 cujus
503 1672 770 1732 beneﬁcio
809 1675 1000 1732 eadem
1047 1687 1189 1733 terra
1231 1684 1372 1734 erat.
1419 1675 1634 1734 Asscn-.

39 1775 140 1814 sum
183 1761 344 1816 etiam
400 1763 1041 1839 prmbuitJlildeburgis
1068 1808 1084 1835 ,
1131 1768 1331 1839 conqu
1377 1766 1619 1837 ejusdem

715 371 944 430 VETUS
985 369 1330 428 AGANO.—-
1353 368 1482 424 LIB.
1518 365 1629 423 γιι.
1663 364 2055 426 LANDRICUS
2082 365 2171 421 ΕΤ
2203 363 2597 424 HUBERTUS.

3201 373 3309 431 28!

1651 484 1702 544 Α
1729 480 1833 538 loci
1887 480 2249 537 amicissimus
2298 481 2557 552 praefatus
2609 481 2898 550 Albertus,
2952 483 3311 544 libentissime

1721 571 1929 642 amauit
1957 585 2020 626 ea
2049 571 2258 628 scilicet
2295 573 2527 640 ratione,
2567 582 2652 643 ut,
2691 583 2815 646 post
2844 584 3073 632 mortem
3117 577 3310 634 mulie-

1722 663 1819 732 ris,
1857 680 1984 738 pars
2015 674 2277 736 retempta
2307 665 2374 721 ab
2401 681 2486 730 ea,
2519 683 2644 723 cum
2671 668 2923 724 omnibus
2951 669 3213 726 militibus
3241 671 3309 726 ad

1723 755 1900 826 ipsum
1943 754 2132 810 ﬁscum
2179 755 2613 826 pertinentibus,
2665 766 2722 813 et
2764 757 3026 814 medietas
3065 760 3312 816 tecclesie

1721 847 1974 903 Crueiaci
2010 846 2152 902 villa:
2185 862 2345 918 quam
2392 848 2640 916 tenebat,
2679 849 2749 905 ad
2785 849 3046 906 Sanctum
3089 851 3311 907 Petrum

1722 939 1946 996 rediret.
1977 939 2096 1008 Quo
2126 940 2304 1009 facto,
2337 951 2461 1014 post
2489 953 2718 999 mortem
2748 943 3030 999 amborum
3050 987 3066 1012 ,
3095 945 3309 1000 abbatis

1721 1031 1932 1087 scilicet
1953 1031 2208 1086 Landrici
2235 1047 2300 1088 ac
2323 1033 2506 1103 sepius
2534 1033 2847 1089 nominandi
2871 1035 3053 1090 domni
3080 1035 3310 1102 Alberti,

1722 1124 1979 1196 praedicta
2007 1134 2277 1192 matrona,
2309 1126 2591 1182 ineurabili
2625 1129 2814 1184 morbo
2841 1144 3126 1199 percussa,
3164 1146 3305 1200 prae-

1722 1214 1954 1270 sentiam
1982 1223 2225 1270 nostram
2254 1215 2408 1282 adiit,
2437 1224 2494 1272 et
2520 1219 2860 1275 medietatem
2890 1219 3137 1277 Cruciaci
3169 1221 3307 1276 villae

1724 1307 2007 1377 ecclesiae,
2039 1323 2203 1379 quam
2239 1310 2458 1384 tenebat
2485 1322 2744 1383 perpetuo
2771 1312 2922 1382 jure,
2951 1314 3111 1370 beato
3149 1314 3325 1383 Petro.

1723 1399 1998 1470 apostolo,
2043 1411 2099 1456 et
2139 1411 2321 1456 cetera
2361 1418 2482 1472 quae
2530 1405 2891 1472 pnemisimns
2945 1406 3309 1470 contradidit;

1723 1507 1788 1567 eo
1815 1491 2064 1547 videlicet
2091 1501 2308 1558 tenore,
2339 1502 2399 1547 ut
2426 1494 2546 1548 viva
2585 1505 2994 1564 procuraretur,
3041 1506 3252 1553 mortua
3279 1513 3312 1551 a

1723 1581 1880 1654 nobis
1902 1582 2242 1653 sepeliretur,
2265 1592 2321 1638 et
2346 1583 2525 1638 anima
2553 1583 2668 1652 ejus
2692 1601 2756 1642 ac
2783 1586 2954 1641 unica:
2979 1586 3119 1652 ﬁliae,
3150 1587 3314 1656 Alpes

1723 1672 1944 1727 nomine
1969 1714 1984 1738 ,
2021 1682 2076 1730 et
2115 1673 2360 1746 conjugis
2399 1673 2644 1730 Gauslini
2673 1715 2690 1742 ,
2739 1690 2948 1730 necnon
2979 1685 3030 1731 et
3070 1677 3312 1730 omnium

1725 1777 2011 1838 parentum
2041 1784 2260 1823 suorum
2289 1769 2507 1833 animae,
2545 1785 2644 1840 per
2670 1770 2972 1840 apostolum
3009 1771 3227 1826 Petrum
3259 1776 3318 1824 et

43 1851 295 1921 Herberti,
341 1871 570 1912 necnon
609 1867 664 1912 et
701 1859 796 1914 ﬁlii
838 1873 1058 1924 eorum,
1101 1856 1339 1916 llerveus
1379 1857 1706 1917 videlicet]!
1733 1857 2040 1912 orationum
2086 1868 2393 1914 nostrarum
2442 1859 2697 1931 suffragia
2725 1904 2740 1926 ,
2787 1861 2856 1916 ab
2901 1860 3046 1915 omni
3097 1859 3314 1915 vinculo

42 1952 180 2012 atque
204 1944 372 2020 llngo.
413 1947 529 2004 Pro
558 1966 668 2020 quo
702 1966 928 2007 assensu
970 1953 1146 2010 eidem
1175 1952 1440 2010 Herberlo
1471 1954 1624 2009 dedi-

47 2053 144 2092 mus
170 2038 262 2093 XX
290 2040 502 2097 solidos
537 2059 920 2112 nummorum,
969 2054 1022 2103 et
1051 2045 1169 2116 ejus
1197 2047 1416 2120 conjugi
1459 2062 1623 2119 supra

47 2141 329 2186 memorata:
365 2130 416 2186 X
461 2133 702 2203 solidos;
754 2136 882 2193 ﬁliis
919 2153 1049 2194 vero
1090 2139 1340 2196 dedimus
1381 2157 1622 2212 congrua

50 2219 182 2274 dona.
212 2222 414 2278 Deinde
442 2223 520 2279 Ca
534 2227 708 2282 rnotis
735 2242 926 2284 omnes
966 2244 1072 2284 una
1105 2229 1266 2286 simul
1308 2232 1582 2288 venientes
1601 2271 1618 2300 ,

49 2308 217 2364 donum
263 2312 507 2382 praefata:
564 2325 723 2372 terrm
768 2311 982 2388 publice
1027 2335 1190 2390 super
1235 2319 1406 2376 altare
1447 2321 1621 2378 sancti

53 2398 176 2455 Petri
215 2416 557 2473 posuerunt,
602 2423 665 2462 ac
699 2409 752 2464 in
802 2411 1002 2464 nostris
1048 2411 1386 2466 orationibus
1422 2412 1620 2468 ibidem

52 2507 128 2546 eos
152 2492 478 2563 collegimus.
523 2497 638 2553 llas
665 2508 844 2554 autem
890 2501 1098 2558 litteras
1137 2503 1258 2558 ideo
1304 2505 1417 2558 ﬁeri
1453 2504 1622 2559 volui-

57 2598 178 2649 mus,
201 2593 276 2652 ut,
305 2587 352 2642 si
379 2589 506 2658 quis
561 2590 854 2661 aliquando
887 2595 1015 2649 huic
1043 2595 1184 2651 dono
1222 2597 1497 2652 contraire
1529 2613 1622 2653 vo-

57 2669 223 2740 luerit,
283 2681 876 2738 excommunicationis
934 2684 1114 2754 gladio
1173 2702 1508 2756 percussus,
1566 2696 1621 2744 et

58 2765 326 2824 testimonio
350 2771 646 2828 convictus
675 2788 862 2829 eorum
886 2791 1114 2846 quorum
1143 2779 1362 2834 nomina
1384 2781 1622 2835 subscri-

60 2855 254 2922 psimus,
279 2859 397 2915 sine
430 2859 640 2916 effectu
669 2878 790 2917 cum
815 2866 1136 2921 verecundia
1164 2867 1426 2924 discedat.
1459 2869 1621 2924 Dom-

62 2961 139 3002 uus
154 2948 410 3018 Albertus,
437 2951 607 3022 cuius
625 2952 930 3026 largitionis
949 2957 1158 3012 initimn
1181 2959 1410 3030 plurima
1433 2961 1620 3016 subse-

63 3052 224 3094 cuntur
255 3042 414 3098 dona.
453 3044 764 3101 Herbeatus
794 3049 859 3103 de
886 3049 1176 3106 Burseriis.
1223 3050 1528 3107 Radbertus
1553 3052 1639 3107 de

65 3127 280 3188 Fossatis.
313 3135 619 3193 Rainerius
656 3137 1048 3197 Finemundus.
1080 3141 1382 3199 Ricbardus
1413 3159 1619 3214 praepo-

1728 1959 2073 2020 peccatorum
2125 1952 2419 2016 absolutae,
2461 1951 2684 2022 januam
2729 1954 2933 2008 intrare
2977 1960 3318 2008 mererentur

1725 2051 1941 2116 reternze
1983 2045 2120 2099 vitm.
2164 2045 2298 2123 llnic
2335 2054 2518 2100 autem
2564 2046 2880 2123 largitioni,
2925 2047 3039 2120 ipsa
3083 2047 3320 2100 interve-

1726 2134 1948 2197 nicnte,
1991 2119 2271 2191 assensum
2323 2137 2553 2206 praebuit
2596 2119 3062 2206 supramemorata
3109 2136 3271 2207 Alpes
3297 2175 3316 2204 ,

1724 2226 1833 2280 ﬁlia
1866 2227 2064 2297 ipsius,
2098 2243 2221 2282 cum
2253 2227 2480 2302 conjuge
2501 2228 2773 2285 'Gauslino
2807 2241 2863 2283 et
2901 2229 3189 2298 nepotibus
3219 2229 3315 2283 Si-

1725 2336 1883 2376 mone
1917 2331 1973 2376 et
2008 2321 2270 2385 Radnlfo,
2303 2338 2534 2392 quorum
2571 2337 2788 2378 sorores
2832 2321 3163 2386 Emmelina,
3205 2321 3312 2376 Eva

1723 2424 1777 2467 et
1805 2413 2080 2469 Elisabetb
2119 2415 2597 2484 subscripserunt,
2642 2424 2697 2469 et
2730 2424 2860 2484 aput
2894 2414 3155 2469 Sanctum
3191 2414 3318 2468 Clo-

1722 2502 2011 2566 doaldum,
2048 2519 2174 2558 cum
2217 2513 2426 2569 matre,
2466 2505 2606 2558 banc
2640 2512 2848 2568 cartam
2896 2504 3315 2558 roboraverunt.

1723 2592 1780 2647 Si
1810 2594 1934 2663 quis
1961 2608 2090 2648 vero
2118 2593 2245 2648 huic
2278 2593 2418 2648 dono
2443 2592 2735 2664 aliquando
2762 2593 3035 2648 contraire
3061 2593 3328 2656 volnerit,.

1715 2679 1883 2751 judici
1924 2682 2076 2752 prius
2117 2682 2159 2737 C
2201 2683 2369 2738 libras
2401 2683 2670 2753 persolvat
2702 2684 2855 2748 auri,
2902 2693 2994 2749 et,
3030 2684 3132 2738 nisi
3177 2683 3317 2737 resi-

1720 2773 1931 2843 puerit,
1961 2788 2083 2826 cum
2111 2774 2197 2829 bis
2223 2775 2313 2845 qui
2346 2775 2631 2830 Dominum
2663 2774 2814 2830 cruci
2850 2775 3119 2839 ﬁxerunt,
3151 2773 3204 2828 in
3235 2773 3328 2840 in:

1722 2863 1877 2918 ferno
1916 2864 2098 2935 lapsus
2127 2880 2296 2936 penas
2329 2866 2442 2922 luat
2481 2878 2788 2938 perpetuas.
2831 2866 2965 2920 Acta
2996 2875 3079 2920 cst
3108 2866 3320 2920 cartula

1721 2953 1974 3012 Carnotis
1996 2997 2012 3022 ,
2055 2973 2151 3012 vnt
2197 2957 2458 3014 kalendas
2495 2959 2733 3015 octobris
2756 3001 2771 3021 ,
2813 2968 2867 3014 et
2897 2959 3110 3030 publice
3141 2975 3322 3028 super

1721 3046 1894 3104 altare
1923 3049 2067 3104 beati
2095 3049 2242 3105 Petri
2269 3051 2496 3122 apostoli
2529 3052 2703 3122 posita
2733 3067 2764 3105 a
2791 3050 3048 3107 Gauslino
3079 3052 3197 3106 viro
3225 3051 3324 3105 Al-

1723 3155 1846 3208 pes,
1879 3151 2044 3210 atque
2067 3142 2246 3197 crucis
2272 3143 2429 3213 signo
2463 3141 2531 3196 ab
2561 3143 2750 3198 eodem
2778 3142 3151 3198 corroborata.
3179 3142 3316 3197 Cum

65 3223 188 3278 situs.
211 3225 493 3297 Sulpicius.
548 3228 856 3286 Gualterius
881 3233 948 3288 de
979 3233 1221 3306 Ungena.
1251 3235 1380 3290 item
1399 3205 1427 3301 ,’
1459 3205 1622 3292 Gual-
1648 3205 1695 3270 Ο
1724 3205 1839 3299 ἷιιιοί
1859 3205 2078 3285 Γυεὲυηι
2103 3248 2116 3284 ε
2146 3205 2452 3299 “beri-cus.
2485 3231 2718 3286 Clericus
2741 3231 2806 3286 de
2833 3230 3084 3285 Μθίιιηιῑδ
3112 3239 3322 3299 (ἔθεινον.

66 3309 202 3370 terius
253 3315 502 3390 Pungens
571 3319 806 3376 asinum.
880 3322 1240 3382 Haimericus.
1311 3324 1623 3382 Rodbertus

68 3404 334 3466 llischinus.
366 3411 764 3469 Guinebertus.
798 3415 1144 3484 Tcscelinus,
1191 3417 1427 3475 famulus
1467 3420 1621 3476 Pauli

68 3500 294 3554 monachi.
326 3501 626 3573 Radulfus,
659 3506 895 3563 famulus
920 3507 1148 3564 Guarini
1178 3511 1452 3566 monachi.
1487 3531 1506 3565 ι

569 3618 969 3678 CAPITULUM
1007 3622 1076 3678 X.

72 3697 129 3754 De
149 3703 355 3761 ecclesic
380 3705 635 3764 σι·αεὶαεὶ
662 3714 957 3775 medietate,
989 3723 1039 3768 et
1067 3725 1206 3769 terra
1236 3715 1364 3771 data
1392 3716 1457 3772 ab
1483 3715 1622 3772 Her-

399 3780 523 3834 side
557 3791 801 3837 matrona
832 3782 1028 3839 Sancto
1058 3783 1236 3840 Petro.

594 3871 758 3945 (Ante
787 3889 837 3928 a.
873 3875 1057 3948 1080.)

132 3983 146 4015 t
172 3965 220 4020 ln
245 3971 453 4026 nomine
479 3981 690 4028 sanctae
719 3980 774 4028 et
800 3971 1089 4026 individua:
1114 3968 1418 4038 Trinitatis,
1439 3969 1620 4027 Patris

78 4060 117 4103 et
153 4053 255 4110 Filii
296 4067 349 4114 et
391 4063 632 4132 Spiritus
681 4061 879 4118 sancti.
936 4061 1050 4132 Ego
1098 4061 1368 4117 llubertus
1394 4101 1410 4128 ,
1458 4060 1622 4121 nullis

79 4148 340 4204 extantibus
384 4153 636 4216 meritis,
691 4153 898 4217 abbas,
946 4152 1232 4222 omnisque
1276 4153 1619 4225 congregatio

79 4239 416 4298 monachorum
447 4245 687 4300 coenobii
719 4245 906 4301 Sancti
929 4245 1075 4300 Petri
1107 4244 1481 4302 Carnotensis.
1513 4245 1622 4302 No-

82 4335 166 4384 tum
196 4349 301 4391 esse
331 4339 610 4405 volumus,
648 4349 757 4395 tam
795 4340 1155 4411 prtesentibus
1188 4357 1351 4413 quam
1385 4339 1616 4411 futuris,

81 4432 240 4480 sancte
279 4428 367 4484 Dei
414 4432 677 4488 (ecclesiae
724 4433 1011 4502 fidelibus,
1059 4435 1320 4506 quoniam
1368 4433 1616 4504 quaedam

84 4515 255 4585 mulier,
286 4519 556 4580 Hersindis
592 4525 838 4592 nomine,
865 4525 978 4596 jam
1010 4537 1224 4582 mortuo
1253 4541 1352 4583 suo
1383 4525 1530 4594 viro,
1561 4534 1618 4581 et

83 4610 232 4667 orbata
259 4617 403 4684 ﬁliis,
434 4621 524 4675 diu
553 4635 904 4677 commorans
935 4621 992 4676 in
1026 4621 1302 4679 territorio
1337 4621 1618 4678 Dorcasini

87 4706 248 4773 castri,
275 4709 323 4764 in
350 4711 465 4768 loco
503 4714 716 4770 scilicet
742 4715 834 4784 qui
861 4723 1087 4769 vocatur
1122 4713 1450 4780 Cruciacus;
1489 4713 1616 4768 dum

85 4804 133 4844 ex
173 4811 302 4855 more
343 4803 567 4858 militari
609 4805 816 4860 servire
862 4817 1172 4877 cogeretur,
1211 4821 1310 4877 pro
1350 4805 1617 4862 beneﬁcio

87 4888 197 4948 quod
221 4892 420 4948 tenebat
445 4896 512 4952 de
545 4897 746 4952 domno
783 4896 1041 4964 Albertu,
1089 4896 1204 4952 ﬁlio
1233 4896 1481 4952 videlicet
1516 4897 1615 4952 Ri-

88 4969 199 5030 haldi
223 4979 492 5040 clarissimi
522 4987 657 5051 viri;
695 4985 920 5057 ejusque
957 4987 1172 5043 servicii
1209 4987 1382 5054 mole,
1409 4997 1470 5042 ut
1506 4987 1613 5042 fra-

91 5059 186 5129 gilis
213 5069 406 5141 mulier,
435 5076 725 5130 admodum
754 5085 1090 5147 gravaretur,
1123 5075 1339 5133 salubre
1371 5079 1615 5148 proposi-

93 5154 181 5248 tuni
213 5157 429 5228 eligens,
465 5164 631 5220 donni
663 5165 918 5223 Landrici
959 5167 1175 5224 abbatis
1199 5206 1217 5234 ,
1255 5169 1632 5248 antecessoris

96 5246 200 5338 uici.
225 5260 539 5320 praesentiam
571 5261 734 5327 adiit,
779 5261 980 5317 obnixe
1007 5271 1196 5332 petens
1227 5273 1286 5318 ut
1320 5279 1417 5319 sua
1453 5246 1634 5338 prece;

99 5331 317 5396 obtineret
338 5358 459 5414 aput
483 5350 738 5406 domnum
767 5367 924 5409 suum
950 5331 1264 5422 praedictum
1301 5331 1611 5423 Albertum,

101 5427 304 5490 Ψιθιίιιιιε
321 5473 336 5498 .
359 5451 454 5505 pro
477 5441 653 5496 anima
680 5458 778 5499 sua
806 5452 862 5499 et
888 5458 988 5514 pro
1017 5443 1304 5500 animabus
1328 5454 1614 5516 parentum

103 5526 304 5588 suorum,
331 5526 541 5588 daretur
567 5535 672 5589 sibi
713 5534 942 5605 facultas
974 5535 1280 5592 dimittendi
1312 5545 1472 5594 terrae
1499 5552 1614 5594 suae

105 5607 390 5672 medietatem
435 5621 632 5681 Sancto
677 5626 840 5684 Petro
920 5629 1155 5698 propriis
1202 5629 1390 5685 usibus
1439 5629 1611 5686 altera

108 5697 338 5760 medietate
359 5720 554 5780 retenta
578 5717 696 5773 sine
717 5697 940 5775 servitio
961 5697 1087 5774 dum
1110 5719 1406 5776 adviveret.
1437 5719 1610 5787 Quam

1724 3328 1780 3374 et
1809 3317 2096 3385 Nivardus,
2123 3319 2263 3374 ﬁlius
2291 3319 2553 3403 Hugonis.
2581 3318 2872 3376 Nobiscum
2901 3337 3029 3377 vero
3054 3319 3272 3375 fuerunt
3298 3337 3314 3402 :_

1723 3407 1982 3465 Ernulfus
2020 3409 2202 3482 Niger,
2245 3410 2542 3467 Rainaldus
2579 3426 2770 3483 agaso,
2805 3411 3070 3466 Gilduinis
3116 3411 3312 3482 major,

1725 3499 2034 3570 Stephanus
2064 3501 2316 3566 Galoius,
2349 3502 2718 3568 Fulcbardus,
2751 3503 2950 3567 Frodo,
2987 3503 3312 3570 Adventius,

1635 3584 1638 3586 ’
1725 3589 2061 3660 Tcscelinus,
2094 3592 2478 3664 Leodcgarius,
2503 3594 2790 3660 Girardus,
2822 3593 3134 3660 Rainaldns,
3166 3592 3312 3648 Lan-

1723 3687 1950 3752 rentius,
1973 3689 2097 3746 item
2123 3686 2467 3744 Laurentius.
2491 3689 2633 3759 Aput
2657 3688 2914 3744 Sanctum
2940 3688 3312 3754 Clodoaldum,

1722 3778 1813 3832 ubi
1854 3778 2050 3848 Alpes,
2096 3793 2236 3834 uxor
2274 3779 2519 3835 Gauslini
2563 3780 2703 3834 hanc
2735 3787 2979 3846 certam,
3018 3793 3142 3834 cum
3183 3779 3313 3844 filiis

1633 3881 1636 3884 ‘
1722 3868 2071 3941 ﬁliabuSque,
2105 3870 2369 3937 ﬁrmavit,
2401 3869 2618 3927 fuerunt
2647 3871 2700 3926 bi
2730 3889 2744 3926 :
2777 3870 3024 3943 Ogerius,
3070 3871 3314 3935 decanos

1723 3959 1907 4016 Sancti
1939 3955 2250 4018 Cblodoaldi
2276 3979 2292 4029 ;
2321 3962 2527 4028 'l‘eudo,
2553 3963 2865 4034 Otbgerius,
2895 3961 3182 4027 Radulfus;
3215 3961 3313 4016 Al-

1721 4049 1938 4116 bertus,
1974 4052 2112 4106 ﬁlius
2149 4052 2436 4123 lngenulli,
2469 4053 2752 4120 Ernulfns;
2785 4045 3130 4119 Gnnberius,
3161 4052 3318 4114 illius,

1723 4144 1940 4199 Ernaldi
1974 4146 2040 4200 de
2071 4146 2240 4201 Vallo.
2273 4146 2425 4203 Hanc
2452 4163 2667 4219 quoque
2703 4157 2909 4203 cartam
2949 4147 3318 4216 ﬁrmaverunt

1721 4236 1814 4291 lilii
1843 4235 2160 4304 Waszonis,
2193 4237 2346 4311 llugo
2376 4240 2643 4302 videlicet,
2675 4238 2855 4294 domui
2887 4237 3092 4292 Alberti
3124 4237 3318 4306 heres,

1720 4338 1776 4383 et
1802 4327 2037 4393 Gunszo,
2066 4329 2234 4385 frater
2257 4332 2392 4402 ejus.
2424 4331 2480 4385 ln
2506 4333 2610 4386 ﬁne
2635 4345 2848 4400 quoque
2873 4329 3088 4384 nomina
3113 4345 3314 4400 eorum

1718 4425 1922 4495 placuit
1951 4442 2171 4498 ponere,
2203 4427 2269 4482 de
2295 4441 2524 4497 quorum
2557 4425 2819 4480 beneﬁcio
2850 4424 3168 4494 praescripta
3197 4423 3314 4492 lars

1649 4558 1694 4614 Β
1721 4511 1850 4588 gitio
1874 4519 2169 4586 descendit,
2201 4529 2258 4573 ut
2281 4529 2336 4574 et
2365 4534 2460 4589 pro
2491 4517 2623 4588 ipsis
2650 4517 3066 4597 jugitcr‘oretur
3095 4534 3107 4570 :
3135 4515 3320 4587 Mein-1

1703 4619 1908 4682 ’gotus,
1937 4612 2020 4666 vir
2065 4612 2375 4678 Hersindis,
2407 4627 2527 4681 qua:
2570 4611 2672 4666 hoc
2707 4611 2905 4672 donum
2947 4609 3121 4673 dedit;
3153 4607 3317 4678 lnge-

1719 4702 1932 4768 null'us,
1977 4703 2132 4774 cujus
2182 4704 2352 4758 ﬁlium
2391 4701 2506 4772 jam
2572 4703 2974 4777 prteniisinitis,
3019 4699 3310 4770 Albertunt

1717 4785 1953 4850 nomine.
1989 4781 2009 4848 ὲ

2247 4869 2643 4942 CAPITULUM
2680 4884 2770 4939 xr.

2097 4977 2176 5034 De
2201 4979 2497 5034 molendino
2529 4977 2691 5034 Mala:
2721 4975 2919 5032 Pwnw.

2275 5071 2436 5142 (Ante
2462 5086 2514 5125 a.
2549 5069 2732 5140 1070.)
3313 5133 3316 5136 ,

1791 5179 1812 5214 ι
1846 5161 1905 5216 ln
1935 5159 2156 5218 nomine
2188 5160 2400 5216 Domini
2439 5158 2612 5216 nostri
2643 5157 2807 5213 Jhesu
2843 5156 3068 5224 Christi.
3102 5155 3308 5216 Notum

1713 5269 1836 5311 esse
1854 5254 2103 5311 volumus
2121 5254 2374 5312 omnibus
2393 5251 2596 5329 Christi
2617 5250 2874 5318 azcclesia:
2895 5251 3168 5320 ﬁdelibus,
3191 5261 3306 5308 tam

1713 5347 2057 5418 presentibus
2101 5362 2263 5419 quam
2307 5345 2546 5420 futuris,
2595 5359 2696 5418 ego
2737 5342 3045 5418 Landricus
3089 5344 3302 5414 abbas,

1712 5443 2076 5514 monacbique
2098 5439 2332 5500 emnobii
2359 5439 2543 5496 Sancti
2565 5439 2711 5496 Petri
2733 5437 3107 5504 Carnotensis,
3132 5439 3304 5514 quod,

1711 5550 1836 5592 cum
1863 5513 2106 5590 ecclesia
2134 5533 2202 5590 de
2225 5532 2498 5590 Bruerolis
2519 5547 2552 5587 a
2575 5531 2910 5589 nobilissimo
2936 5530 3051 5584 viro
3075 5513 3302 5584 Alberto

1714 5626 1869 5683 nobis
1897 5624 2087 5680 fuisset
2116 5638 2374 5680 concessa
2399 5663 2415 5690 ,
2445 5623 2619 5680 vitium
2645 5631 2730 5680 est
2765 5623 2923 5680 nobis
2951 5620 3299 5694 profuturum

1711 5733 1860 5784 esse,
1893 5727 1951 5773 ut
1980 5717 2080 5774 sub
2114 5718 2231 5790 ipsa
2266 5717 2505 5773 ecclesia
2547 5726 2796 5790 stagnum
2834 5724 3293 5772 construeremus.

109 5796 214 5852 τεω.
233 5803 282 5851 ut
304 5810 411 5860 erat
427 5803 827 5892 liberalissimus
851 5826 916 5869 ac
947 5811 1058 5868 Deo
1081 5812 1305 5872 devotus
1331 5813 1611 5886 nostrique
1708 5810 1863 5882 Quod
1892 5826 2013 5869 cum
2043 5809 2263 5870 minime
2287 5818 2469 5886 posset
2497 5809 2638 5880 ﬁeri.
2666 5809 2769 5884 nisi
2792 5808 2932 5886 ξοτει
2956 5817 3140 5899 cmi)“.
3165 5823 3298 5886 πει
