3842 6308
90 367 188 427 ω

715 370 942 428 VETUS
979 369 1220 431 AGANO
1277 403 1347 416 --
1374 372 1506 428 LIB.
1537 369 1649 428 VII.
1691 369 2090 432 LANDRICUS
2125 374 2218 430 ET
2270 374 2667 434 IIUBERTUS.

91 498 263 541 omnes
307 489 560 548 sanctos,
607 483 708 539 nisi
759 482 1070 556 resipuerit,
1117 489 1320 544 sentiat
1373 487 1476 542 sibi
1535 501 1657 542 esse
1685 488 1733 549 Α
1763 501 1898 556 pus.
1933 488 2032 548 Cui
2059 489 2218 548 dono
2248 493 2294 548 si
2325 493 2447 563 quis
2492 508 2748 564 umquam
2779 495 3054 555 contraire
3094 497 3352 566 voluerit,:

88 575 425 640 contrarium,
470 586 530 632 et
580 593 701 631 cum
755 578 872 649 ipso
922 581 1138 636 diabolo
1181 591 1235 636 et
1271 581 1485 653 angelis
1543 579 1660 650 ejus

88 667 292 723 aeternis
341 668 680 725 cruciatibus
719 670 775 724 in
828 671 1042 727 inferno
1078 688 1138 728 se
1171 673 1404 728 cruciari
1453 672 1655 728 doleat.

87 758 260 814 Testes
283 760 478 812 harum
530 775 707 814 rerum
753 762 1099 818 subscribere
1143 765 1475 820 curavimus.
1521 765 1662 820 Her-

86 850 279 906 bertum
309 849 375 905 de
414 850 706 908 Burseriis.
743 850 1080 910 Rodbertum
1125 853 1194 908 de
1225 853 1486 909 Fossatis.
1523 853 1669 909 Ted-

85 942 278 997 baldum
309 942 377 997 de
399 942 557 998 Valle
581 943 874 1000 Grinnoso.
923 944 1258 1010 Ebrardutn,
1317 945 1488 1002 lilium
1515 945 1666 1002 Wal-e

86 1035 211 1090 terii.
271 1033 556 1090 Dodonem
602 1036 986 1092 seuescallum.
1042 1035 1369 1093 Walterium
1421 1037 1492 1094 de
1548 1036 1666 1092 lina

1663 1171 1665 1174 .
1762 1123 2032 1182 Cantante
2060 1125 2232 1198 Lupo.
2259 1147 2278 1180 ι

83 1141 221 1197 gena.
251 1145 270 1176 ι

588 1219 984 1277 CAPITULUM
1025 1221 1144 1277 XV.

427 1311 508 1368 De
553 1315 786 1369 (ecclesia
837 1315 1292 1371 Castellariorum.

645 1407 809 1476 (Ante
831 1407 1096 1480 a.1080.)
1181 1422 1186 1426 ·

143 1513 160 1546 ι
205 1495 432 1551 Domino
464 1506 660 1552 nostro
695 1497 863 1554 Jhesu
905 1499 1128 1554 Christo
1149 1539 1164 1566 ,
1195 1497 1440 1555 omnium
1475 1514 1663 1556 rerum

1761 595 1888 635 cum
1917 579 2074 637 Anna
2101 583 2170 653 etf
2193 583 2402 654 Caipha
2428 595 2484 641 et
2511 583 2648 642 Juda
2678 587 2962 653 traditore,
3008 589 3060 644 in
3093 589 3218 661 igne
3267 594 3346 648 ius

1763 669 1904 726 terni
1954 674 2188 742 positus,
2243 674 2348 730 nisi
2407 676 2696 746 resipuerit
2745 687 2801 732 et
2845 679 2913 733 ad
2959 678 3354 736 satisfactionis

1765 764 2068 820 remedium
2095 764 2431 838 confugerit,
2461 767 2680 822 aeternis
2707 771 2882 838 pmnis
2907 786 2965 826 se
3001 770 3182 826 doleat
3221 788 3356 830 cru-

1763 853 1918 910 ciari.
1950 852 2122 924 Hujus
2146 857 2225 912 rei
2258 859 2477 914 testium
2511 859 2730 914 nomina
2765 862 3107 918 subscribere
3138 879 3360 917 curari—

1771 963 1916 1004 mus.
1959 947 2265 1006 Ricbardus
2295 953 2635 1023 praepositus.
2679 952 2986 1010 llodbertus
3031 957 3345 1012 Mischinus.

1763 1037 2155 1096 Guinebertus.
2201 1041 2522 1100 Gualterius
2562 1045 2628 1100 de
2669 1042 2916 1116 Ungcna.
2966 1046 3237 1104 I-lubertus
3281 1045 3359 1105 de”

2263 1217 2662 1276 CAPITULUM
2686 1220 2847 1275 XVII.
2967 1281 2969 1283 _

2103 1307 2180 1364 De
2221 1311 2459 1366 azcclesia
2504 1310 2754 1368 Fessonfs
2807 1312 3024 1378 Vitiare.

2338 1401 2499 1470 (Ante
2525 1418 2575 1457 a.
2597 1404 2782 1474 l070.)

1839 1509 1860 1543 ι
1902 1491 1958 1546 1η
1990 1493 2206 1548 nomine
2242 1503 2446 1550 sanctze
2483 1504 2536 1549 et
2573 1495 2862 1552 individua:
2891 1499 3194 1566 Trinitatis,
3228 1519 3362 1579 quae.

83 1587 356 1651 conditore,
385 1586 744 1657 prasidente.
769 1588 1036 1646 omnibus
1052 1599 1260 1645 sancta}
1281 1591 1376 1647 Dei
1401 1591 1662 1647 maciesiay
1760 1583 2124 1653 personaliter
2153 1585 2329 1640 trinus
2366 1593 2421 1640 et
2464 1587 2827 1643 essentialiter
2873 1606 3011 1644 unus
3054 1601 3137 1647 est
3183 1593 3347 1650 Deus.

83 1678 188 1732 tiliis
231 1686 414 1732 uotum
463 1694 594 1734 esse
623 1680 904 1747 volumus,
937 1697 1039 1752 ego
1070 1680 1349 1742 Ilubertus
1389 1684 1558 1740 abbas
1605 1693 1664 1742 et
1763 1673 1966 1734 Νοωιιι
1995 1691 2118 1734 esse
2138 1677 2406 1758 volumus.
2439 1693 2544 1749 .ch
2587 1680 2803 1749 quidem
2845 1683 3013 1744 abbas
3055 1685 3359 1744 Landrieus.

83 1769 443 1824 monachorum
486 1782 795 1828 conventus
845 1773 1033 1828 Sancti
1065 1773 1213 1831 Petri
1259 1776 1495 1832 ccenobii
1525 1775 1665 1832 Car-
1735 1777 1822 1848 ¹εει
1851 1769 2030 1824 omnis
2060 1778 2237 1826 coetus
2283 1772 2672 1828 menaeltorum
2709 1772 2893 1830 Sancti
2937 1773 3087 1831 Petri
3117 1778 3360 1836 coanobii.

83 1860 327 1927 notensis,
383 1861 515 1930 quia
573 1862 794 1930 quidam
843 1863 1020 1930 miles,
1075 1865 1298 1920 nomine
1346 1864 1659 1922 Radbertus
1690 1859 1735 1920 Β
1764 1861 2140 1930 Carnotensis,
2177 1865 2431 1920 omnibus
2473 1875 2679 1920 sancta:
2712 1865 2805 1926 Dei
2851 1867 3110 1923 mcclesia:
3133 1869 3363 1928 cultori:

88 1952 424 2019 Fossatensis,
452 1965 630 2026 atque
665 1957 872 2028 Agnes,
905 1954 1022 2025 ejus
1047 1958 1376 2014 venerabilis
1395 1956 1658 2026 conjunx,

84 2061 166 2116 pro
197 2047 430 2102 remedio
477 2063 710 2103 suarum
759 2064 1092 2120 suorumque
1132 2060 1418 2120 parentum
1445 2051 1656 2105 anima-

85 2155 204 2205 rmn,
229 2141 280 2194 in
315 2142 527 2198 honore
565 2142 708 2197 beati
739 2141 884 2198 Petri
911 2145 1164 2214 apostoli,
1194 2145 1248 2199 in
1275 2143 1515 2209 Pertico,
1551 2159 1657 2198 non

87 2229 219 2300 longe
263 2247 291 2284 a
341 2229 478 2286 Mori
537 2232 773 2299 Villare,
824 2232 1272 2289 Castellariorum
1329 2235 1664 2299 accelesiam,

91 2335 331 2380 etemento
392 2335 450 2380 et
523 2326 712 2395 lapide
766 2336 1131 2383 constructam
1185 2345 1214 2383 a
1258 2328 1658 2385 sanctimoniali

89 2415 281 2484 femina,
334 2418 566 2473 nomine
616 2417 872 2483 Iladvisa,
905 2430 1082 2474 matre
1116 2420 1366 2476 videlicet
1417 2421 1656 2492 praelatae

85 2506 310 2574 Agnetis,
360 2523 487 2562 cum
551 2523 777 2563 assensu
834 2519 890 2564 et
945 2519 1197 2580 prompto
1251 2511 1445 2566 all'eCtu
1499 2511 1658 2566 istius

89 2599 506 2665 sanctimonialis,
567 2600 773 2670 pariter
797 2607 852 2654 et
891 2599 1122 2653 liliorum
1153 2601 1494 2671 liliarumque
1525 2617 1660 2658 sua-

89 2705 206 2757 rum,
231 2703 409 2746 nostro
455 2693 588 2748 loco
635 2693 1012 2758 contulerunt;
1049 2701 1192 2748 etne
1237 2694 1350 2750 sola
1383 2696 1660 2750 videretur

90 2795 186 2834 esse
209 2783 314 2837 haec
340 2797 538 2837 eorum
580 2783 819 2854 largitio,
862 2785 914 2838 in
943 2785 1278 2841 eodemloco
1309 2786 1654 2857 addiderunt,

90 2875 140 2924 atl
162 2874 531 2940 excolendum,
569 2886 768 2930 terram
824 2877 984 2932 unius
1030 2880 1198 2933 aratri
1249 2889 1318 2936 et.
1358 2881 1494 2936 duos
1544 2881 1658 2937 ari-

91 2980 264 3034 pcnnos
307 2969 468 3038 prati.
523 2967 778 3035 Quorum
811 2968 1029 3035 animae,
1069 2971 1123 3024 in
1177 2973 1382 3042 gremio
1415 2972 1656 3030 Abraha:

91 3059 377 3125 patriarchae
404 3060 721 3127 collocatae,
757 3062 1029 3132 accipiant
1070 3079 1102 3117 a
1126 3062 1348 3119 Christo
1377 3067 1658 3136 praatttium

93 3159 270 3206 nitentat
293 3151 432 3206 vine.
463 3151 528 3206 Si
569 3151 692 3220 quis
721 3167 852 3207 vero
901 3153 1006 3207 hoc
1053 3169 1242 3208 eormn
1288 3155 1488 3210 bonum
1519 3169 1670 3228 OptIS‘

1765 1955 1882 2020 bus,
1929 1965 2038 2012 tam
2091 1957 2434 2026 presentibus
2478 1973 2640 2026 (piam
2690 1958 2909 2022 futuris,
2938 1961 3079 2030 quod
3134 1963 3356 2029 quidam

1762 2048 1938 2112 miles,
1971 2048 2190 2104 nomine
2219 2047 2430 2115 Guado,
2467 2049 2520 2104 in
2546 2052 2822 2116 territorio
2852 2052 3134 2122 Doreasini
3165 2055 3353 2120 castri,

1762 2137 2034 2198 illecebris
2060 2148 2224 2208 atque
2252 2138 2416 2209 hujus
2453 2139 2622 2196 seculi
2652 2140 3018 2211 voluptatibus
3061 2141 3221 2196 liueat
3249 2143 3366 2206 jtn-_

1761 2246 1963 2301 ponere
1990 2231 2198 2297 volens,
2241 2232 2294 2286 in
2331 2232 2554 2287 servitio
2593 2232 2688 2286 Dei
2739 2243 2793 2288 et
2842 2234 3050 2290 sanctis
3099 2237 3358 2300 operibus

1761 2338 1881 2380 sese
1939 2325 2295 2395 mancipans,
2352 2322 2600 2384 habitum
2647 2335 2852 2380 sancta:
2911 2325 3190 2396 religionis
3239 2336 3353 2381 toto

1761 2415 1957 2474 allecto
1988 2417 2090 2471 sibi
2124 2416 2452 2486 perobtavit,
2485 2431 2567 2484 ac,
2596 2416 2697 2478 sub
2727 2417 2992 2472 tutaniine
3021 2419 3166 2474 beati
3205 2419 3354 2475 Petri

1759 2509 2122 2579 apostolorum
2150 2510 2428 2580 principis,
2455 2527 2484 2564 a
2528 2510 2686 2566 nobis
2715 2510 3077 2567 monachiletn
3109 2511 3354 2566 habitum

1759 2601 2001 2668 expetiit,
2029 2601 2212 2656 eximii
2251 2604 2418 2668 patris
2449 2602 2722 2658 Benedicti
2771 2618 3016 2658 normam
3059 2604 3356 2658 obsecutu-

1760 2708 1874 2748 rus.
1910 2693 1984 2747 De
2036 2692 2196 2748 rebus
2237 2694 2469 2763 denique
2500 2709 2634 2762 quas
2680 2694 2734 2748 in
2781 2694 2965 2750 seculo
3009 2704 3272 2762 tenuerat,
3301 2695 3368 2748 in.

1759 2783 1947 2839 usibus
1969 2782 2219 2848 fratrum,
2245 2797 2470 2838 assensu
2495 2783 2590 2838 lilii
2612 2784 2694 2838 sui
2723 2783 2986 2848 Baldrici,
3017 2787 3352 2854 prmnomine

1759 2872 2028 2939 Jhotardi,
2070 2873 2704 2930 medietatem.ecclesiae
2740 2875 2996 2930 Fessonis
3041 2874 3252 2930 Villaris
3299 2885 3368 2936 ει,

1759 2968 1882 3024 atrii
1937 2968 2138 3024 Sancto
2183 2967 2345 3024 Petro
2399 2969 2741 3024 contradidit.
2795 2970 2924 3026 Post
2958 2972 3185 3027 eandem
3222 2987 3368 3027 vero'

1760 3061 2082 3126 wcclesiam,
2099 3061 2247 3116 dedit
2271 3070 2467 3114 terram
2494 3062 2654 3116 unius
2674 3063 2864 3128 aratri,
2889 3079 3009 3131 qua:
3033 3064 3368 3120 terminatur,-

1762 3153 1830 3207 ab
1869 3169 1976 3208 uno
2003 3152 2194 3218 latere,
2227 3153 2394 3222 ipsius
2417 3151 2690 3208 {mcelesiai
2719 3153 2894 3218 atrio;
2937 3154 3006 3208 ab
3043 3153 3149 3208 alio
3183 3170 3334 3216 vero,

93 3239 369 3295 calumniari
412 3218 720 3311 aliquando
769 3243 1180 3312 presumpserit,
1231 3260 1355 3299 cum
1415 3218 1651 3314 Nerone,
1683 3218 1726 3275 (ἶ
1762 3245 1841 3299 via
1872 3244 2084 3315 publica
2113 3218 2402 3313 quzeducit
2443 3243 2788 3314 Tegularias;
2815 3243 2935 3300 aliis
2958 3243 3242 3310 lateribus,
3275 3245 3367 3314 pi-;

93 3329 164 3397 qui
201 3327 405 3386 Petrum
455 3332 770 3402 apostolum
823 3334 1001 3388 crucis
1071 3335 1254 3405 stipite
1311 3337 1669 3400 extinxit,et

99 3423 430 3491 coapostolum
464 3424 513 3494 ej
533 3441 595 3479 us
625 3425 850 3480 Paulum
883 3426 1058 3497 gladio
1088 3428 1326 3496 necavit,
1352 3429 1404 3483 in
1443 3429 1655 3484 inferno

97 3518 268 3579 trusus,
293 3517 579 3586 perpetuis
610 3517 843 3588 ignibus,
882 3518 985 3573 nisi
1017 3521 1323 3588 resipuerit,
1357 3521 1654 3587 crucietur,

95 3615 136 3656 et
157 3622 179 3657 a
205 3610 466 3666 vermibus
504 3626 810 3680 numquam
844 3611 1009 3666 morit
1036 3612 1149 3668 uris
1185 3612 1304 3669 sine
1329 3613 1435 3667 line
1460 3627 1656 3669 conro-

97 3695 242 3751 tlatur.
277 3718 294 3750 ι

568 3790 968 3849 CAPITCLUM
995 3793 1138 3850 XVI.

491 3884 578 3939 De
615 3885 818 3939 decima
869 3884 1211 3940 Finemuudi.

633 3979 794 4046 (Ante
815 3994 870 4033 a.
897 3979 1080 4050 I080.)

160 4083 175 4116 ι
212 4065 264 4120 lu
311 4069 526 4125 nomine
554 4079 762 4125 sancte
793 4079 870 4126 et
895 4071 1186 4128 individua:
1217 4070 1521 4143 Trinitatis,
1547 4073 1652 4130 Pa-

105 4155 182 4209 tris
197 4167 246 4210 et
270 4157 386 4214 Filii
416 4171 471 4216 et
513 4161 754 4233 Spiritus
782 4161 988 4218 Sancti.
1017 4163 1215 4219 Notum
1243 4181 1363 4222 esse
1397 4168 1646 4224 volumus

104 4250 418 4310 prasentibus
463 4261 520 4306 et
555 4254 756 4308 futuris
782 4253 1030 4309 ecclesiae
1069 4255 1166 4312 Dei
1205 4256 1523 4324 cultoribus,
1555 4257 1663 4314 nos'

106 4341 581 4398 monachiceenobii
631 4344 820 4399 Sancti
876 4345 1024 4401 Petri
1079 4348 1452 4413 Carnotensis,
1501 4351 1648 4419 quod

105 4429 285 4496 quidam
309 4433 478 4500 miles,
503 4434 726 4490 nomine
757 4435 1068 4505 Rainerius,
1089 4438 1248 4508 vulgo
1275 4437 1648 4496 Finemundus

1759 3337 1834 3392 ris
1856 3336 2080 3405 aliisque
2102 3334 2384 3391 arboribus
2408 3336 2751 3390 terminatur.
2773 3335 3116 3390 llancautem
3143 3346 3351 3393 cartaut

1757 3429 1804 3484 si
1860 3429 1999 3483 forte
2054 3428 2252 3498 aliquis
2300 3428 2624 3496 sicophanta
2671 3427 2952 3482 adnullare
2992 3427 3370 3497 temptaverit,

1757 3520 1814 3576 in
1841 3521 2046 3591 judicio
2083 3520 2366 3583 deductus,
2404 3519 2490 3584 Vl,
2521 3519 2638 3573 auri
2667 3519 2830 3574 libras
2853 3518 3021 3587 judici
3060 3518 3366 3587 persolvat,-

1755 3619 1813 3668 et
1857 3611 2008 3665 nisus
2047 3609 2165 3679 ejus
2221 3607 2466 3664 ineliicax
2501 3617 2795 3662 remaneat.
2826 3608 2977 3673 Quod
3023 3608 3068 3662 si
3107 3607 3353 3676 pertinax

1653 3747 1658 3752 ,
1757 3701 1948 3767 fuerit,
1977 3700 2340 3756 anathematis
2367 3698 2548 3767 gladio
2571 3697 2878 3762 confossus,
2908 3697 3010 3752 nisi
3039 3697 3364 3766 resipuerit,,

1661 3817 1666 3846 :
1760 3808 1882 3848 cum
1915 3791 2127 3846 diabolo
2171 3788 2471 3858 etaugelis
2497 3788 2615 3858 ejus
2662 3801 2852 3857 [uenas
2888 3787 2942 3842 in
2975 3787 3186 3842 iulerno
3215 3787 3367 3856 luat,

1759 3884 1972 3940 veniam
2011 3882 2295 3938 habiturus
2323 3896 2446 3936 cum
2483 3895 2604 3936 eam
2643 3879 2890 3938 diabolus
2917 3888 2998 3936 est
3025 3887 3354 3940 consecutu-

1759 3993 1874 4034 rus.
1907 3997 1926 4029 ,
2241 4063 2636 4122 CAPITULUM
2675 4062 2863 4120 XVIII.

1986 4161 2060 4214 De
2087 4160 2360 4215 medietate
2401 4160 2648 4212 tt'cclesia’
2673 4156 2914 4210 ϐλ·αεὶαεί
2958 4155 3118 4212 uilltv.

2331 4252 2495 4321 (Ante
2521 4267 2572 4304 a.
2605 4250 2788 4318 1102.)
3170 4301 3172 4304 ,
3353 4315 3358 4318 _

1828 4366 1846 4399 ι
1877 4346 2023 4417 (168)
2050 4346 2104 4400 ln
2137 4345 2352 4400 nomine
2380 4343 2589 4398 Domini
2614 4343 2784 4397 nostri
2809 4340 2974 4398 Jhesu
2993 4339 3214 4396 Christi.
3249 4337 3357 4400 No-

1755 4446 1866 4493 tum
1897 4451 2017 4493 esse
2059 4436 2326 4504 volumus,
2366 4451 2464 4507 ego
2514 4434 2837 4490 Eustachius
2876 4433 3046 4487 abbas
3071 4431 3360 4504 omnisque

107 4523 350 4593 vocitatus,
379 4537 658 4594 egrotans,
687 4529 754 4583 ad
795 4537 1026 4586 mortem
1053 4531 1206 4600 petiit
1253 4532 1498 4586 habitum
1525 4548 1648 4588 mo—
1675 4536 2047 4628 "conventus
2071 4529 2456 4590 monachorum
2489 4524 2671 4580 Sancti
2693 4523 2840 4577 Petri
2863 4521 3210 4577 Carnotensis
3233 4533 3363 4588 cm»,

106 4613 350 4684 nachilem,
376 4635 472 4688 pro
499 4617 850 4690 adipiscenda
876 4637 1098 4678 suorum
1121 4622 1441 4679 delictorum
1469 4626 1646 4683 venia.

107 4698 232 4766 Quod
254 4709 459 4777 quidem
490 4713 720 4782 adeptus
765 4720 849 4767 est
895 4728 926 4766 a
963 4713 1167 4769 nostris
1196 4715 1482 4772 monachis
1523 4726 1654 4775 tunc

108 4793 424 4855 militantibus
467 4801 582 4856 Deo
607 4811 663 4856 et
690 4811 882 4858 sancto
923 4803 1218 4871 Germano,
1250 4805 1306 4861 in
1336 4804 1455 4860 loco
1481 4804 1651 4865 Bruc-

110 4883 298 4943 t'olensi.
316 4890 469 4948 Dedit
488 4903 670 4948 autem
687 4893 942 4964 praelatus
965 4897 1252 4954 llainerius
1275 4914 1464 4956 sancto
1488 4903 1664 4961 Petro.

118 4985 325 5043 apostolo
349 4998 403 5042 et
427 4999 616 5047 sancto
641 4988 935 5053 Germano,
961 4988 1014 5042 in
1037 4989 1406 5058 stipendiariis
1420 4992 1650 5054 fratrum

112 5068 219 5128 inibi
243 5073 342 5133 Deo
367 5081 734 5147 militantium,
758 5080 960 5136 domno
984 5095 1083 5135 suo
1101 5079 1326 5150 Ilugone
1353 5097 1661 5155 annuente,"

113 5162 335 5225 decimam
364 5189 523 5244 quam
573 5183 794 5229 tenebat
851 5174 905 5228 in
957 5174 1262 5243 masingilo,
1311 5178 1401 5245 qui
1450 5195 1650 5236 nomen

117 5259 306 5314 sortitur
333 5279 362 5316 a
385 5265 651 5321 Cantante
678 5265 836 5329 Pica;
873 5274 932 5320 ut
980 5265 1048 5320 ab
1079 5266 1198 5335 ipso
1237 5268 1440 5335 judice,
1468 5271 1560 5339 qui
1587 5271 1648 5326 in

117 5343 199 5400 Iiue
217 5353 366 5407 seculi
404 5355 689 5426 unicuique
715 5365 987 5421 nostrum,
1021 5365 1184 5425 prout
1203 5356 1434 5428 quisque
1463 5375 1652 5429 gesse-

117 5433 189 5499 rit,
229 5440 335 5496 sive
381 5445 574 5500 bonum
630 5447 744 5501 sive
781 5445 1009 5512 malum,
1059 5446 1307 5516 accipere
1345 5457 1663 5516 mereretur

119 5522 218 5579 vita:
241 5541 440 5588 aeternae
477 5525 776 5604 praemium.
814 5536 912 5592 Est
959 5546 1140 5594 autem
1187 5537 1305 5608 ipsa
1347 5538 1560 5594 decima
1591 5540 1646 5596 in

1767 4618 1936 4683 nobii,
1995 4618 2250 4674 omnibus
2305 4615 2618 4672 christiana:
2676 4613 2802 4669 ﬁdei
2862 4612 3192 4676 cultoribus,
3244 4620 3362 4684 tam,

1759 4712 2116 4781 praesentibus
2162 4725 2325 4780 quam
2372 4707 2592 4774 futuris,
2640 4707 2784 4778 quod
2832 4707 3052 4775 quidam
3092 4703 3358 4778 clericus,

1764 4802 1919 4874 llugo
1947 4801 2188 4866 nomine,
2221 4799 2364 4854 ﬁlius
2391 4797 2702 4854 Gauscelini
2731 4796 2796 4850 de
2824 4793 3134 4864 Vernogilo,
3159 4799 3356 4861 sponte

1761 4893 1896 4954 adiit
1917 4891 2297 4968 quorumdam.
2325 4889 2717 4960 monachorum
2769 4895 3076 4955 nostrorum
3113 4897 3361 4957 praesen-_

1759 4988 1910 5052 tiam,
1929 4987 2187 5042 [lodberti
2213 4985 2422 5042 scilicet
2445 4981 2719 5054 quondam
2743 4979 2952 5034 abbatis
2978 4977 3362 5057 Fossatensis”

1756 5087 1917 5148 atque
1947 5076 2221 5135 Gausl‘ridi
2265 5085 2391 5140 tunc
2439 5072 2736 5144 provisoris
2795 5069 2902 5125 loci
2954 5069 3360 5150 Bruerolcnsis,‘

1756 5169 1991 5226 ell‘erens
2021 5169 2100 5224 eis
2128 5167 2193 5221 ad
2219 5164 2506 5222 emendum
2546 5161 3180 5218 medietatemtecclesite
3216 5161 3362 5216 Cru-_

1761 5262 1896 5332 eiaci
1935 5262 2094 5325 villae,
2123 5274 2268 5330 quae,
2299 5258 2416 5314 sine
2450 5254 2555 5310 ullo
2599 5253 2794 5318 incola,
2850 5252 2902 5306 in
2944 5252 3231 5308 soli.udine
3263 5266 3359 5308 re-.

1757 5352 1915 5410 dacta
1949 5361 2061 5408 tota
2097 5351 2386 5414 ceciderat,
2413 5346 2618 5402 nullum
2653 5346 2860 5403 habens
2910 5361 2976 5399 ex
3027 5360 3090 5398 ea
3136 5343 3348 5399 emolu-

1757 5450 2020 5500 mentum.
2067 5441 2240 5509 Quam
2275 5438 2494 5511 quidem
2529 5436 2834 5492 accelesiam
2883 5433 3144 5510 primatus
3186 5443 3345 5504 pater

1750 5537 1867 5608 ejus
1915 5537 1963 5590 ei
2023 5536 2334 5605 reliquerat,
2373 5531 2701 5588 hereditario
2737 5530 2883 5601 jure,
2911 5531 3046 5604 aliis:
3076 5527 3359 5610 fratribus

124 5625 324 5686 masura,
351 5639 464 5694 quae
489 5629 686 5685 dicitur
722 5628 1169 5694 hlonticulorum;
1205 5629 1256 5684 in
1297 5631 1404 5686 alia
1433 5646 1656 5704 quoque
1754 5636 1936 5684 cetera
1965 5626 2224 5682 beneﬁcia
2256 5626 2563 5694 relinquens
2592 5642 2605 5678 :
2638 5620 2889 5678 monachi
2931 5620 3183 5689 denique,
3218 5618 3354 5670 alte-

126 5719 302 5768 masura
325 5731 436 5784 qua:
483 5730 606 5778 ante
642 5721 816 5778 lucem
846 5730 954 5788 est,
985 5732 1176 5778 vocata
1223 5720 1456 5778 Grandis
1491 5723 1653 5794 Cam-

1759 5736 1874 5774 ram
1897 5720 2241 5777 medietatem
2269 5719 2509 5790 ejusdem
2534 5715 2792 5774 ωςςιρςὶω
2814 5714 2926 5788 jam
2953 5712 3236 5780 habentes,
3257 5707 3354 5782 per

181 5799 304 5876 (168)
325 5807 702 5872 'l'ransl'erenda
725 5815 841 5874 haec
861 5817 1050 5872 charta
1070 5816 1121 5872 in
1143 5815 1334 5871 librum
1348 5814 1626 5872 Eustachii
1667 5814 1900 5882 abbatis.
