3890 6302
516 342 638 413 :37

527 460 809 515 assensum
834 459 1018 516 domni
1047 461 1306 532 Hugonis,
1341 465 1552 534 nepotis
1577 465 1675 518 viri
1707 465 1994 520 clarissimi
2023 464 2115 517 ΑΙ·
2141 465 2196 524 Α

520 551 684 619 berti,
707 568 738 607 a
783 553 1042 623 prmdicto
1072 555 1290 620 clerico,
1318 557 1523 626 absque
1563 557 1722 611 ullius
1762 557 1997 612 hominis
2019 572 2112 611 ca-

519 642 746 712 lumnia,
803 655 1055 702 emerunt
1108 648 1269 701 etiam
1340 658 1395 700 et
1454 647 1680 700 alteram
1735 649 2104 710 medietatem;

519 736 712 791 dantes
745 735 794 790 ei
827 737 1062 807 primum
1107 737 1190 790 VII
1224 736 1426 790 solidus
1449 753 1814 803 nummorum,
1843 737 2038 794 deinde
2065 738 2106 794 V

517 825 740 887 solidos,
776 841 1104 896 rursumque
1131 825 1194 879 ΙΙΙ
1225 826 1456 889 solidos;
1487 828 1779 898 sepinsqne
1808 829 1875 884 ad
1901 845 1997 884 eos
2025 845 2112 885 re-

517 915 702 970 deunti
734 916 1000 972 dederunt
1026 919 1074 972 ei
1116 919 1432 973 munuscula
1468 920 1570 974 sibi
1619 919 1749 989 ipsis
1778 921 2107 977 necessaria.

515 1005 708 1060 Testes
741 1006 904 1076 hujus
955 1009 1033 1063 rei
1088 1010 1424 1080 subscriptus
1477 1011 1647 1066 lector
1686 1013 1870 1068 videre
1909 1023 2104 1084 potest.

516 1099 837 1156 Balduinum
861 1103 1246 1172 presbiterunt.
1274 1103 1593 1159 Walterium
1619 1107 1683 1160 de
1710 1105 1954 1177 Ungena.
1990 1107 2111 1162 Bal-

515 1193 724 1247 drieuui
756 1193 1052 1249 Bucellum.
1082 1193 1414 1250 Rodbertum
1466 1196 1808 1252 lilESchinum.
1846 1198 2112 1255 Guimun-

513 1285 639 1338 dum
667 1295 723 1340 et
747 1285 1070 1356 Sulpicium,
1107 1288 1326 1343 fratres.
1359 1289 1714 1346 Osmundum.
1751 1291 2104 1360 Stephanum.

513 1376 840 1432 Morardnm.
867 1378 1200 1434 Iiicltardum
1226 1382 1595 1452 praepediant.
1624 1382 1954 1436 llonertum
1985 1399 2106 1437 car-

507 1468 834 1539 pentarium.
2025 1489 2028 1492 ’

583 1580 602 1612 ι
650 1561 708 1616 ln
763 1563 868 1619 hac
897 1581 1116 1636 quoque
1165 1573 1315 1619 carta
1362 1565 1524 1620 etiam
1560 1566 1812 1620 omnibus
1859 1564 2107 1621 ﬁdelibus

507 1663 695 1709 notum
745 1671 866 1711 esse
903 1657 1178 1724 volumus,
1229 1657 1372 1727 quod
1431 1673 1461 1712 a
1510 1658 1767 1729 pnndictu
1815 1657 2105 1714 Gausfrido

505 1747 774 1802 monacho
803 1765 942 1803 unus
965 1751 1294 1819 agripennus
1331 1759 1487 1805 terra:
1518 1760 1598 1806 est
1625 1761 1839 1820 emptus
1872 1749 1937 1806 de
1965 1767 2100 1820 quo-

1362 345 1567 403 PAULI
1610 347 1671 402 S.
1705 345 1910 402 PETRI
1946 344 2428 402 CARNOTENSIS
2467 343 2772 402 MONACHI

2724 455 3118 515 CAPITULUM
3161 455 3300 512 XIX.

2603 554 2678 608 De
2709 553 2905 606 vicaria
2941 549 3408 606 Ermenteriarttm.

2793 646 2956 715 (Ante
2979 643 3232 712 11.1080.)

2288 755 2308 790 t
2352 738 2710 809 Omnipotens
2764 737 2936 802 Deus,
2993 736 3133 790 inter
3177 735 3282 788 alia
3331 733 3518 791 salutis
3567 740 3763 806 monita,

2210 838 2424 884 ortatur
2449 845 2551 885 nos
2579 829 2712 883 dare
2737 837 2795 881 ut
2825 826 3184 897 accipiamus,
3216 825 3428 880 scilicet
3463 833 3685 892 terrena,
3718 841 3768 886 ut

2213 922 2538 992 recipiamus
2582 921 2858 985 caelestia;
2899 920 3237 987 iterumque,
3271 919 3400 973 dare
3446 917 3765 978 elemosinam

2211 1021 2263 1066 et
2283 1012 2464 1066 ontnia
2492 1011 2648 1066 nobis
2667 1027 2788 1066 esse
2819 1010 3040 1066 munda.
3087 1009 3291 1064 iccirco
3318 1009 3372 1064 in
3410 1008 3550 1063 illius
3579 1015 3768 1066 nomine

2209 1105 2302 1174 qui
2359 1104 2486 1158 talia
2531 1114 2747 1169 monet,
2779 1103 2890 1173 Ego
2934 1101 3222 1167 Rodulfus,
3265 1115 3364 1172 pro
3391 1099 3562 1156 salute
3599 1105 3767 1159 anim-ae

2209 1211 2343 1251 mea:
2364 1205 2420 1250 et
2445 1197 2762 1251 remissione
2785 1204 3130 1266 peccatorum
3164 1209 3409 1250 meorum
3438 1203 3491 1250 ct
3515 1193 3766 1267 conjungis

2211 1303 2365 1355 mem,
2395 1295 2450 1342 et
2502 1288 2735 1343 ﬁliorum
2787 1302 3052 1348 meorum,
3105 1285 3377 1341 Tendonis
3419 1297 3474 1342 et
3517 1287 3763 1357 Iugennlti,

2208 1394 2301 1432 seu
2351 1387 2637 1447 parentum
2685 1377 2767 1432 vel
2811 1392 3186 1432 successorum
3239 1392 3515 1442 meorum,
3559 1383 3767 1434 concedo

2210 1471 2410 1526 Sancto
2454 1470 2614 1526 Petro
2662 1470 2981 1526 Caruolensi
3009 1478 3065 1526 et
3099 1470 3382 1525 monachis
3435 1471 3626 1526 ibidem
3669 1488 3767 1528 scr-

2207 1561 2476 1617 vientibus
2506 1561 2764 1615 vicariam
2792 1570 2848 1616 et
2874 1561 3389 1616 commendaticiam
3427 1576 3587 1630 quam
3619 1561 3768 1618 habeo

2209 1653 2261 1708 in
2297 1662 2496 1707 terram
2543 1652 2804 1721 ipsorum,
2833 1653 3042 1708 scilicet
3072 1653 3124 1707 in
3164 1651 3286 1706 villa
3315 1667 3434 1721 qua:
3463 1651 3654 1707 dicitur
3680 1654 3765 1709 Er-

2209 1745 2523 1798 menterias.
2571 1745 2638 1798 Et
2673 1753 2732 1798 ut
2768 1743 2872 1798 ista
2911 1743 3192 1798 concessio
3225 1743 3277 1797 in
3322 1752 3638 1813 perpetuum
3666 1759 3768 1814 per-

503 1838 628 1912 dam
661 1840 850 1904 milite,
881 1811 1101 1898 nomine
1130 1843 1424 1912 Rudberto,
1449 1844 1609 1910 datis,
1643 1811 1742 1915 pro
1770 1862 1856 1912 eo,
1883 1811 2089 1899 XX'XW

2207 1845 2453 1902 maneat,
2489 1851 2674 1891 coram
2712 1837 2940 1892 testibus
2981 1838 3078 1891 has
3109 1836 3317 1891 litteras
3347 1835 3768 1901 corroboravi,et

502 1930 693 1985 solidis
748 1948 1114 1989 nummorum.
1168 1935 1337 2003 Quem
1395 1937 1747 2008 agripennum
1795 1937 2098 2003 Bardull'us,

502 2021 648 2076 ﬁlius
693 2022 1010 2092 Bertranni,
1068 2035 1252 2095 postea
1295 2027 1662 2082 calumniatus
1703 2037 1786 2082 est
1833 2043 1929 2097 pro
1979 2043 2098 2082 suo.

499 2108 664 2166 Proin
688 2125 1054 2170 convenerunt
1082 2131 1249 2184 super
1278 2128 1479 2170 terram
1512 2117 1740 2172 domnus
1785 2116 1939 2189 llugo
1973 2133 2097 2173 cum

498 2204 612 2260 suis
635 2205 880 2262 ﬁdelibus
909 2215 1070 2278 atque
1091 2207 1321 2264 domnus
1335 2207 1670 2265 Gislebertns
1689 2209 1754 2264 de
1773 2207 2094 2282 Tegularlis,

494 2306 552 2348 et
598 2308 746 2351 certa
797 2313 854 2352 ta
885 2298 1004 2354 ioue
1046 2300 1367 2355 invenerunt
1413 2316 1518 2354 non
1567 2315 1688 2356 esse
1730 2316 1916 2355 vermn
1953 2303 2097 2371 quod

507 2387 794 2444 Bardulfus
825 2392 1124 2447 asserebat.
1156 2389 1307 2446 Tunc
1345 2391 1442 2462 ipsi
1471 2393 1653 2448 domni
1682 2408 1979 2462 omnesque
2004 2393 2096 2448 alii

506 2477 710 2532 milites
739 2481 1107 2549 supradictmn
1136 2482 1492 2552 agripennum
1535 2491 1694 2536 terrae
1718 2493 1908 2537 sancto
1935 2483 2098 2539 Petro

501 2575 557 2618 et
587 2579 782 2622 sancto
826 2567 1124 2635 Germano,
1152 2571 1272 2640 pari
1316 2586 1563 2638 assensu,
1615 2585 1964 2628 anmuerunt.
1996 2575 2093 2630 Set

492 2661 621 2728 quia
658 2675 849 2716 omnes
880 2664 1086 2732 pariter
1118 2672 1226 2718 iatn
1271 2665 1421 2734 parvi
1461 2680 1623 2735 quam
1665 2667 1844 2737 magni
1876 2666 1944 2721 de
1973 2667 2092 2737 ipso
2140 2719 2142 2722 ,

497 2750 615 2805 vico
663 2750 955 2818 affuerunt,
999 2754 1216 2808 testium
1265 2756 1485 2810 nomina
1531 2755 1874 2812 subscribere
1903 2775 2093 2829 super-

489 2840 657 2896 fluum
684 2844 835 2909 duxi,
866 2860 988 2900 cum
1019 2845 1184 2901 etiam
1211 2862 1493 2903 assensum
1524 2849 1596 2902 ibi
1639 2849 1932 2918 praebuerit
1955 2848 2095 2904 Gua-

492 2935 646 2989 rinus
673 2936 740 2991 de
763 2937 882 3001 lslo,
914 2939 1000 2992 cui
1061 2940 1284 3009 propius
1323 2941 1440 3012 ipsa
1484 2943 1684 2997 terrula
1717 2942 1997 2998 intererat.
2031 2943 2090 2998 lu

490 3041 600 3097 quo
626 3028 790 3081 etiam
833 3029 952 3083 loco
991 3028 1293 3086 Milesindis
1329 3040 1578 3086 matrona
1598 3072 1614 3096 ,
1645 3031 1885 3100 cunjunx
1915 3047 2090 3102 quon-

491 3117 612 3172 dam
634 3117 884 3173 Gualdini
931 3118 1116 3174 militis
1161 3119 1275 3191 jam
1325 3121 1586 3186 defuncti,
1635 3135 1735 3190 pro
1783 3121 1965 3176 anima
1999 3122 2082 3176 sui

489 3207 724 3263 senioris
749 3217 804 3262 et
847 3224 966 3274 sua,
1004 3208 1160 3276 juxta
1207 3218 1406 3265 terram
1453 3221 1719 3276 nostram,
1757 3225 1920 3281 quam
1953 3212 2086 3266 emit

489 3299 754 3356 Warinns
799 3303 1116 3366 monachus,
1145 3303 1291 3357 dedit
1314 3303 1710 3374 portiunculam
1760 3318 1872 3358 suze
1901 3313 2084 3368 terrm,

487 3401 713 3448 exorata
741 3410 771 3449 a
798 3396 1062 3450 monacho
1092 3395 1456 3462 Gnausfrido;
1491 3413 1611 3468 qua:
1646 3394 1876 3452 inferius
1897 3396 2087 3466 incipit

487 3503 519 3541 a
557 3487 789 3556 quadam
841 3488 1017 3557 spina,
1049 3504 1171 3559 quae
1218 3489 1473 3544 terminat
1514 3498 1568 3544 et
1599 3499 1800 3545 terram
1833 3489 2085 3560 superius

487 3579 709 3643 dictam,
734 3595 895 3650 quam
921 3581 1054 3637 emit
1093 3581 1233 3636 idem
1264 3580 1590 3638 Gansfridns
1613 3597 1643 3636 a
1673 3581 1951 3638 Rodberto
1980 3583 2098 3636 mi-

485 3669 612 3737 lite;
658 3673 909 3741 superius
947 3687 1164 3742 quoque
1194 3673 1518 3728 terminatur
1545 3673 1628 3728 via
1671 3687 1794 3744 qua:
1821 3674 1973 3728 vadit
2014 3672 2090 3728 ad

484 3762 707 3829 saltum,
737 3779 835 3834 per
857 3765 1092 3820 mediam
1117 3775 1318 3820 terram
1352 3773 1618 3820 nostram.

543 3873 583 3907 -‹
633 3855 892 3911 Volumus
934 3857 1167 3927 denique
1210 3859 1279 3910 ab
1329 3857 1582 3912 omnibus
1608 3855 1759 3920 sciri,
1782 3854 1925 3924 quod
1964 3854 2088 3924 qui~

485 3952 611 4009 dam
657 3953 836 4016 miles,
869 3953 1086 4008 nomine
1114 3952 1266 4024 llugo
1291 3951 1358 4008 de
1394 3952 1599 4019 Famis,
1634 3967 1734 4020 pro
1763 3950 1938 4006 salute
1957 3966 2090 4016 sua,

486 4043 628 4097 ultra
661 4053 946 4112 stagnum,
989 4044 1134 4099 dedit
1171 4054 1362 4099 sancto
1393 4043 1578 4110 Petro,
1612 4044 1755 4098 inter
1783 4045 1917 4098 duas
1945 4041 2079 4108 vias,

485 4138 809 4209 particulam
847 4153 958 4192 suae
991 4149 1152 4194 terra:
1198 4138 1553 4194 adherentem
1606 4136 1708 4206 ipsi
1758 4144 1972 4207 stagno,
2023 4145 2084 4188 ut

486 4238 704 4300 ruptum
757 4229 1008 4286 videlicet
1038 4231 1294 4286 violentia
1349 4245 1504 4300 aquae
1531 4244 1747 4298 semper
1783 4227 2078 4292 reiiciatur,

485 4319 634 4374 nullo
681 4337 916 4391 unquam
972 4323 1405 4378 contradicente.
1450 4321 1702 4388 Quicum
1735 4319 1916 4390 gladio
1947 4317 2082 4373 Nor-

485 4426 813 4468 manuorum
867 4415 1226 4484 interemptus
1278 4412 1492 4478 fuisset,
1534 4427 1632 4482 pro
1679 4411 1848 4482 ipsius
1898 4411 2080 4466 anima

2205 1943 2344 1982 uxor
2386 1943 2506 1982 mea
2561 1943 2656 1983 seu
2702 1927 2797 1982 ﬁlii
2851 1928 3251 1998 praenominati.
3283 1929 3440 1996 Quod
3494 1928 3538 1984 si
3569 1929 3767 1999 aliquis,

2203 2018 2413 2072 ﬂamma
2447 2019 2758 2089 cupiditatis
2789 2035 3087 2086 accensus,
3122 2020 3403 2091 praefatam
3437 2020 3768 2077 elemosinam

2202 2109 2384 2166 delere
2415 2111 2783 2180 temptaverit,
2815 2112 2884 2166 de
2932 2112 3070 2167 libro
3095 2115 3216 2167 vita:
3248 2112 3301 2167 in
3341 2123 3655 2184 perpetuum
3689 2115 3770 2170 de-

2201 2199 2398 2254 leatur.

2275 2308 2296 2342 ι
2341 2291 2399 2345 S.
2452 2290 2700 2360 Rudulﬁ,
2753 2293 2844 2362 qui
2916 2293 3015 2348 hoc
3067 2302 3399 2363 praeceptum
3455 2292 3571 2348 ﬁeri
3606 2293 3766 2363 jussit.

2201 2380 2258 2435 S.
2288 2380 2561 2438 Tendonis
2594 2392 2648 2438 et
2700 2382 2757 2437 S.
2789 2383 3071 2453 lngenulﬁ,
3102 2385 3337 2439 ﬁliorum
3387 2383 3528 2452 ejus.
3560 2385 3618 2439 S.
3645 2385 3769 2456 Age-

2199 2474 2336 2528 verti
2366 2474 2827 2543 archipresbiteri.
2858 2476 2915 2531 S.
2948 2475 3160 2530 ErarJi.
3211 2476 3270 2531 S.
3307 2475 3527 2531 llervei.
3557 2477 3613 2531 S.
3635 2477 3764 2533 Odm.

2201 2565 2386 2619 uxoris
2415 2564 2710 2634 llagenoldi
2747 2567 3074 2622 vicedomni.
3103 2567 3160 2622 S.
3192 2567 3519 2623 llencboldi.
3557 2587 3576 2620 ι

2269 2657 2503 2722 Miraris,
2547 2659 2734 2725 lector,
2787 2662 2929 2730 quod
2980 2661 3206 2715 alteram
3257 2670 3468 2716 cartatu
3524 2659 3766 2730 (lﬁ9),de

2199 2747 2386 2800 eadem
2419 2748 2642 2813 vicaria,
2676 2760 2824 2806 retro
2865 2760 3041 2804 actam
3079 2752 3374 2816 inveneris,
3418 2753 3567 2822 quod
3591 2752 3768 2822 impos-

2196 2844 2429 2899 sibilitas
2461 2845 2601 2900 hanc
2651 2847 2883 2902 habendi
2920 2846 3066 2903 fecit.
3102 2847 3302 2904 Verum
3352 2850 3502 2904 illam
3539 2850 3764 2910 alteram.

2195 2952 2314 3006 qua:
2364 2940 2512 3008 prior
2557 2938 2763 3008 scripta
2799 2940 3094 3005 invenitur,
3126 2941 3269 2996 sicut
3312 2958 3340 2996 λ
3374 2958 3510 2997 vero
3556 2942 3767 2998 relatore

2195 3029 2380 3095 didici,
2404 3034 2476 3086 ita
2510 3031 2675 3086 edidi.
2704 3031 2757 3084 In
2792 3031 2892 3087 hoc
2923 3048 3054 3089 vero
3081 3033 3355 3102 discrepat
3385 3035 3540 3103 prior
3565 3034 3632 3089 ab
3655 3034 3762 3096 ista,

2191 3121 2334 3190 quod
2374 3121 2425 3175 in
2479 3135 2541 3175 ea
2601 3137 2946 3192 pervasorem
2974 3123 3190 3178 vicaria:
3219 3123 3574 3179 Rosceliuum
3612 3125 3764 3178 nond-

2192 3222 2316 3272 nat;
2346 3214 2398 3267 in
2423 3213 2522 3268 hac
2547 3223 2726 3268 autem
2757 3214 3046 3269 lladulfum
3075 3231 3089 3270 :
3123 3216 3264 3286 quod
3291 3215 3500 3271 idcirco
3531 3217 3662 3272 forte
3687 3232 3764 3269 ac-

2189 3304 2340 3367 cidit,
2380 3306 2505 3374 quia
2543 3305 2814 3360 biuomius
2837 3303 2957 3367 luit,
2984 3316 3038 3360 ct
3063 3322 3160 3360 usu
3192 3307 3412 3376 quidem
3455 3315 3765 3378 semperest

2190 3398 2507 3454 Roscelinus
2527 3415 2622 3454 ore
2650 3400 2788 3470 vulgi
2815 3402 3096 3462 vocitatus,
3124 3411 3179 3456 et
3206 3402 3258 3456 in
3304 3401 3568 3457 lavachro
3608 3403 3763 3472 bapti-

2187 3491 2379 3546 smatis
2405 3507 2433 3544 a
2465 3491 2694 3561 patrinis
2722 3490 2934 3546 Radulﬁ
2978 3508 3174 3546 nomen
3207 3500 3290 3546 cst
3315 3492 3649 3561 impOsitum.
3677 3491 3768 3546 Ve-

2187 3598 2331 3647 rum,
2377 3598 2594 3652 quoquo
2644 3583 2804 3638 modo
2851 3585 2941 3650 sit,
2972 3586 3131 3648 hanc,
3167 3585 3328 3639 sicuti
3381 3586 3646 3654 scriptam
3687 3586 3759 3638 in—

2186 3675 2331 3740 veni,
2364 3675 2436 3728 ita
2486 3675 2834 3732 subscribere
2865 3677 3034 3743 volui,
3062 3694 3128 3731 ne
3172 3677 3374 3730 tedium
3428 3677 3518 3733 vel
3557 3677 3762 3748 pigricia

2186 3782 2308 3822 mea
2342 3765 2604 3822 fratribus
2633 3768 3034 3823 incommodum
3073 3768 3292 3837 aliquod
3314 3767 3541 3823 obiciat.

2704 3859 3100 3915 CAPITULUM
3144 3859 3262 3914 XX.

2633 3952 2709 4006 De
2751 3951 2986 4006 (ecclesia
3026 3950 3344 4006 Nantiliaci.

2752 4043 2916 4115 (Ante
2941 4056 2992 4098 a.
3017 4042 3200 4112 uno.)

2261 4151 2284 4188 ι
2310 4133 2594 4189 Neminem
2620 4135 2940 4190 orthodoxa:
2967 4133 3089 4189 ﬁdei
3113 4132 3398 4189 catholicze
3417 4132 3761 4204 professionis

2186 4223 2354 4280 latere
2383 4239 2830 4295 usquequaquam
2859 4224 3161 4288 credimus,
3193 4232 3399 4291 quanta
3425 4223 3760 4288 excellentia,

2187 4327 2298 4373 tam
2344 4319 2397 4372 in
2424 4318 2665 4388 presenti
2709 4332 2872 4387 quam
2904 4317 2958 4371 in
3010 4315 3216 4381 futuro.
3248 4316 3492 4386 polleant
3521 4318 3637 4388 qui,
3676 4332 3761 4385 pro

2184 4408 2404 4464 nomine
2441 4407 2674 4474 Christi,
2731 4422 2799 4462 ex
2857 4407 3093 4478 propriis
3142 4406 3494 4463 facultatibus
3539 4407 3760 4478 aliquam

483 4503 720 4573 conjunx
773 4505 932 4574 ejus,
995 4504 1337 4575 llildeburgis
1384 4503 1624 4565 nomine,
1671 4517 1794 4557 cum
1853 4517 2074 4556 assensu
2103 4500 2484 4572 Dlargitatem
2533 4501 2737 4556 sanctis
2775 4515 2840 4556 ac
2889 4499 3139 4556 ﬁdelibus
3203 4500 3346 4569 ejus,
3385 4500 3550 4555 hilari
3597 4500 3764 4554 animo

483 4607 704 4652 suorum
741 4597 1000 4662 ﬁdelium,
1031 4598 1178 4653 dedit
1224 4606 1416 4654 sancto
1447 4597 1611 4652 Petro
1640 4608 1692 4652 et
1725 4606 1915 4652 sancto
1942 4595 2077 4651 Ger.

483 4701 646 4742 mano
683 4688 956 4756 quandam
989 4697 1194 4743 terram
1236 4703 1491 4743 saxosam
1521 4695 1576 4742 et
1611 4687 1892 4752 incultam,
1937 4687 2079 4742 inter

481 4777 625 4832 viam
648 4793 770 4848 qua:
814 4779 962 4833 ducit
1011 4779 1078 4834 ad
1107 4779 1381 4834 Fontanas
1433 4779 1636 4845 villam,
1669 4787 1724 4834 et
1767 4780 1908 4834 viam
1954 4794 2078 4849 quin

481 4869 636 4926 ducit
683 4872 750 4925 ad
803 4871 986 4924 villam
1042 4870 1273 4926 Matonis
1312 4871 1560 4938 Villaris;
1609 4887 1733 4941 quae
1776 4887 1808 4927 a
1853 4885 1988 4942 rupe
2019 4872 2074 4928 in

480 4973 794 5021 transverso
825 4965 1036 5035 incipit,
1065 4979 1187 5034 qua:
1217 4965 1320 5019 sita
1357 4974 1437 5022 est
1469 4964 1624 5034 juxta
1653 4980 1872 5022 crucem
1901 4965 2078 5023 Osan-

479 5071 587 5120 πω,
619 5065 674 5110 ct
697 5054 978 5110 descendit
1027 5055 1172 5109 inter
1211 5053 1346 5110 duas
1391 5055 1529 5120 vias,
1554 5057 1823 5126 usquead
1869 5057 1922 5110 id
1966 5055 2074 5111 loci

479 5147 570 5204 ubi
597 5147 897 5214 conjunctae
927 5147 1067 5200 viam
1100 5161 1262 5201 uuam
1311 5146 1533 5203 faciunt.
1564 5148 1644 5202 Ad
1671 5147 1826 5218 cujus
1848 5147 2072 5203 divisio-

479 5255 605 5294 nem
657 5249 820 5308 atque
861 5238 1230 5293 ostensioncm
1275 5238 1492 5309 plurimi
1554 5240 1623 5294 de
1673 5241 1794 5296 vico
1830 5239 2070 5306 fuerunt,

479 5330 624 5384 inter
651 5346 788 5400 quos
835 5330 1131 5386 lierbertus
1163 5332 1504 5402 praepositus,
1551 5331 1879 5396 Richardus,
1929 5331 2076 5388 Rod-

479 5421 672 5478 bertus
725 5421 1049 5487 mischinus,
1081 5421 1397 5479 llunbaldus
1441 5423 1599 5480 miles
1665 5423 1974 5480 Rodhertus
2017 5434 2074 5479 et

479 5510 755 5570 Albertus.
791 5532 810 5566 ι

561 5796 712 5868 (169)
737 5797 871 5854 Vide
898 5796 1038 5856 hanc
1063 5796 1292 5855 alteram
1325 5798 1596 5866 chartam,
1615 5816 1738 5870 cap,
1767 5799 1820 5866 6,
1850 5799 1942 5855 lib.
1974 5814 2068 5854 vn.

2181 4595 2426 4666 prebeat.
2459 4592 2594 4649 Cum
2625 4593 2769 4649 enim
2804 4609 2912 4648 non
2939 4593 3012 4647 sit
3051 4591 3310 4662 possibile
3335 4591 3640 4662 quemlibet
3679 4593 3762 4645 bno

2179 4687 2386 4742 minum
2407 4686 2772 4756 corruptionis
2793 4701 2903 4742 sua:
2917 4685 3092 4741 labem
3113 4683 3367 4758 ell'ugere,
3383 4685 3761 4752 inmunemque

2177 4781 2384 4850 peccati
2408 4779 2460 4833 in
2497 4779 2600 4834 hac
2646 4777 2951 4848 corruptela
3006 4777 3213 4841 vivere,
3260 4776 3500 4846 providit
3542 4776 3664 4846 pius
3713 4780 3762 4827 et

2179 4871 2492 4926 misericors
2536 4871 2796 4940 quasdam
2847 4869 3202 4931 occasiones,
3229 4881 3322 4922 seu
3371 4866 3764 4936 oportunitates

2177 4965 2375 5033 quibus
2432 4962 2590 5019 facile
2638 4969 2826 5016 nostra
2880 4959 3156 5014 valeamus
3191 4966 3417 5028 peccata
3473 4956 3757 5012 redimere.

2178 5065 2222 5120 E
2247 5064 2446 5134 quibus
2473 5062 2726 5118 omnibus
2755 5060 2844 5114 illa
2873 5058 2980 5113 duo
3007 5057 3228 5112 suavius
3256 5055 3508 5112 redolent
3535 5053 3762 5110 medica-

2175 5155 2347 5220 mina,
2379 5152 2646 5224 egrotanti
2679 5151 2873 5206 animae
2906 5147 3218 5211 familiaria,
3250 5145 3317 5201 de
3363 5141 3762 5214 quibusipsius

2177 5246 2429 5303 veritatis
2459 5258 2562 5297 vox
2605 5241 2683 5297 sic
2711 5241 2922 5295 intonat
2958 5239 3158 5294 beata:
3192 5236 3329 5290 Date
3349 5245 3398 5288 et
3432 5235 3655 5288 dabitur
3677 5248 3760 5286 υο-

2178 5343 2290 5404 bis;
2319 5347 2376 5394 et
2423 5338 2666 5392 iterum:
2702 5332 2886 5387 Facite
2936 5332 3075 5386 vobis
3115 5330 3314 5384 amicos
3352 5327 3418 5383 de
3464 5338 3761 5382 mammona

2174 5431 2510 5505 iniquitatis;
2550 5437 2604 5484 et
2624 5427 2753 5482 illud
2786 5444 2798 5480 :
2828 5424 2963 5479 Date
2997 5422 3336 5478 elemosinam
3369 5431 3416 5476 et
3447 5436 3571 5475 ecce
3593 5415 3762 5471 omnia

2178 5525 2378 5581 munda
2401 5532 2521 5578 sunt
2544 5519 2682 5576 vobis
2695 5535 2715 5585 ;
2749 5527 2804 5574 et
2829 5533 2842 5571 :
2869 5513 3017 5570 Sicut
3039 5531 3176 5586 aqua
3199 5511 3454 5582 extinguit
3480 5511 3677 5581 ignem,
3693 5505 3759 5557 ita

2179 5618 2462 5674 elemosina
2501 5622 2792 5686 peccatum.
2825 5608 2979 5666 Unde
3015 5617 3073 5663 et
3111 5621 3213 5678 ego
3255 5605 3576 5660 Bernardus
3614 5600 3761 5659 miles

2187 5715 2252 5772 de
2277 5721 2460 5770 castro
2495 5709 2749 5779 Ebroico,
2775 5715 2923 5763 tanta
2952 5703 3289 5762 adortamina
3317 5701 3612 5772 scriptura:
3631 5694 3756 5755 diri-
