3842 6308
135 429 232 487 289

788 422 1019 482 VETUS
1054 420 1396 479 AGANO.—
1424 419 1552 476 LIB.
1595 419 1706 478 VII.
1745 419 2137 479 LANDRICUS
2174 420 2262 478 ET
2301 417 2707 480 ﬂUBERTUS.

3279 433 3394 495 990

137 558 213 600 nae
238 550 415 597 mente
449 535 820 604 considerans,
864 553 971 592 una
1007 551 1128 592 cum
1161 550 1426 591 muscoso
1467 532 1703 598 senioris,
1725 539 1775 597 Α
1802 533 2347 603 Adelina,cognitum
2373 535 2622 592 volumus
2657 533 2773 594 fore
2796 541 3135 609 presentibus
3163 553 3220 600 et
3247 545 3395 604 futu-

133 633 226 687 mei
249 631 505 687 Rodberti
541 629 746 700 filiique
793 629 960 698 ipsius
993 627 1277 692 Rodberti,
1305 641 1370 682 ex
1417 626 1576 696 cujus
1608 625 1701 682 be-

130 723 310 780 neficio
331 733 440 788 est,
463 723 596 778 cedo
625 722 692 776 ad
722 721 900 776 locqu
927 720 1112 775 Sancti
1143 720 1290 774 Petri
1321 719 1696 786 Carnoteusis,

128 825 178 871 et
212 815 490 870 monachis
537 813 734 868 ibidem
795 813 906 868 Deo
955 811 1373 875 famulantibus,
1421 811 1696 881 quandam

126 903 430 967 a'cclesiam,
459 918 582 957 cum
615 901 764 956 omni
787 901 996 956 decima
1027 914 1148 970 qua:
1189 900 1243 954 in
1287 915 1411 955 meo
1457 899 1697 954 domini-

122 1003 232 1050 catu
268 1004 403 1048 erat.
460 994 558 1049 Est
605 1003 786 1049 autem
842 994 958 1063 ipsa
1011 992 1257 1048 tccclesia
1293 992 1346 1047 in
1403 1003 1695 1064 prospectu

123 1085 318 1139 Ebroici
341 1084 532 1149 castri,
564 1085 616 1138 in
642 1083 771 1140 villa
795 1098 913 1154 qua:
937 1080 1278 1137 Nantiliacus
1303 1091 1556 1146 vocatur;
1585 1090 1699 1138 est-

120 1189 214 1244 que
235 1185 446 1230 sacrata
500 1175 555 1230 in
596 1175 808 1230 honore
858 1173 1115 1243 clavigeri
1160 1172 1328 1228 Petri.
1383 1172 1461 1228 Do
1507 1173 1695 1227 itidem

120 1267 376 1323 licentiam
411 1269 553 1324 meis
590 1269 877 1332 militibus,
901 1277 984 1335 ut,
1015 1267 1061 1322 si
1090 1266 1390 1322 concedere
1421 1266 1696 1322 voluerint

119 1375 174 1415 ex
195 1361 418 1416 decimis
444 1376 586 1430 quas
615 1378 682 1415 ex
709 1377 796 1416 me
823 1370 1030 1425 tenent,
1056 1361 1234 1417 eidem
1265 1359 1384 1414 loco
1410 1359 1539 1416 dent
1575 1359 1697 1414 sine

119 1450 213 1506 ullo
248 1451 613 1506 contradictu.
651 1451 717 1506 Et
750 1459 808 1506 ut
850 1451 952 1506 hoc
983 1451 1185 1507 donum
1241 1449 1458 1504 tinuum
1520 1459 1691 1514 esset,

117 1543 248 1614 gravi
278 1543 626 1598 incommodo
659 1551 856 1608 tactus,
891 1543 960 1598 ab
992 1544 1206 1597 abbate.
1238 1540 1512 1596 Landrico
1541 1540 1693 1594 habi-

117 1641 215 1688 tum
239 1633 602 1688 monachilem
643 1633 841 1688 ibidem
873 1633 1105 1702 suscepi.
1133 1631 1190 1687 Si
1217 1633 1342 1702 quis
1363 1645 1493 1687 vero
1525 1631 1692 1703 (quod

115 1721 285 1793 absit!)
311 1721 514 1778 diaboli
537 1723 815 1788 instinctu,
833 1723 934 1778 hac
957 1732 1156 1778 nostra:
1179 1722 1464 1792 parvitatis
1489 1722 1692 1777 donum

117 1811 388 1884 infringere
447 1814 818 1884 temptaverit,
853 1813 990 1868 iram
1046 1812 1144 1867 Dei
1187 1813 1461 1876 incurrat;
1493 1811 1688 1864 beatus

1803 626 1900 690 ris,
1929 627 2055 696 quia
2078 627 2211 682 adiit
2235 643 2331 684 nos
2363 630 2580 700 quidam
2613 631 2797 687 Sancti
2840 631 2981 689 Petri
3027 635 3393 698 Carnotcnsis

1767 718 2032 773 .emnobii
2081 719 2403 788 monachus,
2465 722 2682 792 nomine
2734 721 3031 792 Guarinus,
3082 729 3385 798 deprecans

1801 824 1922 876 nos,
1951 818 2010 863 ut
2037 809 2139 865 sibi
2175 818 2400 877 terram,
2431 811 2473 867 C
2503 813 2754 870 videlicet
2782 816 3092 885 aripennos,
3132 835 3296 890 quam
3333 823 3388 878 in

1802 901 2132 958 dominicatu
2179 916 2388 970 nostro,
2425 906 2476 958 in
2513 904 2726 977 Brogilo
2769 909 2976 974 Amari,
3017 919 3203 968 tenere
3239 913 3391 969 vide-

1799 990 2033 1059 bamur,
2085 993 2502 1068 SanctoiPetro
2556 997 2887 1054 censualiter
2934 1003 3386 1060 concederemus.

1799 1079 1952 1147 Quod
1985 1083 2229 1140 benivole
2267 1087 2635 1142 concessimus
2665 1090 2731 1143 ad
2758 1105 3003 1159 censum,
3030 1103 3090 1148 ut
3119 1095 3384 1166 depreca-

1799 1181 1886 1228 tus
1922 1183 2028 1240 esl,
2058 1176 2130 1231 ob
2167 1177 2464 1232 remedium
2495 1193 2799 1234 animarum
2836 1185 3099 1250 genitoris
3131 1195 3186 1241 et
3235 1188 3389 1257 geni-

1799 1264 1951 1321 tricis
1974 1281 2108 1322 mca:
2135 1277 2190 1322 et
2216 1277 2546 1326 nostrarum.
2573 1271 2635 1326 Et
2663 1276 3039 1333 concessimus
3063 1286 3266 1334 terram
3292 1281 3377 1350 ip-

1799 1371 1913 1412 sam
1942 1358 2011 1412 ad
2039 1359 2242 1414 victum
2274 1359 2508 1416 fratrum
2545 1363 2597 1417 in
2635 1363 2752 1420 loco
2779 1365 2966 1422 Sancti
2995 1368 3138 1425 Petri
3178 1371 3386 1427 Carno-

1769 1495 1774 1499 Α
1799 1448 1966 1504 tensis
1993 1452 2347 1517 manentium,
2372 1453 2442 1507 ita
2469 1462 2528 1509 ut
2553 1470 2582 1509 a
2607 1457 2766 1511 modo
2795 1461 3186 1529 perpetualiter
3210 1463 3386 1532 ipsam

1797 1549 2039 1611 teneant,
2069 1552 2126 1598 et
2146 1559 2337 1600 secure
2369 1546 2420 1600 in
2449 1561 2511 1601 ea
2534 1547 2806 1609 cdiiicent.
2837 1552 3042 1621 absque
3061 1553 3168 1608 ullo
3197 1554 3385 1610 debito

1765 1643 1850 1688 .et
1878 1635 2201 1699 redditione,
2233 1638 2476 1708 exceptis
2507 1638 2680 1694 tribus
2711 1641 2916 1708 solidis,
2949 1659 3086 1714 quos
3118 1645 3185 1700 de
3213 1659 3381 1702 censu

1769 1727 2012 1795 .solvant
2065 1729 2119 1784 in
2155 1729 2452 1786 .nativitate
2488 1732 2664 1787 sancti
2701 1731 2966 1792 Johannis
2996 1736 3248 1807 Baptistae
3277 1755 3291 1792 :
3329 1746 3386 1793 et

1797 1819 1842 1874 si
1867 1819 2200 1891 negligentes
2236 1835 2304 1876 ex
2353 1822 2455 1877 hoc
2487 1821 2690 1878 fuerint
2730 1825 2972 1894 legaliter
3006 1823 3294 1884 emendeut
3331 1835 3388 1883 et

117 1901 288 1958 Petrus
315 1902 392 1958 illi
423 1904 740 1958 contrarius
773 1903 866 1956 fiat
915 1910 972 1957 et
1021 1900 1296 1968 inimicus,
1338 1916 1462 1955 cum
1493 1900 1686 1955 ceteris

1798 1920 2002 1965 terram
2036 1912 2324 1967 retineant.
2367 1911 2439 1968 Ut
2485 1923 2665 1969 autem
2717 1916 2834 1970 haec
2875 1918 3093 1974 donatio
3134 1921 3284 1974 firma
3330 1921 3387 1979 in

117 1995 353 2066 apostolis
377 1995 673 2059 omnibus;
703 1994 845 2058 ovile
869 1992 1072 2048 Christi
1110 1994 1314 2048 intrare
1345 2008 1452 2047 non
1482 2007 1696 2048 merea-

119 2096 193 2139 tur
213 2085 357 2155 cujns
391 2086 483 2139 ille
508 2085 694 2141 claves
723 2101 754 2138 a
778 2099 991 2138 summo
1018 2093 1236 2154 pastore
1265 2083 1542 2153 accepisse
1570 2096 1696 2137 cre-

118 2177 263 2234 ditur.
295 2178 488 2235 Testes
523 2179 688 2250 hujus
732 2180 810 2234 rei
861 2188 988 2234 sunt
1010 2179 1044 2234 ii
1075 2193 1213 2248 quos
1242 2178 1689 2248 subscripsimus.

120 2268 403 2326 Radbertus
434 2271 622 2336 miles,
653 2287 778 2326 cum
808 2269 1076 2326 Albereda
1116 2285 1310 2336 uxore,
1334 2278 1390 2323 et
1405 2261 1693 2325 liodberto

121 2360 214 2418 lilio
235 2379 349 2429 suo,
375 2373 432 2420 et
471 2363 806 2434 Hildcburge
830 2378 1023 2418 uxore.
1053 2361 1365 2417 Rodbertus
1391 2362 1692 2417 monachus

120 2461 166 2504 et
190 2452 508 2520 Richardus,
534 2450 759 2508 fratres.
790 2451 1106 2508 Gualterius
1135 2451 1426 2522 presbiter.
1455 2449 1691 2507 Urricus

121 2541 346 2597 clericus.
377 2543 701 2600 Deruardus
748 2542 938 2603 frater.
983 2541 1248 2596 Radulfus
1273 2550 1329 2597 et
1357 2541 1686 2608 Ricbardus,

123 2634 311 2700 fratres,
337 2652 461 2691 cum
488 2649 688 2690 sorore
727 2636 939 2690 Emma.
978 2635 1253 2690 lsnardus.
1278 2633 1536 2690 Radulfus
1565 2633 1692 2696 Pin-

68 2741 74 2750 ·
121 2727 220 2796 guis
265 2726 496 2799 Lingua.
566 2727 855 2784 Girardus.
909 2727 1185 2784 Tiberius.
1246 2725 1322 2780 De
1377 2725 1690 2784 hominibus

122 2816 283 2873 Sancti
306 2819 450 2874 Petri
485 2837 500 2874 :
539 2819 827 2884 Arnulfus,
859 2817 1180 2884 Rainaldus,
1233 2816 1568 2884 Gualterius,
1596 2819 1690 2880 Gi-

121 2909 296 2966 raldus.
327 2912 398 2968 De
421 2912 756 2968 monachis:
781 2911 921 2981 Odo,
951 2912 1172 2978 Strabo,
1201 2911 1521 2982 Gervasius,
1555 2912 1690 2968 ller-
1768 2945 1774 2950 ι

121 3000 281 3060 bertus
307 3007 611 3074 presbiter,
639 3004 902 3060 Amulius
929 3004 1119 3059 Rufus.
1166 3022 1188 3056 ι

599 3095 1001 3154 CAPITULIJM
1037 3097 1180 3153 XXI.

332 3191 407 3247 De
443 3191 687 3264 quadam
732 3201 872 3246 terra
904 3193 960 3247 in
998 3190 1217 3262 Capella
1245 3191 1434 3264 Regia.

667 3282 832 3353 (Aule
853 3299 906 3336 a.
932 3281 1116 3351 1070.)

179 3389 198 3425 ι
232 3372 286 3428 lu
329 3373 543 3430 Christi
591 3375 832 3429 nomine.
875 3373 990 3444 Ego
1034 3373 1370 3440 Gualterius,
1403 3372 1686 3444 privignus

117 3463 334 3536 Ansgoti,
363 3476 418 3522 et
461 3474 652 3522 mater
686 3481 806 3522 mea
850 3466 1174 3532 Pleitrudis,
1215 3465 1463 3522 volumus
1499 3475 1683 3521 notum

121 3556 216 3613 ﬁeri
249 3568 352 3614 tam
405 3559 780 3631 pmscntibus
823 3573 986 3628 quam
1038 3557 1260 3626 futuris,
1313 3559 1456 3628 quod
1516 3558 1688 3615 abbas

121 3649 387 3711 Landiicus
430 3653 762 3710 monasterii
799 3651 989 3709 Sancti
1021 3651 1171 3707 Petri
1205 3648 1564 3708 Carnotensis
1591 3665 1681 3705 se-

119 3745 311 3814 pissime
329 3763 507 3804 meam
527 3746 874 3818 praesentiam
897 3745 1086 3812 adivit,
1107 3746 1408 3814 deprecans
1427 3742 1684 3813 quatinus

121 3842 357 3907 quandam
399 3851 632 3907 terram,
661 3855 786 3912 qua:
841 3847 927 3895 est
964 3848 1096 3909 aput
1133 3836 1408 3909 Capellam
1434 3835 1680 3906 Regiam,

121 3941 284 3989 sancto
304 3934 463 3991 Petro
515 3935 838 3990 tribuerem.
881 3931 1034 4000 Quod
1077 3931 1228 4000 prius
1248 3929 1468 4001 quidem
1500 3928 1683 3983 facere

121 4023 266 4090 nolui,
297 4035 394 4091 set,
419 4027 546 4099 ipso
568 4025 896 4096 persistente
931 4023 985 4078 in
1011 4023 1433 4092 prece,accepta
1481 4032 1682 4090 peccuh

125 4113 197 4169 nia
229 4115 400 4184 abeo,
441 4119 624 4189 ipsam
675 4126 876 4172 terram
921 4121 1110 4169 sancto
1147 4111 1311 4167 Petro
1361 4110 1509 4175 dedi,
1585 4123 1685 4162 an-

125 4219 294 4266 nuente
334 4227 454 4268 meo
518 4211 743 4266 seniore
792 4207 1064 4272 Huberto,
1100 4221 1167 4261 ex
1203 4205 1360 4275 cujus
1415 4202 1683 4258 beneficio

124 4299 268 4372 ipsam
297 4314 496 4362 terram
532 4315 839 4361 tenueram.
879 4302 1087 4357 Census
1117 4311 1277 4355 terra:
1305 4297 1441 4352 llll-r
1473 4293 1682 4351 denarii

126 4393 340 4452 solvendi
382 4395 636 4454 kalendis
681 4394 1034 4465 septembris,
1067 4392 1122 4446 in
1165 4390 1451 4446 nativitate
1481 4395 1682 4443 sanctae

125 4483 298 4544 Merita.
348 4491 416 4546 Et
462 4499 530 4546 ut
578 4491 696 4545 haec
736 4488 945 4544 cartula
980 4487 1140 4540 iirrna
1185 4489 1526 4554 permaneat,
1561 4494 1680 4538 mea

1715 3243 1762 3306 C

1793 2004 2035 2059 seculum
2074 2011 2408 2074 permaneat,
2442 2006 2585 2062 hanc
2637 2008 2901 2062 cartulam
2955 2011 3206 2066 manibus
3253 2028 3384 2084 pro-

1775 2095 1929 2166 .priis
1967 2095 2323 2159 firmavimus,
2357 2103 2414 2149 et
2460 2097 2622 2150 simul
2661 2113 2853 2154 omnes
2901 2101 3004 2155 mei
3039 2102 3286 2176 homines
3313 2120 3383 2159 ex

1794 2184 1900 2237 hoc
1929 2193 2098 2238 testes
2125 2183 2444 2238 existentes.
2474 2187 2646 2248 Quam
2679 2185 3026 2240 donationem
3051 2188 3096 2240 si
3129 2189 3252 2257 quis
3285 2188 3384 2242 fal-

1773 2288 1918 2330 Asare
1940 2273 2193 2338 voluerit,
2241 2272 2438 2328 libram
2474 2275 2590 2328 auri
2637 2284 2953 2344 componat,
3009 2286 3081 2342 et,
3111 2278 3213 2332 nisi
3248 2279 3384 2332 resi-

1771 2368 1994 2439 puerit,
2033 2367 2378 2436 dampnatus
2425 2375 2635 2437 pereat.
2676 2365 2737 2421 8.
2780 2367 3064 2435 Rodberti,
3109 2369 3385 2441 largitoris

1793 2458 1952 2528 hujus
1980 2458 2130 2514 doni.
2166 2458 2224 2512 8.
2258 2457 2516 2512 Adclinae.
2544 2456 2602 2511 8.
2631 2455 2886 2512 Willelmi
2927 2458 2994 2512 de
3042 2457 3278 2525 Plancis,
3321 2459 3381 2514 S.

1789 2549 2032 2615 Ernaldi,
2073 2549 2166 2603 filii
2198 2548 2424 2618 Ausgui.
2459 2547 2517 2603 8.
2544 2537 2762 2604 Osh‘erii
2784 2548 2850 2602 de
2877 2547 3119 2620 Orgulio,
3159 2549 3218 2605 8.
3242 2549 3384 2605 Lan-

1790 2643 1985 2708 celini,
2039 2641 2132 2696 filii
2186 2640 2467 2696 Willelmi.
2518 2639 2575 2695 S.
2632 2641 2924 2706 Rodberti,
2981 2641 3076 2696 filii
3130 2643 3381 2697 Aszonis.

1793 2733 1851 2789 8.
1882 2731 2152 2796 Fttlberti,
2203 2733 2297 2786 ﬁlii
2345 2732 2656 2786 Berlranlti.
2703 2731 2760 2786 8.
2816 2732 3090 2792 Illibelini.
3145 2734 3381 2788 hominis

1791 2823 1987 2880 nostri.
2020 2824 2080 2880 8.
2117 2823 2392 2886 Ιτιετὺθιδιί,
2426 2820 2610 2878 fratris
2638 2823 2832 2877 Morini
2861 2823 2927 2877 de
2955 2822 3134 2878 Curba
3163 2821 3324 2890 Villa,
3355 2844 3377 2878 ο

2269 2911 2674 2969 CAPITULUM
2712 2910 2903 2968 XXIII.

2221 3005 2300 3060 De
2333 3004 2568 3060 (ecclesia
2594 3001 2943 3058 Plancarum.

2346 3098 2509 3168 (Ante
2538 3112 2590 3150 a.
2625 3095 2818 3166 1067.)

1871 3208 1891 3242 ο
1926 3189 1984 3245 1η
2013 3189 2234 3246 nomine
2257 3199 2465 3244 sanctae
2505 3197 2562 3244 et
2602 3188 2893 3244 individua:
2915 3187 3225 3256 Trinitatis,
3277 3190 3382 3246 Pa-

1795 3283 1893 3338 tris
1913 3293 1967 3338 et
1991 3282 2114 3337 Filii
2159 3291 2215 3337 et
2257 3281 2496 3351 Spiritus
2539 3281 2744 3344 sanc'ti,
2777 3296 2954 3336 amen.
2989 3279 3379 3338 Universorum

1787 3375 2038 3430 conditor
2076 3373 2337 3429 Dominus
2353 3371 2554 3428 Jhesus
2584 3371 2853 3438 Christus,
2885 3372 2977 3441 qui
3014 3387 3041 3425 a
3073 3371 3185 3427 Deo
3219 3372 3381 3428 Patre

1790 3466 1989 3519 missus
2018 3461 2373 3528 inmundum,
2397 3471 2457 3516 ut
2486 3465 2607 3532 qua:
2633 3461 2840 3530 perdita
2866 3472 3024 3516 erant
3047 3471 3381 3518 restauraret

1791 3567 1849 3613 et
1905 3564 2214 3612 restaurata
2265 3560 2656 3616 conservaret,
2706 3554 2895 3607 vivens
2938 3553 3253 3608 incarnatus
3305 3569 3376 3608 ex

1787 3662 2004 3716 semper
2025 3645 2245 3714 Virgine
2271 3643 2442 3708 Maria
2468 3643 2522 3697 iu
2551 3642 2732 3708 nobis,
2756 3643 2936 3697 docuit
2957 3657 3054 3698 nos
3077 3657 3139 3698 ea
3162 3658 3282 3712 qua:
3309 3645 3378 3700 ad

1771 3742 2076 3794 utilitatem
2131 3737 2436 3792 animarum
2497 3743 2810 3790 nostrarum
2872 3733 3052 3788 forent
3108 3733 3374 3804 proficua.

1789 3831 1942 3886 Inter
1969 3845 2092 3900 qua:
2118 3828 2328 3884 monuit
2364 3841 2466 3882 nos
2488 3825 2619 3880 dare
2643 3841 2743 3896 pro
2765 3840 2825 3880 se
2853 3839 2917 3880 ex
2946 3824 3032 3878 his
3057 3840 3178 3893 quae
3203 3825 3378 3894 possi-

1786 3915 1998 3990 demus,
2033 3921 2299 3992 quatinus
2323 3917 2682 3988 centuplicata
2716 3919 2768 3972 in
2802 3917 2985 3972 futuro
3028 3916 3376 3986 recipiamus.

1787 4013 1992 4068 Deinde
2020 4027 2118 4082 per
2159 4009 2463 4082 apostolum
2485 4023 2664 4073 suum,
2692 4009 2834 4064 inter
2869 4007 2996 4072 alia,
3030 4015 3212 4061 monet
3240 4019 3380 4075 qua-

1787 4107 1932 4160 tinus
1961 4118 2182 4160 oremus
2202 4117 2302 4174 pro
2332 4101 2588 4167 invicem,
2615 4109 2676 4155 ut
2699 4099 2990 4156 salvetnur.
3016 4098 3114 4154 llis
3137 4097 3374 4166 aliisque

1784 4196 2198 4269 quamplurimis
2221 4193 2363 4264 pulsi
2389 4191 2754 4257 suasionibus,
2781 4205 2844 4246 ac
2873 4190 3064 4246 moniti
3087 4188 3373 4244 allocutio-

1767 4291 1966 4358 ~nibus,
2003 4304 2103 4361 ego
2136 4285 2516 4344 Guidmundus
2555 4293 2611 4340 et
2645 4299 2765 4340 mea
2803 4297 2944 4337 uxor
2992 4282 3206 4349 Emma,
3247 4295 3374 4337 cum

1785 4389 1969 4437 nostra
1999 4378 2176 4450 prole,
2203 4387 2264 4432 ut
2293 4376 2462 4432 moles
2488 4375 2861 4446 peccaminum
2892 4381 3208 4428 nostrorum
3243 4371 3374 4427 alle-

1781 4473 2047 4537 viaretur,
2083 4477 2140 4524 et
2164 4483 2262 4539 pro
2286 4465 2443 4522 nobis
2471 4465 2661 4520 diatim
2695 4474 2916 4520 orantes
2953 4479 3060 4519 nou
3099 4461 3372 4528 deferent,

127 4591 264 4633 manu
292 4581 502 4653 signum
533 4581 714 4637 crucis
740 4577 994 4650 inpressi.
1041 4575 1098 4632 Si
1120 4552 1246 4648 quis
1271 4587 1422 4639 vero,
1452 4579 1546 4626 aut
1579 4585 1679 4640 ego
1710 4586 1760 4648 υ
1785 4563 1948 4620 corde
1974 4561 2205 4632 benigno
2229 4567 2586 4653 promptaque
2611 4555 2910 4653 voluntate.
2943 4552 3190 4653 Ιοθθηξηι
3246 4565 3374 4606 58η-

127 4679 205 4724 aut
244 4671 468 4729 heredes
496 4673 626 4737 mei,
655 4686 752 4727 seu
789 4669 895 4724 ulla
925 4667 1175 4739 opposita
1203 4678 1462 4736 persona,
1489 4671 1681 4717 contra

125 4759 245 4820 hanc
289 4767 553 4822 cartulam
584 4766 778 4820 venire
819 4771 916 4819 aut
955 4777 1074 4817 eam
1119 4753 1416 4830 infringere
1453 4760 1683 4813 conatus

126 4851 284 4925 fuerit,
309 4875 415 4916 una
465 4873 592 4915 cum
627 4865 853 4929 cogente
894 4856 1048 4920 fisco,
1083 4855 1202 4909 auri
1239 4851 1440 4908 solidos
1461 4849 1502 4905 C
1530 4863 1682 4905 com-

125 4960 290 5018 I'onat,
337 4962 392 5009 et
425 4953 572 5024 quod
618 4951 816 5022 repetit
853 4949 1135 5006 vindicare
1181 4960 1288 5001 non
1334 4942 1540 5008 valeat;
1597 4949 1681 4996 set

127 5051 339 5108 praesens
368 5044 578 5099 cartula
607 5041 756 5098 omni
797 5051 1041 5110 tempore
1085 5037 1242 5091 firma
1273 5040 1597 5105 permaneat
1623 5039 1679 5085 e‘t

129 5127 434 5202 inconvulsa,
485 5133 942 5206 constipulatione
985 5129 1238 5184 subnixa.
1289 5125 1350 5181 8.
1397 5123 1581 5178 Ervei.
1615 5121 1674 5176 S.

131 5217 370 5283 Bernaldi.
420 5229 754 5292 S.Iluberti,
804 5223 898 5281 ﬁlii
939 5222 1240 5295 Magnouis.
1291 5219 1350 5275 8.
1380 5215 1677 5272 Iluncberti

135 5309 418 5374 Firmitatis.
455 5321 515 5375 8.
554 5318 783 5384 Ernull‘t,
820 5317 916 5372 lilii
964 5313 1210 5386 Ansgoti.
1247 5309 1308 5366 8.
1357 5306 1676 5380 Iugelhaldi.

137 5404 187 5460 8.
205 5407 483 5469 Laurentii.
512 5413 568 5469 8.
601 5413 838 5468 Martini.
867 5411 928 5467 8.
963 5407 1235 5464 Ιὶτιίηθιάί.
1265 5404 1321 5460 8.
1351 5402 1578 5459 Giraldi.
1615 5418 1639 5454 δ

582 5503 984 5563 CAPITULUM
1029 5500 1196 5557 XXII.

529 5598 600 5654 De
632 5609 774 5653 terra
815 5594 1015 5666 Brogili
1051 5591 1254 5646 Amari.

669 5691 828 5762 (Ante
849 5703 901 5743 a.
926 5685 1109 5756 1080.)

209 5794 224 5827 ι
251 5776 303 5834 in
326 5782 530 5840 nomine
557 5783 732 5840 Patris
755 5792 809 5840 et
840 5780 962 5836 Filii
997 5791 1054 5834 et
1085 5775 1306 5848 spiritus
1346 5771 1542 5828 sancti.
1568 5770 1679 5840 Ego

149 5861 438 5944 Radbertus,
479 5876 740 5934 Guillelmi
787 5874 965 5943 illius,
992 5880 1048 5928 et
1087 5883 1207 5925 mea
1255 5880 1412 5931 uxor,
1465 5863 1680 5920 nomine

1783 4663 1885 4711 cta:
1915 4653 2100 4709 Marias
2130 4653 2197 4707 de
2239 4650 2454 4707 Plancis
2492 4648 2838 4706 concedimus
2883 4656 3072 4702 sancto
3097 4645 3257 4700 Petro
3301 4657 3372 4698 ex

1782 4744 2102 4802 Carnotensi
2135 4741 2410 4808 ctenobio,
2451 4756 2575 4796 cum
2633 4739 2846 4796 decima
2902 4751 3025 4808 qua;
3070 4735 3138 4790 ad
3190 4733 3370 4788 locum

1782 4838 2048 4909 pertinet,
2075 4845 2130 4891 et
2155 4834 2415 4891 suburbio
2443 4842 2498 4890 et
2524 4832 2736 4889 teloneo
2759 4840 2814 4887 et
2841 4831 2988 4896 fera;
3012 4844 3132 4883 eam
3159 4826 3370 4882 scilicet

1780 4939 1990 5003 partem
2015 4928 2237 5000 quand
2281 4943 2368 4984 me
2404 4927 2670 4998 pertinet:
2705 4932 2763 4980 et
2799 4936 2966 4978 unum
3010 4918 3368 4983 farinarium,

1779 5039 1903 5080 cum
1957 5021 2132 5076 tribus
2181 5019 2361 5090 leugis
2410 5034 2565 5088 aqua:
2613 5017 2682 5072 ad
2727 5012 3065 5086 piscaudum,
3091 5011 3144 5067 id
3175 5018 3278 5074 est,
3311 5011 3368 5066 in

1780 5117 1931 5174 Rislo
1959 5126 2016 5173 et
2041 5117 2096 5172 in
2135 5114 2304 5171 Moira
2330 5121 2388 5169 et
2419 5113 2473 5168 in
2500 5112 2680 5176 Itone;
2722 5118 2778 5165 et
2815 5123 2976 5164 unam
3016 5106 3368 5177 piscatoriam

1764 5211 1836 5268 -in
1862 5209 2230 5274 Terciaco,‘et
2269 5204 2536 5261 decimam
2565 5217 2637 5258 ex
2680 5200 2802 5256 aliis
2848 5197 3156 5270 piscatoriis
3195 5205 3252 5251 et
3299 5197 3369 5251 de

1779 5301 2014 5360 exclusis
2039 5315 2160 5370 qum
2198 5297 2271 5352 ibi
2313 5303 2443 5350 sunt
2474 5293 2808 5366 pertinentes
2841 5291 2910 5346 ad
2941 5303 3047 5345 me.
3082 5288 3174 5344 'Do
3199 5287 3366 5344 etiam

1779 5399 1848 5454 de
1879 5395 2051 5468 pratis
2076 5401 2188 5449 tres
2211 5391 2504 5461 aripennos
2537 5395 2664 5442 ante
2691 5385 3000 5449 ecclesiam,
3018 5418 3020 5420 τ
3038 5391 3096 5438 et
3116 5382 3181 5437 de
3215 5388 3366 5436 terra

1780 5489 1949 5554 culta,
1976 5492 2239 5557 quantum
2264 5480 2474 5536 duabus
2514 5477 2760 5534 carrucis
2794 5473 3012 5532 sufﬁcit.
3047 5472 3126 5528 De
3149 5469 3368 5524 Molinis

1771 5580 2032 5638 videlicet
2067 5589 2188 5632 meo
2215 5581 2418 5635 castro,
2453 5569 2722 5626 decimam
2766 5565 2992 5624 mercati
3041 5565 3205 5620 totius
3233 5558 3364 5614 anni

1728 5697 1738 5710 ι
1780 5671 2041 5737 concedo,
2089 5678 2146 5725 et
2189 5669 2257 5724 de
2300 5665 2448 5722 omni
2485 5665 2687 5722 tributo
2721 5657 3010 5733 pertinenti
3069 5656 3137 5710 ad
3181 5654 3360 5726 ipsum

1781 5775 2042 5824 castrum.
2083 5761 2340 5819 Loculum
2380 5773 2604 5832 quoque
2643 5754 2930 5829 praefatum
2972 5751 3046 5806 ita
3092 5747 3360 5804 adornent

1781 5857 2038 5918 monachi
2071 5855 2256 5913 Sancti
2288 5853 2436 5911 Petri
2483 5861 2544 5908 et
2587 5849 2863 5914 ediﬁcent,
2909 5845 2985 5900 uti
3025 5855 3182 5900 suum
3224 5850 3356 5909 pro~
