3890 6302
473 436 478 442 ·
533 411 634 466 991

1456 404 1662 463 PAULI
1702 407 1758 461 S.
1795 405 1998 462 PETRI
2035 405 2516 466 CABNOTENSIS
2549 406 2855 462 MONACIII

3659 411 3747 469 292

472 565 479 568 «
535 527 736 595 prium,
767 529 824 578 ut
850 524 904 580 in
933 525 1036 580 hoc
1074 532 1127 580 et
1152 538 1311 594 super
1338 522 1437 577 hoc
1463 523 1792 592 gloriﬁcetur
1826 523 1966 578 Deus
1999 538 2096 593 per
2125 528 2171 585 Α
2200 539 2355 578 mus:
2385 531 2467 578 set
2495 531 2570 585 et,
2595 539 2693 593 pro
2715 537 2958 589 assensu,
2983 521 3304 577 Gauscelino
3329 519 3525 592 Pagani
3549 521 3744 594 domno,

475 667 479 671 .
531 621 693 680 ipsos.
736 618 862 672 Hzcc
899 613 1026 673 vero
1057 617 1274 672 donatio
1300 618 1397 671 loci
1426 626 1486 672 ttt
1523 615 1672 669 ﬁrma
1710 617 1761 669 in
1787 629 2102 685 perpetuum

479 747 488 761 η
533 720 864 778 permaneat,
892 710 1138 764 manibus
1167 709 1399 779 propriis
1435 709 1573 762 hanc
1602 715 1806 761 eartam
1847 708 2104 762 corrobo-

481 847 484 851 .
531 803 790 866 ravimus,
819 816 920 871 ego
946 811 1000 856 et
1025 817 1163 854 uxor
1199 816 1316 855 mea
1349 809 1402 854 et
1447 800 1537 853 lilii
1574 801 1780 863 nostri;
1824 811 1878 853 et
1904 801 2104 855 domno

477 925 488 937 ι
530 910 650 948 meo
689 893 977 950 Gnillelmo
1017 895 1238 960 comiti,
1286 909 1351 948 ex
1404 893 1556 964 cujus
1603 893 1867 948 beneﬁcio
1919 903 2102 948 tenere

481 986 737 1050 .videor,
799 985 1161 1040 roborandam
1223 984 1417 1038 tradidi
1445 1025 1458 1048 ,
1505 984 1866 1054 cpiscopoque
1915 994 2102 1038 nostro

540 1078 709 1141 'voni,
741 1087 795 1132 et
823 1079 1069 1132 omnibus
1096 1077 1438 1132 convicaneis
1467 1085 1520 1131 et
1548 1077 1902 1131 oblimalibus
1941 1078 2099 1142 meis,

479 1199 488 1208 -
524 1168 617 1235 qui
649 1168 935 1235 subscripti
962 1175 1126 1221 sunt:
1159 1167 1366 1221 idcirco
1397 1178 1457 1221 ut
1498 1169 1540 1222 si
1591 1169 1903 1239 aliquando,
1946 1169 2101 1223 insti-

489 1267 681 1327 .gante
733 1259 965 1323 diabolo,
1021 1258 1216 1328 aliquis
1271 1274 1642 1314 successorum
1686 1261 1849 1332 (quod
1903 1261 2098 1332 absit!)

478 1385 488 1392 .
522 1348 659 1403 hanc
675 1348 1018 1404 donationem
1039 1358 1093 1405 et
1114 1350 1521 1405 concessionem
1547 1360 1784 1406 nostram
1807 1351 2101 1421 infringere

481 1490 490 1495 .
520 1438 770 1506 cupierit,
806 1441 1248 1495 corroboratores
1294 1442 1583 1512 subscripti
1615 1451 1778 1497 testes
1816 1452 1870 1496 et
1910 1443 2100 1496 defen-

480 1567 483 1570 -
517 1543 672 1582 sores
708 1529 835 1595 sint,
858 1531 976 1585 vice
1003 1531 1177 1585 sancti
1214 1530 1384 1598 Petri,
1417 1532 1782 1602 apostolorum
1815 1534 2096 1604 principis.

518 1616 574 1671 Si
607 1619 728 1688 quis
759 1628 938 1674 autem
973 1620 1114 1675 hanc
1140 1621 1486 1676 donationem
1528 1620 1822 1694 infringere
1873 1631 2102 1693 tempta-

477 1762 482 1768 ,
518 1709 679 1772 verit,
712 1710 814 1764 nisi
841 1711 1156 1780 rcsipuerit,
1181 1711 1506 1781 dampnatus
1531 1722 1718 1782 pereat
1741 1714 1792 1767 in
1808 1721 2097 1782 mternum,

517 1797 575 1852 S.
605 1798 872 1855 Guillelmi
905 1801 1121 1855 comitis
1139 1801 1315 1871 (I70).
1341 1800 1399 1855 8.
1425 1801 1715 1866 Guillelmi,
1742 1801 1835 1858 lilii
1860 1803 2095 1870 Osberti,

488 1935 490 1938 .
519 1887 577 1941 8.
611 1887 925 1954 Gnimundi,
950 1890 1042 1958 qui
1077 1890 1214 1944 hanc
1237 1891 1579 1946 donationem
1610 1890 1756 1948 fecit.
1781 1893 1839 1947 S.
1868 1894 2094 1957 Emmaa,
2125 1873 2170 1933 Β

525 1981 713 2036 uxoris
740 1980 879 2049 ejus.
908 1981 965 2036 S.
999 1981 1208 2036 Rodulﬁ
1231 2025 1245 2049 ,
1281 1982 1371 2036 ﬁlii
1412 1981 1547 2051 ejus.
1584 1983 1644 2039 S.
1686 1983 1967 2050 Rodberti,
2003 1987 2100 2040 ﬁlii

519 2072 652 2140 ejus.
681 2072 741 2126 8.
769 2073 1008 2136 Antonii,
1047 2073 1140 2128 ﬁlii
1180 2073 1320 2143 ejus.
1367 2073 1429 2128 S.
1461 2074 1746 2130 Guimundi
1768 2118 1783 2143 ,
1825 2077 1921 2132 ﬁlii
1953 2078 2090 2148 ejus.

484 2255 686 2319 -|clmi,
719 2257 812 2310 ﬁlii
858 2255 994 2324 ejus.
1037 2256 1095 2312 S.
1136 2257 1490 2328 Toresgaudi,
1543 2258 1633 2312 lilii
1675 2257 1813 2328 ejus.
1850 2260 1908 2314 8.
1945 2260 2100 2318 Guil-

482 2395 486 2399 .
517 2347 657 2402 lelmi
685 2347 751 2402 de
778 2347 1010 2403 Plancis.
1041 2347 1100 2404 S.
1145 2349 1386 2405 Fulberti
1426 2351 1632 2406 clerici.
1670 2351 1728 2406 S.
1759 2351 1968 2406 Radulﬁ
2006 2368 2102 2408 ca-

484 2483 491 2490 .
515 2437 736 2506 pellani.
767 2438 825 2492 8.
854 2437 1125 2494 Gnillelmi
1157 2440 1460 2496 telonearii.
1487 2441 1544 2497 S.
1575 2441 1835 2506 Fulberti,
1855 2443 1946 2498 lilii
1972 2443 2102 2500 Ber‘

519 2527 719 2581 tranni.
754 2526 814 2583 8.
845 2528 1144 2583 Guiddonis
1179 2531 1382 2585 clerici.
1422 2549 1439 2579 ι

996 2619 1404 2676 CAPITULUM
1436 2619 1624 2676 XXIV.

639 2705 716 2759 De
745 2717 884 2764 terra
908 2705 1133 2762 Gerardi
1164 2708 1322 2778 Capri
1351 2721 1398 2764 et
1425 2709 1632 2781 Pngmti
1659 2716 1945 2784 praepositt.

1116 2801 1294 2870 (Anno
1325 2802 1505 2872 1077.)

589 2905 608 2938 ι
649 2886 796 2958 (l7l)
832 2888 966 2944 Cum
999 2901 1226 2946 cunctos
1260 2894 1514 2950 mortales
1555 2894 1847 2952 insatiabili
1879 2907 2099 2967 gutture
2179 2923 2194 2934 ν

516 2990 661 3030 mors
686 2979 1069 3036 inrevocabilis
1095 2995 1312 3049 semper
1335 2982 1582 3049 devoret,
1625 2985 1692 3039 ad
1732 2987 1979 3057 exempla
2019 2997 2102 3042 ta-

519 3081 643 3122 men
676 3068 924 3124 humanm
950 3073 1355 3143 prOpagationis
1387 3075 1675 3130 utillimum
1709 3077 1823 3133 fore
1857 3080 2098 3136 decrevit

484 3160 814 3233 .priscorum
856 3163 1146 3228 industria,
1183 3179 1288 3220 non
1331 3165 1505 3221 solum
1536 3170 1814 3224 memoriae
1842 3179 2113 3241 postero:

516 3266 634 3304 rum
662 3251 749 3319 pia
779 3251 924 3309 facta
950 3255 1194 3310 virorum
1219 3255 1478 3322 lidelium,
1502 3273 1691 3316 verum
1717 3261 1879 3316 etiam
1903 3262 2099 3321 litteris

524 3341 784 3396 mandare
799 3344 1094 3414 paginulis:
1121 3355 1389 3414 quatenus
1413 3363 1566 3404 mens
1584 3351 2095 3422 ipsorum,plurima

488 3489 490 3492 ,
527 3445 856 3502 peragrans,
905 3451 1002 3506 pro
1042 3439 1400 3506 prtesentibus
1448 3443 1725 3511 praeterita
1751 3444 2096 3513 obliviscens,

525 3538 632 3578 non
665 3534 872 3580 tantum
911 3542 1030 3596 quae
1059 3543 1118 3583 se
1153 3528 1356 3586 vidisse
1387 3533 1655 3600 meminit,
1696 3542 1782 3589 set
1817 3550 1881 3590 ea
1916 3552 2036 3606 qua:
2063 3554 2093 3592 a

521 3616 794 3686 principio
835 3617 977 3675 facta
1017 3620 1290 3692 relegens,
1336 3631 1592 3694 tanquam
1636 3640 1699 3680 ea
1744 3642 1866 3698 quae
1906 3629 2102 3684 viderit

491 3759 498 3764 .
531 3720 742 3765 noscat.
781 3711 936 3768 Unde
967 3727 1068 3784 ego
1097 3714 1450 3783 Gausfridus,
1484 3719 1665 3775 Sancti
1705 3721 1850 3777 Petri
1890 3723 2098 3778 Carno-

493 3800 702 3856 Atensis
751 3804 1082 3868 monachus,
1139 3808 1305 3862 totius
1355 3812 1790 3880 congregationis
1841 3828 2097 3881 assensu,

491 3939 500 3947 .
526 3900 691 3960 atque
722 3892 944 3948 lluberti
971 3896 1186 3951 abbatis
1218 3903 1602 3970 prmceptionc,
1634 3919 1798 3974 super
1827 3906 1912 3962 his
1937 3907 2099 3964 rebus

486 4013 498 4026 -
529 3984 652 4053 qua:
682 3984 878 4039 habere
913 3986 1162 4042 videntur
1192 3989 1242 4043 in
1272 3989 1613 4048 Normanniaa
1648 3997 1892 4064 partibus
1919 4009 2100 4056 custos

491 4085 575 4128 ret
603 4074 849 4143 provisor
876 4075 1074 4142 factus,
1104 4081 1378 4148 omnibus,
1414 4092 1521 4138 tam
1553 4089 1916 4157 praesentibus
1938 4106 2099 4161 quam

515 4163 734 4231 futuris,
779 4176 984 4222 sancta:
1027 4168 1123 4224 Dei
1157 4172 1412 4228 tecclesiae
1445 4174 1722 4244 ﬁdelibus,
1757 4188 1942 4235 notum
1978 4198 2100 4240 esse

494 4255 658 4322 .volo,
685 4257 828 4326 quod
853 4259 1071 4328 quidam
1099 4261 1200 4330 vir,
1227 4265 1449 4321 nomine
1467 4266 1748 4332 Girardus,
1768 4274 2100 4340 przenomine

490 4344 709 4415 .Caper,
739 4363 839 4418 pro
869 4349 1066 4405 animte
1087 4365 1197 4407 suae
1238 4355 1632 4426 redemptione,
1667 4375 1879 4416 necnon
1915 4373 1971 4418 et
1997 4355 2097 4435 pa-

494 4448 731 4503 ,rentum
761 4456 1006 4508 suorum,
1035 4453 1238 4500 sancta:
1265 4446 1448 4502 Mariae
1477 4450 1546 4503 de
1571 4450 1790 4508 Plancis
1817 4463 1871 4509 et
1907 4467 2100 4513 sancto

2206 613 2363 668 ΧΧτί
2400 615 2601 668 solidos
2633 628 2995 678 lllllllmOl'llm,
3025 623 3077 668 et
3101 611 3217 682 ejus
3248 621 3358 667 tres
3391 611 3586 668 solidos
3617 614 3748 670 dedi-

2209 718 2367 770 mus;
2417 703 2686 758 Willelmo
2734 704 2993 772 denique,
3026 704 3224 758 domno
3276 705 3752 772 utrorumque,Gi-

2171 837 2176 842 .
2205 797 2350 850 rardi
2384 797 2592 851 scilicet
2609 805 2662 851 et
2683 796 2911 867 Pagani,
2943 805 3164 867 propter
3197 793 3611 850 consuetudines
3632 811 3751 865 quas

2170 913 2175 917 -
2202 887 2486 942 videbatur
2508 888 2707 942 habere
2734 889 2784 942 in
2810 888 2941 957 ipsis
2969 887 3129 942 terris
3149 901 3286 957 quas
3314 887 3538 949 remisit,
3565 886 3750 941 ΧΧΧιι

2173 997 2175 1000 ⁴
2204 979 2425 1043 solidos,
2464 988 2516 1032 et
2549 979 2701 1034 uxori
2750 979 2867 1048 ejus
2909 977 3190 1033 Alberedaa
3215 977 3418 1031 solidos
3440 976 3482 1032 γ
3512 975 3750 1036 dedimus.

2203 1072 2304 1139 Qui
2329 1072 2618 1126 adfuerunt
2649 1082 2704 1127 et
2727 1073 2979 1126 viderunt
3007 1080 3061 1125 et
3086 1071 3390 1132 audierunt,
3421 1069 3588 1122 notati
3643 1071 3752 1124 sub-

2204 1163 2391 1232 scripti
2421 1172 2566 1216 sunt.
2591 1162 2906 1217 Guillelmus
2933 1163 3220 1232 presbiter.
3255 1161 3465 1215 Guiddo
3493 1160 3753 1229 presbiter.

2201 1255 2617 1320 Guauscelinus,
2643 1255 2784 1310 ﬁlius
2813 1255 3094 1310 Ricuardi.
3120 1253 3430 1308 Radbertus
3460 1251 3749 1322 Lupccnlus.

2203 1348 2456 1403 Fulcode
2478 1349 2638 1403 Tedis
2663 1349 2820 1403 Villa.
2867 1348 3018 1415 Hugo
3066 1349 3134 1402 do
3170 1347 3355 1402 Chira.
3398 1345 3753 1412 Iierimannus,

2205 1439 2358 1493 ﬁlius
2389 1439 2624 1509 llugonis
2648 1439 2904 1494 Trouclli.
2936 1438 3214 1492 Ebrardus
3245 1439 3309 1492 de
3348 1437 3543 1505 Rugia.
3564 1435 3754 1492 Gnalte-

2203 1528 2317 1582 rius
2336 1529 2402 1582 de
2454 1529 2696 1598 Asperis.
2749 1529 2993 1600 Paganus
3053 1528 3393 1599 praepositus.
3445 1527 3754 1590 Richardus.

2203 1617 2434 1673 famulus
2485 1620 2702 1674 Girardi
2759 1629 2814 1673 et
2872 1619 3102 1674 Warini.
3157 1618 3492 1682 Willclmus,
3550 1618 3754 1673 famulus

2201 1713 2614 1767 monachorum.
2646 1713 2836 1766 Actum
2882 1710 3115 1777 Plancis,
3149 1711 3383 1781 publice,
3413 1709 3752 1766 viventeWil-

2202 1801 2382 1867 lchno,
2416 1803 2772 1857 invictissimo
2803 1800 3233 1856 Normannorum
3269 1803 3425 1869 duce,
3459 1801 3755 1872 Anglorum-

2203 1910 2307 1963 que
2341 1909 2495 1965 rege;
2523 1895 2574 1948 in
2597 1894 2824 1950 Francia
2854 1910 2980 1949 vero
3001 1903 3260 1964 regnante
3283 1895 3629 1950 serenissima
3649 1909 3755 1965 rega

2171 1987 2482 2057 Philippo;
2531 1988 2822 2043 indictione
2868 2002 2958 2041 xv.
3017 1986 3214 2041 Paulus
3261 1987 3562 2043 monachus
3599 1988 3757 2043 extitit

2170 2095 2178 2100 ‘
2203 2080 2465 2133 notarius.
2502 2097 2521 2130 ι

487 2160 576 2216 8.
610 2162 868 2234 ilugonis,
904 2164 996 2218 ﬁlii
1030 2165 1165 2234 ejus.
1199 2164 1257 2219 8.
1288 2164 1508 2229 Alanni,
1543 2165 1638 2219 ﬁlii
1677 2166 1810 2236 ejus.
1849 2166 1910 2222 8.
1945 2167 2098 2222 Guil-
2177 2203 2186 2212 ι

2276 2169 2416 2223 Sunt
2441 2177 2496 2222 et
2532 2168 2634 2222 alia
2663 2183 2827 2232 nona,
2861 2167 3171 2237 supradicto
3214 2167 3400 2222 locello
3433 2165 3754 2236 pertinentia,

2203 2275 2323 2330 qum
2347 2259 2628 2328 inscripta,
2661 2258 2985 2327 scriptorum
3020 2258 3270 2326 penuria,
3301 2258 3570 2312 habentur
3596 2277 3610 2311 :
3639 2258 3758 2313 sicut

2201 2352 2444 2405 accclesia
2480 2351 2734 2420 martyris
2768 2350 3066 2414 Laurentii,
3097 2365 3220 2419 qua:
3249 2351 3374 2404 data
3408 2359 3494 2404 est
3523 2350 3758 2420 prtrdicto

2175 2443 2319 2497 loco
2351 2445 2416 2496 ah
2456 2441 2641 2497 Odone
2679 2441 2838 2495 Rufo.
2874 2442 2966 2496 Est
3003 2451 3182 2495 autem
3217 2443 3327 2496 haec
3361 2441 3610 2496 tecclcsia
3638 2441 3757 2495 ultra

2181 2535 2478 2589 .lluviolntl'l
2508 2535 2598 2605 qui
2630 2535 2802 2589 currit
2834 2545 2959 2589 ante
2989 2535 3292 2590 {ecclesiam
3329 2535 3547 2590 Sancta:
3575 2535 3757 2598 Maria.

2177 2628 2302 2680 sub
2325 2626 2518 2681 edibus
2548 2627 2960 2680 monachorum.

2682 2715 3083 2774 (JAPITULUM
3124 2716 3292 2771 XXV.

2177 2809 2280 2867 ‘De
2309 2809 2545 2865 wcclesia
2574 2807 2756 2865 Sancti
2788 2812 3033 2872 Romani,
3069 2812 3196 2863 data
3237 2809 3332 2863 sub
3366 2807 3554 2864 Braiai
3585 2820 3757 2864 castro.

2761 2904 2922 2974 (Ante
2951 2919 3002 2956 a.
3036 2903 3226 2974 1070.)

2278 3013 2298 3048 ‹
2327 2992 2385 3047 ln
2419 2992 2635 3047 nomine
2672 3003 2876 3048 sanctae
2907 2992 3194 3048 Trinitatis
3232 3003 3287 3049 et
3331 2993 3506 3048 unicae
3531 2991 3759 3057 Deitatis,

2201 3085 2382 3143 Patris
2405 3085 2612 3140 scilicet
2641 3095 2695 3140 et
2719 3084 2837 3139 Filii
2863 3093 2916 3139 et
2941 3083 3176 3154 Spiritus
3223 3084 3418 3139 sancti.
3442 3083 3636 3139 Notum
3659 3099 3762 3140 esse

2126 3218 2172 3281 Ο
2201 3179 2473 3242 volumus,
2507 3177 2673 3247 quod,
2705 3176 2982 3232 cummuni
3027 3176 3257 3231 consilio
3295 3185 3350 3230 et
3397 3177 3517 3246 pari
3560 3175 3758 3240 affectu,

2201 3286 2302 3342 ego
2327 3270 2590 3324 Airardus
2624 3269 2690 3323 de
2744 3268 2906 3324 anlo
2957 3277 3011 3321 et
3055 3267 3358 3323 Landricus
3401 3269 3468 3324 de
3525 3267 3763 3334 Toriello,

2201 3375 2324 3415 cum
2387 3359 2750 3414 tiCVOllSSilDiS
2824 3359 3044 3414 nostris.
3082 3360 3431 3428 coequalihus
3503 3359 3763 3429 opidanis,

2202 3453 2549 3509 Gausfridum
2576 3451 3006 3506 cummilitonem
3024 3452 3402 3516 convenimus,
3431 3461 3490 3505 ut
3521 3449 3765 3514 loculum,

2201 3547 2256 3600 in
2293 3562 2401 3616 quo
2437 3545 2681 3600 tecelesia
2720 3546 2774 3598 in
2803 3545 3009 3599 honore
3040 3545 3215 3599 sancti
3245 3544 3475 3599 Romani
3523 3542 3764 3613 martyris

2201 3641 2522 3701 habebatur,
2568 3638 2751 3692 Sancti
2807 3636 2950 3692 Petri
2999 3638 3249 3693 caenobio
3295 3636 3643 3700 Carnotcnsi,
3681 3648 3766 3705 pro

2201 3728 2442 3782 remedio
2472 3742 2584 3781 ante
2632 3741 2964 3796 suorumque
2999 3727 3324 3791 animarum,
3354 3726 3700 3788 concederet;
3721 3731 3766 3779 et

2201 3820 2327 3888 quia
2377 3835 2482 3873 non
2535 3818 2692 3887 longe
2723 3833 2752 3871 a
2796 3817 3017 3873 castello
3063 3815 3263 3872 Braiao
3298 3817 3486 3880 distat,
3531 3824 3614 3871 set
3653 3822 3764 3870 tunc

2201 3907 2458 3978 temporis
2489 3915 2545 3962 et
2566 3907 2693 3962 vilis
2736 3916 2790 3962 et
2828 3907 3061 3962 incultus
3102 3915 3232 3976 aput
3267 3921 3366 3960 nos
3405 3906 3765 3966 estimabatur,

2185 4014 2510 4071 quanquam
2544 3998 2599 4052 in
2641 4007 2934 4069 conspectu
2967 3999 3162 4054 divina:
3193 3996 3494 4067 majestatis
3523 3995 3767 4068 praeclara

2201 4091 2490 4150 sanctitate
2519 4089 2781 4155 creditur,
2809 4088 3068 4160 praefatus
3097 4089 3256 4146 miles
3289 4090 3498 4147 nostris
3531 4088 3769 4160 precibus

2201 4180 2411 4244 annuit,
2451 4179 2693 4234 consiliis
2721 4180 3008 4249 paruit,de
3035 4195 3133 4235 suo
3169 4180 3239 4236 ibi
3273 4180 3443 4249 dedit,
3483 4189 3541 4236 et
3574 4180 3652 4235 sic
3685 4177 3768 4232 ab-

2199 4273 2314 4328 bati
2340 4272 2609 4327 Landrico
2642 4281 2810 4328 totum
2845 4273 3137 4338 commisit,
3169 4273 3430 4342 quatinus
3481 4272 3536 4328 in
3577 4280 3769 4326 tantum

2198 4363 2432 4420 celebris
2473 4363 2768 4419 haberetur
2818 4364 2874 4418 in
2921 4373 3184 4434 quantum
3235 4364 3390 4434 prius
3441 4361 3770 4434 despicabilis

2202 4457 2512 4527 putabatur.
2543 4456 2644 4526 Qui
2673 4457 2840 4513 abbas
2865 4459 3256 4530 quinquaginta
3300 4457 3505 4514 solidos
3536 4472 3769 4512 nummo-

491 4531 676 4624 -l’etr0
705 4535 970 4604 apostolo,
1008 4537 1161 4606 cujus
1198 4539 1330 4594 cella
1373 4555 1496 4596 esse
1523 4543 1736 4599 videtur
1757 4546 1871 4616 ipsa
1909 4559 2097 4606 saneta
2129 4561 2182 4624 ι)
2206 4565 2348 4614 rum,
2393 4559 2584 4619 sponte
2608 4565 2727 4615 sua,
2767 4550 2945 4612 militi,
2978 4559 3034 4603 et
3061 4549 3320 4605 bonitatis
3357 4551 3557 4620 gratia,
3615 4548 3766 4603 dedit.

498 4622 712 4688 :Maria,
756 4641 878 4681 cum
925 4643 1194 4685 consensu
1239 4633 1431 4686 matris
1481 4648 1592 4687 suae
1634 4635 1949 4694 Emmelinte
1998 4657 2098 4698 seu

514 4717 743 4773 fratrum
772 4735 995 4774 suorum
1025 4721 1254 4778 Guarini
1292 4733 1347 4778 et
1374 4723 1622 4792 Huberti,
1678 4731 1912 4798 gratuita
1949 4731 2100 4789 boni-

503 4817 648 4877 tate,
693 4811 966 4882 quandam
1022 4821 1246 4880 terram,
1289 4829 1394 4870 non
1443 4815 1602 4886 longe
1647 4833 1678 4872 a
1723 4828 1864 4874 terra
1899 4833 2099 4881 sancta:

499 4901 724 4969 .Marite,
752 4904 1039 4967 concessit,
1076 4905 1406 4976 donumque,
1433 4922 1531 4976 per
1551 4908 1848 4966 Guarinum
1875 4914 2096 4973 fratrem

500 5007 694 5056 rsunm,
737 5009 900 5064 super
939 4993 1112 5049 altare
1151 5007 1356 5051 sancta:
1392 4998 1578 5054 Maria:
1612 5001 1781 5069 misit,
1833 5003 2101 5075 inpeditus

500 5084 750 5153 quodam
774 5083 916 5138 bello
944 5083 1010 5138 ad
1046 5084 1150 5140 hoc
1179 5089 1565 5156 peragendum.
1601 5090 1700 5146 Cui
1741 5080 2100 5152 facto'assen-

498 5186 704 5233 ‘serunt
724 5174 1042 5231 Guillelmus
1068 5178 1134 5232 de
1161 5178 1376 5235 Molinis
1400 5191 1583 5237 castro
1615 5194 1670 5239 et
1700 5200 1836 5240 uxor
1869 5187 1986 5255 ejus
2011 5190 2102 5245 Al-

499 5269 736 5326 thereda.
766 5268 952 5323 lnsero
989 5270 1152 5324 etiam
1196 5272 1323 5328 huic
1369 5275 1578 5345 paginas
1625 5285 1829 5332 terram
1872 5279 2096 5351 Pagani,

503 5374 682 5429 rqttam
709 5354 856 5415 dedit
883 5367 1085 5414 sanctae
1111 5360 1312 5426 Mariae,
1344 5379 1444 5434 pro
1468 5367 1719 5423 undecim
1752 5368 1904 5429 libris
1940 5393 2100 5430 lllllll-

505 5465 756 5517 morum,
790 5465 927 5521 quas
964 5449 1196 5508 debebat
1227 5457 1384 5512 nobis
1432 5459 1500 5514 de
1544 5461 1756 5518 teloneo
1800 5468 2100 5537 supradicti

506 5547 708 5602 acastrl.
753 5545 928 5613 Quam
981 5552 1180 5603 terram
1227 5551 1342 5621 ipse
1390 5553 1643 5624 Paganus
1692 5556 2102 5629 ingnadiaverat

509 5651 622 5710 pro
647 5640 842 5711 viginti
873 5642 1057 5698 solidis
1098 5657 1465 5712 nummorum,
1493 5665 1630 5720 quos
1659 5652 1822 5707 etiam
1867 5652 2102 5708 reddidi-

506 5761 518 5772 ‘
593 5751 738 5828 (illi)
777 5753 1092 5828 Quillelmus
1116 5755 1480 5828 Conquestor.

511 5761 518 5772 ‘
593 5754 718 5818 (170
777 5754 1092 5812 Guillelmus
1116 5755 1480 5828 Conquestor.

511 5843 516 5848 ι
588 5754 738 5899 ηυξ
779 5823 937 5879 Hanc
962 5828 1204 5884 chartam
1247 5833 1532 5889 retulimus
1555 5836 1622 5890 ad
1674 5851 1725 5891 a.
1761 5835 1919 5902 1077,
1947 5836 2100 5904 cxtjus

2206 4638 2360 4695 Unde
2401 4640 2544 4710 quod
2574 4640 2757 4694 divino
2784 4640 3044 4696 instinctu
3078 4639 3329 4708 fecimus,
3373 4643 3576 4697 domno
3600 4649 3770 4696 nostro

2183 4730 2503 4786 .Gausfredo
2525 4740 2578 4784 et
2606 4730 2823 4786 Mahildi
2852 4734 3063 4787 domnae
3087 4742 3289 4789 nostra:
3314 4734 3494 4788 verbis
3520 4742 3771 4788 munstra-

2202 4822 2400 4878 vimus.
2449 4823 2549 4890 Qui
2593 4825 2945 4881 devotissime
3007 4826 3389 4893 laudavernnl,
3422 4835 3475 4881 et
3506 4825 3678 4879 ditare
3714 4822 3770 4877 de

2202 4915 2314 4968 suis
2356 4914 2701 4972 facultatibus
2744 4917 2918 4973 locum
2965 4921 3365 4990 promiserunt;
3409 4930 3590 4990 atque
3622 4918 3772 4972 licen—

2203 5009 2332 5061 tiam
2361 5008 2646 5073 dederunt,
2678 5019 2736 5064 ttt
2771 5012 3102 5082 quicumque
3138 5029 3205 5070 ex
3244 5015 3469 5083 pmprio
3501 5013 3621 5078 iure
3657 5005 3772 5079 quid

2202 5099 2366 5152 vellet
2397 5099 2594 5156 ibidem
2615 5101 2721 5158 Deo
2746 5111 2802 5157 et
2825 5104 3051 5168 sanctis,
3091 5120 3189 5174 pro
3221 5105 3448 5168 meliore
3477 5115 3774 5172 recompen—

2203 5193 2434 5258 satione,
2484 5193 2888 5264 largiri,libera
2920 5197 3022 5252 sibi
3075 5197 3306 5254 facultas
3350 5197 3769 5268 permitteretur.

2190 5286 2467 5353 .Quocirca
2494 5287 2652 5357 hujus
2687 5289 2763 5344 rei
2786 5300 2952 5357 gestae
2975 5292 3240 5348 cartulam
3277 5296 3416 5352 hanc
3447 5297 3566 5356 ﬁeri
3600 5302 3773 5364 posta.-

2203 5377 2452 5443 lavimus,
2485 5386 2772 5446 quatenus,
2817 5381 3138 5453 subscriptis
3186 5387 3408 5440 testium
3447 5387 3772 5446 nominibus,

2205 5468 2317 5538 ipsa
2352 5469 2505 5523 testis
2549 5479 2603 5524 et
2637 5471 2792 5530 index
2843 5473 2955 5528 veri
3009 5490 3223 5546 semper
3269 5479 3426 5533 lirma
3477 5479 3768 5534 habeatur.

2204 5561 2354 5628 Quod
2384 5563 2426 5617 si
2467 5562 2733 5634 quispiam
2776 5564 2899 5620 huic
2932 5569 3309 5626 contradicere
3350 5572 3773 5645 prmsnmpserit,

2204 5664 2277 5713 et.
2305 5653 2855 5725 quantulumcumque
2877 5658 3042 5728 (quod
3063 5660 3259 5733 absit!)
3287 5664 3598 5721 donationis
3627 5665 3773 5721 istius

2205 5767 2542 5848 estuindictio
2576 5783 2663 5834 xv,
2716 5770 2918 5848 quique
2932 5771 3142 5848 _incidi_t
3177 5774 3244 5848 in;
3261 5785 3500 5846 tempora
3545 5775 3771 5848 Philippi

2195 5838 2560 5908 Cniiletniquc
2592 5838 2795 5910 regum,
2820 5838 2881 5895 ac
2904 5841 3128 5900 Huberti
3162 5838 3390 5906 abbatis:
3534 5859 3541 5864 '
3689 5838 3704 5848 ’
3723 5838 3746 5894 ’-
