3842 6308
59 419 178 479 ’293

757 415 1272 474 ῨΕΤῢεΛϐΑΝΟ.
1300 445 1373 458 ---
1403 414 1532 471 LIB.
1563 414 1648 469 VII

1759 415 2090 474 INDRICUS
2121 415 2208 472 ET
2237 415 2632 476 IIUBERTUS.

3199 431 3358 490 ~294

49 575 60 590 .
91 533 382 590 rescindere
403 546 504 587 seu
533 537 782 602 repetere
809 531 1198 602 quoquomodo
1215 539 1444 586 conatus
1475 528 1660 594 fuerit,
1691 535 1741 594 Α
1769 526 2024 584 Braiaum
2085 528 2267 586 vicum
2305 529 2602 596 deveniret,
2646 530 2882 590 Osanam
2924 535 3146 598 fluvium
3179 550 3363 601 trans-

85 642 180 682 non
209 625 255 682 ei
283 624 692 691 consentiatur;
725 631 809 678 set
829 625 930 679 sub
966 624 1311 678 anathemate
1339 623 1664 678 constitutus

85 725 287 771 centum
324 715 498 770 libras
526 713 642 770 auri
673 715 906 787 principi
937 725 1094 771 terra:
1120 714 1410 784 persolvat.
1435 712 1664 774 Nomina

88 809 305 863 testium.
331 807 677 864 Gausfredus
701 807 956 874 domnus,
1007 807 1166 876 cujus
1209 822 1436 862 assensu
1483 814 1663 862 actum

88 904 305 958 esthoc.
355 903 643 967 Mahildis,
695 903 814 971 ejus
862 901 1474 970 conjunx.Willelmus,
1520 901 1664 956 illius

51 995 206 1064 'ejus.
254 992 540 1048 Airardus
585 993 654 1048 de
696 993 876 1048 Duslo.
929 991 1260 1058 Bernardus,
1315 991 1486 1046 frater
1525 992 1660 1062 ejus.

49 1083 445 1138 ‘Landricusde
477 1082 731 1139 Toriello.
765 1083 1070 1139 Willelmus
1089 1083 1432 1154 prmpositus.
1465 1083 1581 1138 Odo
1595 1085 1664 1138 de

80 1177 365 1231 Domieilio.
392 1175 747 1232 Gausfridus.
767 1176 1063 1233 Guarinus.
1081 1176 1435 1231 Gausfridus.
1465 1177 1662 1231 Baiar-

53 1309 58 1314 .
79 1269 169 1322 dus
191 1268 278 1338 qui
292 1269 434 1323 hanc
445 1269 798 1324 donationem
815 1269 959 1324 fecit.
978 1269 1272 1324 Rainaldus
1288 1269 1623 1324 forestarius.
1639 1288 1658 1321 ι

49 1395 56 1400 ς
141 1358 268 1414 Sunt
299 1360 454 1430 (I72)
484 1370 545 1416 et
566 1361 671 1414 alia
713 1361 851 1415 dona
883 1361 1029 1427 data,
1071 1377 1212 1430 quae,
1241 1377 1339 1432 per
1387 1360 1663 1431 negligen-

51 1452 206 1508 ~tiam
253 1452 368 1506 sive
423 1454 762 1523 scriptorum
814 1454 1130 1523 penuriam,
1177 1454 1433 1524 inscripta
1489 1455 1664 1508 adimo

55 1552 402 1612 permanent.
433 1544 581 1610 Quia
610 1557 740 1599 vero
768 1544 919 1600 locus
947 1553 1001 1598 et
1022 1545 1201 1598 ocium
1226 1543 1494 1599 scribendi
1523 1554 1661 1599 tem-

53 1649 170 1704 .pus
227 1649 540 1706 congruum
587 1637 1261 1706 praebet'pretereundutn
1319 1651 1422 1690 non
1471 1638 1663 1692 estimo

81 1725 292 1793 qualiter
320 1726 471 1780 beati
525 1724 760 1781 Romani
789 1728 1049 1798 martyris
1097 1736 1261 1797 caput
1283 1728 1349 1782 ad
1379 1728 1660 1797 pra-fatum

57 1815 237 1872 locum
250 1817 628 1874 sitaRomana
645 1821 776 1874 urbe
788 1819 1020 1875 delatum
1034 1831 1086 1875 et
1105 1821 1300 1876 ibidem
1316 1821 1660 1886 collocatum,

81 1909 259 1980 diuque
307 1913 376 1968 ab
430 1912 754 1968 hominibus
809 1913 1164 1984 incognitum.
1201 1914 1318 1979 Set,
1367 1923 1656 1984 postquam

83 2003 319 2058 moderno
351 2012 630 2073 tempore,
668 2003 809 2056 sicut
841 2003 1090 2072 superius
1134 2002 1395 2062 diximus.
1428 2005 1529 2057 sub
1563 2019 1659 2074 po-

86 2104 252 2150 testate
280 2095 556 2151 Landrcci
603 2095 817 2150 abbatis
859 2095 1009 2150 locus
1050 2098 1340 2165 praedictus
1381 2098 1654 2152 meliorari

85 2189 242 2258 coepit,
271 2197 437 2258 atque
475 2203 506 2242 a
553 2189 776 2259 pupulo,
812 2187 983 2258 gratia
1012 2189 1300 2254 orationis,
1343 2189 1657 2259 frequenter

83 2281 253 2347 repeti,
281 2281 544 2334 monachi
576 2281 650 2334 ibi
689 2290 1117 2345 commorautes,
1140 2283 1493 2337 oratoriolum
1527 2282 1656 2338 illud

82 2367 292 2442 ligneum
329 2373 384 2426 in
428 2372 723 2427 meliorem
773 2380 974 2427 statum
1023 2381 1346 2427 construere
1390 2373 1654 2440 volentes,

85 2472 254 2517 terram
279 2463 468 2519 fodere
494 2474 810 2533 cmperunt,
851 2471 911 2518 ut
939 2462 1164 2531 majoris
1195 2465 1419 2519 oratorii
1453 2465 1654 2519 funda-

84 2563 238 2610 menta
274 2565 534 2612 cemento
577 2565 634 2614 et
673 2555 850 2627 lapide
891 2556 1134 2611 stabilire
1173 2556 1493 2626 potuissent.
1535 2556 1654 2624 Set,

69 2649 359 2719 priusquam
389 2649 634 2704 Romani
663 2649 916 2720 martyris
936 2649 1130 2719 capitis
1156 2648 1524 2702 inventionem
1555 2664 1651 2704 ex-

84 2738 270 2806 plicem,
295 2739 703 2795 exordiendum
735 2746 820 2794 est
843 2738 1080 2808 qualiter
1114 2748 1168 2793 et
1215 2753 1319 2808 qua
1362 2740 1649 2794 occasione

87 2841 273 2888 sanctus
299 2841 516 2904 martyr
572 2832 670 2896 ibi,
701 2846 800 2902 per
835 2831 1106 2901 quendam
1145 2831 1442 2895 Britoncm,
1490 2843 1654 2901 caput

85 2924 324 2992 proprium
342 2923 558 2978 deferri
587 2922 838 2976 voluerit.
857 2921 983 2976 Fuit
1009 2921 1136 2976 olim
1157 2922 1376 2991 quidam
1409 2922 1650 2992 locuples

89 3014 222 3070 homo
247 3015 296 3069 in
325 3016 429 3072 hac
459 3014 716 3070 cileriori
746 3013 1051 3074 Britannia,
1078 3013 1350 3068 nobilibus
1380 3014 1652 3070 natalibus

87 3114 383 3170 procreatus,
416 3105 547 3174 qui,
585 3104 766 3158 divina
797 3103 1210 3173 propiciatione,
1237 3103 1650 3158 Christianitatis

73 3196 219 3250 «titulo
249 3199 570 3269 insignitus,
597 3197 650 3251 in
679 3196 1021 3266 baptismatis
1048 3195 1266 3250 lavacro
1293 3195 1504 3264 pompis
1534 3195 1647 3248 dia-

89 3286 174 3342 buli
202 3290 630 3355 abrenonciatis,
665 3289 840 3344 sancti
887 3288 1128 3358 Spiritus
1166 3287 1544 3346 illustratione.
1582 3285 1649 3341 ab

90 3380 208 3433 Olnlll
229 3381 567 3448 piaculorum
595 3379 754 3434 sorde
779 3379 1086 3444 mundatus,
1114 3378 1475 3434 Pauliuusest
1499 3379 1650 3432 voci-

92 3485 221 3530 latus.
253 3477 348 3544 Qui
376 3494 500 3532 cum
539 3476 658 3532 zelo
693 3475 868 3531 deiﬁci
901 3475 1107 3531 amoris
1137 3483 1399 3539 estuaret,
1434 3488 1650 3542 preme-

91 3569 258 3624 (litabat
283 3571 396 3625 ﬁeri
420 3570 627 3640 quovis
652 3585 872 3624 suorum
907 3569 1216 3637 prediorum
1244 3567 1548 3623 tucclesiam
1593 3567 1645 3619 in

92 3657 259 3715 honore
285 3663 594 3733 cujuspiam
624 3662 899 3734 martyris,
921 3662 964 3718 si
1015 3660 1154 3717 forte
1194 3670 1379 3729 posset
1424 3658 1644 3714 aliunde

92 3750 280 3822 adipisci
311 3753 582 3824 reliquias
610 3753 753 3807 illius
783 3753 949 3822 ipsius
976 3752 1252 3824 martyris.
1286 3751 1531 3819 Cumque
1555 3764 1650 3803 su-

91 3856 167 3910 per
189 3846 280 3900 hac
303 3861 360 3900 re
395 3847 626 3901 hereret
652 3847 856 3911 animo,
897 3861 930 3898 a
975 3844 1156 3900 nmltis
1204 3843 1408 3900 audivit
1458 3842 1646 3898 urbem

1671 3243 1721 3308 C

1769 620 1912 685 iens,
1963 621 2270 692 egritudine
2311 624 2566 692 corporis
2613 623 2812 682 ibidem
2858 628 3196 704 detemptus,
3247 637 3361 695 Deo

1767 714 2125 784 disponente,
2170 714 2383 785 glebam
2425 717 2702 787 corporis,
2743 733 2867 776 cum
2909 723 3171 784 thesauro
3209 730 3358 800 quod

1769 806 2058 872 detulerat,
2093 807 2248 885 juxta
2291 809 2553 877 parietem
2593 810 2873 877 aeeclesiaz,
2921 829 3045 885 qua:
3097 826 3228 875 tunc
3277 821 3354 877 ibi

1769 899 1981 964 aderat,
2011 916 2134 955 eum
2177 899 2464 957 defunctus
2493 912 2659 967 esset,
2691 918 2722 958 a
2763 905 3084 964 christianis
3114 925 3360 968 cumma-

1767 993 2022 1048 nentibus
2049 994 2326 1050 exorando
2351 995 2478 1063 poni
2514 997 2792 1067 praecepit.
2827 998 3015 1070 Itaque
3067 1004 3358 1061 thesaurus

1729 1094 1954 1140 .ettam
2004 1086 2426 1157 ineomparabile
2467 1104 2717 1143 munusa
2769 1089 2878 1146 Deo
2930 1093 3210 1164 collatum,
3257 1111 3358 1168 per

1767 1173 2057 1230 multorum
2111 1192 2379 1232 annorum
2432 1188 2678 1249 tempora
2720 1180 2992 1249 labentia,
3044 1186 3358 1244 hominibus

1767 1266 2102 1336 incognitum
2135 1269 2370 1322 mansit:
2405 1271 2597 1336 donec,
2643 1274 2980 1344 propiciante
3025 1277 3206 1333 divina
3248 1279 3358 1336 cle-

1767 1359 1992 1422 mentia,
2022 1375 2052 1412 a
2083 1361 2365 1415 monachis
2392 1364 2719 1430 supradictis
2748 1366 2922 1421 cilicia
2955 1369 3154 1425 divime
3182 1372 3357 1427 servi-

1769 1452 2051 1507 tutisinibi
2103 1453 2523 1523 complerentur,
2575 1466 2630 1511 et
2678 1458 2748 1511 ab
2789 1460 2936 1514 omni
2994 1461 3148 1531 plebe
3200 1464 3356 1519 locus

1767 1545 1886 1616 ipse
1910 1545 2144 1601 celebris
2165 1545 2480 1613 haberetur,
2506 1559 2692 1618 atque,
2731 1557 3130 1612 aucmeutando
3166 1557 3354 1626 paula-

1768 1639 1886 1704 tim,
1919 1637 2075 1708 longe
2104 1637 2320 1708 lateque
2342 1638 2534 1694 volans
2562 1639 2704 1694 fama
2731 1641 3143 1700 dilI‘underetur.
3173 1647 3351 1712 Tunc,

1731 1759 1734 1762 η
1765 1727 2068 1798 opitulante
2094 1727 2274 1796 plebe,
2313 1729 2517 1798 majora
2558 1729 2827 1798 jacientes
2857 1733 3118 1789 ecclesiae
3158 1735 3354 1790 funda-

1694 1883 1738 1938 B

1732 2003 2142 2074 psistarchiam
2189 2005 2357 2074 ipsius
2403 2005 2636 2071 illcsam,
2665 2019 2828 2076 caput
2865 2023 3028 2078 supra
3064 2012 3350 2066 memorati

1767 1819 1944 1884 mina,
1998 1818 2337 1889 insperatum
2394 1821 2711 1875 thesaurum
2763 1824 3102 1892 repperiuut,
3153 1841 3353 1896 corpus

1761 1913 1978 1982 quidem
2030 1914 2240 1982 prazfati
2279 1913 2572 1983 peregrini,
2615 1923 2692 1979 et,
2735 1914 2888 1985 juxta
2951 1915 3072 1986 ejus
3123 1933 3348 1988 corpus,

1760 2093 2014 2164 martyris
2059 2094 2449 2149 continentem.
2490 2094 2664 2162 Quam
2704 2098 2923 2166 quidam
2973 2099 3136 2156 homo
3175 2101 3350 2157 inme-

1761 2189 1902 2239 ritus
1929 2200 2052 2238 cum
2082 2200 2111 2238 a
2147 2194 2290 2239 terra
2322 2193 2526 2241 temere
2570 2187 2835 2243 voluisset.
2875 2190 3075 2257 levare,
3107 2208 3350 2262 prmsun-

1761 2277 1924 2331 tinnis
1954 2293 2065 2332 sua:
2093 2292 2307 2346 prauam
2343 2277 2528 2332 statim
2571 2280 2776 2334 ultione
2809 2281 2990 2336 divina
3023 2285 3219 2339 merito
3259 2300 3347 2339 rc-

1758 2370 1933 2440 cepit;
1969 2384 2094 2423 nam
2127 2367 2336 2433 infelix,
2367 2379 2660 2440 antequam
2697 2387 2858 2426 manu
2901 2384 3148 2445 tangeret
3182 2375 3233 2430 id
3279 2377 3350 2431 ad

1758 2463 1902 2531 quod
1929 2461 2268 2527 extenderat,
2293 2461 2574 2517 oculorum
2603 2463 2806 2519 lumine
2865 2467 3063 2522 caruit.
3104 2467 3223 2534 Quo
3261 2468 3348 2523 fa-

1757 2563 1866 2617 eto.
1883 2553 1986 2612 loci
2015 2554 2159 2610 illius
2188 2555 2434 2610 homines
2460 2555 2512 2610 in
2544 2571 2651 2611 uno
2671 2570 2844 2612 cuneo
2869 2556 3198 2628 conglobati,
3223 2573 3348 2616 cum

1759 2643 2027 2712 religiosis
2061 2643 2330 2712 personis,
2355 2657 2420 2698 ac
2459 2645 2666 2700 honore
2695 2644 2882 2700 debito
2922 2645 3113 2702 Iaudes
3155 2649 3345 2704 conci-

1759 2743 1975 2800 nentes,
2003 2743 2179 2788 tecam
2205 2735 2379 2798 illam,
2415 2748 2538 2789 cum
2574 2735 2747 2790 sacris
2789 2735 3031 2806 reliquiis
3061 2739 3180 2794 sine
3208 2738 3347 2794 dilli-

1756 2827 1957 2882 cultate
1986 2827 2230 2881 levantes
2253 2826 2866 2900 invcncrunt,martyris
2881 2839 3046 2899 caput
3079 2839 3135 2886 et
3163 2831 3348 2902 apices

1735 2917 2130 2981 .inconvulsas,
2151 2918 2296 2974 beati
2333 2917 2560 2973 Romani
2599 2920 2854 2992 martyris
2875 2935 2998 2977 esse
3055 2931 3220 2992 caput
3247 2923 3346 2978 de-

1740 3021 2146 3068 .monstrantes.
2179 3011 2332 3079 Quod
2351 3027 2474 3066 cum
2502 3027 2530 3065 a
2565 3021 2708 3068 terra
2737 3012 3030 3079 levaretur,
3059 3018 3194 3070 odor
3218 3031 3347 3070 sua-

1745 3104 2009 3159 vissimus
2051 3113 2234 3158 tantus
2277 3103 2472 3171 adfuit,
2516 3113 2576 3159 ut
2627 3119 2817 3162 omnes
2863 3107 2957 3177 qui
3014 3107 3241 3162 aderant
3283 3123 3345 3165 se

1755 3199 1964 3255 sentire
2024 3200 2316 3254 crederent
2361 3198 2684 3254 odoramina
2737 3199 3030 3256 redolentis
3074 3200 3340 3257 Paradisi.

1753 3291 1897 3346 Inter
1922 3291 2036 3346 hare
2069 3291 2302 3361 denique
2336 3292 2594 3364 martyris
2631 3293 2805 3346 virtus
2850 3307 2956 3347 non
2990 3292 3182 3360 defuit,
3216 3308 3344 3350 nam

1750 3383 2068 3456 praedictum
2107 3383 2382 3438 hominem
2427 3384 2632 3439 lumine
2671 3384 2948 3445 orbatum,
2995 3383 3084 3438 ille
3123 3384 3214 3454 qui
3252 3399 3346 3441 ce-

1750 3491 1872 3531 cum
1903 3490 1932 3527 a
1957 3473 2240 3529 nativitatc
2265 3489 2374 3530 non
2396 3474 2720 3544 dedignatus
2749 3482 2835 3529 est
2865 3473 3193 3538 illuminare,
3228 3474 3344 3544 ipse

1751 3567 1915 3632 hunc,
1932 3568 2138 3622 meritis
2162 3566 2390 3621 Romani
2415 3567 2693 3638 martyris,
2713 3567 2782 3621 ad
2801 3565 3015 3620 laudem
3035 3575 3090 3620 et
3108 3565 3341 3636 gloriam

1750 3659 1986 3714 nominis
2011 3658 2144 3727 ejus.
2175 3658 2394 3714 clariori
2432 3658 2634 3713 lumine
2675 3658 3024 3713 illuminavit.
3071 3656 3170 3710 llis
3215 3669 3340 3727 ego.

1750 3747 1834 3803 vel
1861 3747 1974 3817 ipse
1994 3749 2085 3817 qui
2113 3747 2280 3802 michi
2306 3747 2409 3802 hoc
2446 3747 2652 3810 retulit,
2678 3761 2785 3802 non
2822 3747 3074 3802 interfui:
3110 3753 3225 3810 set,
3280 3754 3340 3799 ut

1749 3839 2074 3905 afﬁrmabat,
2105 3837 2436 3909 Agobertus,
2472 3838 2900 3908 archipresbiter
2918 3848 2972 3893 et
2993 3836 3338 3909 postmodum

93 3933 383 4006 Romanam,
440 3956 562 4012 prae
609 3939 808 3994 ceteris
860 3936 1118 4002 urbibus,
1168 3935 1644 3991 innumerabilium
1739 3931 1944 4001 pnesul
1963 3930 2276 3988 Carnotinte
2297 3931 2466 3995 urbis,
2493 3929 2759 3998 interfuit,
2789 3945 2819 3985 a
2849 3945 2958 4002 quo
2983 3938 3041 3985 et
3081 3930 3196 3999 ipse
3234 3929 3339 3984 hoc

95 4042 352 4104 martyrum
400 4033 732 4106 corporibus
784 4031 899 4086 fore
941 4031 1273 4086 decoratam.
1317 4028 1477 4094 Illuc,
1527 4028 1647 4083 sine

95 4137 234 4189 mura,
271 4143 433 4182 unum
485 4142 560 4183 ex
614 4125 862 4182 fidelibus
897 4123 1033 4190 suis,
1092 4123 1311 4178 nomine
1371 4119 1644 4186 Maurum,

97 4213 574 4274 christianissimum
597 4226 652 4272 et
673 4217 972 4286 simplicem
996 4216 1196 4281 virum,
1229 4213 1396 4280 misit,
1428 4223 1487 4268 ut
1513 4227 1647 4284 quo-

95 4306 162 4359 vis
182 4311 324 4366 modo
346 4310 639 4382 cujuslibet
662 4310 916 4380 martyris
937 4316 1146 4364 somata
1160 4307 1286 4362 inde
1302 4305 1644 4362 transferret.

97 4394 178 4462 Qui
193 4415 303 4456 cum
327 4403 564 4459 Romam
597 4402 855 4466 venisset,
883 4402 984 4457 tria
1017 4415 1114 4470 per
1146 4401 1272 4455 anni
1299 4409 1540 4471 tempora
1571 4400 1644 4456 ibi

99 4504 430 4562 conversatus,
465 4495 606 4552 nulli
645 4505 913 4551 secretum
951 4493 1035 4549 sui
1078 4492 1315 4563 pectoris
1353 4491 1642 4563 patefecit,

1747 4020 1958 4075 didicit.
1984 4019 2138 4076 Nunc
2161 4035 2378 4091 quoque
2398 4021 2466 4076 ad
2495 4021 2780 4091 sequentia
2807 4028 3053 4076 vertatur
3077 4018 3335 4091 permulti.

2226 4133 2628 4190 CAPITULUM
2668 4133 2862 4190 XXVI.

1819 4226 1896 4283 De
1927 4225 2162 4282 wcclesia
2196 4224 2384 4280 Buxeti
2410 4228 2466 4280 in
2502 4224 2729 4288 Pertico,
2758 4227 2887 4279 data
2922 4224 2988 4278 ab
3030 4223 3268 4279 Isnardo

2073 4297 2240 4352 milite
2266 4296 2462 4351 Sancto
2489 4295 2648 4351 Petro
2672 4295 3003 4352 Caruetenst‘.

2302 4391 2467 4459 (Ante
2501 4404 2556 4444 a.
2598 4387 2786 4458 1080.)

1825 4501 1846 4536 ι
1877 4483 2144 4540 Conditor
2163 4490 2325 4553 atque
2354 4481 2605 4538 Salvator
2632 4490 2823 4536 noster
2853 4479 3114 4535 Dominus
3137 4475 3336 4535 Jhesus

99 4596 242 4652 neque
273 4588 440 4644 solum
485 4603 588 4660 per
621 4603 683 4644 se
715 4587 1045 4642 desiderium
1083 4585 1276 4641 domni'
1303 4586 1385 4640 sui
1423 4585 1642 4656 explere
1671 4589 1720 4650 ι)
1747 4577 2002 4632 Christus
2057 4575 2151 4646 qui
2188 4589 2380 4630 omnes
2409 4574 2658 4630 homines
2688 4573 2804 4628 vult
2825 4573 3006 4628 salvos
3037 4571 3156 4626 fieri
3187 4580 3242 4626 et
3265 4570 3335 4624 ad

101 4678 260 4744 quivit.
285 4681 522 4752 Cumque
553 4683 696 4736 intra
723 4696 783 4736 se
817 4679 1024 4734 anxiari
1054 4679 1306 4748 cepisset,
1340 4684 1396 4732 et
1435 4686 1648 4733 sumtus

104 4773 408 4836 pecuniarum
430 4777 545 4846 jam
569 4789 711 4845 pene
733 4772 1038 4837 defecisset,
1063 4773 1302 4842 dumque
1332 4771 1435 4825 iter
1463 4773 1529 4824 ad
1553 4783 1648 4839 pa-

107 4859 236 4916 triam
269 4875 507 4935 repetere
550 4873 874 4929 maturaret,
909 4864 1107 4934 hospes
1145 4863 1262 4934 ejus
1301 4862 1644 4916 animadver-

107 4955 203 5004 lens
226 4955 449 5010 animum
482 4957 651 5026 ipsius
687 4954 905 5010 insolito
927 4963 1199 5024 egrotum,
1232 4967 1454 5007 causam
1489 4965 1648 5021 egro-

109 5039 288 5098 tationis
304 5044 591 5117 diligenter
613 5045 858 5116 inquirit,
881 5053 935 5098 et
975 5045 1251 5099 inventam
1283 5042 1472 5097 amica:
1515 5055 1647 5094 cou-

109 5130 347 5190 solationis
390 5137 746 5192 medicamine
795 5134 958 5202 fovit,
1016 5143 1178 5204 atque
1240 5147 1399 5188 omne
1459 5130 1644 5186 auxilii

113 5221 269 5286 robur,
311 5235 367 5280 ut
411 5227 587 5282 amico
620 5225 852 5296 hospiti,
891 5225 1170 5296 impendit.
1212 5222 1366 5290 Quia
1410 5219 1644 5290 quodam

1751 4665 2082 4738 agnitionem
2119 4663 2369 4720 veritatis
2396 4665 2602 4730 venire,
2634 4672 2848 4719 ortatur
2887 4677 2986 4718 nos
3017 4663 3104 4732 pie
3141 4675 3206 4716 ac
3241 4660 3335 4715 mi-

1749 4757 2118 4824 sericorditer,
2157 4755 2379 4812 dicens:
2421 4755 2642 4811 Ilonora
2672 4755 2957 4810 Dominum
2990 4755 3056 4807 de
3092 4762 3184 4807 tua
3211 4750 3337 4806 sui»
3427 4738 3436 4748 ’

1747 4851 1978 4917 stantia;
2023 4850 2264 4918 itemque
2303 4866 2317 4903 :
2357 4848 2493 4904 Date
2525 4848 2862 4904 elemosinam
2905 4857 2956 4901 et
3003 4844 3181 4898 omnia
3211 4853 3334 4898 sunt

1749 4941 1890 4996 vobis
1917 4941 2136 4995 munda.
2163 4940 2392 5006 Idcirco,
2425 4955 2525 5011 ego
2552 4939 2877 5004 Ilisnardus,
2901 4949 3043 4991 unus
3065 4932 3348 4990 Christia-'

1749 5045 1942 5084 norum
2001 5029 2118 5100 ejus
2143 5028 2286 5084 filius
2335 5028 2594 5100 Sulpicii,
2653 5026 2844 5082 volens
2893 5023 3158 5081 obaudire
3212 5023 3334 5080 voci

1747 5122 1985 5192 ejusdem
2015 5123 2247 5193 piissimi
2277 5122 2486 5178 Domini
2514 5120 2618 5176 mei
2649 5118 2816 5175 Jhesu
2844 5115 3070 5180 Christi,
3095 5115 3336 5172 concedo

1747 5227 1936 5272 sancto
1957 5216 2141 5282 Petro,
2156 5215 2278 5271 εωΙί
2301 5213 2596 5284 clavigero,
2618 5211 2684 5266 ad
2707 5209 3014 5267 caenobium
3039 5207 3336 5276 ejus,quod

1746 5308 1910 5362 situm
1941 5307 2101 5362 estin
2145 5303 2408 5361 suburbio
2436 5301 2781 5368 Carnotensi,
2811 5299 3115 5356 techesiam
3156 5312 3334 5354 meam

1745 5412 1868 5466 qua:
1892 5395 2056 5456 estin
2087 5395 2315 5460 Buxido,
2350 5408 2475 5448 cum
2515 5391 2675 5456 atrio,
2709 5389 2779 5446 ob
2817 5389 3118 5450 remedium
3164 5385 3337 5457 patris

1745 5497 1800 5544 et
1835 5487 2029 5542 matris
2055 5502 2189 5542 mea:
2225 5496 2282 5542 et
2325 5493 2736 5541 antecessorum
2785 5497 3029 5539 meorum
3076 5487 3133 5536 et
3154 5478 3337 5535 senio-

1745 5595 1900 5646 rum;
1924 5586 2197 5634 annuente
2221 5578 2477 5634 Teudone
2502 5579 2718 5640 seniore
2739 5591 2887 5642 meo,
2932 5574 3046 5632 lilio
3078 5571 3332 5635 Bosonis,

1743 5672 1970 5743 quieam
1984 5677 2130 5726 tenet
2141 5685 2211 5725 ex
2227 5668 2495 5731 beneficio
2509 5667 2676 5740 regis}
2692 5667 2768 5723 Do
2787 5668 2952 5724 etiam
2968 5662 3334 5732 terramjuxta

1746 5760 2070 5828 aecclesiam,
2099 5769 2368 5832 quantum
2395 5774 2552 5816 arare
2579 5767 2762 5830 potest
2793 5771 2899 5812 una
2931 5768 3184 5812 carruca.
3221 5753 3334 5825 Ego

115 5311 487 5372 archimandrita
516 5317 658 5372 beati
697 5316 929 5372 Romani
973 5315 1231 5388 martyris
1264 5328 1454 5368 emens
1491 5321 1645 5366 actu.

115 5404 202 5453 tum
220 5407 508 5462 venerabile
537 5415 722 5476 caput,
747 5414 905 5461 caute
933 5405 986 5460 in
1021 5403 1344 5474 psistarchia
1369 5400 1646 5473 peregrini

119 5486 306 5558 hospitis
335 5508 734 5556 sacrosanctum
787 5497 1139 5562 thesaurum,
1175 5494 1407 5550 sindone
1445 5492 1642 5558 munda

119 5577 402 5652 involutum,
452 5605 571 5646 cum
620 5587 866 5660 apicibus
893 5587 1104 5658 posuit,
1147 5585 1405 5656 pacisque
1459 5584 1645 5640 osculo

121 5666 240 5737 dato,
261 5674 412 5732 citato
441 5695 624 5751 gressu
650 5693 774 5736 eum
801 5678 870 5734 ab
895 5677 1030 5732 urbe
1056 5675 1300 5732 Romana
1327 5676 1479 5731 exire
1499 5691 1642 5746 prae-

122 5762 254 5828 εεβὶι·
278 5766 524 5840 Cumque,
570 5770 666 5828 Dei
708 5777 840 5824 nutu
895 5780 952 5823 et
998 5780 1261 5839 prospero
1303 5765 1522 5831 itinere,
1571 5764 1639 5820 ad

183 5873 304 5944 (Πὶ)
335 5881 454 5950 Qum
479 5893 773 5956 sequuntur
796 5881 993 5940 absunt
1014 5893 1047 5934 a
1073 5878 1194 5940 cod.
1225 5876 1292 5931 Β.
