  <div class='ocr_page' id='page_1' title='image "/cluster/home/n/w/nwhite01/storage/ocr_20150623/155/hvd.32044015473838/153.png"; bbox 0 0 3890 6302; ppageno 0'>
   <div class='ocr_carea' id='block_1_1' title="bbox 543 426 651 482">
    <p class='ocr_par' dir='ltr' id='par_1_1' title="bbox 543 426 651 482">
     <span class='ocr_line' id='line_1_1' title="bbox 543 426 651 482; baseline 0 0"><span class='ocrx_word' id='word_1_1' title='bbox 543 426 651 482; x_wconf 69' lang='lat'><strong>295</strong></span> 
     </span>
    </p>
   </div>
   <div class='ocr_carea' id='block_1_2' title="bbox 1414 390 3783 466">
    <p class='ocr_par' dir='ltr' id='par_1_2' title="bbox 1414 390 3783 466">
     <span class='ocr_line' id='line_1_2' title="bbox 1414 390 3783 466; baseline -0.011 -2"><span class='ocrx_word' id='word_1_2' title='bbox 1414 407 1615 466; x_wconf 78' lang='lat' dir='ltr'><strong>PAULI</strong></span> <span class='ocrx_word' id='word_1_3' title='bbox 1665 405 1730 462; x_wconf 85' lang='lat' dir='ltr'><strong>S.</strong></span> <span class='ocrx_word' id='word_1_4' title='bbox 1781 401 1985 461; x_wconf 76' lang='lat' dir='ltr'><strong>PETRI</strong></span> <span class='ocrx_word' id='word_1_5' title='bbox 2029 393 2513 456; x_wconf 65' lang='lat' dir='ltr'><strong>CARNOTENSIS</strong></span> <span class='ocrx_word' id='word_1_6' title='bbox 2555 390 2859 450; x_wconf 64' lang='lat' dir='ltr'><strong>MONACIII</strong></span> <span class='ocrx_word' id='word_1_7' title='bbox 3085 392 3091 399; x_wconf 89' lang='grc'><em>’</em></span> <span class='ocrx_word' id='word_1_8' title='bbox 3701 391 3783 448; x_wconf 78' lang='lat'><strong>296</strong></span> 
     </span>
    </p>
   </div>
   <div class='ocr_carea' id='block_1_3' title="bbox 544 501 3786 595">
    <p class='ocr_par' dir='ltr' id='par_1_3' title="bbox 544 501 3786 595">
     <span class='ocr_line' id='line_1_3' title="bbox 544 501 3786 595; baseline -0.011 0"><span class='ocrx_word' id='word_1_9' title='bbox 544 553 676 595; x_wconf 87' lang='lat' dir='ltr'><strong>vero</strong></span> <span class='ocrx_word' id='word_1_10' title='bbox 705 537 757 592; x_wconf 89' lang='lat' dir='ltr'><strong>in</strong></span> <span class='ocrx_word' id='word_1_11' title='bbox 796 531 1128 590; x_wconf 83' lang='lat' dir='ltr'><strong>dominicam</strong></span> <span class='ocrx_word' id='word_1_12' title='bbox 1167 542 1270 582; x_wconf 86' lang='lat' dir='ltr'><strong>non</strong></span> <span class='ocrx_word' id='word_1_13' title='bbox 1315 534 1472 580; x_wconf 87' lang='lat' dir='ltr'><strong>teneo</strong></span> <span class='ocrx_word' id='word_1_14' title='bbox 1506 535 1699 576; x_wconf 86' lang='lat' dir='ltr'><strong>omnes</strong></span> <span class='ocrx_word' id='word_1_15' title='bbox 1741 519 2004 577; x_wconf 79' lang='lat' dir='ltr'><strong>decimas,</strong></span> <span class='ocrx_word' id='word_1_16' title='bbox 2045 520 2129 567; x_wconf 89' lang='lat' dir='ltr'><strong>set</strong></span> <span class='ocrx_word' id='word_1_17' title='bbox 2155 519 2202 576; x_wconf 83' lang='grc' dir='ltr'><strong>Α</strong></span> <span class='ocrx_word' id='word_1_18' title='bbox 2231 507 2545 572; x_wconf 81' lang='lat' dir='ltr'><strong>deferrent;</strong></span> <span class='ocrx_word' id='word_1_19' title='bbox 2601 521 2668 560; x_wconf 89' lang='lat' dir='ltr'><strong>eo</strong></span> <span class='ocrx_word' id='word_1_20' title='bbox 2724 514 2908 558; x_wconf 87' lang='lat' dir='ltr'><strong>tenore</strong></span> <span class='ocrx_word' id='word_1_21' title='bbox 2940 510 2997 595; x_wconf 87' lang='lat' dir='ltr'><strong>ut</strong></span> <span class='ocrx_word' id='word_1_22' title='bbox 3043 502 3110 557; x_wconf 89' lang='lat' dir='ltr'><strong>ab</strong></span> <span class='ocrx_word' id='word_1_23' title='bbox 3158 501 3252 558; x_wconf 91' lang='lat' dir='ltr'><strong>illo</strong></span> <span class='ocrx_word' id='word_1_24' title='bbox 3293 502 3382 595; x_wconf 87' lang='lat' dir='ltr'><strong>die</strong></span> <span class='ocrx_word' id='word_1_25' title='bbox 3426 501 3507 595; x_wconf 8' lang='lat' dir='ltr'><strong>in?</strong></span> <span class='ocrx_word' id='word_1_26' title='bbox 3535 509 3786 575; x_wconf 75' lang='lat' dir='ltr'><strong>a-ternum,</strong></span> 
     </span>
    </p>
   </div>
   <div class='ocr_carea' id='block_1_4' title="bbox 544 611 2124 689">
    <p class='ocr_par' dir='ltr' id='par_1_4' title="bbox 544 611 2124 689">
     <span class='ocr_line' id='line_1_4' title="bbox 544 611 2124 689; baseline -0.017 -1"><span class='ocrx_word' id='word_1_27' title='bbox 544 634 602 689; x_wconf 88' lang='lat' dir='ltr'><strong>in</strong></span> <span class='ocrx_word' id='word_1_28' title='bbox 623 632 754 686; x_wconf 86' lang='lat' dir='ltr'><strong>ﬁsco</strong></span> <span class='ocrx_word' id='word_1_29' title='bbox 799 633 985 684; x_wconf 89' lang='lat' dir='ltr'><strong>tenent</strong></span> <span class='ocrx_word' id='word_1_30' title='bbox 1015 623 1120 678; x_wconf 90' lang='lat' dir='ltr'><strong>mei</strong></span> <span class='ocrx_word' id='word_1_31' title='bbox 1164 618 1407 674; x_wconf 84' lang='lat' dir='ltr'><strong>homines</strong></span> <span class='ocrx_word' id='word_1_32' title='bbox 1454 613 1732 684; x_wconf 87' lang='lat' dir='ltr'><strong>plurimas,</strong></span> <span class='ocrx_word' id='word_1_33' title='bbox 1761 611 1959 680; x_wconf 82' lang='lat' dir='ltr'><strong>quibus</strong></span> <span class='ocrx_word' id='word_1_34' title='bbox 1987 623 2124 664; x_wconf 90' lang='lat' dir='ltr'><strong>con-</strong></span> 
     </span>
    </p>
   </div>
   <div class='ocr_carea' id='block_1_5' title="bbox 544 703 2128 791">
    <p class='ocr_par' dir='ltr' id='par_1_5' title="bbox 544 703 2128 791">
     <span class='ocr_line' id='line_1_5' title="bbox 544 703 2128 791; baseline -0.018 -11"><span class='ocrx_word' id='word_1_35' title='bbox 544 724 706 790; x_wconf 87' lang='lat' dir='ltr'><strong>cessi,</strong></span> <span class='ocrx_word' id='word_1_36' title='bbox 731 729 792 776; x_wconf 89' lang='lat' dir='ltr'><strong>ut</strong></span> <span class='ocrx_word' id='word_1_37' title='bbox 814 717 1060 791; x_wconf 84' lang='lat' dir='ltr'><strong>quisquis</strong></span> <span class='ocrx_word' id='word_1_38' title='bbox 1089 724 1278 769; x_wconf 87' lang='lat' dir='ltr'><strong>sancto</strong></span> <span class='ocrx_word' id='word_1_39' title='bbox 1299 709 1457 763; x_wconf 86' lang='lat' dir='ltr'><strong>Petro</strong></span> <span class='ocrx_word' id='word_1_40' title='bbox 1479 707 1611 760; x_wconf 89' lang='lat' dir='ltr'><strong>dare</strong></span> <span class='ocrx_word' id='word_1_41' title='bbox 1641 703 1893 766; x_wconf 90' lang='lat' dir='ltr'><strong>voluerit,</strong></span> <span class='ocrx_word' id='word_1_42' title='bbox 1918 716 1984 757; x_wconf 83' lang='lat' dir='ltr'><strong>ex</strong></span> <span class='ocrx_word' id='word_1_43' title='bbox 2007 715 2128 754; x_wconf 88' lang='lat' dir='ltr'><strong>mea</strong></span> 
     </span>
    </p>
   </div>
   <div class='ocr_carea' id='block_1_6' title="bbox 544 792 2128 888">
    <p class='ocr_par' dir='ltr' id='par_1_6' title="bbox 544 792 2128 888">
     <span class='ocr_line' id='line_1_6' title="bbox 544 792 2128 888; baseline -0.017 -16"><span class='ocrx_word' id='word_1_44' title='bbox 544 825 700 888; x_wconf 85' lang='lat' dir='ltr'><strong>parte</strong></span> <span class='ocrx_word' id='word_1_45' title='bbox 723 812 1003 869; x_wconf 85' lang='lat' dir='ltr'><strong>licenciam</strong></span> <span class='ocrx_word' id='word_1_46' title='bbox 1033 807 1248 862; x_wconf 86' lang='lat' dir='ltr'><strong>habeat.</strong></span> <span class='ocrx_word' id='word_1_47' title='bbox 1280 802 1428 855; x_wconf 90' lang='lat' dir='ltr'><strong>Dono</strong></span> <span class='ocrx_word' id='word_1_48' title='bbox 1448 798 1613 852; x_wconf 86' lang='lat' dir='ltr'><strong>etiam</strong></span> <span class='ocrx_word' id='word_1_49' title='bbox 1636 804 1849 865; x_wconf 93' lang='lat' dir='ltr'><strong>pastum</strong></span> <span class='ocrx_word' id='word_1_50' title='bbox 1873 792 2128 847; x_wconf 90' lang='lat' dir='ltr'><strong>omnibus</strong></span> 
     </span>
    </p>
   </div>
   <div class='ocr_carea' id='block_1_7' title="bbox 545 885 2132 978">
    <p class='ocr_par' dir='ltr' id='par_1_7' title="bbox 545 885 2132 978">
     <span class='ocr_line' id='line_1_7' title="bbox 545 885 2132 978; baseline -0.018 -13"><span class='ocrx_word' id='word_1_51' title='bbox 545 885 727 978; x_wconf 79' lang='lat' dir='ltr'><strong>porcis</strong></span> <span class='ocrx_word' id='word_1_52' title='bbox 775 899 1172 960; x_wconf 89' lang='lat' dir='ltr'><strong>monachorum</strong></span> <span class='ocrx_word' id='word_1_53' title='bbox 1223 891 1408 949; x_wconf 86' lang='lat' dir='ltr'><strong>Sancti</strong></span> <span class='ocrx_word' id='word_1_54' title='bbox 1457 888 1603 942; x_wconf 83' lang='lat' dir='ltr'><strong>Petri</strong></span> <span class='ocrx_word' id='word_1_55' title='bbox 1639 887 1873 943; x_wconf 76' lang='lat' dir='ltr'><strong>ccenobii</strong></span> <span class='ocrx_word' id='word_1_56' title='bbox 1925 885 2132 978; x_wconf 87' lang='lat' dir='ltr'><strong>Carno-</strong></span> 
     </span>
    </p>
   </div>
   <div class='ocr_carea' id='block_1_8' title="bbox 547 977 2132 1064">
    <p class='ocr_par' dir='ltr' id='par_1_8' title="bbox 547 977 2132 1064">
     <span class='ocr_line' id='line_1_8' title="bbox 547 977 2132 1064; baseline -0.014 -10"><span class='ocrx_word' id='word_1_57' title='bbox 547 977 737 1064; x_wconf 79' lang='lat' dir='ltr'><strong>tensis,</strong></span> <span class='ocrx_word' id='word_1_58' title='bbox 768 998 821 1052; x_wconf 92' lang='lat' dir='ltr'><strong>in</strong></span> <span class='ocrx_word' id='word_1_59' title='bbox 868 1009 986 1050; x_wconf 85' lang='lat' dir='ltr'><strong>mea</strong></span> <span class='ocrx_word' id='word_1_60' title='bbox 1027 990 1182 1052; x_wconf 83' lang='lat' dir='ltr'><strong>silva,</strong></span> <span class='ocrx_word' id='word_1_61' title='bbox 1215 986 1331 1041; x_wconf 84' lang='lat' dir='ltr'><strong>sine</strong></span> <span class='ocrx_word' id='word_1_62' title='bbox 1386 982 1689 1054; x_wconf 89' lang='lat' dir='ltr'><strong>pasnatico.</strong></span> <span class='ocrx_word' id='word_1_63' title='bbox 1719 979 1850 1034; x_wconf 91' lang='lat' dir='ltr'><strong>Item</strong></span> <span class='ocrx_word' id='word_1_64' title='bbox 1887 979 1956 1034; x_wconf 93' lang='lat' dir='ltr'><strong>do</strong></span> <span class='ocrx_word' id='word_1_65' title='bbox 1988 977 2132 1033; x_wconf 85' lang='lat' dir='ltr'><strong>deci-</strong></span> 
     </span>
    </p>
   </div>
   <div class='ocr_carea' id='block_1_9' title="bbox 545 1069 2132 1146">
    <p class='ocr_par' dir='ltr' id='par_1_9' title="bbox 545 1069 2132 1146">
     <span class='ocr_line' id='line_1_9' title="bbox 545 1069 2132 1146; baseline -0.015 -1"><span class='ocrx_word' id='word_1_66' title='bbox 545 1105 693 1145; x_wconf 81' lang='lat' dir='ltr'><strong>mam</strong></span> <span class='ocrx_word' id='word_1_67' title='bbox 718 1089 877 1143; x_wconf 91' lang='lat' dir='ltr'><strong>unius</strong></span> <span class='ocrx_word' id='word_1_68' title='bbox 904 1078 1193 1139; x_wconf 90' lang='lat' dir='ltr'><strong>molendini</strong></span> <span class='ocrx_word' id='word_1_69' title='bbox 1228 1076 1371 1146; x_wconf 91' lang='lat' dir='ltr'><strong>quod</strong></span> <span class='ocrx_word' id='word_1_70' title='bbox 1417 1073 1578 1127; x_wconf 90' lang='lat' dir='ltr'><strong>situm</strong></span> <span class='ocrx_word' id='word_1_71' title='bbox 1621 1079 1704 1126; x_wconf 90' lang='lat' dir='ltr'><strong>est</strong></span> <span class='ocrx_word' id='word_1_72' title='bbox 1732 1072 1784 1124; x_wconf 91' lang='lat' dir='ltr'><strong>in</strong></span> <span class='ocrx_word' id='word_1_73' title='bbox 1818 1069 2045 1133; x_wconf 87' lang='lat' dir='ltr'><strong>Alneto;</strong></span> <span class='ocrx_word' id='word_1_74' title='bbox 2079 1075 2132 1122; x_wconf 90' lang='lat' dir='ltr'><strong>ct</strong></span> 
     </span>
    </p>
   </div>
   <div class='ocr_carea' id='block_1_10' title="bbox 545 1160 2130 1236">
    <p class='ocr_par' dir='ltr' id='par_1_10' title="bbox 545 1160 2130 1236">
     <span class='ocr_line' id='line_1_10' title="bbox 545 1160 2130 1236; baseline -0.015 1"><span class='ocrx_word' id='word_1_75' title='bbox 545 1182 616 1236; x_wconf 85' lang='lat' dir='ltr'><strong>do</strong></span> <span class='ocrx_word' id='word_1_76' title='bbox 662 1179 926 1234; x_wconf 77' lang='lat' dir='ltr'><strong>decimam</strong></span> <span class='ocrx_word' id='word_1_77' title='bbox 980 1171 1327 1229; x_wconf 76' lang='lat' dir='ltr'><strong>denariorum</strong></span> <span class='ocrx_word' id='word_1_78' title='bbox 1385 1179 1524 1234; x_wconf 86' lang='lat' dir='ltr'><strong>quos</strong></span> <span class='ocrx_word' id='word_1_79' title='bbox 1577 1161 1786 1232; x_wconf 92' lang='lat' dir='ltr'><strong>accipio</strong></span> <span class='ocrx_word' id='word_1_80' title='bbox 1845 1160 1912 1215; x_wconf 89' lang='lat' dir='ltr'><strong>de</strong></span> <span class='ocrx_word' id='word_1_81' title='bbox 1971 1168 2130 1230; x_wconf 84' lang='lat' dir='ltr'><strong>pastu</strong></span> 
     </span>
    </p>
   </div>
   <div class='ocr_carea' id='block_1_11' title="bbox 545 1251 2129 1340">
    <p class='ocr_par' dir='ltr' id='par_1_11' title="bbox 545 1251 2129 1340">
     <span class='ocr_line' id='line_1_11' title="bbox 545 1251 2129 1340; baseline -0.013 -16"><span class='ocrx_word' id='word_1_82' title='bbox 545 1283 861 1340; x_wconf 89' lang='lat' dir='ltr'><strong>porcorum;</strong></span> <span class='ocrx_word' id='word_1_83' title='bbox 906 1274 962 1320; x_wconf 88' lang='lat' dir='ltr'><strong>et</strong></span> <span class='ocrx_word' id='word_1_84' title='bbox 1020 1255 1163 1318; x_wconf 75' lang='lat' dir='ltr'><strong>dono</strong></span> <span class='ocrx_word' id='word_1_85' title='bbox 1200 1257 1468 1314; x_wconf 82' lang='lat' dir='ltr'><strong>decimam</strong></span> <span class='ocrx_word' id='word_1_86' title='bbox 1515 1269 1859 1308; x_wconf 90' lang='lat' dir='ltr'><strong>nummorum</strong></span> <span class='ocrx_word' id='word_1_87' title='bbox 1905 1251 2129 1307; x_wconf 90' lang='lat' dir='ltr'><strong>mercati</strong></span> 
     </span>
    </p>
   </div>
   <div class='ocr_carea' id='block_1_12' title="bbox 544 1344 2130 1415">
    <p class='ocr_par' dir='ltr' id='par_1_12' title="bbox 544 1344 2130 1415">
     <span class='ocr_line' id='line_1_12' title="bbox 544 1344 2130 1415; baseline -0.011 0"><span class='ocrx_word' id='word_1_88' title='bbox 544 1359 703 1415; x_wconf 82' lang='lat' dir='ltr'><strong>Morti</strong></span> <span class='ocrx_word' id='word_1_89' title='bbox 727 1357 946 1411; x_wconf 80' lang='lat' dir='ltr'><strong>Villare.</strong></span> <span class='ocrx_word' id='word_1_90' title='bbox 995 1353 1063 1409; x_wconf 87' lang='lat' dir='ltr'><strong>Et</strong></span> <span class='ocrx_word' id='word_1_91' title='bbox 1101 1362 1160 1406; x_wconf 92' lang='lat' dir='ltr'><strong>ut</strong></span> <span class='ocrx_word' id='word_1_92' title='bbox 1211 1351 1329 1405; x_wconf 73' lang='lat' dir='ltr'><strong>haec</strong></span> <span class='ocrx_word' id='word_1_93' title='bbox 1377 1362 1494 1401; x_wconf 89' lang='lat' dir='ltr'><strong>mea</strong></span> <span class='ocrx_word' id='word_1_94' title='bbox 1548 1345 1766 1398; x_wconf 78' lang='lat' dir='ltr'><strong>donatio</strong></span> <span class='ocrx_word' id='word_1_95' title='bbox 1817 1344 2130 1398; x_wconf 85' lang='lat' dir='ltr'><strong>ﬁrmissima</strong></span> 
     </span>
    </p>
   </div>
   <div class='ocr_carea' id='block_1_13' title="bbox 543 1435 2132 1520">
    <p class='ocr_par' dir='ltr' id='par_1_13' title="bbox 543 1435 2132 1520">
     <span class='ocr_line' id='line_1_13' title="bbox 543 1435 2132 1520; baseline -0.011 -14"><span class='ocrx_word' id='word_1_96' title='bbox 543 1463 879 1520; x_wconf 74' lang='lat' dir='ltr'><strong>permaneat,</strong></span> <span class='ocrx_word' id='word_1_97' title='bbox 912 1448 1124 1502; x_wconf 75' lang='lat' dir='ltr'><strong>domno</strong></span> <span class='ocrx_word' id='word_1_98' title='bbox 1141 1457 1261 1498; x_wconf 91' lang='lat' dir='ltr'><strong>meo</strong></span> <span class='ocrx_word' id='word_1_99' title='bbox 1291 1437 1558 1501; x_wconf 87' lang='lat' dir='ltr'><strong>Temloui,</strong></span> <span class='ocrx_word' id='word_1_100' title='bbox 1587 1453 1652 1491; x_wconf 78' lang='lat' dir='ltr'><strong>ex</strong></span> <span class='ocrx_word' id='word_1_101' title='bbox 1689 1436 1841 1504; x_wconf 90' lang='lat' dir='ltr'><strong>cujus</strong></span> <span class='ocrx_word' id='word_1_102' title='bbox 1871 1435 2132 1490; x_wconf 89' lang='lat' dir='ltr'><strong>beneﬁcio</strong></span> 
     </span>
    </p>
   </div>
   <div class='ocr_carea' id='block_1_14' title="bbox 545 1527 2132 1606">
    <p class='ocr_par' dir='ltr' id='par_1_14' title="bbox 545 1527 2132 1606">
     <span class='ocr_line' id='line_1_14' title="bbox 545 1527 2132 1606; baseline -0.012 -10"><span class='ocrx_word' id='word_1_103' title='bbox 545 1553 743 1606; x_wconf 87' lang='lat' dir='ltr'><strong>teneo,</strong></span> <span class='ocrx_word' id='word_1_104' title='bbox 805 1536 1267 1594; x_wconf 83' lang='lat' dir='ltr'><strong>corroborandam</strong></span> <span class='ocrx_word' id='word_1_105' title='bbox 1347 1529 1578 1592; x_wconf 84' lang='lat' dir='ltr'><strong>tradidi,</strong></span> <span class='ocrx_word' id='word_1_106' title='bbox 1651 1527 1902 1594; x_wconf 90' lang='lat' dir='ltr'><strong>ﬁliusque</strong></span> <span class='ocrx_word' id='word_1_107' title='bbox 1981 1539 2132 1578; x_wconf 90' lang='lat' dir='ltr'><strong>meus</strong></span> 
     </span>
    </p>
   </div>
   <div class='ocr_carea' id='block_1_15' title="bbox 543 1627 2132 1690">
    <p class='ocr_par' dir='ltr' id='par_1_15' title="bbox 543 1627 2132 1690">
     <span class='ocr_line' id='line_1_15' title="bbox 543 1627 2132 1690; baseline -0.012 -1"><span class='ocrx_word' id='word_1_108' title='bbox 543 1634 850 1689; x_wconf 80' lang='lat' dir='ltr'><strong>Ilisnardus</strong></span> <span class='ocrx_word' id='word_1_109' title='bbox 889 1641 943 1685; x_wconf 94' lang='lat' dir='ltr'><strong>et</strong></span> <span class='ocrx_word' id='word_1_110' title='bbox 975 1629 1097 1683; x_wconf 83' lang='lat' dir='ltr'><strong>ﬁliae</strong></span> <span class='ocrx_word' id='word_1_111' title='bbox 1139 1640 1273 1681; x_wconf 70' lang='lat' dir='ltr'><strong>mete</strong></span> <span class='ocrx_word' id='word_1_112' title='bbox 1318 1633 1590 1690; x_wconf 67' lang='lat' dir='ltr'><strong>utrmque,</strong></span> <span class='ocrx_word' id='word_1_113' title='bbox 1640 1635 1760 1674; x_wconf 90' lang='lat' dir='ltr'><strong>cum</strong></span> <span class='ocrx_word' id='word_1_114' title='bbox 1809 1627 1985 1671; x_wconf 91' lang='lat' dir='ltr'><strong>matre</strong></span> <span class='ocrx_word' id='word_1_115' title='bbox 2034 1632 2132 1670; x_wconf 85' lang='lat' dir='ltr'><strong>sua</strong></span> 
     </span>
    </p>
   </div>
   <div class='ocr_carea' id='block_1_16' title="bbox 541 1709 2135 1789">
    <p class='ocr_par' dir='ltr' id='par_1_16' title="bbox 541 1709 2135 1789">
     <span class='ocr_line' id='line_1_16' title="bbox 541 1709 2135 1789; baseline -0.013 -10"><span class='ocrx_word' id='word_1_116' title='bbox 541 1723 842 1789; x_wconf 85' lang='lat' dir='ltr'><strong>Albereda,</strong></span> <span class='ocrx_word' id='word_1_117' title='bbox 883 1721 997 1775; x_wconf 80' lang='lat' dir='ltr'><strong>haec</strong></span> <span class='ocrx_word' id='word_1_118' title='bbox 1023 1717 1203 1772; x_wconf 89' lang='lat' dir='ltr'><strong>omnia</strong></span> <span class='ocrx_word' id='word_1_119' title='bbox 1234 1730 1355 1784; x_wconf 80' lang='lat' dir='ltr'><strong>quae</strong></span> <span class='ocrx_word' id='word_1_120' title='bbox 1375 1712 1493 1766; x_wconf 84' lang='lat' dir='ltr'><strong>dedi</strong></span> <span class='ocrx_word' id='word_1_121' title='bbox 1523 1709 1908 1765; x_wconf 85' lang='lat' dir='ltr'><strong>conscntiendo</strong></span> <span class='ocrx_word' id='word_1_122' title='bbox 1929 1721 2135 1761; x_wconf 77' lang='lat' dir='ltr'><strong>aurunc-</strong></span> 
     </span>
    </p>
   </div>
   <div class='ocr_carea' id='block_1_17' title="bbox 554 1798 2133 1881">
    <p class='ocr_par' dir='ltr' id='par_1_17' title="bbox 554 1798 2133 1881">
     <span class='ocr_line' id='line_1_17' title="bbox 554 1798 2133 1881; baseline -0.013 -9"><span class='ocrx_word' id='word_1_123' title='bbox 554 1826 702 1881; x_wconf 85' lang='lat' dir='ltr'><strong>runt,</strong></span> <span class='ocrx_word' id='word_1_124' title='bbox 739 1824 795 1871; x_wconf 93' lang='lat' dir='ltr'><strong>et</strong></span> <span class='ocrx_word' id='word_1_125' title='bbox 819 1812 1107 1867; x_wconf 86' lang='lat' dir='ltr'><strong>annuendo</strong></span> <span class='ocrx_word' id='word_1_126' title='bbox 1134 1807 1501 1868; x_wconf 89' lang='lat' dir='ltr'><strong>consentiunt,</strong></span> <span class='ocrx_word' id='word_1_127' title='bbox 1527 1813 1582 1857; x_wconf 88' lang='lat' dir='ltr'><strong>et</strong></span> <span class='ocrx_word' id='word_1_128' title='bbox 1619 1802 1868 1856; x_wconf 91' lang='lat' dir='ltr'><strong>manibus</strong></span> <span class='ocrx_word' id='word_1_129' title='bbox 1895 1798 2133 1869; x_wconf 83' lang='lat' dir='ltr'><strong>propriis</strong></span> 
     </span>
    </p>
   </div>
   <div class='ocr_carea' id='block_1_18' title="bbox 2234 594 3787 664">
    <p class='ocr_par' dir='ltr' id='par_1_18' title="bbox 2234 594 3787 664">
     <span class='ocr_line' id='line_1_18' title="bbox 2234 594 3787 664; baseline -0.003 -12"><span class='ocrx_word' id='word_1_130' title='bbox 2234 599 2482 653; x_wconf 85' lang='lat' dir='ltr'><strong>monachi</strong></span> <span class='ocrx_word' id='word_1_131' title='bbox 2518 596 2687 651; x_wconf 85' lang='lat' dir='ltr'><strong>nostri</strong></span> <span class='ocrx_word' id='word_1_132' title='bbox 2722 595 2821 650; x_wconf 90' lang='lat' dir='ltr'><strong>loci</strong></span> <span class='ocrx_word' id='word_1_133' title='bbox 2851 594 3066 648; x_wconf 78' lang='lat' dir='ltr'><strong>tertiam</strong></span> <span class='ocrx_word' id='word_1_134' title='bbox 3092 603 3302 664; x_wconf 88' lang='lat' dir='ltr'><strong>partem</strong></span> <span class='ocrx_word' id='word_1_135' title='bbox 3349 594 3634 650; x_wconf 86' lang='lat' dir='ltr'><strong>Gausberti</strong></span> <span class='ocrx_word' id='word_1_136' title='bbox 3664 595 3787 654; x_wconf 65' lang='lat' dir='ltr'><strong>Villa</strong></span> 
     </span>
    </p>
   </div>
   <div class='ocr_carea' id='block_1_19' title="bbox 2237 681 3790 757">
    <p class='ocr_par' dir='ltr' id='par_1_19' title="bbox 2237 681 3790 757">
     <span class='ocr_line' id='line_1_19' title="bbox 2237 681 3790 757; baseline 0.002 -15"><span class='ocrx_word' id='word_1_137' title='bbox 2237 689 2600 757; x_wconf 82' lang='lat' dir='ltr'><strong>possiderent,</strong></span> <span class='ocrx_word' id='word_1_138' title='bbox 2646 686 2888 756; x_wconf 81' lang='lat' dir='ltr'><strong>exceptis</strong></span> <span class='ocrx_word' id='word_1_139' title='bbox 2937 681 3220 750; x_wconf 80' lang='lat' dir='ltr'><strong>militibus,</strong></span> <span class='ocrx_word' id='word_1_140' title='bbox 3262 685 3522 756; x_wconf 89' lang='lat' dir='ltr'><strong>quicquid</strong></span> <span class='ocrx_word' id='word_1_141' title='bbox 3575 686 3790 744; x_wconf 84' lang='lat' dir='ltr'><strong>videlicet</strong></span> 
     </span>
    </p>
   </div>
   <div class='ocr_carea' id='block_1_20' title="bbox 2233 777 3789 850">
    <p class='ocr_par' dir='ltr' id='par_1_20' title="bbox 2233 777 3789 850">
     <span class='ocr_line' id='line_1_20' title="bbox 2233 777 3789 850; baseline 0 -15"><span class='ocrx_word' id='word_1_142' title='bbox 2233 779 2356 850; x_wconf 90' lang='lat' dir='ltr'><strong>ipse</strong></span> <span class='ocrx_word' id='word_1_143' title='bbox 2405 780 2722 850; x_wconf 84' lang='lat' dir='ltr'><strong>possederat</strong></span> <span class='ocrx_word' id='word_1_144' title='bbox 2763 779 2817 834; x_wconf 92' lang='lat' dir='ltr'><strong>in</strong></span> <span class='ocrx_word' id='word_1_145' title='bbox 2845 778 3117 843; x_wconf 87' lang='lat' dir='ltr'><strong>domibus,</strong></span> <span class='ocrx_word' id='word_1_146' title='bbox 3160 778 3213 833; x_wconf 93' lang='lat' dir='ltr'><strong>in</strong></span> <span class='ocrx_word' id='word_1_147' title='bbox 3241 779 3421 842; x_wconf 91' lang='lat' dir='ltr'><strong>terris,</strong></span> <span class='ocrx_word' id='word_1_148' title='bbox 3453 778 3506 830; x_wconf 89' lang='lat' dir='ltr'><strong>in</strong></span> <span class='ocrx_word' id='word_1_149' title='bbox 3545 777 3722 846; x_wconf 85' lang='lat' dir='ltr'><strong>pratis,</strong></span> <span class='ocrx_word' id='word_1_150' title='bbox 3747 780 3789 836; x_wconf 91' lang='lat' dir='ltr'><strong>in</strong></span> 
     </span>
    </p>
   </div>
   <div class='ocr_carea' id='block_1_21' title="bbox 2232 871 3789 943">
    <p class='ocr_par' dir='ltr' id='par_1_21' title="bbox 2232 871 3789 943">
     <span class='ocr_line' id='line_1_21' title="bbox 2232 871 3789 943; baseline 0.001 -18"><span class='ocrx_word' id='word_1_151' title='bbox 2232 872 2408 943; x_wconf 89' lang='lat' dir='ltr'><strong>aquis,</strong></span> <span class='ocrx_word' id='word_1_152' title='bbox 2439 873 2490 926; x_wconf 91' lang='lat' dir='ltr'><strong>in</strong></span> <span class='ocrx_word' id='word_1_153' title='bbox 2526 872 2799 936; x_wconf 58' lang='lat' dir='ltr'><strong>ecclesia,</strong></span> <span class='ocrx_word' id='word_1_154' title='bbox 2841 871 2896 926; x_wconf 91' lang='lat' dir='ltr'><strong>in</strong></span> <span class='ocrx_word' id='word_1_155' title='bbox 2929 871 3120 926; x_wconf 83' lang='lat' dir='ltr'><strong>bobus.</strong></span> <span class='ocrx_word' id='word_1_156' title='bbox 3151 871 3444 940; x_wconf 89' lang='lat' dir='ltr'><strong>Impetrata</strong></span> <span class='ocrx_word' id='word_1_157' title='bbox 3477 885 3683 939; x_wconf 90' lang='lat' dir='ltr'><strong>quoque</strong></span> <span class='ocrx_word' id='word_1_158' title='bbox 3715 871 3789 926; x_wconf 81' lang='lat' dir='ltr'><strong>ab—</strong></span> 
     </span>
    </p>
   </div>
   <div class='ocr_carea' id='block_1_22' title="bbox 2233 961 3789 1031">
    <p class='ocr_par' dir='ltr' id='par_1_22' title="bbox 2233 961 3789 1031">
     <span class='ocr_line' id='line_1_22' title="bbox 2233 961 3789 1031; baseline -0.003 -11"><span class='ocrx_word' id='word_1_159' title='bbox 2233 963 2525 1031; x_wconf 90' lang='lat' dir='ltr'><strong>solutione,</strong></span> <span class='ocrx_word' id='word_1_160' title='bbox 2556 971 2631 1029; x_wconf 89' lang='lat' dir='ltr'><strong>et,</strong></span> <span class='ocrx_word' id='word_1_161' title='bbox 2657 978 2725 1020; x_wconf 83' lang='lat' dir='ltr'><strong>ex</strong></span> <span class='ocrx_word' id='word_1_162' title='bbox 2752 977 2902 1017; x_wconf 91' lang='lat' dir='ltr'><strong>more</strong></span> <span class='ocrx_word' id='word_1_163' title='bbox 2949 972 3150 1018; x_wconf 66' lang='lat' dir='ltr'><strong>sanctae</strong></span> <span class='ocrx_word' id='word_1_164' title='bbox 3197 961 3496 1030; x_wconf 79' lang='lat' dir='ltr'><strong>religionis,</strong></span> <span class='ocrx_word' id='word_1_165' title='bbox 3528 961 3665 1015; x_wconf 91' lang='lat' dir='ltr'><strong>inter</strong></span> <span class='ocrx_word' id='word_1_166' title='bbox 3697 963 3789 1030; x_wconf 87' lang='lat' dir='ltr'><strong>pri-</strong></span> 
     </span>
    </p>
   </div>
   <div class='ocr_carea' id='block_1_23' title="bbox 2233 1050 3791 1122">
    <p class='ocr_par' dir='ltr' id='par_1_23' title="bbox 2233 1050 3791 1122">
     <span class='ocr_line' id='line_1_23' title="bbox 2233 1050 3791 1122; baseline 0 -15"><span class='ocrx_word' id='word_1_167' title='bbox 2233 1061 2409 1108; x_wconf 91' lang='lat' dir='ltr'><strong>mates</strong></span> <span class='ocrx_word' id='word_1_168' title='bbox 2435 1053 2670 1108; x_wconf 82' lang='lat' dir='ltr'><strong>civitatis</strong></span> <span class='ocrx_word' id='word_1_169' title='bbox 2709 1066 2938 1122; x_wconf 88' lang='lat' dir='ltr'><strong>corpore</strong></span> <span class='ocrx_word' id='word_1_170' title='bbox 2983 1050 3216 1121; x_wconf 88' lang='lat' dir='ltr'><strong>sepulto,</strong></span> <span class='ocrx_word' id='word_1_171' title='bbox 3247 1065 3446 1105; x_wconf 88' lang='lat' dir='ltr'><strong>nomen</strong></span> <span class='ocrx_word' id='word_1_172' title='bbox 3474 1050 3590 1120; x_wconf 86' lang='lat' dir='ltr'><strong>ejus</strong></span> <span class='ocrx_word' id='word_1_173' title='bbox 3613 1065 3791 1107; x_wconf 88' lang='lat' dir='ltr'><strong>memo-</strong></span> 
     </span>
    </p>
   </div>
   <div class='ocr_carea' id='block_1_24' title="bbox 2209 1142 3790 1210">
    <p class='ocr_par' dir='ltr' id='par_1_24' title="bbox 2209 1142 3790 1210">
     <span class='ocr_line' id='line_1_24' title="bbox 2209 1142 3790 1210; baseline 0.003 -15"><span class='ocrx_word' id='word_1_174' title='bbox 2209 1145 2367 1200; x_wconf 66' lang='lat' dir='ltr'><strong>riale</strong></span> <span class='ocrx_word' id='word_1_175' title='bbox 2425 1144 2676 1210; x_wconf 82' lang='lat' dir='ltr'><strong>fecimus,</strong></span> <span class='ocrx_word' id='word_1_176' title='bbox 2728 1153 2784 1199; x_wconf 90' lang='lat' dir='ltr'><strong>et</strong></span> <span class='ocrx_word' id='word_1_177' title='bbox 2843 1143 3108 1200; x_wconf 83' lang='lat' dir='ltr'><strong>faciemus</strong></span> <span class='ocrx_word' id='word_1_178' title='bbox 3138 1142 3328 1198; x_wconf 88' lang='lat' dir='ltr'><strong>diebus</strong></span> <span class='ocrx_word' id='word_1_179' title='bbox 3381 1143 3649 1208; x_wconf 88' lang='lat' dir='ltr'><strong>omnibus,</strong></span> <span class='ocrx_word' id='word_1_180' title='bbox 3692 1158 3790 1199; x_wconf 83' lang='lat' dir='ltr'><strong>cum</strong></span> 
     </span>
    </p>
   </div>
   <div class='ocr_carea' id='block_1_25' title="bbox 2235 1235 3788 1306">
    <p class='ocr_par' dir='ltr' id='par_1_25' title="bbox 2235 1235 3788 1306">
     <span class='ocr_line' id='line_1_25' title="bbox 2235 1235 3788 1306; baseline -0.004 -13"><span class='ocrx_word' id='word_1_181' title='bbox 2235 1238 2448 1293; x_wconf 75' lang='lat' dir='ltr'><strong>czeteris</strong></span> <span class='ocrx_word' id='word_1_182' title='bbox 2487 1253 2718 1306; x_wconf 88' lang='lat' dir='ltr'><strong>quorum</strong></span> <span class='ocrx_word' id='word_1_183' title='bbox 2763 1235 3042 1292; x_wconf 83' lang='lat' dir='ltr'><strong>beneficiis</strong></span> <span class='ocrx_word' id='word_1_184' title='bbox 3085 1237 3192 1290; x_wconf 89' lang='lat' dir='ltr'><strong>vita</strong></span> <span class='ocrx_word' id='word_1_185' title='bbox 3229 1245 3414 1290; x_wconf 91' lang='lat' dir='ltr'><strong>nostra</strong></span> <span class='ocrx_word' id='word_1_186' title='bbox 3467 1242 3788 1301; x_wconf 86' lang='lat' dir='ltr'><strong>sustentatur,</strong></span> 
     </span>
    </p>
   </div>
   <div class='ocr_carea' id='block_1_26' title="bbox 2206 1325 3792 1396">
    <p class='ocr_par' dir='ltr' id='par_1_26' title="bbox 2206 1325 3792 1396">
     <span class='ocr_line' id='line_1_26' title="bbox 2206 1325 3792 1396; baseline 0.002 -18"><span class='ocrx_word' id='word_1_187' title='bbox 2206 1327 2610 1382; x_wconf 79' lang='lat' dir='ltr'><strong>.Anctorizavit</strong></span> <span class='ocrx_word' id='word_1_188' title='bbox 2660 1336 2842 1382; x_wconf 89' lang='lat' dir='ltr'><strong>autem</strong></span> <span class='ocrx_word' id='word_1_189' title='bbox 2900 1327 3004 1381; x_wconf 91' lang='lat' dir='ltr'><strong>boc</strong></span> <span class='ocrx_word' id='word_1_190' title='bbox 3059 1327 3259 1381; x_wconf 89' lang='lat' dir='ltr'><strong>donum</strong></span> <span class='ocrx_word' id='word_1_191' title='bbox 3319 1325 3590 1396; x_wconf 78' lang='lat' dir='ltr'><strong>gloriosus</strong></span> <span class='ocrx_word' id='word_1_192' title='bbox 3639 1339 3792 1381; x_wconf 84' lang='lat' dir='ltr'><strong>comes</strong></span> 
     </span>
    </p>
   </div>
   <div class='ocr_carea' id='block_1_27' title="bbox 2235 1418 3792 1489">
    <p class='ocr_par' dir='ltr' id='par_1_27' title="bbox 2235 1418 3792 1489">
     <span class='ocr_line' id='line_1_27' title="bbox 2235 1418 3792 1489; baseline 0.001 -16"><span class='ocrx_word' id='word_1_193' title='bbox 2235 1433 2364 1489; x_wconf 88' lang='lat' dir='ltr'><strong>sepe</strong></span> <span class='ocrx_word' id='word_1_194' title='bbox 2387 1419 2753 1475; x_wconf 88' lang='lat' dir='ltr'><strong>nominandus</strong></span> <span class='ocrx_word' id='word_1_195' title='bbox 2777 1418 3102 1482; x_wconf 86' lang='lat' dir='ltr'><strong>Willelmus,</strong></span> <span class='ocrx_word' id='word_1_196' title='bbox 3126 1434 3225 1488; x_wconf 89' lang='lat' dir='ltr'><strong>pro</strong></span> <span class='ocrx_word' id='word_1_197' title='bbox 3271 1419 3512 1474; x_wconf 74' lang='lat' dir='ltr'><strong>caelestis</strong></span> <span class='ocrx_word' id='word_1_198' title='bbox 3540 1419 3657 1472; x_wconf 79' lang='lat' dir='ltr'><strong>vita:</strong></span> <span class='ocrx_word' id='word_1_199' title='bbox 3681 1434 3792 1488; x_wconf 69' lang='lat' dir='ltr'><strong>prte-</strong></span> 
     </span>
    </p>
   </div>
   <div class='ocr_carea' id='block_1_28' title="bbox 2236 1507 3788 1579">
    <p class='ocr_par' dir='ltr' id='par_1_28' title="bbox 2236 1507 3788 1579">
     <span class='ocr_line' id='line_1_28' title="bbox 2236 1507 3788 1579; baseline 0.001 -17"><span class='ocrx_word' id='word_1_200' title='bbox 2236 1509 2365 1567; x_wconf 88' lang='lat' dir='ltr'><strong>tnio.</strong></span> <span class='ocrx_word' id='word_1_201' title='bbox 2399 1508 2451 1562; x_wconf 92' lang='lat' dir='ltr'><strong>in</strong></span> <span class='ocrx_word' id='word_1_202' title='bbox 2481 1507 2605 1562; x_wconf 87' lang='lat' dir='ltr'><strong>villa</strong></span> <span class='ocrx_word' id='word_1_203' title='bbox 2641 1523 2762 1578; x_wconf 63' lang='lat' dir='ltr'><strong>quas</strong></span> <span class='ocrx_word' id='word_1_204' title='bbox 2801 1508 2964 1579; x_wconf 76' lang='lat' dir='ltr'><strong>vulgo</strong></span> <span class='ocrx_word' id='word_1_205' title='bbox 3005 1509 3204 1563; x_wconf 82' lang='lat' dir='ltr'><strong>dicitur</strong></span> <span class='ocrx_word' id='word_1_206' title='bbox 3254 1509 3441 1564; x_wconf 91' lang='lat' dir='ltr'><strong>Curtis</strong></span> <span class='ocrx_word' id='word_1_207' title='bbox 3497 1507 3788 1573; x_wconf 86' lang='lat' dir='ltr'><strong>Dominicus,</strong></span> 
     </span>
    </p>
   </div>
   <div class='ocr_carea' id='block_1_29' title="bbox 2236 1600 3791 1671">
    <p class='ocr_par' dir='ltr' id='par_1_29' title="bbox 2236 1600 3791 1671">
     <span class='ocr_line' id='line_1_29' title="bbox 2236 1600 3791 1671; baseline 0.001 -17"><span class='ocrx_word' id='word_1_208' title='bbox 2236 1615 2342 1654; x_wconf 91' lang='lat' dir='ltr'><strong>non</strong></span> <span class='ocrx_word' id='word_1_209' title='bbox 2373 1600 2530 1671; x_wconf 78' lang='lat' dir='ltr'><strong>longe</strong></span> <span class='ocrx_word' id='word_1_210' title='bbox 2558 1616 2587 1654; x_wconf 94' lang='lat' dir='ltr'><strong>a</strong></span> <span class='ocrx_word' id='word_1_211' title='bbox 2637 1610 2818 1655; x_wconf 88' lang='lat' dir='ltr'><strong>castro</strong></span> <span class='ocrx_word' id='word_1_212' title='bbox 2845 1601 3053 1666; x_wconf 85' lang='lat' dir='ltr'><strong>Drocis,</strong></span> <span class='ocrx_word' id='word_1_213' title='bbox 3077 1617 3261 1655; x_wconf 88' lang='lat' dir='ltr'><strong>coram</strong></span> <span class='ocrx_word' id='word_1_214' title='bbox 3307 1601 3654 1656; x_wconf 82' lang='lat' dir='ltr'><strong>obtiinatibns</strong></span> <span class='ocrx_word' id='word_1_215' title='bbox 3681 1603 3791 1668; x_wconf 87' lang='lat' dir='ltr'><strong>suis,</strong></span> 
     </span>
    </p>
   </div>
   <div class='ocr_carea' id='block_1_30' title="bbox 2237 1691 3788 1759">
    <p class='ocr_par' dir='ltr' id='par_1_30' title="bbox 2237 1691 3788 1759">
     <span class='ocr_line' id='line_1_30' title="bbox 2237 1691 3788 1759; baseline 0.004 -18"><span class='ocrx_word' id='word_1_216' title='bbox 2237 1706 2464 1759; x_wconf 88' lang='lat' dir='ltr'><strong>quorum</strong></span> <span class='ocrx_word' id='word_1_217' title='bbox 2499 1692 2711 1746; x_wconf 92' lang='lat' dir='ltr'><strong>nomina</strong></span> <span class='ocrx_word' id='word_1_218' title='bbox 2735 1701 2861 1746; x_wconf 90' lang='lat' dir='ltr'><strong>sunt</strong></span> <span class='ocrx_word' id='word_1_219' title='bbox 2884 1693 3026 1747; x_wconf 67' lang='lat' dir='ltr'><strong>haec:</strong></span> <span class='ocrx_word' id='word_1_220' title='bbox 3051 1691 3376 1759; x_wconf 85' lang='lat' dir='ltr'><strong>Willelmus,</strong></span> <span class='ocrx_word' id='word_1_221' title='bbox 3402 1693 3544 1748; x_wconf 90' lang='lat' dir='ltr'><strong>ﬁlius</strong></span> <span class='ocrx_word' id='word_1_222' title='bbox 3572 1691 3788 1758; x_wconf 86' lang='lat' dir='ltr'><strong>Osberti;</strong></span> 
     </span>
    </p>
   </div>
   <div class='ocr_carea' id='block_1_31' title="bbox 2241 1780 3792 1850">
    <p class='ocr_par' dir='ltr' id='par_1_31' title="bbox 2241 1780 3792 1850">
     <span class='ocr_line' id='line_1_31' title="bbox 2241 1780 3792 1850; baseline 0.003 -16"><span class='ocrx_word' id='word_1_223' title='bbox 2241 1780 2535 1836; x_wconf 76' lang='lat' dir='ltr'><strong>Walterius</strong></span> <span class='ocrx_word' id='word_1_224' title='bbox 2581 1781 2858 1846; x_wconf 87' lang='lat' dir='ltr'><strong>Gifardus,</strong></span> <span class='ocrx_word' id='word_1_225' title='bbox 2908 1783 3073 1838; x_wconf 89' lang='lat' dir='ltr'><strong>Fulco</strong></span> <span class='ocrx_word' id='word_1_226' title='bbox 3108 1784 3175 1840; x_wconf 88' lang='lat' dir='ltr'><strong>de</strong></span> <span class='ocrx_word' id='word_1_227' title='bbox 3225 1784 3384 1850; x_wconf 84' lang='lat' dir='ltr'><strong>Alno,</strong></span> <span class='ocrx_word' id='word_1_228' title='bbox 3443 1783 3706 1838; x_wconf 88' lang='lat' dir='ltr'><strong>lIubertus</strong></span> <span class='ocrx_word' id='word_1_229' title='bbox 3741 1786 3792 1839; x_wconf 88' lang='lat' dir='ltr'><strong>de</strong></span> 
     </span>
    </p>
   </div>
   <div class='ocr_carea' id='block_1_32' title="bbox 559 1871 3790 1965">
    <p class='ocr_par' dir='ltr' id='par_1_32' title="bbox 559 1871 3790 1965">
     <span class='ocr_line' id='line_1_32' title="bbox 559 1871 3790 1965; baseline -0.007 -3"><span class='ocrx_word' id='word_1_230' title='bbox 559 1871 658 1963; x_wconf 85' lang='lat' dir='ltr'><strong>has</strong></span> <span class='ocrx_word' id='word_1_231' title='bbox 687 1871 900 1962; x_wconf 88' lang='lat' dir='ltr'><strong>Iitteras</strong></span> <span class='ocrx_word' id='word_1_232' title='bbox 925 1904 1445 1965; x_wconf 88' lang='lat' dir='ltr'><strong>corroboraverunt;</strong></span> <span class='ocrx_word' id='word_1_233' title='bbox 1483 1908 1537 1954; x_wconf 93' lang='lat' dir='ltr'><strong>et</strong></span> <span class='ocrx_word' id='word_1_234' title='bbox 1573 1911 1638 1950; x_wconf 78' lang='lat' dir='ltr'><strong>ex</strong></span> <span class='ocrx_word' id='word_1_235' title='bbox 1675 1893 1779 1946; x_wconf 88' lang='lat' dir='ltr'><strong>hoc</strong></span> <span class='ocrx_word' id='word_1_236' title='bbox 1813 1899 1979 1945; x_wconf 85' lang='lat' dir='ltr'><strong>testes</strong></span> <span class='ocrx_word' id='word_1_237' title='bbox 2009 1897 2134 1944; x_wconf 91' lang='lat' dir='ltr'><strong>sunt</strong></span> <span class='ocrx_word' id='word_1_238' title='bbox 2169 1899 2208 1957; x_wconf 71' lang='grc' dir='ltr'><strong><em>Β</em></strong></span> <span class='ocrx_word' id='word_1_239' title='bbox 2238 1871 2392 1965; x_wconf 61' lang='lat' dir='ltr'><strong>[iisin</strong></span> <span class='ocrx_word' id='word_1_240' title='bbox 2418 1913 2436 1965; x_wconf 55' lang='grc' dir='ltr'><em>ρ</em></span> <span class='ocrx_word' id='word_1_241' title='bbox 2464 1872 2771 1965; x_wconf 39' lang='lat' dir='ltr'><strong>“Odi”?er</strong></span> <span class='ocrx_word' id='word_1_242' title='bbox 2809 1873 3168 1940; x_wconf 70' lang='grc' dir='ltr'><strong>Βονιτθιιηυεν</strong></span> <span class='ocrx_word' id='word_1_243' title='bbox 3220 1873 3528 1929; x_wconf 67' lang='lat' dir='ltr'><strong>Willelmus</strong></span> <span class='ocrx_word' id='word_1_244' title='bbox 3577 1873 3790 1940; x_wconf 64' lang='grc' dir='ltr'><strong>Μίλνιῐιίος</strong></span> 
     </span>
    </p>
   </div>
   <div class='ocr_carea' id='block_1_33' title="bbox 559 1979 2134 2066">
    <p class='ocr_par' dir='ltr' id='par_1_33' title="bbox 559 1979 2134 2066">
     <span class='ocr_line' id='line_1_33' title="bbox 559 1979 2134 2066; baseline -0.011 -17"><span class='ocrx_word' id='word_1_245' title='bbox 559 1996 651 2051; x_wconf 90' lang='lat' dir='ltr'><strong>isti</strong></span> <span class='ocrx_word' id='word_1_246' title='bbox 673 1997 921 2051; x_wconf 88' lang='lat' dir='ltr'><strong>homines</strong></span> <span class='ocrx_word' id='word_1_247' title='bbox 940 1994 1031 2066; x_wconf 91' lang='lat' dir='ltr'><strong>qui</strong></span> <span class='ocrx_word' id='word_1_248' title='bbox 1058 1991 1347 2060; x_wconf 84' lang='lat' dir='ltr'><strong>subscripti</strong></span> <span class='ocrx_word' id='word_1_249' title='bbox 1377 1996 1522 2044; x_wconf 89' lang='lat' dir='ltr'><strong>sunt.</strong></span> <span class='ocrx_word' id='word_1_250' title='bbox 1557 1986 1612 2041; x_wconf 91' lang='lat' dir='ltr'><strong>Si</strong></span> <span class='ocrx_word' id='word_1_251' title='bbox 1645 1983 1766 2052; x_wconf 91' lang='lat' dir='ltr'><strong>quis</strong></span> <span class='ocrx_word' id='word_1_252' title='bbox 1788 1996 1918 2034; x_wconf 88' lang='lat' dir='ltr'><strong>vero</strong></span> <span class='ocrx_word' id='word_1_253' title='bbox 1941 1979 2134 2034; x_wconf 85' lang='lat' dir='ltr'><strong>adver-</strong></span> 
     </span>
    </p>
   </div>
   <div class='ocr_carea' id='block_1_34' title="bbox 552 2075 2132 2156">
    <p class='ocr_par' dir='ltr' id='par_1_34' title="bbox 552 2075 2132 2156">
     <span class='ocr_line' id='line_1_34' title="bbox 552 2075 2132 2156; baseline -0.008 -13"><span class='ocrx_word' id='word_1_254' title='bbox 552 2088 752 2156; x_wconf 87' lang='lat' dir='ltr'><strong>sarius,</strong></span> <span class='ocrx_word' id='word_1_255' title='bbox 800 2097 895 2143; x_wconf 87' lang='lat' dir='ltr'><strong>aut</strong></span> <span class='ocrx_word' id='word_1_256' title='bbox 947 2087 1040 2142; x_wconf 90' lang='lat' dir='ltr'><strong>Dei</strong></span> <span class='ocrx_word' id='word_1_257' title='bbox 1094 2083 1362 2147; x_wconf 86' lang='lat' dir='ltr'><strong>inimicus,</strong></span> <span class='ocrx_word' id='word_1_258' title='bbox 1415 2089 1509 2135; x_wconf 88' lang='lat' dir='ltr'><strong>aut</strong></span> <span class='ocrx_word' id='word_1_259' title='bbox 1558 2077 1789 2133; x_wconf 89' lang='lat' dir='ltr'><strong>inﬁdelis</strong></span> <span class='ocrx_word' id='word_1_260' title='bbox 1834 2075 1916 2130; x_wconf 91' lang='lat' dir='ltr'><strong>vel</strong></span> <span class='ocrx_word' id='word_1_261' title='bbox 1965 2075 2132 2130; x_wconf 90' lang='lat' dir='ltr'><strong>falsus</strong></span> 
     </span>
    </p>
   </div>
   <div class='ocr_carea' id='block_1_35' title="bbox 545 2165 2134 2243">
    <p class='ocr_par' dir='ltr' id='par_1_35' title="bbox 545 2165 2134 2243">
     <span class='ocr_line' id='line_1_35' title="bbox 545 2165 2134 2243; baseline -0.008 -9"><span class='ocrx_word' id='word_1_262' title='bbox 545 2179 904 2243; x_wconf 80' lang='lat' dir='ltr'><strong>christianos,</strong></span> <span class='ocrx_word' id='word_1_263' title='bbox 953 2178 1093 2232; x_wconf 90' lang='lat' dir='ltr'><strong>hanc</strong></span> <span class='ocrx_word' id='word_1_264' title='bbox 1135 2189 1311 2229; x_wconf 88' lang='lat' dir='ltr'><strong>meam</strong></span> <span class='ocrx_word' id='word_1_265' title='bbox 1359 2171 1706 2226; x_wconf 84' lang='lat' dir='ltr'><strong>donationem</strong></span> <span class='ocrx_word' id='word_1_266' title='bbox 1771 2165 2134 2223; x_wconf 91' lang='lat' dir='ltr'><strong>calumniatus</strong></span> 
     </span>
    </p>
   </div>
   <div class='ocr_carea' id='block_1_36' title="bbox 545 2261 2134 2337">
    <p class='ocr_par' dir='ltr' id='par_1_36' title="bbox 545 2261 2134 2337">
     <span class='ocr_line' id='line_1_36' title="bbox 545 2261 2134 2337; baseline -0.008 -13"><span class='ocrx_word' id='word_1_267' title='bbox 545 2269 728 2337; x_wconf 90' lang='lat' dir='ltr'><strong>fuerit,</strong></span> <span class='ocrx_word' id='word_1_268' title='bbox 762 2272 817 2326; x_wconf 87' lang='lat' dir='ltr'><strong>in</strong></span> <span class='ocrx_word' id='word_1_269' title='bbox 845 2273 1132 2325; x_wconf 88' lang='lat' dir='ltr'><strong>thesauros</strong></span> <span class='ocrx_word' id='word_1_270' title='bbox 1163 2267 1307 2336; x_wconf 76' lang='lat' dir='ltr'><strong>regis</strong></span> <span class='ocrx_word' id='word_1_271' title='bbox 1326 2275 1540 2320; x_wconf 86' lang='lat' dir='ltr'><strong>centum</strong></span> <span class='ocrx_word' id='word_1_272' title='bbox 1567 2263 1734 2316; x_wconf 88' lang='lat' dir='ltr'><strong>libras</strong></span> <span class='ocrx_word' id='word_1_273' title='bbox 1767 2261 1881 2314; x_wconf 87' lang='lat' dir='ltr'><strong>auri</strong></span> <span class='ocrx_word' id='word_1_274' title='bbox 1912 2269 2134 2314; x_wconf 90' lang='lat' dir='ltr'><strong>coactus</strong></span> 
     </span>
    </p>
   </div>
   <div class='ocr_carea' id='block_1_37' title="bbox 543 2355 2135 2436">
    <p class='ocr_par' dir='ltr' id='par_1_37' title="bbox 543 2355 2135 2436">
     <span class='ocr_line' id='line_1_37' title="bbox 543 2355 2135 2436; baseline -0.007 -18"><span class='ocrx_word' id='word_1_275' title='bbox 543 2372 742 2436; x_wconf 86' lang='lat' dir='ltr'><strong>ponat,</strong></span> <span class='ocrx_word' id='word_1_276' title='bbox 796 2372 851 2418; x_wconf 90' lang='lat' dir='ltr'><strong>et</strong></span> <span class='ocrx_word' id='word_1_277' title='bbox 897 2371 1158 2433; x_wconf 85' lang='lat' dir='ltr'><strong>perpetuo</strong></span> <span class='ocrx_word' id='word_1_278' title='bbox 1219 2358 1609 2414; x_wconf 84' lang='lat' dir='ltr'><strong>anatheiuathe</strong></span> <span class='ocrx_word' id='word_1_279' title='bbox 1662 2355 1780 2424; x_wconf 89' lang='lat' dir='ltr'><strong>ejus</strong></span> <span class='ocrx_word' id='word_1_280' title='bbox 1839 2355 2135 2409; x_wconf 85' lang='lat' dir='ltr'><strong>damnetur</strong></span> 
     </span>
    </p>
   </div>
   <div class='ocr_carea' id='block_1_38' title="bbox 544 2448 2130 2522">
    <p class='ocr_par' dir='ltr' id='par_1_38' title="bbox 544 2448 2130 2522">
     <span class='ocr_line' id='line_1_38' title="bbox 544 2448 2130 2522; baseline -0.008 -10"><span class='ocrx_word' id='word_1_281' title='bbox 544 2459 748 2522; x_wconf 89' lang='lat' dir='ltr'><strong>anima,</strong></span> <span class='ocrx_word' id='word_1_282' title='bbox 781 2467 836 2511; x_wconf 90' lang='lat' dir='ltr'><strong>et</strong></span> <span class='ocrx_word' id='word_1_283' title='bbox 876 2472 1000 2510; x_wconf 90' lang='lat' dir='ltr'><strong>cum</strong></span> <span class='ocrx_word' id='word_1_284' title='bbox 1043 2453 1252 2508; x_wconf 83' lang='lat' dir='ltr'><strong>Dathan</strong></span> <span class='ocrx_word' id='word_1_285' title='bbox 1297 2461 1352 2506; x_wconf 95' lang='lat' dir='ltr'><strong>et</strong></span> <span class='ocrx_word' id='word_1_286' title='bbox 1396 2451 1598 2505; x_wconf 78' lang='lat' dir='ltr'><strong>Abiron</strong></span> <span class='ocrx_word' id='word_1_287' title='bbox 1654 2448 1876 2501; x_wconf 90' lang='lat' dir='ltr'><strong>omnino</strong></span> <span class='ocrx_word' id='word_1_288' title='bbox 1919 2454 2130 2517; x_wconf 88' lang='lat' dir='ltr'><strong>pereat.</strong></span> 
     </span>
    </p>
   </div>
   <div class='ocr_carea' id='block_1_39' title="bbox 547 2541 2132 2618">
    <p class='ocr_par' dir='ltr' id='par_1_39' title="bbox 547 2541 2132 2618">
     <span class='ocr_line' id='line_1_39' title="bbox 547 2541 2132 2618; baseline -0.006 -13"><span class='ocrx_word' id='word_1_289' title='bbox 547 2550 607 2605; x_wconf 94' lang='grc'>8.</span> <span class='ocrx_word' id='word_1_290' title='bbox 640 2550 931 2615; x_wconf 88' lang='lat' dir='ltr'><strong>Teudonis,</strong></span> <span class='ocrx_word' id='word_1_291' title='bbox 953 2565 1019 2604; x_wconf 80' lang='lat' dir='ltr'><strong>ex</strong></span> <span class='ocrx_word' id='word_1_292' title='bbox 1057 2550 1212 2618; x_wconf 89' lang='lat' dir='ltr'><strong>cujus</strong></span> <span class='ocrx_word' id='word_1_293' title='bbox 1250 2546 1516 2603; x_wconf 83' lang='lat' dir='ltr'><strong>beneﬁcio</strong></span> <span class='ocrx_word' id='word_1_294' title='bbox 1544 2553 1649 2598; x_wconf 92' lang='lat' dir='ltr'><strong>est.</strong></span> <span class='ocrx_word' id='word_1_295' title='bbox 1683 2544 1740 2597; x_wconf 89' lang='grc'>8.</span> <span class='ocrx_word' id='word_1_296' title='bbox 1773 2542 2002 2608; x_wconf 82' lang='lat' dir='ltr'><strong>lsnardi,</strong></span> <span class='ocrx_word' id='word_1_297' title='bbox 2041 2541 2132 2611; x_wconf 90' lang='lat' dir='ltr'><strong>qui</strong></span> 
     </span>
    </p>
   </div>
   <div class='ocr_carea' id='block_1_40' title="bbox 544 2631 2130 2701">
    <p class='ocr_par' dir='ltr' id='par_1_40' title="bbox 544 2631 2130 2701">
     <span class='ocr_line' id='line_1_40' title="bbox 544 2631 2130 2701; baseline -0.006 -7"><span class='ocrx_word' id='word_1_298' title='bbox 544 2641 690 2694; x_wconf 86' lang='lat' dir='ltr'><strong>banc</strong></span> <span class='ocrx_word' id='word_1_299' title='bbox 711 2640 1057 2694; x_wconf 91' lang='lat' dir='ltr'><strong>donationem</strong></span> <span class='ocrx_word' id='word_1_300' title='bbox 1106 2639 1252 2692; x_wconf 85' lang='lat' dir='ltr'><strong>fecit.</strong></span> <span class='ocrx_word' id='word_1_301' title='bbox 1298 2637 1354 2690; x_wconf 89' lang='lat' dir='ltr'><strong>S.</strong></span> <span class='ocrx_word' id='word_1_302' title='bbox 1406 2634 1708 2694; x_wconf 78' lang='lat' dir='ltr'><strong>Alheredae,</strong></span> <span class='ocrx_word' id='word_1_303' title='bbox 1761 2633 1945 2685; x_wconf 78' lang='lat' dir='ltr'><strong>uxoris</strong></span> <span class='ocrx_word' id='word_1_304' title='bbox 1994 2631 2130 2701; x_wconf 84' lang='lat' dir='ltr'><strong>cjus.</strong></span> 
     </span>
    </p>
   </div>
   <div class='ocr_carea' id='block_1_41' title="bbox 522 2722 2133 2797">
    <p class='ocr_par' dir='ltr' id='par_1_41' title="bbox 522 2722 2133 2797">
     <span class='ocr_line' id='line_1_41' title="bbox 522 2722 2133 2797; baseline -0.007 -11"><span class='ocrx_word' id='word_1_305' title='bbox 522 2731 606 2786; x_wconf 41' lang='grc'><strong>’8.</strong></span> <span class='ocrx_word' id='word_1_306' title='bbox 631 2731 856 2794; x_wconf 92' lang='lat' dir='ltr'><strong>lsnardi,</strong></span> <span class='ocrx_word' id='word_1_307' title='bbox 884 2729 1128 2797; x_wconf 90' lang='lat' dir='ltr'><strong>ﬁliiejus.</strong></span> <span class='ocrx_word' id='word_1_308' title='bbox 1159 2727 1216 2782; x_wconf 90' lang='lat' dir='ltr'><strong>S.</strong></span> <span class='ocrx_word' id='word_1_309' title='bbox 1241 2727 1540 2791; x_wconf 63' lang='lat' dir='ltr'><strong>Columbae,</strong></span> <span class='ocrx_word' id='word_1_310' title='bbox 1562 2724 1682 2777; x_wconf 66' lang='grc' dir='ltr'><strong>ίὶΙιιιξ</strong></span> <span class='ocrx_word' id='word_1_311' title='bbox 1709 2724 1844 2793; x_wconf 72' lang='lat' dir='ltr'><strong>ejus.</strong></span> <span class='ocrx_word' id='word_1_312' title='bbox 1869 2722 1924 2774; x_wconf 88' lang='lat' dir='ltr'><strong>S.</strong></span> <span class='ocrx_word' id='word_1_313' title='bbox 1944 2723 2133 2775; x_wconf 63' lang='lat' dir='ltr'><strong>Arcm«</strong></span> 
     </span>
    </p>
   </div>
   <div class='ocr_carea' id='block_1_42' title="bbox 544 2811 2134 2894">
    <p class='ocr_par' dir='ltr' id='par_1_42' title="bbox 544 2811 2134 2894">
     <span class='ocr_line' id='line_1_42' title="bbox 544 2811 2134 2894; baseline -0.009 -15"><span class='ocrx_word' id='word_1_314' title='bbox 544 2824 752 2894; x_wconf 75' lang='lat' dir='ltr'><strong>burgis.</strong></span> <span class='ocrx_word' id='word_1_315' title='bbox 785 2823 841 2876; x_wconf 91' lang='grc'>8.</span> <span class='ocrx_word' id='word_1_316' title='bbox 872 2821 1128 2880; x_wconf 69' lang='grc' dir='ltr'><strong>Ιὶοόιιενιί</strong></span> <span class='ocrx_word' id='word_1_317' title='bbox 1155 2819 1295 2875; x_wconf 80' lang='lat' dir='ltr'><strong>Ruﬁ.</strong></span> <span class='ocrx_word' id='word_1_318' title='bbox 1326 2817 1475 2887; x_wconf 76' lang='lat' dir='ltr'><strong>Ilugo</strong></span> <span class='ocrx_word' id='word_1_319' title='bbox 1512 2817 1578 2869; x_wconf 87' lang='lat' dir='ltr'><strong>de</strong></span> <span class='ocrx_word' id='word_1_320' title='bbox 1616 2814 1734 2868; x_wconf 85' lang='lat' dir='ltr'><strong>Mor</strong></span> <span class='ocrx_word' id='word_1_321' title='bbox 1765 2812 1980 2867; x_wconf 87' lang='lat' dir='ltr'><strong>Villare.</strong></span> <span class='ocrx_word' id='word_1_322' title='bbox 2012 2811 2134 2865; x_wconf 88' lang='lat' dir='ltr'><strong>Bal-</strong></span> 
     </span>
    </p>
   </div>
   <div class='ocr_carea' id='block_1_43' title="bbox 524 2903 2134 2970">
    <p class='ocr_par' dir='ltr' id='par_1_43' title="bbox 524 2903 2134 2970">
     <span class='ocr_line' id='line_1_43' title="bbox 524 2903 2134 2970; baseline -0.007 -1"><span class='ocrx_word' id='word_1_323' title='bbox 524 2915 751 2970; x_wconf 82' lang='lat' dir='ltr'><strong>~dricns.</strong></span> <span class='ocrx_word' id='word_1_324' title='bbox 802 2913 1127 2969; x_wconf 79' lang='lat' dir='ltr'><strong>Mascelinus</strong></span> <span class='ocrx_word' id='word_1_325' title='bbox 1173 2912 1239 2965; x_wconf 88' lang='lat' dir='ltr'><strong>de</strong></span> <span class='ocrx_word' id='word_1_326' title='bbox 1281 2910 1456 2965; x_wconf 89' lang='lat' dir='ltr'><strong>Cnrba</strong></span> <span class='ocrx_word' id='word_1_327' title='bbox 1491 2906 1645 2961; x_wconf 84' lang='lat' dir='ltr'><strong>Villa.</strong></span> <span class='ocrx_word' id='word_1_328' title='bbox 1690 2904 2015 2960; x_wconf 84' lang='lat' dir='ltr'><strong>Gausl&#39;ridus</strong></span> <span class='ocrx_word' id='word_1_329' title='bbox 2066 2903 2134 2958; x_wconf 83' lang='lat' dir='ltr'><strong>de</strong></span> 
     </span>
    </p>
   </div>
   <div class='ocr_carea' id='block_1_44' title="bbox 546 2993 2129 3079">
    <p class='ocr_par' dir='ltr' id='par_1_44' title="bbox 546 2993 2129 3079">
     <span class='ocr_line' id='line_1_44' title="bbox 546 2993 2129 3079; baseline -0.007 -20"><span class='ocrx_word' id='word_1_330' title='bbox 546 3003 730 3073; x_wconf 80' lang='lat' dir='ltr'><strong>Longa</strong></span> <span class='ocrx_word' id='word_1_331' title='bbox 755 3004 924 3057; x_wconf 88' lang='lat' dir='ltr'><strong>Luna.</strong></span> <span class='ocrx_word' id='word_1_332' title='bbox 950 3002 1223 3057; x_wconf 85' lang='lat' dir='ltr'><strong>Guarinus</strong></span> <span class='ocrx_word' id='word_1_333' title='bbox 1247 3002 1311 3054; x_wconf 90' lang='lat' dir='ltr'><strong>de</strong></span> <span class='ocrx_word' id='word_1_334' title='bbox 1342 3000 1530 3054; x_wconf 88' lang='lat' dir='ltr'><strong>Pnteo.</strong></span> <span class='ocrx_word' id='word_1_335' title='bbox 1560 2996 1822 3079; x_wconf 71' lang='lat' dir='ltr'><strong>Arroldus</strong></span> <span class='ocrx_word' id='word_1_336' title='bbox 1851 2995 1918 3049; x_wconf 89' lang='lat' dir='ltr'><strong>de</strong></span> <span class='ocrx_word' id='word_1_337' title='bbox 1942 2993 2129 3048; x_wconf 85' lang='lat' dir='ltr'><strong>Croto.</strong></span> 
     </span>
    </p>
   </div>
   <div class='ocr_carea' id='block_1_45' title="bbox 546 3084 2128 3148">
    <p class='ocr_par' dir='ltr' id='par_1_45' title="bbox 546 3084 2128 3148">
     <span class='ocr_line' id='line_1_45' title="bbox 546 3084 2128 3148; baseline -0.006 0"><span class='ocrx_word' id='word_1_338' title='bbox 546 3094 854 3148; x_wconf 78' lang='lat' dir='ltr'><strong>Richardus</strong></span> <span class='ocrx_word' id='word_1_339' title='bbox 883 3092 1072 3147; x_wconf 79' lang='lat' dir='ltr'><strong>frater.</strong></span> <span class='ocrx_word' id='word_1_340' title='bbox 1108 3089 1372 3147; x_wconf 78' lang='lat' dir='ltr'><strong>Rodulfus</strong></span> <span class='ocrx_word' id='word_1_341' title='bbox 1405 3091 1471 3144; x_wconf 87' lang='lat' dir='ltr'><strong>de</strong></span> <span class='ocrx_word' id='word_1_342' title='bbox 1501 3088 1726 3143; x_wconf 82' lang='lat' dir='ltr'><strong>Calloet.</strong></span> <span class='ocrx_word' id='word_1_343' title='bbox 1755 3085 1836 3140; x_wconf 77' lang='lat' dir='ltr'><strong>Ex</strong></span> <span class='ocrx_word' id='word_1_344' title='bbox 1883 3084 2088 3141; x_wconf 89' lang='lat' dir='ltr'><strong>nostris</strong></span> <span class='ocrx_word' id='word_1_345' title='bbox 2113 3095 2128 3138; x_wconf 84' lang='lat'><strong>‘:</strong></span> 
     </span>
    </p>
   </div>
   <div class='ocr_carea' id='block_1_46' title="bbox 532 3177 2132 3249">
    <p class='ocr_par' dir='ltr' id='par_1_46' title="bbox 532 3177 2132 3249">
     <span class='ocr_line' id='line_1_46' title="bbox 532 3177 2132 3249; baseline -0.004 -10"><span class='ocrx_word' id='word_1_346' title='bbox 532 3185 880 3249; x_wconf 85' lang='lat' dir='ltr'><strong>.Bernardus,</strong></span> <span class='ocrx_word' id='word_1_347' title='bbox 936 3185 1076 3239; x_wconf 89' lang='lat' dir='ltr'><strong>ﬁlius</strong></span> <span class='ocrx_word' id='word_1_348' title='bbox 1130 3182 1403 3248; x_wconf 84' lang='lat' dir='ltr'><strong>Vulmari;</strong></span> <span class='ocrx_word' id='word_1_349' title='bbox 1436 3181 1714 3244; x_wconf 86' lang='lat' dir='ltr'><strong>Albertns,</strong></span> <span class='ocrx_word' id='word_1_350' title='bbox 1759 3178 1960 3244; x_wconf 83' lang='lat' dir='ltr'><strong>Frodo,</strong></span> <span class='ocrx_word' id='word_1_351' title='bbox 2005 3177 2132 3232; x_wconf 85' lang='lat' dir='ltr'><strong>Ste-</strong></span> 
     </span>
    </p>
   </div>
   <div class='ocr_carea' id='block_1_47' title="bbox 2236 1962 3792 2029">
    <p class='ocr_par' dir='ltr' id='par_1_47' title="bbox 2236 1962 3792 2029">
     <span class='ocr_line' id='line_1_47' title="bbox 2236 1962 3792 2029; baseline 0.004 -13"><span class='ocrx_word' id='word_1_352' title='bbox 2236 1962 2534 2017; x_wconf 84' lang='lat' dir='ltr'><strong>Raiualdus</strong></span> <span class='ocrx_word' id='word_1_353' title='bbox 2568 1963 2860 2026; x_wconf 87' lang='lat' dir='ltr'><strong>Darsellus,</strong></span> <span class='ocrx_word' id='word_1_354' title='bbox 2907 1965 3168 2020; x_wconf 78' lang='lat' dir='ltr'><strong>Radulfus</strong></span> <span class='ocrx_word' id='word_1_355' title='bbox 3189 1965 3640 2029; x_wconf 87' lang='lat' dir='ltr'><strong>Falchemandus,</strong></span> <span class='ocrx_word' id='word_1_356' title='bbox 3669 1966 3792 2023; x_wconf 86' lang='lat' dir='ltr'><strong>llun-</strong></span> 
     </span>
    </p>
   </div>
   <div class='ocr_carea' id='block_1_48' title="bbox 2235 2055 3790 2126">
    <p class='ocr_par' dir='ltr' id='par_1_48' title="bbox 2235 2055 3790 2126">
     <span class='ocr_line' id='line_1_48' title="bbox 2235 2055 3790 2126; baseline 0.003 -15"><span class='ocrx_word' id='word_1_357' title='bbox 2235 2056 2443 2122; x_wconf 88' lang='lat' dir='ltr'><strong>fridus,</strong></span> <span class='ocrx_word' id='word_1_358' title='bbox 2504 2055 2802 2124; x_wconf 89' lang='lat' dir='ltr'><strong>Turoldus;</strong></span> <span class='ocrx_word' id='word_1_359' title='bbox 2852 2057 3186 2124; x_wconf 81' lang='lat' dir='ltr'><strong>Willelmus,</strong></span> <span class='ocrx_word' id='word_1_360' title='bbox 3236 2057 3593 2114; x_wconf 89' lang='lat' dir='ltr'><strong>Corbucionis</strong></span> <span class='ocrx_word' id='word_1_361' title='bbox 3642 2061 3790 2126; x_wconf 86' lang='lat' dir='ltr'><strong>ﬁlius;</strong></span> 
     </span>
    </p>
   </div>
   <div class='ocr_carea' id='block_1_49' title="bbox 2234 2149 3795 2215">
    <p class='ocr_par' dir='ltr' id='par_1_49' title="bbox 2234 2149 3795 2215">
     <span class='ocr_line' id='line_1_49' title="bbox 2234 2149 3795 2215; baseline 0.003 -11"><span class='ocrx_word' id='word_1_362' title='bbox 2234 2149 2560 2205; x_wconf 85' lang='lat' dir='ltr'><strong>Bencelinus</strong></span> <span class='ocrx_word' id='word_1_363' title='bbox 2606 2151 2674 2205; x_wconf 89' lang='lat' dir='ltr'><strong>de</strong></span> <span class='ocrx_word' id='word_1_364' title='bbox 2724 2151 2961 2215; x_wconf 76' lang='lat' dir='ltr'><strong>Scholit,</strong></span> <span class='ocrx_word' id='word_1_365' title='bbox 3010 2150 3280 2206; x_wconf 80' lang='lat' dir='ltr'><strong>Raberius</strong></span> <span class='ocrx_word' id='word_1_366' title='bbox 3325 2160 3380 2206; x_wconf 92' lang='lat' dir='ltr'><strong>et</strong></span> <span class='ocrx_word' id='word_1_367' title='bbox 3427 2151 3702 2207; x_wconf 84' lang='lat' dir='ltr'><strong>Wilelmus</strong></span> <span class='ocrx_word' id='word_1_368' title='bbox 3743 2156 3795 2209; x_wconf 88' lang='lat' dir='ltr'><strong>dc</strong></span> 
     </span>
    </p>
   </div>
   <div class='ocr_carea' id='block_1_50' title="bbox 2239 2239 3795 2312">
    <p class='ocr_par' dir='ltr' id='par_1_50' title="bbox 2239 2239 3795 2312">
     <span class='ocr_line' id='line_1_50' title="bbox 2239 2239 3795 2312; baseline 0.004 -21"><span class='ocrx_word' id='word_1_369' title='bbox 2239 2239 2486 2294; x_wconf 78' lang='lat' dir='ltr'><strong>Veruoue</strong></span> <span class='ocrx_word' id='word_1_370' title='bbox 2513 2256 2527 2306; x_wconf 89' lang='lat'><strong>;</strong></span> <span class='ocrx_word' id='word_1_371' title='bbox 2588 2239 2760 2312; x_wconf 82' lang='lat' dir='ltr'><strong>Ilugo,</strong></span> <span class='ocrx_word' id='word_1_372' title='bbox 2806 2241 2945 2295; x_wconf 88' lang='lat' dir='ltr'><strong>ﬁlius</strong></span> <span class='ocrx_word' id='word_1_373' title='bbox 2967 2240 3223 2296; x_wconf 88' lang='lat' dir='ltr'><strong>Gerelmi.</strong></span> <span class='ocrx_word' id='word_1_374' title='bbox 3249 2242 3726 2296; x_wconf 83' lang='lat' dir='ltr'><strong>Auctorizaverunt</strong></span> <span class='ocrx_word' id='word_1_375' title='bbox 3753 2253 3795 2297; x_wconf 86' lang='lat' dir='ltr'><strong>et</strong></span> 
     </span>
    </p>
   </div>
   <div class='ocr_carea' id='block_1_51' title="bbox 2237 2331 3794 2402">
    <p class='ocr_par' dir='ltr' id='par_1_51' title="bbox 2237 2331 3794 2402">
     <span class='ocr_line' id='line_1_51' title="bbox 2237 2331 3794 2402; baseline 0.003 -18"><span class='ocrx_word' id='word_1_376' title='bbox 2237 2331 2433 2387; x_wconf 86' lang='lat' dir='ltr'><strong>fratres</strong></span> <span class='ocrx_word' id='word_1_377' title='bbox 2483 2332 2750 2400; x_wconf 83' lang='lat' dir='ltr'><strong>defuncti,</strong></span> <span class='ocrx_word' id='word_1_378' title='bbox 2795 2349 2980 2388; x_wconf 88' lang='lat' dir='ltr'><strong>coram</strong></span> <span class='ocrx_word' id='word_1_379' title='bbox 3031 2332 3284 2387; x_wconf 89' lang='lat' dir='ltr'><strong>omnibus</strong></span> <span class='ocrx_word' id='word_1_380' title='bbox 3339 2334 3426 2387; x_wconf 89' lang='lat' dir='ltr'><strong>his</strong></span> <span class='ocrx_word' id='word_1_381' title='bbox 3479 2334 3794 2402; x_wconf 88' lang='lat' dir='ltr'><strong>supradictis,</strong></span> 
     </span>
    </p>
   </div>
   <div class='ocr_carea' id='block_1_52' title="bbox 2236 2422 3793 2496">
    <p class='ocr_par' dir='ltr' id='par_1_52' title="bbox 2236 2422 3793 2496">
     <span class='ocr_line' id='line_1_52' title="bbox 2236 2422 3793 2496; baseline 0.001 -19"><span class='ocrx_word' id='word_1_382' title='bbox 2236 2422 2542 2479; x_wconf 84' lang='lat' dir='ltr'><strong>Willelmus</strong></span> <span class='ocrx_word' id='word_1_383' title='bbox 2591 2425 2798 2480; x_wconf 90' lang='lat' dir='ltr'><strong>scilicet</strong></span> <span class='ocrx_word' id='word_1_384' title='bbox 2826 2435 2990 2496; x_wconf 84' lang='lat' dir='ltr'><strong>atque</strong></span> <span class='ocrx_word' id='word_1_385' title='bbox 3038 2424 3352 2488; x_wconf 85' lang='lat' dir='ltr'><strong>Balduinus,</strong></span> <span class='ocrx_word' id='word_1_386' title='bbox 3377 2434 3438 2478; x_wconf 90' lang='lat' dir='ltr'><strong>ut</strong></span> <span class='ocrx_word' id='word_1_387' title='bbox 3467 2434 3522 2477; x_wconf 88' lang='lat' dir='ltr'><strong>et</strong></span> <span class='ocrx_word' id='word_1_388' title='bbox 3548 2425 3644 2494; x_wconf 80' lang='lat' dir='ltr'><strong>ipsi</strong></span> <span class='ocrx_word' id='word_1_389' title='bbox 3693 2439 3793 2479; x_wconf 87' lang='lat' dir='ltr'><strong>cum</strong></span> 
     </span>
    </p>
   </div>
   <div class='ocr_carea' id='block_1_53' title="bbox 2237 2514 3797 2588">
    <p class='ocr_par' dir='ltr' id='par_1_53' title="bbox 2237 2514 3797 2588">
     <span class='ocr_line' id='line_1_53' title="bbox 2237 2514 3797 2588; baseline 0.001 -18"><span class='ocrx_word' id='word_1_390' title='bbox 2237 2514 2406 2570; x_wconf 89' lang='lat' dir='ltr'><strong>fratre</strong></span> <span class='ocrx_word' id='word_1_391' title='bbox 2433 2532 2532 2572; x_wconf 90' lang='lat' dir='ltr'><strong>suo</strong></span> <span class='ocrx_word' id='word_1_392' title='bbox 2557 2518 2610 2572; x_wconf 92' lang='lat' dir='ltr'><strong>in</strong></span> <span class='ocrx_word' id='word_1_393' title='bbox 2644 2517 3148 2588; x_wconf 87' lang='lat' dir='ltr'><strong>recumpensatione</strong></span> <span class='ocrx_word' id='word_1_394' title='bbox 3184 2517 3476 2586; x_wconf 89' lang='lat' dir='ltr'><strong>participes</strong></span> <span class='ocrx_word' id='word_1_395' title='bbox 3506 2531 3625 2571; x_wconf 88' lang='lat' dir='ltr'><strong>esse</strong></span> <span class='ocrx_word' id='word_1_396' title='bbox 3649 2531 3797 2572; x_wconf 87' lang='lat' dir='ltr'><strong>mere-</strong></span> 
     </span>
    </p>
   </div>
   <div class='ocr_carea' id='block_1_54' title="bbox 2237 2606 3795 2670">
    <p class='ocr_par' dir='ltr' id='par_1_54' title="bbox 2237 2606 3795 2670">
     <span class='ocr_line' id='line_1_54' title="bbox 2237 2606 3795 2670; baseline -0.002 -9"><span class='ocrx_word' id='word_1_397' title='bbox 2237 2618 2444 2662; x_wconf 89' lang='lat' dir='ltr'><strong>rentur.</strong></span> <span class='ocrx_word' id='word_1_398' title='bbox 2474 2608 2549 2662; x_wconf 88' lang='lat' dir='ltr'><strong>De</strong></span> <span class='ocrx_word' id='word_1_399' title='bbox 2573 2608 2772 2665; x_wconf 86' lang='lat' dir='ltr'><strong>nostris</strong></span> <span class='ocrx_word' id='word_1_400' title='bbox 2799 2609 3088 2662; x_wconf 88' lang='lat' dir='ltr'><strong>adfuerunt</strong></span> <span class='ocrx_word' id='word_1_401' title='bbox 3115 2623 3129 2662; x_wconf 85' lang='lat'><strong>:</strong></span> <span class='ocrx_word' id='word_1_402' title='bbox 3161 2606 3503 2670; x_wconf 74' lang='lat' dir='ltr'><strong>Bernartius,</strong></span> <span class='ocrx_word' id='word_1_403' title='bbox 3530 2608 3668 2660; x_wconf 86' lang='lat' dir='ltr'><strong>ﬁlius</strong></span> <span class='ocrx_word' id='word_1_404' title='bbox 3694 2607 3795 2662; x_wconf 80' lang='lat' dir='ltr'><strong>Vul-</strong></span> 
     </span>
    </p>
   </div>
   <div class='ocr_carea' id='block_1_55' title="bbox 2235 2697 3798 2769">
    <p class='ocr_par' dir='ltr' id='par_1_55' title="bbox 2235 2697 3798 2769">
     <span class='ocr_line' id='line_1_55' title="bbox 2235 2697 3798 2769; baseline 0.001 -19"><span class='ocrx_word' id='word_1_405' title='bbox 2235 2697 2406 2764; x_wconf 89' lang='lat' dir='ltr'><strong>mari;</strong></span> <span class='ocrx_word' id='word_1_406' title='bbox 2437 2697 2696 2754; x_wconf 89' lang='lat' dir='ltr'><strong>Warinus</strong></span> <span class='ocrx_word' id='word_1_407' title='bbox 2719 2713 2904 2764; x_wconf 87' lang='lat' dir='ltr'><strong>cocus,</strong></span> <span class='ocrx_word' id='word_1_408' title='bbox 2939 2697 3236 2753; x_wconf 87' lang='lat' dir='ltr'><strong>\Valterius</strong></span> <span class='ocrx_word' id='word_1_409' title='bbox 3279 2698 3473 2768; x_wconf 86' lang='lat' dir='ltr'><strong>major,</strong></span> <span class='ocrx_word' id='word_1_410' title='bbox 3509 2697 3798 2769; x_wconf 81' lang='lat' dir='ltr'><strong>Oydelerius</strong></span> 
     </span>
    </p>
   </div>
   <div class='ocr_carea' id='block_1_56' title="bbox 2237 2789 3798 2860">
    <p class='ocr_par' dir='ltr' id='par_1_56' title="bbox 2237 2789 3798 2860">
     <span class='ocr_line' id='line_1_56' title="bbox 2237 2789 3798 2860; baseline -0.003 -15"><span class='ocrx_word' id='word_1_411' title='bbox 2237 2790 2584 2845; x_wconf 87' lang='lat' dir='ltr'><strong>stabularius.</strong></span> <span class='ocrx_word' id='word_1_412' title='bbox 2617 2790 2674 2844; x_wconf 89' lang='lat' dir='ltr'><strong>Si</strong></span> <span class='ocrx_word' id='word_1_413' title='bbox 2703 2791 2825 2860; x_wconf 88' lang='lat' dir='ltr'><strong>quis</strong></span> <span class='ocrx_word' id='word_1_414' title='bbox 2860 2790 3002 2844; x_wconf 85' lang='lat' dir='ltr'><strong>hanc</strong></span> <span class='ocrx_word' id='word_1_415' title='bbox 3032 2789 3296 2844; x_wconf 91' lang='lat' dir='ltr'><strong>cartulam</strong></span> <span class='ocrx_word' id='word_1_416' title='bbox 3331 2792 3697 2845; x_wconf 83' lang='lat' dir='ltr'><strong>contradicere</strong></span> <span class='ocrx_word' id='word_1_417' title='bbox 3725 2805 3798 2842; x_wconf 81' lang='lat' dir='ltr'><strong>vo-</strong></span> 
     </span>
    </p>
   </div>
   <div class='ocr_carea' id='block_1_57' title="bbox 2236 2876 3796 2952">
    <p class='ocr_par' dir='ltr' id='par_1_57' title="bbox 2236 2876 3796 2952">
     <span class='ocr_line' id='line_1_57' title="bbox 2236 2876 3796 2952; baseline 0.001 -21"><span class='ocrx_word' id='word_1_418' title='bbox 2236 2876 2418 2946; x_wconf 89' lang='lat' dir='ltr'><strong>luerit,</strong></span> <span class='ocrx_word' id='word_1_419' title='bbox 2473 2891 2732 2951; x_wconf 88' lang='lat' dir='ltr'><strong>perpetuo</strong></span> <span class='ocrx_word' id='word_1_420' title='bbox 2794 2881 3164 2936; x_wconf 90' lang='lat' dir='ltr'><strong>auathematis</strong></span> <span class='ocrx_word' id='word_1_421' title='bbox 3207 2879 3397 2952; x_wconf 79' lang='lat' dir='ltr'><strong>jugulo</strong></span> <span class='ocrx_word' id='word_1_422' title='bbox 3459 2881 3796 2945; x_wconf 87' lang='lat' dir='ltr'><strong>feriatur,et,</strong></span> 
     </span>
    </p>
   </div>
   <div class='ocr_carea' id='block_1_58' title="bbox 2237 2969 3798 3044">
    <p class='ocr_par' dir='ltr' id='par_1_58' title="bbox 2237 2969 3798 3044">
     <span class='ocr_line' id='line_1_58' title="bbox 2237 2969 3798 3044; baseline 0.001 -19"><span class='ocrx_word' id='word_1_423' title='bbox 2237 2969 2533 3028; x_wconf 82' lang='lat' dir='ltr'><strong>frustratus</strong></span> <span class='ocrx_word' id='word_1_424' title='bbox 2570 2973 2867 3042; x_wconf 82' lang='lat' dir='ltr'><strong>voluntate,</strong></span> <span class='ocrx_word' id='word_1_425' title='bbox 2901 2985 3013 3030; x_wconf 89' lang='lat' dir='ltr'><strong>tres</strong></span> <span class='ocrx_word' id='word_1_426' title='bbox 3041 2975 3214 3030; x_wconf 88' lang='lat' dir='ltr'><strong>libras</strong></span> <span class='ocrx_word' id='word_1_427' title='bbox 3256 2975 3374 3028; x_wconf 90' lang='lat' dir='ltr'><strong>auri</strong></span> <span class='ocrx_word' id='word_1_428' title='bbox 3430 2973 3696 3044; x_wconf 82' lang='lat' dir='ltr'><strong>persolvat</strong></span> <span class='ocrx_word' id='word_1_429' title='bbox 3724 2974 3798 3044; x_wconf 88' lang='lat' dir='ltr'><strong>ju-</strong></span> 
     </span>
    </p>
   </div>
   <div class='ocr_carea' id='block_1_59' title="bbox 2236 3063 3799 3136">
    <p class='ocr_par' dir='ltr' id='par_1_59' title="bbox 2236 3063 3799 3136">
     <span class='ocr_line' id='line_1_59' title="bbox 2236 3063 3799 3136; baseline -0.001 -18"><span class='ocrx_word' id='word_1_430' title='bbox 2236 3063 2666 3130; x_wconf 40' lang='lat' dir='ltr'><strong>dici.,Concessa</strong></span> <span class='ocrx_word' id='word_1_431' title='bbox 2693 3075 2776 3122; x_wconf 90' lang='lat' dir='ltr'><strong>est</strong></span> <span class='ocrx_word' id='word_1_432' title='bbox 2804 3076 2858 3122; x_wconf 90' lang='lat' dir='ltr'><strong>et</strong></span> <span class='ocrx_word' id='word_1_433' title='bbox 2907 3067 3164 3122; x_wconf 87' lang='lat' dir='ltr'><strong>roborata</strong></span> <span class='ocrx_word' id='word_1_434' title='bbox 3203 3067 3320 3123; x_wconf 59' lang='lat' dir='ltr'><strong>hac</strong></span> <span class='ocrx_word' id='word_1_435' title='bbox 3374 3067 3605 3122; x_wconf 89' lang='lat' dir='ltr'><strong>donacio</strong></span> <span class='ocrx_word' id='word_1_436' title='bbox 3653 3064 3799 3136; x_wconf 87' lang='lat' dir='ltr'><strong>pridie</strong></span> 
     </span>
    </p>
   </div>
   <div class='ocr_carea' id='block_1_60' title="bbox 2237 3158 3796 3229">
    <p class='ocr_par' dir='ltr' id='par_1_60' title="bbox 2237 3158 3796 3229">
     <span class='ocr_line' id='line_1_60' title="bbox 2237 3158 3796 3229; baseline -0.002 -17"><span class='ocrx_word' id='word_1_437' title='bbox 2237 3171 2410 3213; x_wconf 88' lang='lat' dir='ltr'><strong>nonas</strong></span> <span class='ocrx_word' id='word_1_438' title='bbox 2436 3158 2689 3229; x_wconf 81' lang='lat' dir='ltr'><strong>Augusti,</strong></span> <span class='ocrx_word' id='word_1_439' title='bbox 2716 3159 2804 3214; x_wconf 82' lang='lat' dir='ltr'><strong>die</strong></span> <span class='ocrx_word' id='word_1_440' title='bbox 2841 3174 2947 3229; x_wconf 89' lang='lat' dir='ltr'><strong>qua</strong></span> <span class='ocrx_word' id='word_1_441' title='bbox 3002 3169 3248 3214; x_wconf 88' lang='lat' dir='ltr'><strong>mortuus</strong></span> <span class='ocrx_word' id='word_1_442' title='bbox 3295 3171 3380 3215; x_wconf 91' lang='lat' dir='ltr'><strong>est</strong></span> <span class='ocrx_word' id='word_1_443' title='bbox 3411 3159 3694 3213; x_wconf 87' lang='lat' dir='ltr'><strong>Ilainricus</strong></span> <span class='ocrx_word' id='word_1_444' title='bbox 3722 3171 3796 3209; x_wconf 75' lang='lat' dir='ltr'><strong>rex</strong></span> 
     </span>
    </p>
   </div>
   <div class='ocr_carea' id='block_1_61' title="bbox 549 3245 2132 3344">
    <p class='ocr_par' dir='ltr' id='par_1_61' title="bbox 549 3245 2132 3344">
     <span class='ocr_line' id='line_1_61' title="bbox 549 3245 2132 3344; baseline -0.003 -16"><span class='ocrx_word' id='word_1_445' title='bbox 549 3276 763 3344; x_wconf 90' lang='lat' dir='ltr'><strong>phanus</strong></span> <span class='ocrx_word' id='word_1_446' title='bbox 789 3245 1068 3338; x_wconf 84' lang='lat' dir='ltr'><strong>Gualoius,</strong></span> <span class='ocrx_word' id='word_1_447' title='bbox 1110 3273 1362 3328; x_wconf 86' lang='lat' dir='ltr'><strong>Ernnlfus</strong></span> <span class='ocrx_word' id='word_1_448' title='bbox 1391 3245 1597 3336; x_wconf 72' lang='lat' dir='ltr'><strong>liuius;</strong></span> <span class='ocrx_word' id='word_1_449' title='bbox 1647 3269 1942 3323; x_wconf 66' lang='lat' dir='ltr'><strong>Itainaldus</strong></span> <span class='ocrx_word' id='word_1_450' title='bbox 1990 3267 2132 3324; x_wconf 90' lang='lat' dir='ltr'><strong>ﬁlius</strong></span> 
     </span>
    </p>
   </div>
   <div class='ocr_carea' id='block_1_62' title="bbox 2236 3245 3474 3344">
    <p class='ocr_par' dir='ltr' id='par_1_62' title="bbox 2238 3249 3474 3325">
     <span class='ocr_line' id='line_1_62' title="bbox 2238 3249 3474 3325; baseline 0.002 -21"><span class='ocrx_word' id='word_1_451' title='bbox 2238 3249 2480 3307; x_wconf 68' lang='lat' dir='ltr'><strong>Francia:</strong></span> <span class='ocrx_word' id='word_1_452' title='bbox 2519 3252 2597 3324; x_wconf 79' lang='lat' dir='ltr'><strong>[et</strong></span> <span class='ocrx_word' id='word_1_453' title='bbox 2625 3253 2828 3322; x_wconf 88' lang='lat' dir='ltr'><strong>scripta</strong></span> <span class='ocrx_word' id='word_1_454' title='bbox 2855 3267 2885 3306; x_wconf 88' lang='lat' dir='ltr'><strong>a</strong></span> <span class='ocrx_word' id='word_1_455' title='bbox 2910 3251 3076 3308; x_wconf 86' lang='lat' dir='ltr'><strong>Paulo</strong></span> <span class='ocrx_word' id='word_1_456' title='bbox 3102 3251 3417 3325; x_wconf 84' lang='lat' dir='ltr'><strong>menacho].</strong></span> <span class='ocrx_word' id='word_1_457' title='bbox 3455 3271 3474 3305; x_wconf 79' lang='grc' dir='ltr'><strong><em>ι</em></strong></span> 
     </span>
    </p>
   </div>
   <div class='ocr_carea' id='block_1_63' title="bbox 547 3360 2130 3432">
    <p class='ocr_par' dir='ltr' id='par_1_63' title="bbox 547 3360 2130 3432">
     <span class='ocr_line' id='line_1_63' title="bbox 547 3360 2130 3432; baseline -0.003 -13"><span class='ocrx_word' id='word_1_458' title='bbox 547 3368 692 3431; x_wconf 58' lang='lat' dir='ltr'><strong>ejus;</strong></span> <span class='ocrx_word' id='word_1_459' title='bbox 724 3366 1093 3431; x_wconf 85' lang='lat' dir='ltr'><strong>Fulchardus;</strong></span> <span class='ocrx_word' id='word_1_460' title='bbox 1127 3365 1462 3428; x_wconf 88' lang='lat' dir='ltr'><strong>Tescelinus,</strong></span> <span class='ocrx_word' id='word_1_461' title='bbox 1491 3364 1630 3418; x_wconf 88' lang='lat' dir='ltr'><strong>ﬁlius</strong></span> <span class='ocrx_word' id='word_1_462' title='bbox 1661 3360 1992 3432; x_wconf 82' lang='lat' dir='ltr'><strong>Hildegarii;</strong></span> <span class='ocrx_word' id='word_1_463' title='bbox 2024 3361 2130 3415; x_wconf 87' lang='lat' dir='ltr'><strong>Ar-</strong></span> 
     </span>
    </p>
   </div>
   <div class='ocr_carea' id='block_1_64' title="bbox 531 3456 1502 3530">
    <p class='ocr_par' dir='ltr' id='par_1_64' title="bbox 531 3456 1502 3530">
     <span class='ocr_line' id='line_1_64' title="bbox 531 3456 1502 3530; baseline -0.003 -18"><span class='ocrx_word' id='word_1_464' title='bbox 531 3456 731 3513; x_wconf 84' lang='lat' dir='ltr'><strong>~nu|fus</strong></span> <span class='ocrx_word' id='word_1_465' title='bbox 766 3457 952 3530; x_wconf 81' lang='lat' dir='ltr'><strong>Niger,</strong></span> <span class='ocrx_word' id='word_1_466' title='bbox 977 3456 1229 3513; x_wconf 86' lang='lat' dir='ltr'><strong>Giraldus</strong></span> <span class='ocrx_word' id='word_1_467' title='bbox 1259 3472 1442 3512; x_wconf 91' lang='lat' dir='ltr'><strong>cocus.</strong></span> <span class='ocrx_word' id='word_1_468' title='bbox 1482 3475 1502 3509; x_wconf 76' lang='grc' dir='ltr'><strong><em>ι</em></strong></span> 
     </span>
    </p>
   </div>
   <div class='ocr_carea' id='block_1_65' title="bbox 1019 3548 1667 3606">
    <p class='ocr_par' dir='ltr' id='par_1_65' title="bbox 1019 3548 1667 3606">
     <span class='ocr_line' id='line_1_65' title="bbox 1019 3548 1667 3606; baseline -0.006 -1"><span class='ocrx_word' id='word_1_469' title='bbox 1019 3550 1417 3606; x_wconf 76' lang='lat' dir='ltr'><strong>CAPITULUM</strong></span> <span class='ocrx_word' id='word_1_470' title='bbox 1455 3548 1667 3603; x_wconf 72' lang='lat' dir='ltr'><strong>XXVII.</strong></span> 
     </span>
    </p>
   </div>
   <div class='ocr_carea' id='block_1_66' title="bbox 953 3640 1733 3698">
    <p class='ocr_par' dir='ltr' id='par_1_66' title="bbox 953 3640 1733 3698">
     <span class='ocr_line' id='line_1_66' title="bbox 953 3640 1733 3698; baseline 0.001 -1"><span class='ocrx_word' id='word_1_471' title='bbox 953 3642 1030 3697; x_wconf 83' lang='lat' dir='ltr'><strong>De</strong></span> <span class='ocrx_word' id='word_1_472' title='bbox 1059 3654 1196 3697; x_wconf 84' lang='lat' dir='ltr'><strong>terra</strong></span> <span class='ocrx_word' id='word_1_473' title='bbox 1241 3640 1517 3696; x_wconf 78' lang='lat' dir='ltr'><strong>Causberli</strong></span> <span class='ocrx_word' id='word_1_474' title='bbox 1563 3643 1733 3698; x_wconf 75' lang='lat' dir='ltr'><strong>Villa’.</strong></span> 
     </span>
    </p>
   </div>
   <div class='ocr_carea' id='block_1_67' title="bbox 1105 3735 1558 3806">
    <p class='ocr_par' dir='ltr' id='par_1_67' title="bbox 1105 3735 1558 3806">
     <span class='ocr_line' id='line_1_67' title="bbox 1105 3735 1558 3806; baseline 0 -19"><span class='ocrx_word' id='word_1_475' title='bbox 1105 3735 1196 3805; x_wconf 66' lang='lat'><strong>(29</strong></span> <span class='ocrx_word' id='word_1_476' title='bbox 1222 3752 1346 3806; x_wconf 79' lang='lat' dir='ltr'><strong>aug.</strong></span> <span class='ocrx_word' id='word_1_477' title='bbox 1377 3735 1558 3804; x_wconf 68' lang='lat' dir='ltr'><strong>1061i.)</strong></span> 
     </span>
    </p>
   </div>
   <div class='ocr_carea' id='block_1_68' title="bbox 623 3827 2130 3884">
    <p class='ocr_par' dir='ltr' id='par_1_68' title="bbox 623 3827 2130 3884">
     <span class='ocr_line' id='line_1_68' title="bbox 623 3827 2130 3884; baseline 0 -2"><span class='ocrx_word' id='word_1_478' title='bbox 623 3847 644 3882; x_wconf 70' lang='grc' dir='ltr'>ί</span> <span class='ocrx_word' id='word_1_479' title='bbox 678 3829 734 3884; x_wconf 83' lang='grc' dir='ltr'><strong>1η</strong></span> <span class='ocrx_word' id='word_1_480' title='bbox 752 3828 970 3884; x_wconf 82' lang='lat' dir='ltr'><strong>nomine</strong></span> <span class='ocrx_word' id='word_1_481' title='bbox 996 3837 1195 3882; x_wconf 66' lang='lat' dir='ltr'><strong>sanctae</strong></span> <span class='ocrx_word' id='word_1_482' title='bbox 1215 3837 1270 3883; x_wconf 91' lang='lat' dir='ltr'><strong>et</strong></span> <span class='ocrx_word' id='word_1_483' title='bbox 1294 3829 1585 3882; x_wconf 79' lang='lat' dir='ltr'><strong>individua:</strong></span> <span class='ocrx_word' id='word_1_484' title='bbox 1605 3827 1907 3884; x_wconf 84' lang='lat' dir='ltr'><strong>Trinitatis.</strong></span> <span class='ocrx_word' id='word_1_485' title='bbox 1937 3827 2130 3884; x_wconf 84' lang='lat' dir='ltr'><strong>Notum</strong></span> 
     </span>
    </p>
   </div>
   <div class='ocr_carea' id='block_1_69' title="bbox 547 3915 2134 3987">
    <p class='ocr_par' dir='ltr' id='par_1_69' title="bbox 547 3915 2134 3987">
     <span class='ocr_line' id='line_1_69' title="bbox 547 3915 2134 3987; baseline -0.003 -13"><span class='ocrx_word' id='word_1_486' title='bbox 547 3934 671 3975; x_wconf 86' lang='lat' dir='ltr'><strong>esse</strong></span> <span class='ocrx_word' id='word_1_487' title='bbox 683 3919 930 3973; x_wconf 91' lang='lat' dir='ltr'><strong>volumus</strong></span> <span class='ocrx_word' id='word_1_488' title='bbox 952 3917 1206 3972; x_wconf 89' lang='lat' dir='ltr'><strong>omnibus</strong></span> <span class='ocrx_word' id='word_1_489' title='bbox 1230 3917 1433 3972; x_wconf 80' lang='lat' dir='ltr'><strong>Christi</strong></span> <span class='ocrx_word' id='word_1_490' title='bbox 1453 3917 1719 3978; x_wconf 86' lang='lat' dir='ltr'><strong>ﬁdelibus,</strong></span> <span class='ocrx_word' id='word_1_491' title='bbox 1735 3927 1842 3970; x_wconf 89' lang='lat' dir='ltr'><strong>tam</strong></span> <span class='ocrx_word' id='word_1_492' title='bbox 1859 3915 2134 3987; x_wconf 77' lang='lat' dir='ltr'><strong>praesenti-</strong></span> 
     </span>
    </p>
   </div>
   <div class='ocr_carea' id='block_1_70' title="bbox 547 4009 2134 4082">
    <p class='ocr_par' dir='ltr' id='par_1_70' title="bbox 547 4009 2134 4082">
     <span class='ocr_line' id='line_1_70' title="bbox 547 4009 2134 4082; baseline -0.004 -13"><span class='ocrx_word' id='word_1_493' title='bbox 547 4013 649 4069; x_wconf 83' lang='lat' dir='ltr'><strong>bus</strong></span> <span class='ocrx_word' id='word_1_494' title='bbox 661 4027 820 4082; x_wconf 90' lang='lat' dir='ltr'><strong>quam</strong></span> <span class='ocrx_word' id='word_1_495' title='bbox 849 4011 1166 4081; x_wconf 83' lang='lat' dir='ltr'><strong>futuris,ch</strong></span> <span class='ocrx_word' id='word_1_496' title='bbox 1181 4009 1498 4076; x_wconf 88' lang='lat' dir='ltr'><strong>Landricus,</strong></span> <span class='ocrx_word' id='word_1_497' title='bbox 1517 4011 1687 4080; x_wconf 79' lang='lat' dir='ltr'><strong>gratia</strong></span> <span class='ocrx_word' id='word_1_498' title='bbox 1707 4010 1798 4064; x_wconf 89' lang='lat' dir='ltr'><strong>Dei</strong></span> <span class='ocrx_word' id='word_1_499' title='bbox 1818 4010 2134 4076; x_wconf 88' lang='lat' dir='ltr'><strong>abbas,om-</strong></span> 
     </span>
    </p>
   </div>
   <div class='ocr_carea' id='block_1_71' title="bbox 548 4098 2132 4174">
    <p class='ocr_par' dir='ltr' id='par_1_71' title="bbox 548 4098 2132 4174">
     <span class='ocr_line' id='line_1_71' title="bbox 548 4098 2132 4174; baseline -0.003 -16"><span class='ocrx_word' id='word_1_500' title='bbox 548 4106 743 4174; x_wconf 92' lang='lat' dir='ltr'><strong>nisque</strong></span> <span class='ocrx_word' id='word_1_501' title='bbox 770 4111 1070 4159; x_wconf 85' lang='lat' dir='ltr'><strong>conventus</strong></span> <span class='ocrx_word' id='word_1_502' title='bbox 1101 4102 1492 4157; x_wconf 88' lang='lat' dir='ltr'><strong>monachorum</strong></span> <span class='ocrx_word' id='word_1_503' title='bbox 1527 4101 1711 4156; x_wconf 90' lang='lat' dir='ltr'><strong>Sancti</strong></span> <span class='ocrx_word' id='word_1_504' title='bbox 1735 4098 2132 4154; x_wconf 74' lang='lat' dir='ltr'><strong>Pelriccenobii</strong></span> 
     </span>
    </p>
   </div>
   <div class='ocr_carea' id='block_1_72' title="bbox 549 4185 2130 4264">
    <p class='ocr_par' dir='ltr' id='par_1_72' title="bbox 549 4185 2130 4264">
     <span class='ocr_line' id='line_1_72' title="bbox 549 4185 2130 4264; baseline -0.004 -13"><span class='ocrx_word' id='word_1_505' title='bbox 549 4196 918 4263; x_wconf 83' lang='lat' dir='ltr'><strong>Carnotensis,</strong></span> <span class='ocrx_word' id='word_1_506' title='bbox 950 4185 1182 4264; x_wconf 81' lang='lat' dir='ltr'><strong>qualiter</strong></span> <span class='ocrx_word' id='word_1_507' title='bbox 1212 4203 1399 4249; x_wconf 90' lang='lat' dir='ltr'><strong>nostro</strong></span> <span class='ocrx_word' id='word_1_508' title='bbox 1439 4193 1557 4249; x_wconf 91' lang='lat' dir='ltr'><strong>loco</strong></span> <span class='ocrx_word' id='word_1_509' title='bbox 1581 4193 1704 4248; x_wconf 90' lang='lat' dir='ltr'><strong>data</strong></span> <span class='ocrx_word' id='word_1_510' title='bbox 1753 4191 1922 4246; x_wconf 87' lang='lat' dir='ltr'><strong>fuerit</strong></span> <span class='ocrx_word' id='word_1_511' title='bbox 1982 4200 2130 4246; x_wconf 88' lang='lat' dir='ltr'><strong>terra</strong></span> 
     </span>
    </p>
   </div>
   <div class='ocr_carea' id='block_1_73' title="bbox 549 4283 2129 4358">
    <p class='ocr_par' dir='ltr' id='par_1_73' title="bbox 549 4283 2129 4358">
     <span class='ocr_line' id='line_1_73' title="bbox 549 4283 2129 4358; baseline -0.003 -17"><span class='ocrx_word' id='word_1_512' title='bbox 549 4302 712 4357; x_wconf 90' lang='lat' dir='ltr'><strong>quam</strong></span> <span class='ocrx_word' id='word_1_513' title='bbox 728 4288 1005 4358; x_wconf 87' lang='lat' dir='ltr'><strong>possidere</strong></span> <span class='ocrx_word' id='word_1_514' title='bbox 1021 4287 1270 4343; x_wconf 78' lang='lat' dir='ltr'><strong>videmur</strong></span> <span class='ocrx_word' id='word_1_515' title='bbox 1288 4287 1341 4340; x_wconf 91' lang='lat' dir='ltr'><strong>in</strong></span> <span class='ocrx_word' id='word_1_516' title='bbox 1359 4285 1650 4341; x_wconf 84' lang='lat' dir='ltr'><strong>Gausberti</strong></span> <span class='ocrx_word' id='word_1_517' title='bbox 1670 4283 1828 4351; x_wconf 86' lang='lat' dir='ltr'><strong>Villa,</strong></span> <span class='ocrx_word' id='word_1_518' title='bbox 1853 4300 1881 4338; x_wconf 93' lang='lat' dir='ltr'><strong>a</strong></span> <span class='ocrx_word' id='word_1_519' title='bbox 1898 4285 2129 4352; x_wconf 81' lang='lat' dir='ltr'><strong>quodam</strong></span> 
     </span>
    </p>
   </div>
   <div class='ocr_carea' id='block_1_74' title="bbox 549 4373 2132 4446">
    <p class='ocr_par' dir='ltr' id='par_1_74' title="bbox 549 4373 2132 4446">
     <span class='ocr_line' id='line_1_74' title="bbox 549 4373 2132 4446; baseline -0.004 -15"><span class='ocrx_word' id='word_1_520' title='bbox 549 4377 722 4431; x_wconf 87' lang='lat' dir='ltr'><strong>milite</strong></span> <span class='ocrx_word' id='word_1_521' title='bbox 752 4385 807 4431; x_wconf 90' lang='lat' dir='ltr'><strong>et</strong></span> <span class='ocrx_word' id='word_1_522' title='bbox 829 4376 974 4432; x_wconf 92' lang='lat' dir='ltr'><strong>claro</strong></span> <span class='ocrx_word' id='word_1_523' title='bbox 993 4391 1213 4446; x_wconf 76' lang='lat' dir='ltr'><strong>genere,</strong></span> <span class='ocrx_word' id='word_1_524' title='bbox 1243 4375 1515 4430; x_wconf 84' lang='lat' dir='ltr'><strong>Richardo</strong></span> <span class='ocrx_word' id='word_1_525' title='bbox 1543 4373 1875 4439; x_wconf 88' lang='lat' dir='ltr'><strong>nomine,vel</strong></span> <span class='ocrx_word' id='word_1_526' title='bbox 1899 4373 2132 4443; x_wconf 87' lang='lat' dir='ltr'><strong>qualiter</strong></span> 
     </span>
    </p>
   </div>
   <div class='ocr_carea' id='block_1_75' title="bbox 545 4465 2133 4526">
    <p class='ocr_par' dir='ltr' id='par_1_75' title="bbox 545 4465 2133 4526">
     <span class='ocr_line' id='line_1_75' title="bbox 545 4465 2133 4526; baseline -0.003 -1"><span class='ocrx_word' id='word_1_527' title='bbox 545 4484 804 4526; x_wconf 88' lang='lat' dir='ltr'><strong>concessa</strong></span> <span class='ocrx_word' id='word_1_528' title='bbox 837 4469 908 4526; x_wconf 91' lang='lat' dir='ltr'><strong>sit</strong></span> <span class='ocrx_word' id='word_1_529' title='bbox 946 4486 976 4524; x_wconf 90' lang='lat' dir='ltr'><strong>a</strong></span> <span class='ocrx_word' id='word_1_530' title='bbox 1015 4469 1352 4524; x_wconf 88' lang='lat' dir='ltr'><strong>nobilissimo</strong></span> <span class='ocrx_word' id='word_1_531' title='bbox 1383 4468 1585 4523; x_wconf 90' lang='lat' dir='ltr'><strong>comite</strong></span> <span class='ocrx_word' id='word_1_532' title='bbox 1625 4465 1974 4521; x_wconf 76' lang='lat' dir='ltr'><strong>Normannia:</strong></span> <span class='ocrx_word' id='word_1_533' title='bbox 2002 4465 2133 4520; x_wconf 86' lang='lat' dir='ltr'><strong>Wil-</strong></span> 
     </span>
    </p>
   </div>
   <div class='ocr_carea' id='block_1_76' title="bbox 549 4557 2133 4630">
    <p class='ocr_par' dir='ltr' id='par_1_76' title="bbox 549 4557 2133 4630">
     <span class='ocr_line' id='line_1_76' title="bbox 549 4557 2133 4630; baseline -0.001 -16"><span class='ocrx_word' id='word_1_534' title='bbox 549 4559 734 4624; x_wconf 88' lang='lat' dir='ltr'><strong>Ielmo.</strong></span> <span class='ocrx_word' id='word_1_535' title='bbox 755 4577 848 4616; x_wconf 92' lang='lat' dir='ltr'><strong>seu</strong></span> <span class='ocrx_word' id='word_1_536' title='bbox 873 4578 901 4616; x_wconf 90' lang='lat' dir='ltr'><strong>a</strong></span> <span class='ocrx_word' id='word_1_537' title='bbox 927 4561 1187 4615; x_wconf 87' lang='lat' dir='ltr'><strong>fratribus</strong></span> <span class='ocrx_word' id='word_1_538' title='bbox 1209 4559 1505 4630; x_wconf 89' lang='lat' dir='ltr'><strong>supradicti</strong></span> <span class='ocrx_word' id='word_1_539' title='bbox 1524 4557 2010 4621; x_wconf 86' lang='lat' dir='ltr'><strong>militis,Wi|lelmo</strong></span> <span class='ocrx_word' id='word_1_540' title='bbox 2028 4557 2133 4612; x_wconf 88' lang='lat' dir='ltr'><strong>sci-</strong></span> 
     </span>
    </p>
   </div>
   <div class='ocr_carea' id='block_1_77' title="bbox 549 4649 2136 4722">
    <p class='ocr_par' dir='ltr' id='par_1_77' title="bbox 549 4649 2136 4722">
     <span class='ocr_line' id='line_1_77' title="bbox 549 4649 2136 4722; baseline -0.001 -17"><span class='ocrx_word' id='word_1_541' title='bbox 549 4650 678 4706; x_wconf 86' lang='lat' dir='ltr'><strong>licet</strong></span> <span class='ocrx_word' id='word_1_542' title='bbox 702 4660 862 4722; x_wconf 90' lang='lat' dir='ltr'><strong>atque</strong></span> <span class='ocrx_word' id='word_1_543' title='bbox 876 4651 1154 4706; x_wconf 87' lang='lat' dir='ltr'><strong>Balduino.</strong></span> <span class='ocrx_word' id='word_1_544' title='bbox 1181 4650 1236 4704; x_wconf 94' lang='lat' dir='ltr'><strong>In</strong></span> <span class='ocrx_word' id='word_1_545' title='bbox 1252 4666 1393 4706; x_wconf 90' lang='lat' dir='ltr'><strong>anno</strong></span> <span class='ocrx_word' id='word_1_546' title='bbox 1406 4650 1474 4720; x_wconf 71' lang='lat' dir='ltr'><strong>igi</strong></span> <span class='ocrx_word' id='word_1_547' title='bbox 1485 4661 1687 4720; x_wconf 91' lang='lat' dir='ltr'><strong>turquo</strong></span> <span class='ocrx_word' id='word_1_548' title='bbox 1701 4649 1908 4704; x_wconf 91' lang='lat' dir='ltr'><strong>ﬁnitum</strong></span> <span class='ocrx_word' id='word_1_549' title='bbox 1923 4663 2040 4705; x_wconf 89' lang='lat' dir='ltr'><strong>esse</strong></span> <span class='ocrx_word' id='word_1_550' title='bbox 2055 4651 2136 4704; x_wconf 91' lang='lat' dir='ltr'><strong>in-</strong></span> 
     </span>
    </p>
   </div>
   <div class='ocr_carea' id='block_1_78' title="bbox 553 4740 2130 4811">
    <p class='ocr_par' dir='ltr' id='par_1_78' title="bbox 553 4740 2130 4811">
     <span class='ocr_line' id='line_1_78' title="bbox 553 4740 2130 4811; baseline 0.001 -16"><span class='ocrx_word' id='word_1_551' title='bbox 553 4742 810 4797; x_wconf 86' lang='lat' dir='ltr'><strong>testinum</strong></span> <span class='ocrx_word' id='word_1_552' title='bbox 839 4742 1034 4796; x_wconf 88' lang='lat' dir='ltr'><strong>bellum</strong></span> <span class='ocrx_word' id='word_1_553' title='bbox 1063 4741 1379 4806; x_wconf 90' lang='lat' dir='ltr'><strong>dinoscitur,</strong></span> <span class='ocrx_word' id='word_1_554' title='bbox 1394 4741 1536 4811; x_wconf 91' lang='lat' dir='ltr'><strong>quod</strong></span> <span class='ocrx_word' id='word_1_555' title='bbox 1559 4742 1700 4796; x_wconf 89' lang='lat' dir='ltr'><strong>inter</strong></span> <span class='ocrx_word' id='word_1_556' title='bbox 1721 4756 1900 4811; x_wconf 83' lang='lat' dir='ltr'><strong>regem</strong></span> <span class='ocrx_word' id='word_1_557' title='bbox 1919 4740 2130 4796; x_wconf 72' lang='lat' dir='ltr'><strong>Hainri~</strong></span> 
     </span>
    </p>
   </div>
   <div class='ocr_carea' id='block_1_79' title="bbox 551 4833 2139 4903">
    <p class='ocr_par' dir='ltr' id='par_1_79' title="bbox 551 4833 2139 4903">
     <span class='ocr_line' id='line_1_79' title="bbox 551 4833 2139 4903; baseline -0.001 -15"><span class='ocrx_word' id='word_1_558' title='bbox 551 4850 676 4890; x_wconf 85' lang='lat' dir='ltr'><strong>cum</strong></span> <span class='ocrx_word' id='word_1_559' title='bbox 705 4843 762 4890; x_wconf 90' lang='lat' dir='ltr'><strong>et</strong></span> <span class='ocrx_word' id='word_1_560' title='bbox 790 4833 1122 4890; x_wconf 82' lang='lat' dir='ltr'><strong>Willelmum</strong></span> <span class='ocrx_word' id='word_1_561' title='bbox 1177 4834 1433 4888; x_wconf 91' lang='lat' dir='ltr'><strong>comitem</strong></span> <span class='ocrx_word' id='word_1_562' title='bbox 1466 4834 1556 4888; x_wconf 91' lang='lat' dir='ltr'><strong>diu</strong></span> <span class='ocrx_word' id='word_1_563' title='bbox 1591 4834 1905 4898; x_wconf 91' lang='lat' dir='ltr'><strong>duraverat,</strong></span> <span class='ocrx_word' id='word_1_564' title='bbox 1948 4847 2139 4903; x_wconf 88' lang='lat' dir='ltr'><strong>supra-</strong></span> 
     </span>
    </p>
   </div>
   <div class='ocr_carea' id='block_1_80' title="bbox 557 4923 2139 4990">
    <p class='ocr_par' dir='ltr' id='par_1_80' title="bbox 557 4923 2139 4990">
     <span class='ocr_line' id='line_1_80' title="bbox 557 4923 2139 4990; baseline -0.003 -7"><span class='ocrx_word' id='word_1_565' title='bbox 557 4930 733 4984; x_wconf 87' lang='lat' dir='ltr'><strong>dictus</strong></span> <span class='ocrx_word' id='word_1_566' title='bbox 783 4928 942 4983; x_wconf 89' lang='lat' dir='ltr'><strong>miles</strong></span> <span class='ocrx_word' id='word_1_567' title='bbox 989 4927 1292 4982; x_wconf 79' lang='lat' dir='ltr'><strong>Richardus</strong></span> <span class='ocrx_word' id='word_1_568' title='bbox 1331 4942 1362 4979; x_wconf 92' lang='lat' dir='ltr'><strong>a</strong></span> <span class='ocrx_word' id='word_1_569' title='bbox 1404 4925 1632 4990; x_wconf 88' lang='lat' dir='ltr'><strong>comite,</strong></span> <span class='ocrx_word' id='word_1_570' title='bbox 1663 4941 1784 4979; x_wconf 92' lang='lat' dir='ltr'><strong>cum</strong></span> <span class='ocrx_word' id='word_1_571' title='bbox 1842 4924 1963 4980; x_wconf 91' lang='lat' dir='ltr'><strong>aliis</strong></span> <span class='ocrx_word' id='word_1_572' title='bbox 2001 4923 2139 4979; x_wconf 86' lang='lat' dir='ltr'><strong>Nor-</strong></span> 
     </span>
    </p>
   </div>
   <div class='ocr_carea' id='block_1_81' title="bbox 553 5016 2136 5088">
    <p class='ocr_par' dir='ltr' id='par_1_81' title="bbox 553 5016 2136 5088">
     <span class='ocr_line' id='line_1_81' title="bbox 553 5016 2136 5088; baseline -0.001 -14"><span class='ocrx_word' id='word_1_573' title='bbox 553 5022 790 5084; x_wconf 90' lang='lat' dir='ltr'><strong>mannis,</strong></span> <span class='ocrx_word' id='word_1_574' title='bbox 805 5020 1002 5075; x_wconf 87' lang='lat' dir='ltr'><strong>missus</strong></span> <span class='ocrx_word' id='word_1_575' title='bbox 1025 5017 1221 5085; x_wconf 78' lang='lat' dir='ltr'><strong>fuerat,</strong></span> <span class='ocrx_word' id='word_1_576' title='bbox 1240 5018 1574 5073; x_wconf 87' lang='lat' dir='ltr'><strong>custodiendi</strong></span> <span class='ocrx_word' id='word_1_577' title='bbox 1617 5018 1787 5088; x_wconf 78' lang='lat' dir='ltr'><strong>gratia</strong></span> <span class='ocrx_word' id='word_1_578' title='bbox 1809 5016 2136 5072; x_wconf 89' lang='lat' dir='ltr'><strong>Tedmarum</strong></span> 
     </span>
    </p>
   </div>
   <div class='ocr_carea' id='block_1_82' title="bbox 551 5107 2138 5180">
    <p class='ocr_par' dir='ltr' id='par_1_82' title="bbox 551 5107 2138 5180">
     <span class='ocr_line' id='line_1_82' title="bbox 551 5107 2138 5180; baseline -0.003 -13"><span class='ocrx_word' id='word_1_579' title='bbox 551 5121 789 5167; x_wconf 87' lang='lat' dir='ltr'><strong>castrum</strong></span> <span class='ocrx_word' id='word_1_580' title='bbox 839 5129 854 5164; x_wconf 89' lang='lat'><strong>:</strong></span> <span class='ocrx_word' id='word_1_581' title='bbox 904 5111 1046 5180; x_wconf 90' lang='lat' dir='ltr'><strong>quod</strong></span> <span class='ocrx_word' id='word_1_582' title='bbox 1093 5119 1333 5165; x_wconf 84' lang='lat' dir='ltr'><strong>castrum</strong></span> <span class='ocrx_word' id='word_1_583' title='bbox 1390 5124 1514 5163; x_wconf 91' lang='lat' dir='ltr'><strong>cum</strong></span> <span class='ocrx_word' id='word_1_584' title='bbox 1569 5107 1966 5164; x_wconf 90' lang='lat' dir='ltr'><strong>habitatoribus</strong></span> <span class='ocrx_word' id='word_1_585' title='bbox 2025 5107 2138 5163; x_wconf 85' lang='lat' dir='ltr'><strong>suis</strong></span> 
     </span>
    </p>
   </div>
   <div class='ocr_carea' id='block_1_83' title="bbox 553 5200 2139 5269">
    <p class='ocr_par' dir='ltr' id='par_1_83' title="bbox 553 5200 2139 5269">
     <span class='ocr_line' id='line_1_83' title="bbox 553 5200 2139 5269; baseline 0.001 -14"><span class='ocrx_word' id='word_1_586' title='bbox 553 5210 681 5257; x_wconf 90' lang='lat' dir='ltr'><strong>tunc</strong></span> <span class='ocrx_word' id='word_1_587' title='bbox 719 5203 1124 5257; x_wconf 88' lang='lat' dir='ltr'><strong>anathernatum</strong></span> <span class='ocrx_word' id='word_1_588' title='bbox 1176 5211 1312 5256; x_wconf 90' lang='lat' dir='ltr'><strong>erat.</strong></span> <span class='ocrx_word' id='word_1_589' title='bbox 1342 5201 1443 5268; x_wconf 86' lang='lat' dir='ltr'><strong>Qui</strong></span> <span class='ocrx_word' id='word_1_590' title='bbox 1467 5201 1593 5256; x_wconf 91' lang='lat' dir='ltr'><strong>dum</strong></span> <span class='ocrx_word' id='word_1_591' title='bbox 1627 5202 1821 5256; x_wconf 87' lang='lat' dir='ltr'><strong>ibidem</strong></span> <span class='ocrx_word' id='word_1_592' title='bbox 1867 5209 2030 5269; x_wconf 89' lang='lat' dir='ltr'><strong>esset,</strong></span> <span class='ocrx_word' id='word_1_593' title='bbox 2056 5200 2139 5256; x_wconf 80' lang='lat' dir='ltr'><strong>in-</strong></span> 
     </span>
    </p>
   </div>
   <div class='ocr_carea' id='block_1_84' title="bbox 552 5290 2134 5362">
    <p class='ocr_par' dir='ltr' id='par_1_84' title="bbox 552 5290 2134 5362">
     <span class='ocr_line' id='line_1_84' title="bbox 552 5290 2134 5362; baseline 0.001 -17"><span class='ocrx_word' id='word_1_594' title='bbox 552 5290 812 5346; x_wconf 84' lang='lat' dir='ltr'><strong>ﬁrmitate</strong></span> <span class='ocrx_word' id='word_1_595' title='bbox 844 5293 1110 5362; x_wconf 90' lang='lat' dir='ltr'><strong>corporis,</strong></span> <span class='ocrx_word' id='word_1_596' title='bbox 1135 5306 1240 5361; x_wconf 88' lang='lat' dir='ltr'><strong>qua</strong></span> <span class='ocrx_word' id='word_1_597' title='bbox 1270 5300 1326 5346; x_wconf 89' lang='lat' dir='ltr'><strong>et</strong></span> <span class='ocrx_word' id='word_1_598' title='bbox 1372 5301 1618 5347; x_wconf 84' lang='lat' dir='ltr'><strong>mortuus</strong></span> <span class='ocrx_word' id='word_1_599' title='bbox 1649 5298 1753 5357; x_wconf 89' lang='lat' dir='ltr'><strong>est,</strong></span> <span class='ocrx_word' id='word_1_600' title='bbox 1785 5299 1984 5358; x_wconf 91' lang='lat' dir='ltr'><strong>tactus,</strong></span> <span class='ocrx_word' id='word_1_601' title='bbox 2012 5292 2134 5346; x_wconf 59' lang='lat' dir='ltr'><strong>dilic</strong></span> 
     </span>
    </p>
   </div>
   <div class='ocr_carea' id='block_1_85' title="bbox 553 5384 2138 5454">
    <p class='ocr_par' dir='ltr' id='par_1_85' title="bbox 553 5384 2138 5454">
     <span class='ocr_line' id='line_1_85' title="bbox 553 5384 2138 5454; baseline 0.002 -17"><span class='ocrx_word' id='word_1_602' title='bbox 553 5394 745 5454; x_wconf 74' lang='lat' dir='ltr'><strong>genter</strong></span> <span class='ocrx_word' id='word_1_603' title='bbox 807 5384 1002 5440; x_wconf 83' lang='lat' dir='ltr'><strong>animae</strong></span> <span class='ocrx_word' id='word_1_604' title='bbox 1048 5401 1160 5441; x_wconf 85' lang='lat' dir='ltr'><strong>suae</strong></span> <span class='ocrx_word' id='word_1_605' title='bbox 1209 5386 1597 5442; x_wconf 88' lang='lat' dir='ltr'><strong>detrimentum</strong></span> <span class='ocrx_word' id='word_1_606' title='bbox 1653 5386 1884 5450; x_wconf 87' lang='lat' dir='ltr'><strong>timens,</strong></span> <span class='ocrx_word' id='word_1_607' title='bbox 1931 5384 2138 5454; x_wconf 79' lang='lat' dir='ltr'><strong>Nigella</strong></span> 
     </span>
    </p>
   </div>
   <div class='ocr_carea' id='block_1_86' title="bbox 552 5475 2137 5548">
    <p class='ocr_par' dir='ltr' id='par_1_86' title="bbox 552 5475 2137 5548">
     <span class='ocr_line' id='line_1_86' title="bbox 552 5475 2137 5548; baseline 0.003 -20"><span class='ocrx_word' id='word_1_608' title='bbox 552 5475 784 5544; x_wconf 87' lang='lat' dir='ltr'><strong>quodam</strong></span> <span class='ocrx_word' id='word_1_609' title='bbox 815 5475 882 5530; x_wconf 88' lang='lat' dir='ltr'><strong>ad</strong></span> <span class='ocrx_word' id='word_1_610' title='bbox 913 5491 971 5530; x_wconf 89' lang='lat' dir='ltr'><strong>se</strong></span> <span class='ocrx_word' id='word_1_611' title='bbox 995 5477 1313 5548; x_wconf 86' lang='lat' dir='ltr'><strong>vocato,qni</strong></span> <span class='ocrx_word' id='word_1_612' title='bbox 1344 5492 1590 5533; x_wconf 89' lang='lat' dir='ltr'><strong>sororem</strong></span> <span class='ocrx_word' id='word_1_613' title='bbox 1623 5491 1777 5532; x_wconf 86' lang='lat' dir='ltr'><strong>suam</strong></span> <span class='ocrx_word' id='word_1_614' title='bbox 1799 5476 1854 5531; x_wconf 94' lang='lat' dir='ltr'><strong>in</strong></span> <span class='ocrx_word' id='word_1_615' title='bbox 1881 5475 2137 5546; x_wconf 83' lang='lat' dir='ltr'><strong>conjugio</strong></span> 
     </span>
    </p>
   </div>
   <div class='ocr_carea' id='block_1_87' title="bbox 552 5564 2140 5641">
    <p class='ocr_par' dir='ltr' id='par_1_87' title="bbox 552 5564 2140 5641">
     <span class='ocr_line' id='line_1_87' title="bbox 552 5564 2140 5641; baseline 0.001 -21"><span class='ocrx_word' id='word_1_616' title='bbox 552 5564 808 5632; x_wconf 86' lang='lat' dir='ltr'><strong>habebat,</strong></span> <span class='ocrx_word' id='word_1_617' title='bbox 833 5582 927 5622; x_wconf 89' lang='lat' dir='ltr'><strong>seu</strong></span> <span class='ocrx_word' id='word_1_618' title='bbox 955 5569 1078 5624; x_wconf 89' lang='lat' dir='ltr'><strong>aliis</strong></span> <span class='ocrx_word' id='word_1_619' title='bbox 1119 5569 1333 5636; x_wconf 87' lang='lat' dir='ltr'><strong>amicis,</strong></span> <span class='ocrx_word' id='word_1_620' title='bbox 1363 5570 1556 5641; x_wconf 87' lang='lat' dir='ltr'><strong>petivit</strong></span> <span class='ocrx_word' id='word_1_621' title='bbox 1586 5578 1646 5624; x_wconf 92' lang='lat' dir='ltr'><strong>ut</strong></span> <span class='ocrx_word' id='word_1_622' title='bbox 1685 5568 1906 5641; x_wconf 85' lang='lat' dir='ltr'><strong>quidam</strong></span> <span class='ocrx_word' id='word_1_623' title='bbox 1951 5582 2140 5624; x_wconf 85' lang='lat' dir='ltr'><strong>mona-</strong></span> 
     </span>
    </p>
   </div>
   <div class='ocr_carea' id='block_1_88' title="bbox 552 5656 2139 5732">
    <p class='ocr_par' dir='ltr' id='par_1_88' title="bbox 552 5656 2139 5732">
     <span class='ocr_line' id='line_1_88' title="bbox 552 5656 2139 5732; baseline 0.004 -22"><span class='ocrx_word' id='word_1_624' title='bbox 552 5656 692 5712; x_wconf 89' lang='lat' dir='ltr'><strong>chus</strong></span> <span class='ocrx_word' id='word_1_625' title='bbox 721 5668 905 5714; x_wconf 88' lang='lat' dir='ltr'><strong>noster</strong></span> <span class='ocrx_word' id='word_1_626' title='bbox 949 5660 1292 5726; x_wconf 84' lang='lat' dir='ltr'><strong>Gausfridus,</strong></span> <span class='ocrx_word' id='word_1_627' title='bbox 1346 5664 1436 5732; x_wconf 91' lang='lat' dir='ltr'><strong>qui</strong></span> <span class='ocrx_word' id='word_1_628' title='bbox 1471 5670 1598 5718; x_wconf 93' lang='lat' dir='ltr'><strong>tunc</strong></span> <span class='ocrx_word' id='word_1_629' title='bbox 1644 5663 1804 5718; x_wconf 85' lang='lat' dir='ltr'><strong>forte.</strong></span> <span class='ocrx_word' id='word_1_630' title='bbox 1831 5663 2036 5726; x_wconf 89' lang='lat' dir='ltr'><strong>aderat,</strong></span> <span class='ocrx_word' id='word_1_631' title='bbox 2071 5662 2139 5716; x_wconf 86' lang='lat' dir='ltr'><strong>ad</strong></span> 
     </span>
    </p>
   </div>
   <div class='ocr_carea' id='block_1_89' title="bbox 551 5747 2137 5824">
    <p class='ocr_par' dir='ltr' id='par_1_89' title="bbox 551 5747 2137 5824">
     <span class='ocr_line' id='line_1_89' title="bbox 551 5747 2137 5824; baseline 0.003 -22"><span class='ocrx_word' id='word_1_632' title='bbox 551 5747 862 5820; x_wconf 86' lang='lat' dir='ltr'><strong>episcopum</strong></span> <span class='ocrx_word' id='word_1_633' title='bbox 891 5752 1130 5808; x_wconf 89' lang='lat' dir='ltr'><strong>civitatis</strong></span> <span class='ocrx_word' id='word_1_634' title='bbox 1159 5761 1424 5823; x_wconf 90' lang='lat' dir='ltr'><strong>curreret,</strong></span> <span class='ocrx_word' id='word_1_635' title='bbox 1459 5768 1648 5824; x_wconf 90' lang='lat' dir='ltr'><strong>seque,</strong></span> <span class='ocrx_word' id='word_1_636' title='bbox 1676 5763 1785 5808; x_wconf 88' lang='lat' dir='ltr'><strong>tam</strong></span> <span class='ocrx_word' id='word_1_637' title='bbox 1822 5753 1938 5823; x_wconf 89' lang='lat' dir='ltr'><strong>ipse</strong></span> <span class='ocrx_word' id='word_1_638' title='bbox 1975 5767 2137 5823; x_wconf 89' lang='lat' dir='ltr'><strong>quam</strong></span> 
     </span>
    </p>
   </div>
   <div class='ocr_carea' id='block_1_90' title="bbox 552 5839 2135 5916">
    <p class='ocr_par' dir='ltr' id='par_1_90' title="bbox 552 5839 2135 5916">
     <span class='ocr_line' id='line_1_90' title="bbox 552 5839 2135 5916; baseline 0.004 -22"><span class='ocrx_word' id='word_1_639' title='bbox 552 5839 646 5897; x_wconf 91' lang='lat' dir='ltr'><strong>alii</strong></span> <span class='ocrx_word' id='word_1_640' title='bbox 676 5841 881 5900; x_wconf 90' lang='lat' dir='ltr'><strong>absolvi</strong></span> <span class='ocrx_word' id='word_1_641' title='bbox 928 5843 1170 5900; x_wconf 83' lang='lat' dir='ltr'><strong>tacerent</strong></span> <span class='ocrx_word' id='word_1_642' title='bbox 1199 5855 1256 5903; x_wconf 90' lang='lat' dir='ltr'><strong>et</strong></span> <span class='ocrx_word' id='word_1_643' title='bbox 1295 5847 1364 5903; x_wconf 90' lang='lat' dir='ltr'><strong>ad</strong></span> <span class='ocrx_word' id='word_1_644' title='bbox 1411 5847 1720 5904; x_wconf 75' lang='lat' dir='ltr'><strong>ccenobium</strong></span> <span class='ocrx_word' id='word_1_645' title='bbox 1765 5845 2135 5916; x_wconf 90' lang='lat' dir='ltr'><strong>sepeliendum</strong></span> 
     </span>
    </p>
   </div>
   <div class='ocr_carea' id='block_1_91' title="bbox 2687 3343 3370 3400">
    <p class='ocr_par' dir='ltr' id='par_1_91' title="bbox 2687 3343 3370 3400">
     <span class='ocr_line' id='line_1_91' title="bbox 2687 3343 3370 3400; baseline 0 0"><span class='ocrx_word' id='word_1_646' title='bbox 2687 3343 3088 3400; x_wconf 81' lang='lat' dir='ltr'><strong>CAPITULUM</strong></span> <span class='ocrx_word' id='word_1_647' title='bbox 3133 3343 3370 3400; x_wconf 75' lang='lat' dir='ltr'><strong>XXVIII.</strong></span> 
     </span>
    </p>
   </div>
   <div class='ocr_carea' id='block_1_92' title="bbox 2503 3433 3565 3507">
    <p class='ocr_par' dir='ltr' id='par_1_92' title="bbox 2503 3433 3565 3507">
     <span class='ocr_line' id='line_1_92' title="bbox 2503 3433 3565 3507; baseline 0.002 -19"><span class='ocrx_word' id='word_1_648' title='bbox 2503 3433 2582 3489; x_wconf 85' lang='lat' dir='ltr'><strong>De</strong></span> <span class='ocrx_word' id='word_1_649' title='bbox 2612 3434 2915 3490; x_wconf 77' lang='lat' dir='ltr'><strong>Raimberto</strong></span> <span class='ocrx_word' id='word_1_650' title='bbox 2957 3452 3104 3491; x_wconf 82' lang='lat' dir='ltr'><strong>servo</strong></span> <span class='ocrx_word' id='word_1_651' title='bbox 3130 3446 3178 3490; x_wconf 83' lang='lat' dir='ltr'><strong>et</strong></span> <span class='ocrx_word' id='word_1_652' title='bbox 3225 3435 3565 3507; x_wconf 81' lang='lat' dir='ltr'><strong>Frodburga.</strong></span> 
     </span>
    </p>
   </div>
   <div class='ocr_carea' id='block_1_93' title="bbox 2804 3529 3269 3599">
    <p class='ocr_par' dir='ltr' id='par_1_93' title="bbox 2804 3529 3269 3599">
     <span class='ocr_line' id='line_1_93' title="bbox 2804 3529 3269 3599; baseline 0 -17"><span class='ocrx_word' id='word_1_653' title='bbox 2804 3529 2967 3598; x_wconf 87' lang='lat' dir='ltr'><strong>(Ante</strong></span> <span class='ocrx_word' id='word_1_654' title='bbox 2998 3544 3050 3584; x_wconf 87' lang='lat' dir='ltr'><strong>a.</strong></span> <span class='ocrx_word' id='word_1_655' title='bbox 3087 3530 3269 3599; x_wconf 80' lang='lat' dir='ltr'><strong>IOGI.)</strong></span> 
     </span>
    </p>
   </div>
   <div class='ocr_carea' id='block_1_94' title="bbox 2314 3617 3796 3691">
    <p class='ocr_par' dir='ltr' id='par_1_94' title="bbox 2314 3617 3796 3691">
     <span class='ocr_line' id='line_1_94' title="bbox 2314 3617 3796 3691; baseline 0.005 -20"><span class='ocrx_word' id='word_1_656' title='bbox 2314 3636 2334 3671; x_wconf 76' lang='grc' dir='ltr'>ι</span> <span class='ocrx_word' id='word_1_657' title='bbox 2368 3617 2426 3673; x_wconf 93' lang='lat' dir='ltr'><strong>In</strong></span> <span class='ocrx_word' id='word_1_658' title='bbox 2453 3617 2550 3675; x_wconf 91' lang='lat' dir='ltr'><strong>Dei</strong></span> <span class='ocrx_word' id='word_1_659' title='bbox 2578 3621 2818 3676; x_wconf 87' lang='lat' dir='ltr'><strong>nomine.</strong></span> <span class='ocrx_word' id='word_1_660' title='bbox 2837 3621 2944 3691; x_wconf 81' lang='lat' dir='ltr'><strong>Ego</strong></span> <span class='ocrx_word' id='word_1_661' title='bbox 2967 3619 3104 3689; x_wconf 82' lang='lat' dir='ltr'><strong>Odo,</strong></span> <span class='ocrx_word' id='word_1_662' title='bbox 3133 3623 3272 3676; x_wconf 91' lang='lat' dir='ltr'><strong>ﬁlius</strong></span> <span class='ocrx_word' id='word_1_663' title='bbox 3293 3621 3514 3678; x_wconf 90' lang='lat' dir='ltr'><strong>comitis</strong></span> <span class='ocrx_word' id='word_1_664' title='bbox 3539 3622 3796 3685; x_wconf 73' lang='lat' dir='ltr'><strong>Manassat.</strong></span> 
     </span>
    </p>
   </div>
   <div class='ocr_carea' id='block_1_95' title="bbox 2235 3711 3799 3784">
    <p class='ocr_par' dir='ltr' id='par_1_95' title="bbox 2235 3711 3799 3784">
     <span class='ocr_line' id='line_1_95' title="bbox 2235 3711 3799 3784; baseline 0.002 -19"><span class='ocrx_word' id='word_1_665' title='bbox 2235 3721 2512 3767; x_wconf 91' lang='lat' dir='ltr'><strong>annuente</strong></span> <span class='ocrx_word' id='word_1_666' title='bbox 2544 3711 2712 3767; x_wconf 92' lang='lat' dir='ltr'><strong>fratre</strong></span> <span class='ocrx_word' id='word_1_667' title='bbox 2742 3728 2864 3768; x_wconf 89' lang='lat' dir='ltr'><strong>meo</strong></span> <span class='ocrx_word' id='word_1_668' title='bbox 2912 3712 3136 3784; x_wconf 80' lang='lat' dir='ltr'><strong>llugone</strong></span> <span class='ocrx_word' id='word_1_669' title='bbox 3170 3730 3234 3769; x_wconf 90' lang='lat' dir='ltr'><strong>ac</strong></span> <span class='ocrx_word' id='word_1_670' title='bbox 3271 3729 3462 3770; x_wconf 86' lang='lat' dir='ltr'><strong>sorore</strong></span> <span class='ocrx_word' id='word_1_671' title='bbox 3498 3725 3682 3769; x_wconf 86' lang='lat' dir='ltr'><strong>nostra</strong></span> <span class='ocrx_word' id='word_1_672' title='bbox 3709 3715 3799 3769; x_wconf 83' lang='lat' dir='ltr'><strong>Eu-</strong></span> 
     </span>
    </p>
   </div>
   <div class='ocr_carea' id='block_1_96' title="bbox 2233 3806 3798 3877">
    <p class='ocr_par' dir='ltr' id='par_1_96' title="bbox 2233 3806 3798 3877">
     <span class='ocr_line' id='line_1_96' title="bbox 2233 3806 3798 3877; baseline 0.002 -18"><span class='ocrx_word' id='word_1_673' title='bbox 2233 3806 2466 3869; x_wconf 89' lang='lat' dir='ltr'><strong>stachia,</strong></span> <span class='ocrx_word' id='word_1_674' title='bbox 2495 3814 2682 3860; x_wconf 91' lang='lat' dir='ltr'><strong>notum</strong></span> <span class='ocrx_word' id='word_1_675' title='bbox 2726 3820 2848 3861; x_wconf 91' lang='lat' dir='ltr'><strong>esse</strong></span> <span class='ocrx_word' id='word_1_676' title='bbox 2883 3807 3137 3877; x_wconf 70' lang='lat' dir='ltr'><strong>praesenti</strong></span> <span class='ocrx_word' id='word_1_677' title='bbox 3185 3807 3384 3876; x_wconf 89' lang='lat' dir='ltr'><strong>populo</strong></span> <span class='ocrx_word' id='word_1_678' title='bbox 3404 3818 3461 3862; x_wconf 90' lang='lat' dir='ltr'><strong>et</strong></span> <span class='ocrx_word' id='word_1_679' title='bbox 3509 3808 3702 3869; x_wconf 83' lang='lat' dir='ltr'><strong>futuro,</strong></span> <span class='ocrx_word' id='word_1_680' title='bbox 3730 3823 3798 3862; x_wconf 77' lang='lat' dir='ltr'><strong>uie</strong></span> 
     </span>
    </p>
   </div>
   <div class='ocr_carea' id='block_1_97' title="bbox 2234 3896 3798 3956">
    <p class='ocr_par' dir='ltr' id='par_1_97' title="bbox 2234 3896 3798 3956">
     <span class='ocr_line' id='line_1_97' title="bbox 2234 3896 3798 3956; baseline -0.001 -4"><span class='ocrx_word' id='word_1_681' title='bbox 2234 3898 2443 3952; x_wconf 89' lang='lat' dir='ltr'><strong>scilicet</strong></span> <span class='ocrx_word' id='word_1_682' title='bbox 2471 3896 2685 3952; x_wconf 86' lang='lat' dir='ltr'><strong>dedisse</strong></span> <span class='ocrx_word' id='word_1_683' title='bbox 2713 3896 3036 3953; x_wconf 88' lang='lat' dir='ltr'><strong>Carnotensi</strong></span> <span class='ocrx_word' id='word_1_684' title='bbox 3071 3900 3402 3954; x_wconf 89' lang='lat' dir='ltr'><strong>monasterio</strong></span> <span class='ocrx_word' id='word_1_685' title='bbox 3445 3899 3634 3956; x_wconf 86' lang='lat' dir='ltr'><strong>Sancti</strong></span> <span class='ocrx_word' id='word_1_686' title='bbox 3677 3899 3798 3953; x_wconf 85' lang='lat' dir='ltr'><strong>Petri</strong></span> 
     </span>
    </p>
   </div>
   <div class='ocr_carea' id='block_1_98' title="bbox 2233 3986 3798 4058">
    <p class='ocr_par' dir='ltr' id='par_1_98' title="bbox 2233 3986 3798 4058">
     <span class='ocr_line' id='line_1_98' title="bbox 2233 3986 3798 4058; baseline 0 -18"><span class='ocrx_word' id='word_1_687' title='bbox 2233 4003 2298 4040; x_wconf 91' lang='lat' dir='ltr'><strong>ac</strong></span> <span class='ocrx_word' id='word_1_688' title='bbox 2323 3986 2624 4043; x_wconf 84' lang='lat' dir='ltr'><strong>Jociacensi</strong></span> <span class='ocrx_word' id='word_1_689' title='bbox 2661 3987 2811 4043; x_wconf 77' lang='lat' dir='ltr'><strong>cellae</strong></span> <span class='ocrx_word' id='word_1_690' title='bbox 2858 3989 3101 4058; x_wconf 72' lang='lat' dir='ltr'><strong>prmdicti</strong></span> <span class='ocrx_word' id='word_1_691' title='bbox 3152 3991 3491 4056; x_wconf 85' lang='lat' dir='ltr'><strong>monasterii,</strong></span> <span class='ocrx_word' id='word_1_692' title='bbox 3521 4007 3590 4046; x_wconf 82' lang='lat' dir='ltr'><strong>ex</strong></span> <span class='ocrx_word' id='word_1_693' title='bbox 3641 4000 3798 4044; x_wconf 83' lang='lat' dir='ltr'><strong>nostra</strong></span> 
     </span>
    </p>
   </div>
   <div class='ocr_carea' id='block_1_99' title="bbox 2235 4080 3798 4147">
    <p class='ocr_par' dir='ltr' id='par_1_99' title="bbox 2235 4080 3798 4147">
     <span class='ocr_line' id='line_1_99' title="bbox 2235 4080 3798 4147; baseline -0.001 -13"><span class='ocrx_word' id='word_1_694' title='bbox 2235 4080 2440 4134; x_wconf 92' lang='lat' dir='ltr'><strong>familia</strong></span> <span class='ocrx_word' id='word_1_695' title='bbox 2471 4096 2711 4147; x_wconf 87' lang='lat' dir='ltr'><strong>servum,</strong></span> <span class='ocrx_word' id='word_1_696' title='bbox 2761 4083 2977 4136; x_wconf 90' lang='lat' dir='ltr'><strong>nomine</strong></span> <span class='ocrx_word' id='word_1_697' title='bbox 3020 4081 3416 4147; x_wconf 81' lang='lat' dir='ltr'><strong>Raimbertum,</strong></span> <span class='ocrx_word' id='word_1_698' title='bbox 3450 4091 3507 4136; x_wconf 91' lang='lat' dir='ltr'><strong>et</strong></span> <span class='ocrx_word' id='word_1_699' title='bbox 3553 4081 3798 4143; x_wconf 86' lang='lat' dir='ltr'><strong>ancillam,</strong></span> 
     </span>
    </p>
   </div>
   <div class='ocr_carea' id='block_1_100' title="bbox 2233 4174 3804 4246">
    <p class='ocr_par' dir='ltr' id='par_1_100' title="bbox 2233 4174 3804 4246">
     <span class='ocr_line' id='line_1_100' title="bbox 2233 4174 3804 4246; baseline 0.004 -22"><span class='ocrx_word' id='word_1_700' title='bbox 2233 4174 2495 4230; x_wconf 89' lang='lat' dir='ltr'><strong>vocabulo</strong></span> <span class='ocrx_word' id='word_1_701' title='bbox 2540 4175 2948 4246; x_wconf 80' lang='lat' dir='ltr'><strong>Frodburgam;</strong></span> <span class='ocrx_word' id='word_1_702' title='bbox 3001 4175 3223 4230; x_wconf 88' lang='lat' dir='ltr'><strong>fratrem</strong></span> <span class='ocrx_word' id='word_1_703' title='bbox 3273 4177 3526 4232; x_wconf 76' lang='lat' dir='ltr'><strong>videlicet</strong></span> <span class='ocrx_word' id='word_1_704' title='bbox 3566 4194 3627 4232; x_wconf 88' lang='lat' dir='ltr'><strong>ac</strong></span> <span class='ocrx_word' id='word_1_705' title='bbox 3671 4192 3804 4232; x_wconf 87' lang='lat' dir='ltr'><strong>soro-</strong></span> 
     </span>
    </p>
   </div>
   <div class='ocr_carea' id='block_1_101' title="bbox 2235 4268 3802 4340">
    <p class='ocr_par' dir='ltr' id='par_1_101' title="bbox 2235 4268 3802 4340">
     <span class='ocr_line' id='line_1_101' title="bbox 2235 4268 3802 4340; baseline 0.001 -20"><span class='ocrx_word' id='word_1_706' title='bbox 2235 4282 2371 4332; x_wconf 90' lang='lat' dir='ltr'><strong>rem,</strong></span> <span class='ocrx_word' id='word_1_707' title='bbox 2401 4283 2522 4322; x_wconf 91' lang='lat' dir='ltr'><strong>cum</strong></span> <span class='ocrx_word' id='word_1_708' title='bbox 2562 4268 2686 4323; x_wconf 89' lang='lat' dir='ltr'><strong>ﬁliis</strong></span> <span class='ocrx_word' id='word_1_709' title='bbox 2729 4279 2785 4324; x_wconf 91' lang='lat' dir='ltr'><strong>et</strong></span> <span class='ocrx_word' id='word_1_710' title='bbox 2815 4269 3027 4324; x_wconf 89' lang='lat' dir='ltr'><strong>ﬁliabus</strong></span> <span class='ocrx_word' id='word_1_711' title='bbox 3051 4285 3262 4338; x_wconf 89' lang='lat' dir='ltr'><strong>eorum,</strong></span> <span class='ocrx_word' id='word_1_712' title='bbox 3292 4286 3391 4340; x_wconf 89' lang='lat' dir='ltr'><strong>pro</strong></span> <span class='ocrx_word' id='word_1_713' title='bbox 3439 4271 3614 4328; x_wconf 88' lang='lat' dir='ltr'><strong>salute</strong></span> <span class='ocrx_word' id='word_1_714' title='bbox 3657 4269 3802 4340; x_wconf 83' lang='lat' dir='ltr'><strong>patris</strong></span> 
     </span>
    </p>
   </div>
   <div class='ocr_carea' id='block_1_102' title="bbox 2233 4362 3799 4436">
    <p class='ocr_par' dir='ltr' id='par_1_102' title="bbox 2233 4362 3799 4436">
     <span class='ocr_line' id='line_1_102' title="bbox 2233 4362 3799 4436; baseline -0.001 -20"><span class='ocrx_word' id='word_1_715' title='bbox 2233 4362 2405 4416; x_wconf 90' lang='lat' dir='ltr'><strong>nostri</strong></span> <span class='ocrx_word' id='word_1_716' title='bbox 2436 4363 2632 4417; x_wconf 72' lang='lat' dir='ltr'><strong>anima:</strong></span> <span class='ocrx_word' id='word_1_717' title='bbox 2662 4373 2716 4418; x_wconf 90' lang='lat' dir='ltr'><strong>et</strong></span> <span class='ocrx_word' id='word_1_718' title='bbox 2770 4364 2964 4418; x_wconf 91' lang='lat' dir='ltr'><strong>matris</strong></span> <span class='ocrx_word' id='word_1_719' title='bbox 3011 4374 3229 4420; x_wconf 60' lang='lat' dir='ltr'><strong>nostrae.</strong></span> <span class='ocrx_word' id='word_1_720' title='bbox 3261 4365 3397 4420; x_wconf 86' lang='lat' dir='ltr'><strong>Huic</strong></span> <span class='ocrx_word' id='word_1_721' title='bbox 3439 4380 3571 4436; x_wconf 77' lang='lat' dir='ltr'><strong>ergo</strong></span> <span class='ocrx_word' id='word_1_722' title='bbox 3611 4367 3742 4420; x_wconf 84' lang='lat' dir='ltr'><strong>(IOIIO</strong></span> <span class='ocrx_word' id='word_1_723' title='bbox 3765 4362 3799 4416; x_wconf 87' lang='lat' dir='ltr'><strong>si</strong></span> 
     </span>
    </p>
   </div>
   <div class='ocr_carea' id='block_1_103' title="bbox 2233 4452 3803 4527">
    <p class='ocr_par' dir='ltr' id='par_1_103' title="bbox 2233 4452 3803 4527">
     <span class='ocr_line' id='line_1_103' title="bbox 2233 4452 3803 4527; baseline 0.001 -22"><span class='ocrx_word' id='word_1_724' title='bbox 2233 4452 2356 4521; x_wconf 89' lang='lat' dir='ltr'><strong>quis</strong></span> <span class='ocrx_word' id='word_1_725' title='bbox 2396 4464 2707 4509; x_wconf 89' lang='lat' dir='ltr'><strong>nostrorum</strong></span> <span class='ocrx_word' id='word_1_726' title='bbox 2733 4455 2992 4509; x_wconf 90' lang='lat' dir='ltr'><strong>heredum</strong></span> <span class='ocrx_word' id='word_1_727' title='bbox 3033 4455 3325 4527; x_wconf 86' lang='lat' dir='ltr'><strong>aliquando</strong></span> <span class='ocrx_word' id='word_1_728' title='bbox 3374 4459 3680 4512; x_wconf 90' lang='lat' dir='ltr'><strong>contrarius</strong></span> <span class='ocrx_word' id='word_1_729' title='bbox 3702 4468 3803 4511; x_wconf 75' lang='lat' dir='ltr'><strong>esse</strong></span> 
     </span>
    </p>
   </div>
   <div class='ocr_carea' id='block_1_104' title="bbox 2239 4544 3805 4620">
    <p class='ocr_par' dir='ltr' id='par_1_104' title="bbox 2239 4544 3805 4620">
     <span class='ocr_line' id='line_1_104' title="bbox 2239 4544 3805 4620; baseline 0.001 -21"><span class='ocrx_word' id='word_1_730' title='bbox 2239 4545 2492 4612; x_wconf 88' lang='lat' dir='ltr'><strong>voluerit,</strong></span> <span class='ocrx_word' id='word_1_731' title='bbox 2523 4563 2646 4602; x_wconf 90' lang='lat' dir='ltr'><strong>cum</strong></span> <span class='ocrx_word' id='word_1_732' title='bbox 2672 4544 2810 4602; x_wconf 83' lang='lat' dir='ltr'><strong>Juda</strong></span> <span class='ocrx_word' id='word_1_733' title='bbox 2856 4547 3120 4604; x_wconf 88' lang='lat' dir='ltr'><strong>traditore</strong></span> <span class='ocrx_word' id='word_1_734' title='bbox 3151 4557 3207 4602; x_wconf 92' lang='lat' dir='ltr'><strong>et</strong></span> <span class='ocrx_word' id='word_1_735' title='bbox 3241 4565 3366 4604; x_wconf 90' lang='lat' dir='ltr'><strong>cum</strong></span> <span class='ocrx_word' id='word_1_736' title='bbox 3416 4550 3502 4605; x_wconf 90' lang='lat' dir='ltr'><strong>his</strong></span> <span class='ocrx_word' id='word_1_737' title='bbox 3525 4551 3614 4620; x_wconf 94' lang='lat' dir='ltr'><strong>qui</strong></span> <span class='ocrx_word' id='word_1_738' title='bbox 3646 4546 3805 4603; x_wconf 85' lang='lat' dir='ltr'><strong>Domi-</strong></span> 
     </span>
    </p>
   </div>
   <div class='ocr_carea' id='block_1_105' title="bbox 2241 4631 3804 4707">
    <p class='ocr_par' dir='ltr' id='par_1_105' title="bbox 2241 4631 3804 4707">
     <span class='ocr_line' id='line_1_105' title="bbox 2241 4631 3804 4707; baseline 0.001 -16"><span class='ocrx_word' id='word_1_739' title='bbox 2241 4654 2368 4693; x_wconf 91' lang='lat' dir='ltr'><strong>num</strong></span> <span class='ocrx_word' id='word_1_740' title='bbox 2409 4639 2819 4704; x_wconf 80' lang='lat' dir='ltr'><strong>cruciﬁxerunt,</strong></span> <span class='ocrx_word' id='word_1_741' title='bbox 2857 4655 2887 4693; x_wconf 93' lang='lat' dir='ltr'><strong>a</strong></span> <span class='ocrx_word' id='word_1_742' title='bbox 2936 4641 3093 4696; x_wconf 89' lang='lat' dir='ltr'><strong>beato</strong></span> <span class='ocrx_word' id='word_1_743' title='bbox 3141 4642 3330 4707; x_wconf 84' lang='lat' dir='ltr'><strong>Petro,</strong></span> <span class='ocrx_word' id='word_1_744' title='bbox 3378 4644 3465 4699; x_wconf 90' lang='lat' dir='ltr'><strong>cui</strong></span> <span class='ocrx_word' id='word_1_745' title='bbox 3512 4659 3543 4697; x_wconf 91' lang='lat' dir='ltr'><strong>a</strong></span> <span class='ocrx_word' id='word_1_746' title='bbox 3599 4631 3804 4696; x_wconf 84' lang='lat' dir='ltr'><strong>Domino</strong></span> 
     </span>
    </p>
   </div>
   <div class='ocr_carea' id='block_1_106' title="bbox 2236 4729 3800 4806">
    <p class='ocr_par' dir='ltr' id='par_1_106' title="bbox 2236 4729 3800 4806">
     <span class='ocr_line' id='line_1_106' title="bbox 2236 4729 3800 4806; baseline 0.001 -21"><span class='ocrx_word' id='word_1_747' title='bbox 2236 4730 2401 4785; x_wconf 86' lang='lat' dir='ltr'><strong>.lhesu</strong></span> <span class='ocrx_word' id='word_1_748' title='bbox 2427 4729 2644 4786; x_wconf 85' lang='lat' dir='ltr'><strong>Christo</strong></span> <span class='ocrx_word' id='word_1_749' title='bbox 2673 4731 2865 4786; x_wconf 87' lang='lat' dir='ltr'><strong>collata</strong></span> <span class='ocrx_word' id='word_1_750' title='bbox 2889 4741 2972 4786; x_wconf 89' lang='lat' dir='ltr'><strong>est</strong></span> <span class='ocrx_word' id='word_1_751' title='bbox 2996 4732 3192 4802; x_wconf 76' lang='lat' dir='ltr'><strong>ligandi</strong></span> <span class='ocrx_word' id='word_1_752' title='bbox 3214 4743 3268 4788; x_wconf 92' lang='lat' dir='ltr'><strong>et</strong></span> <span class='ocrx_word' id='word_1_753' title='bbox 3295 4734 3537 4790; x_wconf 86' lang='lat' dir='ltr'><strong>solvendi</strong></span> <span class='ocrx_word' id='word_1_754' title='bbox 3567 4743 3800 4806; x_wconf 80' lang='lat' dir='ltr'><strong>potestas,</strong></span> 
     </span>
    </p>
   </div>
   <div class='ocr_carea' id='block_1_107' title="bbox 2239 4822 3802 4893">
    <p class='ocr_par' dir='ltr' id='par_1_107' title="bbox 2239 4822 3802 4893">
     <span class='ocr_line' id='line_1_107' title="bbox 2239 4822 3802 4893; baseline 0.001 -17"><span class='ocrx_word' id='word_1_755' title='bbox 2239 4822 2729 4877; x_wconf 87' lang='lat' dir='ltr'><strong>anathematizatus</strong></span> <span class='ocrx_word' id='word_1_756' title='bbox 2756 4839 2820 4876; x_wconf 90' lang='lat' dir='ltr'><strong>ac</strong></span> <span class='ocrx_word' id='word_1_757' title='bbox 2847 4836 3000 4877; x_wconf 82' lang='lat' dir='ltr'><strong>extra</strong></span> <span class='ocrx_word' id='word_1_758' title='bbox 3048 4835 3234 4893; x_wconf 89' lang='lat' dir='ltr'><strong>portas</strong></span> <span class='ocrx_word' id='word_1_759' title='bbox 3281 4825 3523 4881; x_wconf 86' lang='lat' dir='ltr'><strong>Paradisi</strong></span> <span class='ocrx_word' id='word_1_760' title='bbox 3555 4827 3802 4887; x_wconf 79' lang='lat' dir='ltr'><strong>exclusus,</strong></span> 
     </span>
    </p>
   </div>
   <div class='ocr_carea' id='block_1_108' title="bbox 2238 4915 3804 4985">
    <p class='ocr_par' dir='ltr' id='par_1_108' title="bbox 2238 4915 3804 4985">
     <span class='ocr_line' id='line_1_108' title="bbox 2238 4915 3804 4985; baseline 0.001 -16"><span class='ocrx_word' id='word_1_761' title='bbox 2238 4915 2453 4970; x_wconf 88' lang='lat' dir='ltr'><strong>diabolo</strong></span> <span class='ocrx_word' id='word_1_762' title='bbox 2480 4915 2803 4970; x_wconf 89' lang='lat' dir='ltr'><strong>tradaturin</strong></span> <span class='ocrx_word' id='word_1_763' title='bbox 2851 4916 3199 4973; x_wconf 81' lang='lat' dir='ltr'><strong>inferioribus</strong></span> <span class='ocrx_word' id='word_1_764' title='bbox 3228 4919 3480 4985; x_wconf 84' lang='lat' dir='ltr'><strong>ﬂammis,</strong></span> <span class='ocrx_word' id='word_1_765' title='bbox 3522 4921 3664 4975; x_wconf 92' lang='lat' dir='ltr'><strong>omni</strong></span> <span class='ocrx_word' id='word_1_766' title='bbox 3691 4931 3804 4974; x_wconf 78' lang='lat' dir='ltr'><strong>tem-</strong></span> 
     </span>
    </p>
   </div>
   <div class='ocr_carea' id='block_1_109' title="bbox 2238 5006 3803 5081">
    <p class='ocr_par' dir='ltr' id='par_1_109' title="bbox 2238 5006 3803 5081">
     <span class='ocr_line' id='line_1_109' title="bbox 2238 5006 3803 5081; baseline 0.001 -21"><span class='ocrx_word' id='word_1_767' title='bbox 2238 5019 2372 5074; x_wconf 88' lang='lat' dir='ltr'><strong>pore</strong></span> <span class='ocrx_word' id='word_1_768' title='bbox 2398 5007 2746 5061; x_wconf 88' lang='lat' dir='ltr'><strong>cruciandus.</strong></span> <span class='ocrx_word' id='word_1_769' title='bbox 2784 5006 2984 5061; x_wconf 84' lang='lat' dir='ltr'><strong>Precor</strong></span> <span class='ocrx_word' id='word_1_770' title='bbox 3014 5008 3178 5075; x_wconf 79' lang='lat' dir='ltr'><strong>igitur</strong></span> <span class='ocrx_word' id='word_1_771' title='bbox 3219 5024 3406 5066; x_wconf 90' lang='lat' dir='ltr'><strong>omnes</strong></span> <span class='ocrx_word' id='word_1_772' title='bbox 3429 5012 3518 5081; x_wconf 90' lang='lat' dir='ltr'><strong>qui</strong></span> <span class='ocrx_word' id='word_1_773' title='bbox 3551 5014 3688 5066; x_wconf 88' lang='lat' dir='ltr'><strong>hanc</strong></span> <span class='ocrx_word' id='word_1_774' title='bbox 3712 5010 3803 5062; x_wconf 83' lang='lat' dir='ltr'><strong>Iar-</strong></span> 
     </span>
    </p>
   </div>
   <div class='ocr_carea' id='block_1_110' title="bbox 2239 5097 3805 5174">
    <p class='ocr_par' dir='ltr' id='par_1_110' title="bbox 2239 5097 3805 5174">
     <span class='ocr_line' id='line_1_110' title="bbox 2239 5097 3805 5174; baseline 0.002 -24"><span class='ocrx_word' id='word_1_775' title='bbox 2239 5097 2462 5168; x_wconf 79' lang='lat' dir='ltr'><strong>gitionis</strong></span> <span class='ocrx_word' id='word_1_776' title='bbox 2482 5109 2683 5153; x_wconf 79' lang='lat' dir='ltr'><strong>nosme</strong></span> <span class='ocrx_word' id='word_1_777' title='bbox 2720 5098 2954 5170; x_wconf 82' lang='lat' dir='ltr'><strong>legerint</strong></span> <span class='ocrx_word' id='word_1_778' title='bbox 2985 5100 3067 5154; x_wconf 88' lang='lat' dir='ltr'><strong>vel</strong></span> <span class='ocrx_word' id='word_1_779' title='bbox 3092 5100 3366 5156; x_wconf 90' lang='lat' dir='ltr'><strong>audierint</strong></span> <span class='ocrx_word' id='word_1_780' title='bbox 3388 5105 3731 5174; x_wconf 82' lang='lat' dir='ltr'><strong>scripturam,</strong></span> <span class='ocrx_word' id='word_1_781' title='bbox 3757 5109 3805 5154; x_wconf 90' lang='lat' dir='ltr'><strong>ut</strong></span> 
     </span>
    </p>
   </div>
   <div class='ocr_carea' id='block_1_111' title="bbox 2239 5189 3805 5266">
    <p class='ocr_par' dir='ltr' id='par_1_111' title="bbox 2239 5189 3805 5266">
     <span class='ocr_line' id='line_1_111' title="bbox 2239 5189 3805 5266; baseline 0.001 -21"><span class='ocrx_word' id='word_1_782' title='bbox 2239 5189 2338 5245; x_wconf 90' lang='lat' dir='ltr'><strong>Dei</strong></span> <span class='ocrx_word' id='word_1_783' title='bbox 2367 5190 2644 5260; x_wconf 88' lang='lat' dir='ltr'><strong>pietatem.</strong></span> <span class='ocrx_word' id='word_1_784' title='bbox 2674 5206 2773 5260; x_wconf 87' lang='lat' dir='ltr'><strong>pro</strong></span> <span class='ocrx_word' id='word_1_785' title='bbox 2799 5201 2954 5260; x_wconf 91' lang='lat' dir='ltr'><strong>patre</strong></span> <span class='ocrx_word' id='word_1_786' title='bbox 3004 5203 3198 5248; x_wconf 92' lang='lat' dir='ltr'><strong>nostro</strong></span> <span class='ocrx_word' id='word_1_787' title='bbox 3229 5193 3480 5252; x_wconf 84' lang='lat' dir='ltr'><strong>Manasse</strong></span> <span class='ocrx_word' id='word_1_788' title='bbox 3508 5206 3562 5252; x_wconf 93' lang='lat' dir='ltr'><strong>et</strong></span> <span class='ocrx_word' id='word_1_789' title='bbox 3585 5211 3680 5266; x_wconf 89' lang='lat' dir='ltr'><strong>pro</strong></span> <span class='ocrx_word' id='word_1_790' title='bbox 3723 5211 3805 5248; x_wconf 89' lang='lat' dir='ltr'><strong>no-</strong></span> 
     </span>
    </p>
   </div>
   <div class='ocr_carea' id='block_1_112' title="bbox 2240 5287 3782 5362">
    <p class='ocr_par' dir='ltr' id='par_1_112' title="bbox 2240 5287 3782 5362">
     <span class='ocr_line' id='line_1_112' title="bbox 2240 5287 3782 5362; baseline 0.001 -22"><span class='ocrx_word' id='word_1_791' title='bbox 2240 5293 2354 5340; x_wconf 86' lang='lat' dir='ltr'><strong>stra</strong></span> <span class='ocrx_word' id='word_1_792' title='bbox 2381 5294 2558 5341; x_wconf 90' lang='lat' dir='ltr'><strong>matre</strong></span> <span class='ocrx_word' id='word_1_793' title='bbox 2588 5287 2930 5352; x_wconf 87' lang='lat' dir='ltr'><strong>Constantia,</strong></span> <span class='ocrx_word' id='word_1_794' title='bbox 2971 5303 3066 5344; x_wconf 91' lang='lat' dir='ltr'><strong>seu</strong></span> <span class='ocrx_word' id='word_1_795' title='bbox 3098 5305 3197 5359; x_wconf 89' lang='lat' dir='ltr'><strong>pro</strong></span> <span class='ocrx_word' id='word_1_796' title='bbox 3247 5291 3517 5346; x_wconf 85' lang='lat' dir='ltr'><strong>nobismet</strong></span> <span class='ocrx_word' id='word_1_797' title='bbox 3559 5292 3686 5362; x_wconf 91' lang='lat' dir='ltr'><strong>ipsis</strong></span> <span class='ocrx_word' id='word_1_798' title='bbox 3723 5305 3782 5343; x_wconf 77' lang='lat' dir='ltr'><strong>ex</strong></span> 
     </span>
    </p>
   </div>
   <div class='ocr_carea' id='block_1_113' title="bbox 2221 5375 3800 5454">
    <p class='ocr_par' dir='ltr' id='par_1_113' title="bbox 2221 5375 3800 5454">
     <span class='ocr_line' id='line_1_113' title="bbox 2221 5375 3800 5454; baseline 0.004 -25"><span class='ocrx_word' id='word_1_799' title='bbox 2221 5390 2400 5432; x_wconf 86' lang='lat' dir='ltr'><strong>orare</strong></span> <span class='ocrx_word' id='word_1_800' title='bbox 2423 5375 2699 5443; x_wconf 89' lang='lat' dir='ltr'><strong>studeant,</strong></span> <span class='ocrx_word' id='word_1_801' title='bbox 2715 5385 3002 5448; x_wconf 88' lang='lat' dir='ltr'><strong>quatenus,</strong></span> <span class='ocrx_word' id='word_1_802' title='bbox 3026 5390 3147 5451; x_wconf 92' lang='lat' dir='ltr'><strong>post</strong></span> <span class='ocrx_word' id='word_1_803' title='bbox 3175 5383 3364 5439; x_wconf 89' lang='lat' dir='ltr'><strong>mundi</strong></span> <span class='ocrx_word' id='word_1_804' title='bbox 3396 5383 3555 5454; x_wconf 89' lang='lat' dir='ltr'><strong>hujus</strong></span> <span class='ocrx_word' id='word_1_805' title='bbox 3580 5395 3800 5445; x_wconf 83' lang='lat' dir='ltr'><strong>cursum,</strong></span> 
     </span>
    </p>
   </div>
   <div class='ocr_carea' id='block_1_114' title="bbox 2239 5469 3801 5546">
    <p class='ocr_par' dir='ltr' id='par_1_114' title="bbox 2239 5469 3801 5546">
     <span class='ocr_line' id='line_1_114' title="bbox 2239 5469 3801 5546; baseline 0.001 -24"><span class='ocrx_word' id='word_1_806' title='bbox 2239 5482 2336 5538; x_wconf 89' lang='lat' dir='ltr'><strong>per</strong></span> <span class='ocrx_word' id='word_1_807' title='bbox 2389 5477 2638 5524; x_wconf 89' lang='lat' dir='ltr'><strong>sanctum</strong></span> <span class='ocrx_word' id='word_1_808' title='bbox 2691 5469 2910 5524; x_wconf 89' lang='lat' dir='ltr'><strong>Petrum</strong></span> <span class='ocrx_word' id='word_1_809' title='bbox 2955 5472 3283 5542; x_wconf 85' lang='lat' dir='ltr'><strong>apostolum,</strong></span> <span class='ocrx_word' id='word_1_810' title='bbox 3328 5476 3417 5530; x_wconf 90' lang='lat' dir='ltr'><strong>cui</strong></span> <span class='ocrx_word' id='word_1_811' title='bbox 3457 5477 3801 5546; x_wconf 87' lang='lat' dir='ltr'><strong>supradictum</strong></span> 
     </span>
    </p>
   </div>
   <div class='ocr_carea' id='block_1_115' title="bbox 2241 5563 3802 5636">
    <p class='ocr_par' dir='ltr' id='par_1_115' title="bbox 2241 5563 3802 5636">
     <span class='ocr_line' id='line_1_115' title="bbox 2241 5563 3802 5636; baseline -0.002 -18"><span class='ocrx_word' id='word_1_812' title='bbox 2241 5563 2566 5618; x_wconf 88' lang='lat' dir='ltr'><strong>contulimus</strong></span> <span class='ocrx_word' id='word_1_813' title='bbox 2591 5565 3167 5636; x_wconf 85' lang='lat' dir='ltr'><strong>donum,omnipotens</strong></span> <span class='ocrx_word' id='word_1_814' title='bbox 3192 5568 3451 5624; x_wconf 89' lang='lat' dir='ltr'><strong>Dominus</strong></span> <span class='ocrx_word' id='word_1_815' title='bbox 3466 5579 3674 5624; x_wconf 60' lang='lat' dir='ltr'><strong>aeterna</strong></span> <span class='ocrx_word' id='word_1_816' title='bbox 3697 5565 3802 5617; x_wconf 70' lang='lat' dir='ltr'><strong>vita:</strong></span> 
     </span>
    </p>
   </div>
   <div class='ocr_carea' id='block_1_116' title="bbox 2241 5657 3802 5728">
    <p class='ocr_par' dir='ltr' id='par_1_116' title="bbox 2241 5657 3802 5728">
     <span class='ocr_line' id='line_1_116' title="bbox 2241 5657 3802 5728; baseline -0.002 -17"><span class='ocrx_word' id='word_1_817' title='bbox 2241 5657 2398 5713; x_wconf 88' lang='lat' dir='ltr'><strong>nobis</strong></span> <span class='ocrx_word' id='word_1_818' title='bbox 2423 5657 2630 5726; x_wconf 87' lang='lat' dir='ltr'><strong>aperiat</strong></span> <span class='ocrx_word' id='word_1_819' title='bbox 2649 5657 2895 5726; x_wconf 91' lang='lat' dir='ltr'><strong>januam.</strong></span> <span class='ocrx_word' id='word_1_820' title='bbox 2922 5657 3073 5713; x_wconf 85' lang='lat' dir='ltr'><strong>Hanc</strong></span> <span class='ocrx_word' id='word_1_821' title='bbox 3099 5669 3282 5714; x_wconf 89' lang='lat' dir='ltr'><strong>autem</strong></span> <span class='ocrx_word' id='word_1_822' title='bbox 3313 5662 3575 5715; x_wconf 84' lang='lat' dir='ltr'><strong>cartulani</strong></span> <span class='ocrx_word' id='word_1_823' title='bbox 3607 5671 3802 5728; x_wconf 80' lang='lat' dir='ltr'><strong>seraper</strong></span> 
     </span>
    </p>
   </div>
   <div class='ocr_carea' id='block_1_117' title="bbox 2242 5749 3800 5824">
    <p class='ocr_par' dir='ltr' id='par_1_117' title="bbox 2242 5749 3800 5824">
     <span class='ocr_line' id='line_1_117' title="bbox 2242 5749 3800 5824; baseline -0.003 -19"><span class='ocrx_word' id='word_1_824' title='bbox 2242 5749 2553 5808; x_wconf 88' lang='lat' dir='ltr'><strong>inviolatam</strong></span> <span class='ocrx_word' id='word_1_825' title='bbox 2583 5750 2699 5806; x_wconf 87' lang='lat' dir='ltr'><strong>fore</strong></span> <span class='ocrx_word' id='word_1_826' title='bbox 2723 5751 3022 5821; x_wconf 88' lang='lat' dir='ltr'><strong>cupientes,</strong></span> <span class='ocrx_word' id='word_1_827' title='bbox 3044 5750 3082 5806; x_wconf 83' lang='lat' dir='ltr'><strong>V</strong></span> <span class='ocrx_word' id='word_1_828' title='bbox 3106 5752 3229 5808; x_wconf 91' lang='lat' dir='ltr'><strong>idus</strong></span> <span class='ocrx_word' id='word_1_829' title='bbox 3249 5753 3502 5824; x_wconf 80' lang='lat' dir='ltr'><strong>Augusti,</strong></span> <span class='ocrx_word' id='word_1_830' title='bbox 3544 5754 3593 5808; x_wconf 93' lang='lat' dir='ltr'><strong>in</strong></span> <span class='ocrx_word' id='word_1_831' title='bbox 3623 5750 3800 5824; x_wconf 86' lang='lat' dir='ltr'><strong>palatio</strong></span> 
     </span>
    </p>
   </div>
   <div class='ocr_carea' id='block_1_118' title="bbox 2243 5845 3802 5926">
    <p class='ocr_par' dir='ltr' id='par_1_118' title="bbox 2243 5845 3802 5926">
     <span class='ocr_line' id='line_1_118' title="bbox 2243 5845 3802 5926; baseline -0.002 -26"><span class='ocrx_word' id='word_1_832' title='bbox 2243 5845 2508 5903; x_wconf 75' lang='lat' dir='ltr'><strong>Meleduni</strong></span> <span class='ocrx_word' id='word_1_833' title='bbox 2552 5849 2741 5918; x_wconf 89' lang='lat' dir='ltr'><strong>castri,</strong></span> <span class='ocrx_word' id='word_1_834' title='bbox 2782 5860 3045 5923; x_wconf 77' lang='lat' dir='ltr'><strong>praesente</strong></span> <span class='ocrx_word' id='word_1_835' title='bbox 3074 5848 3273 5906; x_wconf 87' lang='lat' dir='ltr'><strong>domno</strong></span> <span class='ocrx_word' id='word_1_836' title='bbox 3303 5859 3492 5907; x_wconf 86' lang='lat' dir='ltr'><strong>nostro</strong></span> <span class='ocrx_word' id='word_1_837' title='bbox 3516 5863 3637 5920; x_wconf 68' lang='lat' dir='ltr'><strong>rege</strong></span> <span class='ocrx_word' id='word_1_838' title='bbox 3653 5847 3802 5926; x_wconf 66' lang='grc' dir='ltr'><strong>μαίω-</strong></span> 
     </span>
    </p>
   </div>
  </div>
