3890 6302
171 363 255 423 nr
768 351 993 414 verus
1027 351 1283 429 sesua.
1312 382 1384 395 -
1410 351 1542 410 LIB.
1574 351 1658 411 vn

1759 353 2103 414 ANDRICUS
2151 352 2243 413 ET
2281 352 2675 445 suasurus.

3243 365 3347 439 eos

169 480 274 541 τίω,
301 468 520 530 mam'bos
538 467 768 540 propriis
792 465 1282 534 carraboravimus,
1312 464 1666 535 manibusque
1694 466 1743 526 Α
1840 466 1940 525 Hic
1966 466 2173 525 loculus
2198 477 2643 538 prmmemoratus
2668 469 2899 540 primum
2933 487 2964 529 a
2991 475 3187 531 comite
3211 477 3350 535 Wil-

163 564 451 638 pluriiuaruru
490 557 560 614 ibi
603 557 896 613 astantium
937 556 1392 614 carrabarandam
1445 555 1669 612 tradidi-

160 648 675 720 nus.Subscripsimus
694 650 889 706 iterum
910 656 967 704 et
993 658 1180 704 nostra
1203 647 1666 715 namina,l'acien-
1705 695 1709 699 .

160 742 416 814 tessiguum
440 736 724 796 salutifera:
745 738 921 796 crucis
953 748 1010 794 et
1028 747 1294 810 ponentes
1324 740 1540 795 nomina
1581 749 1665 795 te-

157 837 282 895 stium
301 840 524 887 utrarum
553 831 805 901 partium.
826 829 888 885 S.
917 828 1123 885 Odanis
1143 828 1381 894 comitis,
1403 829 1495 898 qui
1520 829 1666 885 hanc

154 924 437 985 donationem
455 919 928 994 lecit.S.Huganis
950 920 1188 995 comitis,
1219 917 1405 976 fratris
1438 918 1662 975 Odanis.

153 1016 196 1073 S.
219 1013 504 1080 Eustachiae,
532 1014 737 1077 sororis
761 1013 1050 1067 amborum
1090 1010 1370 1067 comitum.
1397 1007 1666 1067 Secuntur

151 1117 274 1165 testes
295 1123 309 1159 :
328 1104 619 1162 Gualterius
643 1119 850 1173 comes,
882 1104 1057 1161 Draco
1095 1102 1166 1159 de
1188 1100 1491 1168 Canﬂante,
1519 1099 1665 1156 Gua-

149 1200 435 1261 leraaausde
458 1199 685 1266 Parisia,
727 1197 1003 1255 Teduinus
1052 1195 1384 1260 vicecames,
1410 1193 1662 1251 Oidelar-

147 1295 255 1361 dus;
282 1292 447 1365 litigo,
491 1291 636 1347 (ilius
685 1290 942 1346 Richardi
989 1291 1057 1345 de
1100 1287 1662 1352 Bistisiacazcuasza

146 1385 455 1450 chissiaco;
495 1382 669 1456 lluga,
711 1382 855 1438 tilias
900 1380 1138 1452 Liperici
1164 1398 1179 1443 ς
1208 1381 1517 1437 Radbertus
1563 1379 1665 1435 Bu-

143 1477 272 1543 tﬁcus,
295 1473 607 1539 Fulcuinus;
647 1472 962 1535 Balduinus,
989 1468 1458 1542 archicapellanus
1486 1468 1661 1540 regis;

141 1566 415 1625 Gnisoelinns
435 1574 487 1622 et
513 1563 849 1629 Riebardus,
889 1561 1192 1634 capellani;
1224 1560 1499 1626 Albertus,
1523 1574 1664 1631 pne-

140 1657 298 1729 positus
313 1655 502 1712 laciaci
541 1654 733 1722 cella);
768 1653 1081 1711 Radbertus
1123 1652 1194 1708 de
1245 1651 1502 1720 Fraxina,
1530 1648 1666 1709 Hol-

1768 557 1931 614 lelma
1960 558 2117 614 datus
2156 559 2374 630 quidam
2422 562 2688 617 monacho
2721 562 3131 633 Bonrevallensi,
3160 569 3350 628 Burin-

1765 648 1920 719 garia
1946 649 2187 714 nomine,
2220 650 2521 705 dinoscitur
2546 665 2705 718 esse;
2737 661 2820 707 set
2845 654 3011 709 abbas
3055 671 3346 715 consecra-

1768 748 1874 804 tus,
1907 738 2168 794 bellorum
2220 737 2582 811 frequentiam
2632 751 2793 814 atque
2822 741 2924 799 laci
2972 759 3344 818 paupertatem

1765 830 1964 886 cotidie
1989 840 2326 885 crescentem
2366 832 2454 887 diu
2482 832 2629 888 l‘crre
2671 850 2777 889 nan
2812 835 3016 903 valens,
3057 852 3250 911 sponte
3278 846 3347 900 ad

1763 931 1921 974 suum
1941 919 2246 975 coenobium
2272 930 2356 977 est
2380 936 2649 993 reversus,
2666 925 2755 980 ubi
2785 937 2968 995 postea
2991 943 3145 985 suam
3173 940 3350 988 trans-

1761 1009 1875 1081 egit
1895 1008 2084 1065 vitam.
2126 1007 2256 1067 Post
2290 1023 2519 1072 mortem
2566 1031 2698 1073 vera
2744 1017 2998 1076 Willelmi
3029 1024 3245 1079 comitis
3291 1035 3349 1082 et

1763 1099 2026 1158 Rodberti
2062 1101 2159 1159 lilii
2183 1102 2323 1174 ejus,
2350 1120 2512 1177 quem
2554 1109 2732 1166 securi
2757 1111 2961 1169 inimici
2989 1112 3107 1187 ejus
3136 1115 3188 1171 in
3223 1132 3346 1173 caro

1761 1209 1887 1261 cere
1941 1197 2175 1269 positum
2234 1201 2645 1271 interfecerunt,
2686 1204 2797 1271 lva,
2853 1206 3023 1263 frater
3066 1208 3343 1287 Willelmi,

1761 1290 1818 1347 in
1869 1290 2075 1348 honore
2104 1296 2431 1363 succedens,
2469 1298 2716 1356 abbatem
2771 1300 3093 1358 Landrirum
3148 1320 3347 1375 rogans

1761 1384 2010 1454 expetiit,
2051 1393 2110 1441 ut
2155 1386 2333 1442 locum
2382 1389 2663 1459 prazl‘atum
2701 1391 2901 1450 Sancto
2948 1392 3109 1451 Petra
3153 1386 3347 1468 perpeo

1763 1484 1855 1532 tuo
1900 1477 2206 1555 habendum
2253 1481 2556 1553 susciperet
2603 1492 2659 1540 et
2703 1488 2998 1544 monachos
3038 1502 3166 1545 suos
3218 1490 3348 1546 illuc

1761 1569 2038 1641 dirigeret,
2072 1571 2269 1629 ibidem
2302 1573 2648 1635 militaturos.
2678 1577 2842 1649 Cujus
2880 1583 3128 1652 petitioni
3175 1584 3347 1645 abbas

1758 1662 2089 1735 obsequens,
2138 1665 2286 1721 misit
2322 1669 2588 1737 quasdam
2617 1670 2685 1726 de
2724 1672 2860 1738 suis,
2884 1675 2974 1744 qui
3005 1674 3185 1730 locum
3231 1676 3348 1732 l‘ere

138 1748 274 1819 geritis
314 1744 494 1815 major.
532 1744 819 1802 Jahanues
842 1740 1209 1799 cubicularius
1235 1740 1465 1797 dictavit
1514 1741 1658 1797 hanc

1762 1767 1861 1826 per
1891 1755 2186 1813 triennium
2232 1765 2542 1815 tenuerunt.
2574 1761 2786 1818 Accidit
2819 1740 2998 1820 autem
3028 1775 3088 1821 ut
3120 1768 3345 1837 quidam

138 1837 364 1896 eamihi!-
389 1836 581 1902 υωθο.
610 1836 1034 1893 ποιιίάὶεοοηυε
1059 1832 1341 1889 “lamini-
1365 1831 1470 1901 Ουί
1503 1846 1654 1901 ἵετο,
1690 1825 1734 1887 Β
1753 1840 1992 1913 juvenis,
2012 1846 2230 1903 nomine
2258 1846 2405 1917 Sola,
2431 1852 2750 1917 monachus,
2776 1852 3047 1910 Deadatus
3071 1871 3102 1910 a
3126 1825 3346 1914 lavacra

140 1929 289 1985 diaboli
325 1927 596 1994 instinctu,
639 1926 769 1982 huic
813 1926 893 1982 rei
933 1923 1206 1982 cantraire
1247 1921 1499 1988 valuerit,
1529 1922 1661 1977 lisca

138 2019 240 2093 regis
270 2018 522 2090 persolvat
560 2026 790 2074 centum
837 2015 1004 2072 libras
1046 2013 1208 2073 calati
1236 2013 1376 2081 auri,
1409 2022 1465 2070 et
1491 2029 1661 2069 cana-

136 2123 197 2170 tus
213 2111 307 2184 ejus
329 2113 440 2170 siue
461 2110 663 2168 eﬂ‘ectu
692 2117 1035 2181 permaneat.
1065 2127 1085 2161 ι

542 2199 952 2259 CAPITULUM
982 2196 1172 2256 XXIX.

414 2291 493 2349 De
524 2292 666 2349 cella
697 2290 906 2348 Sancta:
931 2289 1278 2362 Gauburgia.

625 2382 797 2452 (Ante
825 2396 879 2437 a.
909 2380 1093 2452 I06l.)

183 2473 270 2530 «In
312 2472 510 2546 gremio
557 2481 775 2530 sanetae
817 2472 1010 2528 matris
1050 2469 1308 2527 ecclesiae
1350 2484 1473 2525 cum
1525 2467 1659 2524 ﬁdes

128 2566 664 2639 principatum’teneat,
702 2563 1099 2627 misericordia,
1127 2576 1248 2632 qua:
1273 2576 1434 2633 greco
1461 2560 1662 2616 dicitur

126 2658 374 2722 elemosina,
411 2671 532 2713 cum
578 2670 654 2710 ex
701 2653 854 2711 fante
890 2654 1140 2711 caritatis
1187 2653 1466 2722 procedat,
1518 2651 1662 2707 inter

126 2745 296 2801 virtutes
320 2754 536 2801 caeteras
574 2760 693 2800 non
739 2744 969 2800 habetur
1015 2742 1221 2797 ultima.
1252 2741 1384 2809 Quae
1413 2742 1655 2813 quidem,

126 2835 214 2891 dum
237 2836 695 2893 minimis'Christi
724 2834 1092 2900 distribuitur,
1120 2833 1371 2891 remissio
1405 2841 1659 2904 peccata-

127 2940 210 2981 rnm
232 2928 541 2997 adipiscitur,
576 2941 813 2997 regnum
849 2925 1112 2981 coriorum
1151 2924 1503 2994 operantibus
1534 2937 1657 2978 eam

123 3018 322 3086 aperitur,
350 3019 487 3075 unde
528 3028 617 3073 est
672 3000 846 3072 illud}
890 3015 1159 3085 Benefacit
1197 3016 1391 3071 anima:
1420 3031 1532 3070 sua:
1578 3013 1660 3069 vir

124 3107 376 3175 misericors,
404 3119 461 3165 et
490 3110 652 3178 plura
701 3107 788 3162 bis
811 3106 1032 3161 similia.
1063 3105 1315 3161 Salvator
1333 3106 1533 3163 ctenim
1560 3119 1658 3161 na-

125 3210 217 3266 ster,
248 3203 600 3258 universitatis
658 3201 939 3267 Dominus,
986 3215 1111 3256 cum
1162 3200 1276 3271 ipse
1320 3200 1391 3253 sit
1440 3206 1655 3270 patens,
1684 3178 1730 3243 ο

124 3304 313 3363 potentes
351 3311 455 3351 nan
506 3295 708 3359 abicit,
761 3293 1015 3363 quoniam
1061 3293 1334 3349 neminem
1372 3286 1656 3363 vult(l'73)

122 3387 267 3454 perire,
293 3396 363 3442 set
385 3388 450 3442 ad
472 3388 819 3458 agnitionem
844 3385 1101 3441 'rcritatis
1123 3386 1311 3440 venire
1336 3393 1389 3440 et
1420 3395 1517 3453 per
1546 3384 1660 3438 fru-

118 3487 206 3529 ctus
227 3478 462 3532 bonarum
503 3491 740 3547 operum
784 3490 976 3531 omnes
1017 3473 1202 3530 ﬁdeles
1242 3482 1401 3529 vacat
1447 3474 1514 3528 ad
1556 3487 1652 3538 se;

120 3568 186 3636 qui
220 3571 395 3636 etiam,
422 3572 475 3626 in
517 3570 850 3642 Evangelia,
893 3569 1079 3625 mundi
1119 3579 1394 3624 amatores
1443 3578 1653 3625 terret:

120 3657 276 3724 Oriris,
299 3661 484 3730 inquit,
514 3660 687 3715 arbor
722 3672 845 3729 qua:
885 3674 988 3713 non
1029 3658 1157 3727 facit
1193 3658 1425 3727 fructum
1465 3658 1655 3711 bonum

121 3749 346 3817 acidam,
382 3761 427 3806 et
455 3751 510 3805 in
538 3752 722 3821 ignem
766 3748 1038 3813 mittetur;
1073 3758 1129 3821 et
1159 3749 1314 3819 plura
1342 3749 1427 3803 bis
1457 3749 1652 3803 similia

119 3855 207 3911 qua!
229 3858 319 3898 non
345 3853 470 3899 sunt
488 3844 640 3899 huic
670 3841 799 3898 stilo
820 3841 1049 3897 credita.
1086 3839 1243 3896 Unde
1271 3856 1372 3911 ego
1400 3840 1508 3904 Ivo,
1532 3858 1654 3896 cas-

121 3933 231 3989 sibus
256 3936 529 3990 mundanae
569 3931 1309 3997 conversationisinretitus,
1338 3945 1448 4001 pra:
1477 3932 1655 3987 omni-

121 4021 206 4086 bus.
231 4034 555 4093 peccatorum
603 4026 851 4094 pandere
902 4038 1144 4093 pressus,
1178 4034 1549 4078 verumtamen
1590 4024 1658 4079 de

122 4112 400 4171 multitudine
422 4115 931 4173 miscricordiarum
979 4114 1189 4171 Domini
1219 4128 1488 4184 praesumo
1517 4114 1657 4169 indi-

121 4208 219 4270 gnos
234 4220 354 4274 opus
384 4205 591 4262 bonum
620 4212 681 4259 et
710 4206 855 4274 quod
899 4205 1140 4260 creditur
1169 4203 1467 4270 laudabile;
1496 4205 1657 4263 locel-

119 4287 201 4346 iam
239 4294 434 4353 Sancta:
479 4296 835 4367 Gauburgis,
883 4295 938 4349 in
996 4294 1276 4350 territoria
1334 4296 1654 4357 Belismensi

119 4384 259 4453 situm,
278 4404 392 4445 cum
438 4390 704 4446 omnibus
730 4390 800 4444 ad
850 4389 1023 4458 ipsum
1061 4388 1238 4443 locum
1280 4390 1444 4445 rebus
1489 4389 1655 4460 perti-

120 4479 334 4547 nentibus,
354 4480 556 4539 Sancto
582 4480 752 4537 Petra
769 4479 1088 4538 Caruateasi
1110 4481 1394 4537 committo
1411 4491 1466 4537 et
1486 4482 1650 4548 dona,

117 4569 316 4637 quatinus
356 4571 556 4630 ibidem
608 4571 948 4627 militaturus
977 4571 1089 4627 Deo
1135 4573 1470 4629 manasticus
1516 4572 1652 4630 ordo

119 4658 342 4718 habeatur.
370 4664 439 4721 Ut
460 4675 650 4722 autem
681 4666 787 4721 hac
827 4663 1027 4720 donum
1063 4666 1257 4723 stabile
1290 4675 1343 4722 et
1367 4665 1649 4723 inconvul-

117 4766 204 4808 sum
222 4766 519 4825 permaneat
539 4756 667 4813 volo
687 4756 960 4823 omnibus,
979 4765 1088 4811 tam
1115 4758 1460 4828 presentibus
1485 4772 1650 4828 quam

118 4855 159 4899 et
189 4848 374 4916 tuturis,
403 4865 504 4920 per
552 4847 904 4906 succedentia
954 4857 1221 4920 tempora,
1265 4859 1452 4905 natum
1504 4863 1646 4918 esse,

112 4934 267 4994 domno
288 4955 401 4996 meo
452 4940 715 4996 Hainrica
750 4937 898 5010 regi,
930 4954 998 4994 ex
1043 4939 1200 5011 cujus
1243 4939 1508 4995 beneticio
1542 4948 1647 5006 est,

118 5042 181 5083 me
209 5034 654 5090 carroborandum
710 5033 1015 5088 tradidisse.
1050 5031 1106 5089 Si
1132 5032 1256 5101 quis
1281 5046 1430 5098 vero,
1460 5032 1648 5088 diaba-

116 5117 201 5176 iitze
236 5126 503 5193 pravitatis
550 5125 834 5190 instinctu,
871 5124 997 5179 huic
1058 5123 1200 5179 facta
1226 5123 1403 5194 (quod
1443 5125 1579 5180 absit
1604 5123 1645 5194 !)
1734 5172 1739 5177 .

118 5217 363 5273 usurarius
385 5218 652 5282 extiterit,
678 5219 814 5273 iram
837 5216 930 5273 Dei
958 5216 1229 5279 incurrat;
1248 5216 1435 5272 beatus
1454 5215 1647 5272 Petrus

118 5300 171 5356 illi
191 5310 471 5365 contrarius
496 5308 598 5366 liat
618 5318 677 5365 et
698 5308 971 5373 inimicus,
988 5322 1109 5364 cum
1133 5308 1331 5365 ceteris
1358 5310 1640 5373 omnibus;

118 5401 351 5468 Mmoria
373 5402 802 5473 pmsumptione
836 5401 1121 5467 confusus,
1149 5400 1298 5457 mille
1328 5399 1495 5456 libras
1524 5400 1644 5455 auri

118 5486 201 5560 τεεί
235 5486 574 5564 Francorum,
616 5496 693 5552 ab
742 5495 1103 5552 temeritatem
1152 5494 1399 5566 injuriae,
1440 5491 1646 5563 persal-

118 5591 244 5636 ῆι.»

169 5696 291 5771 "73)
318 5696 514 5771 Sic,et
530 5698 956 5771 superius,_cap.
986 5696 1074 5771 26-
1170 5765 1183 5771 ,
1264 5762 1297 5771 η
1344 5763 1375 5771 ,.
1594 5760 1595 5763 η

171 5762 448 5841 (titjﬂanc
476 5762 726 5827 chartam
751 5762 919 5823 habes
940 5768 1141 5825 editam
1169 5765 1221 5822 in
1254 5762 1394 5824 Call.
1427 5783 1639 5850 ειη-ξειη

511 5864 786 5926 Pareat.
818 5859 996 5924 CLV.

1758 1948 1919 1990 sacro
1937 1936 2227 2004 vocitatus,
2252 1939 2473 2005 ibidem.
2515 1951 2573 1996 ut
2597 1941 2896 2012 ferebatur,
2934 1946 3165 2015 quedam
3196 1947 3347 2002 nefa-

1760 2026 1841 2083 ria
1872 2028 2155 2097 actitabat,
2185 2042 2264 2100 et,
2285 2032 2463 2091 zabuli
2490 2034 2775 2103 instinctu,
2815 2036 3021 2108 majora
3043 2038 3221 2094 adhuc
3241 2036 3347 2095 lla-

1746 2124 1891 2196 gitia
1926 2126 2207 2185 moliretur
2230 2144 2394 2203 agere
2420 2148 2436 2199 ;
2470 2133 2540 2189 ab
2564 2132 2681 2204 ejus
2710 2136 3063 2208 complicibus
3102 2139 3346 2195 denuda-

1761 2228 1850 2277 tus
1875 2229 1995 2288 est;
2025 2233 2103 2289 et,
2131 2226 2387 2294 praesidio
2428 2225 2569 2298 fuste
2621 2227 2865 2300 elapsus,
2902 2230 2956 2285 in
3006 2230 3343 2291 Britanniam

1758 2324 1821 2366 se
1845 2313 2170 2384 suscipiens,
2198 2330 2422 2379 suorum
2455 2333 2681 2390 operum
2714 2322 2969 2391 pcdorem
3002 2324 3154 2378 nobis
3182 2340 3348 2395 gran-

1758 2401 1882 2459 dem
1926 2405 2261 2476 relinquens,
2305 2423 2406 2465 nas
2444 2410 2700 2466 alienavit
2736 2427 2768 2467 a
2802 2412 2944 2478 laco,
2994 2423 3049 2470 et
3090 2413 3264 2469 locum
3302 2430 3345 2469 a

1761 2499 1938 2557 nobis.

2248 2592 2651 2653 CAPITULUM
2680 2595 2849 2653 XXX.

2008 2687 2085 2743 Do
2112 2687 2331 2745 ecclesia
2370 2691 2540 2745 sancti
2567 2689 2793 2747 Dionisii
2823 2690 3092 2763 Nogiomi.

2293 2781 2380 2853 (Α.
2412 2783 2590 2837 circit.
2622 2782 2807 2853 I078.)
2874 2852 2881 2857 ι
3294 2822 3301 2827 ·
3364 2850 3369 2857 ,

1836 2889 1855 2926 ι
1892 2871 1949 2927 In
1978 2872 2125 2943 (I74)
2152 2876 2359 2944 gremia
2387 2883 2590 2930 sanctae
2620 2877 2810 2931 matris
2840 2876 3100 2934 mcclesite
3133 2892 3255 2937 cum
3283 2878 3347 2943 Ii-

1761 2963 1857 3020 des
1898 2965 2257 3035 principatum
2305 2977 2516 3032 teneat,
2563 2968 2969 3033 misericordia,
3014 2986 3136 3039 igua:
3180 2988 3345 3042 graec

1758 3056 1959 3114 dicitur
1984 3057 2300 3125 elemosina,
2329 3073 2452 3113 cum
2486 3074 2551 3115 ex
2583 3060 2733 3116 fante
2771 3062 3020 3117 caritatis
3060 3067 3342 3135 procedat,

1764 3148 1905 3204 inter
1928 3148 2154 3205 virtutes
2177 3159 2386 3206 ceteras
2411 3167 2517 3206 non
2546 3153 2776 3208 habetur
2820 3155 3028 3210 ultima.
3054 3156 3203 3223 .Qute
3223 3161 3346 3228 qui-

1765 3241 1923 3307 dem,
1952 3243 2078 3297 dum
2135 3242 2372 3297 minimis
2422 3241 2625 3298 Christi
2674 3244 3046 3311 distribuitur,
3095 3249 3345 3305 remissio

1762 3341 2112 3403 peccatorum
2158 3335 2497 3405 adipiscitur,
2531 3352 2754 3406 regnum
2803 3338 3064 3394 caelorum
3111 3356 3346 3412 aperan-

1760 3424 1903 3480 tibus
1926 3439 2045 3479 eam
2077 3428 2338 3496 aperitur.
2362 3427 2512 3483 Unde
2540 3440 2624 3483 est
2656 3429 2785 3484 illud
2815 3447 2829 3483 :
2857 3432 3129 3501 Benefucit
3150 3436 3345 3492 anitum

1757 3532 1871 3571 ante
1889 3518 1970 3571 rir
1996 3519 2326 3585 misericors;
2364 3530 2419 3575 et
2447 3520 2598 3589 plura
2622 3523 2708 3577 his
2738 3523 2954 3578 similia.
2983 3524 3234 3581 Salvator
3256 3538 3345 3581 e1-

1758 3606 1903 3664 enim
1947 3620 2152 3671 noster.
2201 3612 2573 3667 univcrsitatis
2614 3614 2894 3682 Dominus,
2936 3631 3060 3671 cum
3112 3619 3225 3689 ipse
3272 3620 3346 3675 sit

1758 3709 1972 3772 potens,
2004 3710 2252 3770 patentes
2290 3718 2400 3757 non
2429 3704 2616 3769 abicit,
2642 3707 2895 3774 quoniam
2948 3710 3216 3765 neminem
3246 3727 3345 3782 pe—

1760 3794 1867 3847 rire
1894 3793 2066 3864 (I75),
2097 3802 2179 3848 set
2209 3795 2275 3848 ad
2302 3794 2628 3864 agnitionem
2652 3797 2842 3852 venire
2877 3799 3139 3864 veritatis,
3164 3811 3222 3856 et
3246 3818 3342 3873 per

1757 3884 1967 3940 fructus
1994 3886 2255 3939 bonorum
2294 3899 2517 3956 aperum
2546 3901 2736 3942 omnes
2757 3888 2943 3945 ﬁdeles
2967 3901 3121 3947 vocat
3147 3894 3217 3948 ad
3244 3909 3335 3961 se;

1757 3976 1849 4046 qtti
1894 3977 2084 4042 etiam,
2112 3976 2165 4032 in
2213 3967 2527 4048 Evangelia,
2577 3980 2762 4033 mundi
2798 3990 3074 4038 amatores
3123 3993 3335 4041 terret:

1758 4067 1965 4136 Omnia,
1995 4070 2189 4141 inquit,
2218 4070 2375 4125 arbor
2411 4086 2527 4141 qua:
2561 4087 2663 4126 non
2692 4071 2821 4140 facit
2870 4074 3099 4141 fructum
3145 4077 3339 4132 bonum

1753 4162 2041 4229 excidatur,
2072 4171 2119 4216 et
2150 4162 2202 4218 in
2230 4165 2400 4232 ignem
2439 4164 2783 4229 mittetur;ct
2808 4164 2962 4234 plura
2992 4167 3075 4222 his
3113 4168 3334 4237 similia,

1756 4269 1875 4325 qua:
1900 4269 2005 4309 nan
2032 4264 2159 4310 sunt
2186 4255 2312 4310 huic
2337 4254 2461 4312 stilo
2487 4254 2717 4312 credita.
2744 4254 2896 4311 Unde
2921 4272 3022 4329 ego
3049 4257 3333 4327 Rotracus,

1755 4347 2002 4404 cassibus
2028 4347 2314 4403 mundana:
2355 4348 2783 4404 conversationis
2828 4349 3101 4417 inretitus,
3129 4354 3338 4412 militiis

1755 4440 1922 4495 armis
1944 4441 2239 4508 accinctus,
2276 4456 2388 4511 prae
2432 4442 2684 4498 omnibus
2725 4455 3065 4514 peccatorum
3098 4448 3336 4515 ponJere

1683 4537 1730 4597 ι)
1755 4550 1997 4607 pressus,
2032 4544 2404 4591 verumtamen
2445 4537 2513 4592 de
2560 4538 2906 4595 multitudine
2938 4540 3336 4595 miscricordia-

1754 4641 1874 4680 rum
1907 4623 2116 4679 Domini
2148 4639 2415 4695 prazsuma
2445 4624 2697 4695 indignus
2722 4641 2859 4695 apus
2888 4625 3086 4680 bonum
3109 4635 3163 4681 et
3189 4627 3336 4697 quod

1754 4722 1995 4780 creditur
2040 4720 2403 4785 laudabilius;
2460 4720 2847 4776 monasterium
2899 4720 3138 4781 scilicet.
3188 4718 3336 4789 quod

1754 4829 1907 4873 mens
1943 4813 2155 4885 genitor
2200 4809 2535 4868 Gausl'redns
2582 4811 2636 4866 in
2665 4811 2869 4866 honore
2899 4811 3074 4865 sancti
3108 4810 3333 4865 Dianisii

1752 4917 2071 4963 construere
2098 4904 2281 4974 coepit,
2309 4904 2363 4959 in
2404 4903 2679 4958 territoria
2715 4918 2820 4958 non
2851 4901 3009 4972 longe
3032 4901 3328 4958 distanteza

1753 5002 1977 5058 castella
2006 4999 2266 5072 Nogiomo
2309 4999 2474 5067 dicta,
2500 5000 2657 5069 cupio
2701 4998 2931 5068 amplius
2978 4998 3252 5054 adamare
3276 5009 3336 5054 et

1750 5095 2114 5168 magniﬁcare.
2147 5092 2475 5149 Venerandm
2496 5093 2690 5162 quippe
2715 5089 2987 5145 memoriae
3009 5089 3177 5145 abbas
3193 5090 3337 5146 Lan-

1750 5191 1934 5245 dricus
1961 5204 2046 5244 me
2071 5190 2258 5243 adiens
2305 5188 2501 5243 obnixe
2540 5185 2766 5255 rogavit,
2793 5183 3048 5253 quatinus
3095 5186 3331 5240 eundem

1749 5284 2137 5340 monasterium
2200 5282 2400 5338 Sancto
2462 5278 2624 5333 Petro
2684 5276 3044 5341 Carnutensi,
3097 5277 3168 5332 ab
3226 5276 3329 5331 mei

1750 5378 2067 5435 memoriam
2110 5383 2164 5430 et
2195 5373 2380 5430 uxoris
2429 5370 2773 5441 ﬁliorumque
2814 5383 3078 5434 mearum,
3125 5376 3186 5422 et
3231 5378 3330 5438 pro

1747 5471 1926 5528 anima
1955 5468 2249 5540 supradicti
2284 5465 2543 5537 genitoris
2584 5463 2689 5529 mei
2731 5472 2787 5519 et
2829 5461 3023 5516 matris
3047 5475 3204 5523 nime,
3227 5459 3325 5514 da-

1749 5577 1956 5619 narem.
1983 5557 2134 5628 Quod
2165 5573 2264 5630 ego
2290 5555 2645 5611 libentissime
2670 5551 2855 5620 annui,
2889 5559 2948 5607 ut
2977 5550 3118 5606 idem
3144 5555 3329 5618 pastor

1749 5694 1792 5740 t.
1816 5678 1952 5742 VIII,
1974 5676 2159 5737 instr.,
2191 5669 2292 5726 cal.
2334 5665 2460 5742 ὄψι.

1822 5737 1970 5827 (I75)
1998 5745 2272 5804 Omissum
2311 5737 2414 5794 vult
2426 5777 2441 5795 .

2934 5824 3003 5884 10
