3890 6302
558 319 672 383 ἒ99

1494 314 1707 376 ῬΛυιιι
1737 312 2020 376 8.”ΡΕΤΒΙ
2059 313 2536 377 CARNOTENSIS
2576 310 2883 377 MONACIII

3693 314 3777 375 300

566 447 623 492 et
666 437 920 507 princeps
969 436 1129 492 michi
1166 444 1221 493 et
1264 433 1548 492 animabus
1590 448 1776 487 eorum
1813 445 2127 486 succurrere
2163 412 2207 489 Α
2233 432 2387 503 signo
2412 432 2591 488 crucis
2620 447 2740 486 eam
2782 432 3053 498 roboravi,
3086 443 3140 490 et
3172 433 3279 490 ﬁlio
3298 444 3418 486 meo
3448 428 3772 487 roborandam

565 528 839 599 dignetur,
867 531 1115 599 aperiens
1137 529 1292 584 nobis
1327 538 1508 599 portas
1538 526 1685 595 regni
1709 523 1965 587 crelestis,
1983 537 2141 592 quas,

565 634 596 673 ο
629 619 847 674 domino
882 627 1146 689 potestate
1175 628 1419 688 accepta,
1448 615 1700 670 omnibus
1739 612 1986 667 ﬁdelibus
2016 624 2142 682 ape-

561 708 746 765 rit.'Ut
771 717 950 765 autem
979 709 1080 764 hoc
1103 708 1296 764 stabile
1324 718 1381 762 et
1409 703 1778 763 inconvulsum
1806 708 2140 773 permaneat,

559 799 687 855 volo
712 798 986 866 omnibus,
1009 807 1122 854 tam
1155 798 1508 869 praesentibus
1536 811 1699 866 quam
1730 804 1783 851 et
1806 793 2022 858 futuris,
2045 807 2144 863 per

561 890 910 946 succedentia
946 900 1219 961 tempora,
1239 888 1484 945 ﬁdelibus
1505 897 1691 943 notum
1723 896 1865 952 esse,
1892 884 2141 940 manibus

554 981 805 1038 omnium
859 979 1095 1035 ﬁdelium
1137 994 1380 1035 meorum
1410 992 1498 1033 me
1551 975 2141 1032 corroborandumtra-

564 1068 788 1129 didisse.
817 1070 873 1127 Si
897 1072 1019 1143 quis
1047 1061 1195 1137 vero,
1231 1070 1508 1126 diabolicae
1533 1067 1821 1140 pravitatis
1859 1064 2142 1130 instinctu,

553 1162 694 1217 'huic
728 1162 876 1218 facto
906 1163 1070 1233 (quod
1121 1162 1321 1234 absit!)
1364 1160 1672 1217 contrarius
1710 1158 1972 1224 extiterit,
2007 1170 2142 1211 ana-

549 1255 749 1309 ‘thema
795 1254 900 1320 sit,
940 1255 992 1308 in
1050 1254 1369 1323 infernaque
1421 1250 1669 1307 inferiori
1718 1260 1997 1314 retrusus,
2048 1246 2139 1303 ubi

562 1343 784 1410 vermis,
812 1345 904 1414 qui
931 1359 1201 1414 nonquam
1229 1344 1478 1411 moritur,
1492 1340 1609 1411 ejus
1637 1340 1891 1396 corrodat
1911 1353 2136 1405 carnes;

548 1448 615 1491 tet
665 1436 824 1506 ignis,
869 1436 959 1506 qui
1017 1450 1290 1505 nunquam
1343 1433 1709 1504 extinguitur,
1758 1445 1974 1502 semper
2022 1427 2141 1500 ejus

554 1536 816 1597 pascatur
845 1525 1202 1580 cruciatibus.

633 1618 738 1673 Iste
773 1618 944 1683 locus,
998 1617 1234 1686 quandiu
1288 1615 1424 1671 vixit
1471 1626 1651 1671 cernes
1707 1612 2007 1679 Rotrocus,
2045 1622 2143 1683 per

544 1708 834 1779 plusculos
864 1723 1038 1762 annos
1078 1724 1108 1762 a
1152 1708 1351 1763 nostris
1384 1707 1663 1763 monachis
1705 1716 1788 1760 est
1820 1719 2136 1775 possessus,

2242 525 2516 594 proposui.
2551 523 2611 579 8.
2640 522 2902 593 Stephani
2946 525 3179 580 comitis.
3221 524 3280 581 8.
3327 520 3777 578 GausfridideGa-

2242 612 2350 669 lido
2372 611 2570 669 Monte.
2595 613 2652 670 S.
2682 611 2931 670 Widonis
2970 615 3036 670 de
3077 613 3288 670 Breina.
3331 614 3392 669 8.
3444 613 3668 667 Ilainrici
3706 614 3779 669 da-

2241 690 2419 775 piferi.
2458 703 2517 761 s.
2546 704 2796 761 Widonis
2823 705 2891 760 de
2922 704 3102 761 Monte
3128 704 3444 761 Leodorico.
3467 704 3528 761 s.
3559 705 3778 773 Alcherii,

2243 794 2339 849 ﬁlii
2365 794 2664 852 Guauslini.
2694 795 2752 852 8.
2786 795 3046 867 Hugonis,
3078 796 3171 853 ﬁlii
3206 795 3489 853 Tedbaldi.
3526 816 3546 850 r

2703 887 3098 946 CAPITULUM
3136 888 3348 945 XXXII.

2372 976 2598 1034 Donatio
2621 978 3007 1034 collibertorum
3039 998 3072 1035 a
3105 981 3400 1035 ricecomite
3432 977 3680 1033 Ebrardo.

2798 1071 2962 1143 (Ante
2986 1087 3037 1126 a.
3078 1072 3262 1144 tato.)

2317 1179 2337 1214 ι
2371 1161 2430 1218 ln
2477 1161 2694 1220 nomine
2737 1162 2947 1219 Demini
2997 1164 3165 1219 nostri
3215 1162 3382 1220 Jhesu
3425 1162 3656 1231 Christi,
3704 1162 3782 1219 ﬁlii

2243 1249 2338 1309 Dei
2385 1254 2602 1310 summi.
2647 1254 2760 1327 Ego
2799 1255 3091 1321 Ebrardus,
3140 1254 3558 1312 Carnotensium
3602 1256 3783 1312 viceco-

2244 1357 2360 1399 mes
2402 1343 2569 1417 (176),
2599 1354 2784 1401 notum
2831 1360 2952 1402 esse
3001 1345 3121 1402 volo
3158 1347 3515 1418 przesentibus
3542 1355 3691 1417 atque
3722 1347 3785 1402 fu-

2196 1435 2420 1501 *turis,
2479 1437 2622 1506 quod
2682 1436 2935 1492 adierunt
2994 1454 3170 1495 meam
3231 1439 3573 1509 praesentiam
3628 1438 3783 1493 Sancti

2226 1523 2387 1581 'Pctri
2416 1526 2763 1584 Carnotensis
2787 1530 3058 1595 monachi,
3091 1532 3468 1601 deprecantes,
3498 1540 3579 1595 ut,
3600 1545 3689 1601 pro
3715 1546 3785 1585 re-

2242 1616 2423 1674 medio
2444 1618 2638 1673 animm
2689 1633 2842 1687 mete,
2873 1619 3200 1677 dimitterem
3242 1620 3603 1692 calumpniam
3647 1635 3785 1691 quam

2245 1705 2578 1761 immiseram
2611 1706 2664 1761 in
2707 1706 2829 1763 ﬁliis
2853 1707 3111 1775 Girberti,
3143 1713 3247 1766 mei
3293 1709 3459 1776 servi,
3494 1711 3562 1766 de
3593 1711 3787 1766 Ymonis

562 1777 732 1853 donec
775 1800 842 1853 ab
887 1812 1054 1852 uxore
1099 1796 1394 1864 Gausfridi,
1449 1797 1666 1853 nomine
1712 1794 1975 1860 Beatrici,
2001 1795 2137 1865 jussi
2168 1777 2214 1838 Β
2243 1795 2410 1863 Villa,
2442 1798 2535 1868 qui
2568 1814 2635 1854 ex
2665 1799 2859 1855 ancilla
2902 1799 3090 1858 Sancti
3115 1800 3259 1857 Petri
3301 1801 3644 1858 Carnotensis
3693 1802 3786 1855 nati

563 1899 688 1943 sunt
713 1888 932 1961 egredi;
964 1888 1251 1945 occasione
1280 1898 1458 1953 nacta,
1490 1887 1630 1958 quod
1672 1887 1901 1942 domnus
1930 1884 2139 1940 Huber-

564 1991 672 2048 tus,
703 1981 971 2051 quondam
1008 1980 1177 2036 nostri
1224 1980 1322 2036 loci
1370 1981 1558 2047 abbas,
1587 1977 1762 2034 ollicio
1790 1977 2002 2033 abbatis
2028 1991 2135 2032 non

556 2088 773 2147 poterat
799 2077 904 2141 uti;
928 2077 1013 2132 cui
1044 2076 1229 2131 vivens
1253 2075 1518 2130 Rotrocus
1547 2090 1642 2144 per
1669 2072 1917 2127 abbatem
1946 2070 2139 2124 Eusta-

551 2168 741 2222 chium
762 2167 1024 2222 tecclesite
1057 2166 1294 2235 regimen
1324 2166 1566 2229 dederat,
1591 2165 1849 2234 virgaque
1879 2157 2132 2231 pastorali

559 2258 889 2323 donat'crat;
916 2267 970 2312 et
1000 2257 1258 2322 moriens,
1292 2257 1549 2327 quicquid
1569 2255 1622 2309 in
1647 2268 1780 2309 auro
1807 2262 1863 2308 et
1889 2260 2133 2322 argento,

548 2349 686 2403 vino
721 2357 775 2403 et
820 2348 1021 2409 tritico,
1069 2350 1402 2418 possederat,
1458 2348 1512 2401 in
1567 2362 1697 2401 usus
1740 2344 2133 2400 monachorum

554 2446 729 2492 totum
759 2436 994 2507 reliquit.
1024 2436 1140 2503 Quo
1171 2445 1405 2501 mortuo,
1443 2435 1536 2490 ﬁlii
1579 2436 1697 2506 ejus
1739 2448 1956 2489 omnem
1996 2431 2135 2486 triti-

553 2541 684 2581 cum
719 2535 774 2581 et
802 2526 984 2581 vinum
1015 2533 1343 2590 mutuantes,
1374 2525 1651 2580 inimicum
1691 2523 1953 2578 habentes
1988 2520 2135 2575 fene-

558 2628 815 2685 ratorem,
843 2617 885 2672 si
908 2617 1124 2687 quando
1164 2617 1466 2687 requireret
1496 2616 1638 2685 quod
1668 2622 1855 2668 mutuo
1879 2614 2133 2683 prostite-

559 2717 684 2776 rat;
714 2708 929 2764 Beatrix
961 2723 1194 2778 quoque,
1232 2722 1367 2762 uxor
1393 2706 1612 2775 majoris
1639 2704 1753 2771 ﬁlii,
1782 2704 1921 2757 intra
1951 2715 2133 2756 arcem

544 2815 712 2857 suam
743 2815 932 2854 aurum
962 2808 1014 2855 et
1060 2806 1339 2869 argentum
1374 2798 1602 2865 habens,
1648 2812 1708 2853 se
1750 2796 1852 2851 sibi
1912 2793 2135 2865 pr0pin-

543 2894 805 2961 ~qutoretn
844 2889 1127 2954 estimans,
1166 2898 1350 2957 preter
1384 2886 1606 2943 calicem
1653 2899 1818 2940 unum
1863 2898 2023 2954 quem
2057 2881 2136 2938 fe-

538 2986 711 3036 'ccrat
737 2990 988 3041 aureum,
1028 2976 1195 3032 nichil
1221 2976 1441 3032 omnino
1480 2975 1647 3029 voluit
1695 2974 1940 3029 reddere.
1975 2972 2130 3043 .Dum

551 3084 689 3125 vero
732 3084 955 3141 persepe
992 3084 1023 3123 a
1065 3067 1373 3138 supradicto
1414 3074 1763 3136 procuratore
1807 3064 1911 3120 loci
1950 3064 2131 3119 verbis

2237 1898 2382 1945 sunt.
2413 1889 2567 1958 Quod
2596 1900 2652 1947 et
2681 1891 2806 1961 feci,
2836 1892 3110 1963 accipiens
3138 1895 3207 1949 ab
3238 1893 3317 1949 eis
3346 1901 3564 1949 centum
3611 1891 3788 1946 solidos

2238 1997 2581 2037 nmnmorum
2612 1991 2667 2039 et
2720 1985 2932 2041 unciam
2979 1986 3131 2053 auri;
3184 1993 3241 2041 et
3290 1984 3561 2040 concessit
3604 1983 3788 2038 Sancto

2236 2073 2398 2130 Petro
2426 2073 2744 2132 Carnoteusi
2782 2087 2837 2133 et
2870 2078 3147 2134 monachis
3181 2077 3567 2133 famulantibus
3592 2077 3787 2141 ibidem,

2235 2163 2441 2234 absque
2473 2164 2798 2236 calumpnia,
2820 2167 2961 2237 ipsos
3003 2164 3142 2223 ﬁlios
3181 2166 3417 2223 Girberti
3460 2176 3516 2224 et
3553 2165 3788 2236 Beringe-

2236 2253 2398 2320 rium,
2434 2265 2720 2325 cognatum
2749 2270 2960 2323 eorum,
2992 2272 3113 2313 cum
3146 2270 3317 2312 uxore
3341 2266 3398 2313 ct
3428 2256 3552 2312 ﬁliis
3577 2265 3632 2311 et
3675 2255 3792 2309 ﬁlia-

2234 2341 2336 2399 bus
2362 2343 2495 2410 suis,
2518 2354 2572 2400 et
2610 2346 2866 2417 progenie
2896 2346 3064 2417 ipsius
3108 2345 3369 2415 Gisberti,
3393 2346 3485 2417 qui
3532 2345 3662 2402 infra
3692 2356 3791 2399 ter-

2236 2436 2412 2490 minos
2442 2434 2640 2490 lmonis
2671 2434 2820 2490 Villa:
2845 2436 3009 2507 degit,
3037 2451 3134 2507 pro
3158 2438 3395 2493 mmedio
3420 2437 3610 2492 animat
3652 2451 3791 2497 meae.

2234 2533 2289 2580 et
2308 2521 2593 2595 parentum
2625 2539 2889 2590 meorum,
2919 2527 3213 2596 uxorisque
3242 2542 3376 2582 mete
3406 2525 3702 2599 Ilunbergre
3745 2537 3796 2581 et

2236 2611 2466 2667 ﬁliorum
2496 2627 2767 2680 meorum;
2792 2614 3046 2683 quatinus
3076 2615 3145 2669 ab
3173 2614 3432 2670 hodierna
3474 2616 3558 2670 die
3584 2625 3636 2671 et
3656 2616 3794 2669 dein-

2234 2719 2361 2774 ceps
2389 2705 2629 2760 serviant
2654 2706 2957 2771 monachis,
3005 2705 3209 2777 absque
3236 2705 3346 2762 ullo
3387 2707 3719 2762 contradictu
3748 2716 3797 2762 et

2234 2796 2559 2866 calmnpnia.
2591 2795 2742 2865 Quod
2767 2798 2811 2852 si
2836 2798 2957 2867 quis
2985 2798 3123 2854 hanc
3170 2797 3435 2855 cartalam
3464 2808 3521 2854 et
3562 2797 3797 2854 donatio-

2233 2901 2355 2942 nem
2386 2888 2679 2958 dampnare
2708 2888 2959 2954 voluerit,
2990 2888 3313 2959 dampnatus
3338 2898 3528 2960 pereat
3553 2890 3605 2944 in
3647 2900 3799 2944 aeter-

2232 2991 2385 3032 num.
2410 2976 2471 3033 8.
2498 2977 2727 3033 Ebrardi
2762 2978 3099 3036 vicecomitis
3118 3020 3132 3045 ,
3159 2980 3250 3051 qui
3279 2980 3422 3036 hanc
3466 2981 3799 3037 donationem

2236 3069 2384 3125 fecit.
2430 3068 2488 3125 S.
2538 3069 2784 3138 Ebrardi,
2816 3070 2908 3127 ﬁlii
2956 3070 3093 3140 ejus.
3138 3072 3197 3139 S,
3232 3073 3501 3146 Hugonis,
3552 3073 3642 3129 ﬁlii
3670 3073 3799 3144 ejus.

542 3161 760 3216 acriter
793 3169 1128 3226 moneretur,
1159 3167 1217 3214 ut
1242 3158 1591 3214 elemosinam
1622 3157 1817 3213 mortui
1856 3156 2127 3222 redderet,
2157 3144 2202 3204 (ἶ
2235 3160 2293 3215 8.
2325 3160 2675 3232 Ηυηςὺθνςω,
2711 3162 2896 3219 uxoris
2928 3162 3065 3235 ejus.
3094 3162 3154 3220 S.
3184 3144 3411 3233 Odonis,
3452 3166 3545 3220 ﬁlii
3571 3164 3801 3222 Guaszo-

542 3251 626 3305 ad
666 3261 842 3307 terras
893 3250 1150 3307 emendas
1176 3258 1231 3305 et
1257 3250 1386 3306 edes
1429 3248 1842 3314 construendas,
1892 3248 1945 3302 in
1983 3257 2132 3303 tanta

542 3341 637 3395 .ira
661 3342 888 3408 exarsit,
921 3351 1057 3396 utet
1098 3342 1392 3396 monachos
1416 3349 1629 3395 nostros
1657 3355 1688 3395 a
1722 3339 1839 3395 loco
1885 3338 2129 3409 pelleret,

536 3433 952 3491 etClunienses
994 3433 1289 3488 monachos
1327 3433 1458 3488 inibi
1513 3442 1759 3503 poneret.
1810 3430 1912 3498 Qui
1964 3430 2132 3486 semel

534 3527 918 3581 anathematis
940 3526 1079 3596 pulsi
1105 3539 1382 3592 mucrone,
1411 3540 1624 3580 rursum
1664 3524 1962 3589 redierunt,
1986 3523 2136 3579 Allo-

535 3617 783 3688 -brogum
830 3617 1064 3672 inediam
1112 3615 1378 3688 fugientes
1415 3631 1630 3687 quoquo
1664 3617 1946 3687 gentium;
1980 3627 2132 3671 more

531 3711 932 3781 .giruvagorum
982 3710 1131 3766 arida
1156 3726 1221 3767 ac
1263 3711 1435 3765 maria
1476 3718 1834 3778 transmeant,
1875 3717 1936 3764 ut
1981 3708 2132 3764 inve-

538 3802 710 3857 :niant
729 3818 903 3859 escas.

1020 3892 1416 3951 CAPITULUM
1453 3892 1647 3949 XXXI.

536 3982 782 4039 .Donatio
804 3985 1151 4055 quorumdam
1172 3985 1556 4040 collibertorum
1578 4002 1610 4038 a
1632 3983 1820 4038 comite
1845 3981 2125 4038 Tedbalao.

1103 4078 1275 4149 (Ante
1300 4092 1361 4132 a.
1394 4075 1577 4147 1080.)

612 4186 650 4220 ιε
687 4160 1024 4238 Quicumque
1063 4169 1164 4231 sibi
1214 4167 1511 4239 obligatum
1566 4166 1862 4232 hominem,
1910 4173 2128 4236 propter

529 4275 791 4316 amorem
843 4262 963 4328 Dei,
991 4276 1022 4315 a
1074 4259 1256 4316 debito
1305 4258 1515 4313 relaxat
1552 4256 1799 4315 servitio.
1844 4256 2125 4327 praemium

531 4354 652 4409 .sibi
679 4354 747 4410 ab
776 4369 841 4410 eo
867 4353 1127 4419 conﬁdat,
1156 4353 1272 4408 sine
1298 4351 1485 4415 dubio,
1512 4350 1736 4406 retribui
1764 4349 1818 4404 in
1849 4350 2121 4416 futurum;

537 4442 763 4500 dicente
798 4444 915 4515 ipso
941 4459 1040 4514 per
1081 4442 1399 4512 prepbetam
1432 4439 1689 4497 :Dintitte
1728 4455 1816 4494 eos
1855 4441 1946 4510 qui
1986 4457 2117 4494 cun-

2212 3250 2339 3306 nis.
2371 3250 2429 3306 8.
2462 3250 2708 3320 Guarini,
2743 3252 2836 3307 ﬁlii
2867 3251 3090 3309 Guarini
3115 3253 3182 3310 de
3211 3254 3406 3311 Turre.
3443 3254 3504 3311 S.
3529 3254 3800 3315 Gualterii.

2233 3343 2324 3398 ﬁlii
2363 3342 2627 3398 Loscelini
2655 3346 2721 3399 de
2764 3344 2931 3399 Curte
2980 3344 3243 3402 Entismo.
3285 3346 3344 3402 8.
3397 3345 3664 3414 Gunterii,
3711 3345 3801 3401 ﬁlii

2232 3433 2530 3491 Haimonis.
2565 3435 2622 3492 8.
2659 3436 2918 3492 Guidonis
2950 3436 3215 3507 Apostoli,
3253 3447 3308 3494 et
3351 3438 3659 3504 Gausberti,
3702 3438 3804 3492 fra-

2234 3526 2332 3579 tris
2356 3525 2488 3596 ejus.
2535 3525 2613 3580 Ex
2653 3534 2835 3582 nostra
2885 3535 3077 3596 parte:
3111 3527 3369 3583 Arnulfus
3396 3527 3647 3600 Bigotus;
3681 3512 3800 3581 Ste-

2231 3616 2463 3684 phanus,
2517 3614 2752 3671 Dodonis
2789 3613 2930 3670 ﬁlius
2959 3630 2973 3681 ;
3005 3614 3328 3672 Gausfridus
3370 3616 3664 3681 Tosardus,
3697 3615 3803 3671 Te-

2231 3706 2426 3763 duinus
2453 3705 2643 3776 major,
2688 3706 2961 3763 llubertus
2995 3707 3291 3776 Bovardus,
3339 3707 3706 3767 Gualteriolus
3740 3709 3807 3765 de

2230 3799 2576 3855 Monasterio.
2636 3799 2939 3856 Rodbertus
2992 3801 3293 3857 monachus
3342 3801 3487 3859 hanc
3541 3801 3805 3860 cartulatn

2229 3891 2470 3962 scripsit,
2492 3891 2718 3963 jubente
2752 3890 3021 3946 Landrico
3058 3891 3273 3947 abbate.
3302 3911 3322 3945 ι

2683 3981 3081 4038 CAPITULUM
3106 3982 3343 4040 XXXIII.

2534 4074 2739 4146 Agnitio
2760 4075 2826 4129 de
2851 4084 2989 4129 terra
3018 4073 3266 4132 Rodberti
3292 4075 3502 4133 Comei.

2780 4164 2868 4237 (A.
2898 4165 3253 4238 1028—1037.)

2302 4273 2323 4307 ε
2356 4256 2575 4328 Agnitio
2603 4257 2838 4328 qualiter
2867 4268 3034 4328 terra,
3065 4276 3229 4331 quam
3255 4261 3423 4318 abbas
3448 4262 3810 4336 Magenardus

2230 4346 2378 4404 dedit
2401 4348 2674 4406 Rodberto
2695 4351 2930 4419 Corneo,
2961 4362 3213 4408 revocata
3251 4360 3337 4408 est
3367 4356 3435 4409 ad
3467 4355 3670 4410 victum
3702 4356 3810 4410 ira.

2230 4448 2394 4495 trum.
2420 4469 2486 4480 —-
2513 4440 2651 4495 Dum
2691 4439 2998 4497 Radbertus
3027 4440 3267 4499 Corneus
3296 4454 3546 4502 mortuus
3568 4447 3695 4512 fuit,
3720 4462 3814 4501 vo-

543 4534 704 4605 {racti
731 4500 852 4590 sunt
877 4500 1089 4599 liberos,
1110 4545 1157 4588 et
1188 4550 1338 4588 omne
1362 4534 1533 4586 [tonus
1555 4533 1838 4601 disrumpe.
1870 4531 2015 4587 Tum:
2035 4535 2118 4588 in-
2153 4500 2200 4555 D
2222 4528 2444 4585 luerunt
2480 4531 2730 4585 monachi
2763 4530 2933 4601 ipsam
2979 4539 3179 4588 terram
3229 4534 3516 4604 recipere;
3545 4544 3628 4591 set
3670 4500 3813 4589 uxor

544 4626 751 4681 vocabis
781 4637 828 4681 et
858 4626 1116 4680 Dominus
1141 4624 1408 4687 exaudiet,
1435 4620 1685 4699 clamabis
1709 4631 1755 4674 et
1778 4621 1957 4676 dicet:
1987 4621 2124 4676 Ecce

544 4717 754 4773 adsum.
813 4715 1154 4785 Quapropter
1198 4726 1298 4782 ego
1344 4725 1526 4767 comes
1563 4710 1887 4776 Tedbaldus,
1922 4709 1976 4765 in
2027 4710 2122 4767 Dei

542 4812 784 4877 nomine,
813 4823 911 4882 pro
945 4809 1186 4864 remedio
1222 4806 1415 4861 anima:
1465 4819 1617 4871 meae,
1647 4804 1905 4874 quosdam
1935 4818 2123 4859 servos

543 4905 650 4958 mei
665 4902 826 4971 juris,
859 4909 1015 4956 natos
1051 4915 1120 4955 ex
1171 4899 1344 4955 servis
1386 4897 1523 4953 meis
1568 4895 1885 4965 ancillisque
1935 4893 2123 4951 Sancti

542 4991 690 5050 Petri
721 4993 1089 5057 Carnotensis,
1115 5007 1237 5046 cum
1267 5007 1374 5046 uno
1399 5005 1557 5044 servo
1584 5002 1704 5043 meo
1742 4988 1933 5054 libero,
1965 4988 2121 5043 trado

540 5084 827 5139 monachis
863 5082 1032 5153 ipsius
1061 5080 1187 5146 loci,
1217 5089 1297 5144 ut,
1325 5080 1392 5135 ab
1441 5080 1543 5134 hac
1581 5079 1689 5145 die,
1719 5077 2001 5132 servitium
2030 5077 2123 5132 de-

538 5174 716 5230 bitum
745 5173 1077 5244 persolvant.
1115 5173 1191 5228 Ea
1230 5171 1465 5241 denique
1502 5170 1859 5226 conventione
1880 5169 1986 5226 hoc
2023 5183 2121 5225 an-

536 5281 677 5331 stuo,
714 5265 936 5320 utomni
972 5274 1234 5335 tempore,
1279 5263 1521 5333 exceptis
1552 5261 1762 5317 feriatis
1807 5261 2018 5329 diebus,
2062 5260 2116 5316 in

531 5359 701 5426 .pleno
743 5365 1031 5424 conventu,
1084 5357 1245 5413 michi
1287 5354 1526 5427 psalmus
1571 5363 1695 5425 post
1742 5353 2015 5409 ltelaniam
2047 5353 2116 5409 ab

529 5449 744 5505 eisdem
773 5446 1032 5504 fratribus
1074 5449 1410 5505 decantetur.
1442 5447 1509 5502 Et
1535 5455 1595 5501 ut
1619 5445 1780 5516 hujus
1808 5446 2115 5502 donationis

540 5548 689 5597 carta
721 5540 793 5595 sit
816 5541 960 5595 omni
1005 5549 1243 5612 tempore
1287 5540 1464 5606 ﬁrma,
1492 5552 1595 5610 ego
1625 5537 1738 5609 ipse
1783 5552 1947 5593 mauu
1995 5552 2114 5592 mea

607 5650 756 5722 (I76)
788 5651 888 5707 Hic
917 5653 1215 5709 vicecomes
1236 5652 1542 5716 Ebrardus,
1576 5666 1698 5707 cum
1736 5650 2113 5722 erucesignato

538 5719 712 5779 Iactus
738 5719 824 5779 est
866 5723 919 5779 in
951 5725 1284 5780 Antiochena
1323 5723 1628 5788 obsidione,
1655 5736 1704 5776 a.
1741 5719 1896 5774 1097.

2222 4624 2340 4695 ejus
2359 4621 2621 4693 judicium
2648 4632 2864 4693 portare
2887 4623 3034 4689 fecit,
3061 4625 3313 4694 quoniam
3338 4640 3405 4681 ea
3444 4629 3816 4682 conventione

2223 4732 2322 4773 suo
2352 4718 2472 4773 data
2504 4715 2605 4772 fuit
2631 4717 2853 4783 seniori,
2883 4727 2942 4772 ut
2986 4719 3123 4789 ipsa,
3154 4719 3392 4789 quandiu
3430 4720 3658 4783 Viveret,
3686 4734 3814 4775 eam

2223 4808 2543 4878 possideret.
2572 4809 2744 4876 Quam
2773 4809 3029 4864 feminam
3056 4812 3277 4881 quidam
3311 4811 3488 4877 miles,
3529 4811 3683 4868 Sulio
3716 4826 3819 4865 no.

2225 4899 2390 4962 mine,
2424 4898 2477 4953 in
2513 4899 2764 4969 conjugio
2802 4900 3012 4971 accepit
3043 4916 3060 4967 ;
3093 4901 3185 4971 qui
3217 4901 3401 4957 multis
3428 4903 3662 4971 vicibus,
3694 4917 3816 4958 ser-

2225 4989 2417 5044 vitium
2451 4988 2631 5044 abbati
2672 4989 2900 5046 Arnulfo
2928 4990 3141 5046 obtulit.
3164 4992 3316 5060 Quod
3345 4994 3628 5048 set-vitium
3665 5010 3821 5049 sem-

2225 5095 2322 5151 per
2355 5079 2523 5136 abbas
2547 5083 2754 5152 sprevit
2782 5092 2834 5136 et
2862 5097 3134 5152 nonquam
3174 5086 3396 5153 recepit.
3436 5084 3557 5153 Quo
3583 5085 3821 5140 Sulioue

2219 5172 2437 5228 vivente
2469 5187 2592 5228 cum
2642 5175 2949 5244 supradicta
2986 5173 3207 5242 femina,
3236 5174 3353 5230 ﬁlii
3379 5175 3637 5233 Rodberti
3694 5175 3822 5245 jam

2194 5265 2353 5322 {dicti
2406 5266 2604 5320 mortui
2648 5266 2887 5322 fuerunt.
2913 5266 3044 5323 Post
3098 5276 3331 5323 mortem
3382 5282 3517 5325 vero
3561 5267 3820 5333 feminae,

2222 5358 2651 5415 reclamaverunt
2677 5358 2848 5439 ipsam
2880 5365 3080 5412 terram
3111 5367 3333 5429 nep0tes
3360 5359 3605 5430 ejusdem
3662 5358 3823 5414 Bod-

2220 5449 2395 5517 berti;
2446 5456 2531 5504 set
2573 5447 2823 5503 monachi
2880 5444 3094 5502 fortiter
3139 5447 3461 5505 restiterunt
3499 5449 3600 5506 eis.
3652 5448 3823 5503 Tunc

2220 5547 2485 5595 venerunt
2501 5538 2687 5609 utique
2710 5539 2765 5593 in
2793 5538 2998 5594 curiam
3017 5535 3220 5594 Odonis
3242 5541 3461 5596 comitis
3487 5549 3544 5595 et
3561 5537 3823 5610 episcopi

2223 5665 2341 5704 rum
2378 5649 2618 5705 exercitu
2653 5647 2704 5702 in
2738 5648 2961 5704 Terram
2999 5647 3256 5705 Sanctam
3294 5650 3569 5721 profectus
3591 5690 3608 5717 ,
3642 5650 3809 5705 inter
