3890 6302
156 361 234 422 δοι

773 351 997 411 verus
1031 349 1282 432 suaso.
1326 407 1329 410 ,
1409 348 1534 405 uu.
1569 346 1672 405 vn.
1707 341 2098 402 LANDRICUS
2136 341 2226 400 ar
2255 303 2646 404 uouemus;

3255 348 3368 407 502

157 473 414 540 'l'eodcrlci,
433 482 486 527 et
521 467 734 534 ibidem
783 470 982 526 facttun
1010 476 1093 525 est
1119 466 1396 538 placitum.
1439 462 1686 519 Allirma-
1711 467 1761 526 Δ
1792 457 2164 529 Transgrandi
2196 459 2386 514 Ponte.
2417 458 2683 515 Rodulfus
2727 457 3021 519 Masculus.
3074 433 3374 535 Guarinus,

151 575 351 638 fiantque
373 567 595 634 nepotes
620 560 908 627 Rodberti,
953 559 1205 630 quoniam
1235 573 1299 614 ea
1325 555 1686 614 conventione

147 657 367 730 judicium
395 652 588 707 femina
615 660 838 721 portare
871 650 1094 718 fecerat,
1143 658 1220 713 ut,
1257 656 1400 719 ~post
1454 656 1683 702 mortem

145 749 343 821 ejusdem
385 743 638 806 feminae,
672 742 899 798 heredes
951 740 1212 796 Rodherti
1254 739 1424 810 ipsam
1482 749 1682 794 terram

145 843 186 895 iu
207 840 318 894 ﬁsco
343 838 403 892 de
431 836 626 891 abbate
650 843 914 891 tenerent.
943 833 1022 888 Ad
1060 833 1162 888 hoc
1202 831 1682 888 contradicendum

139 943 246 989 suis
289 925 570 984 habuimus
603 934 790 982 testes.
835 923 987 981 Tunc
1028 922 1144 981 Odo
1191 937 1378 980 comes
1420 919 1686 991 judicavit

138 1035 345 1091 campum
373 1017 515 1082 fieri,
555 1016 765 1072 scilicet
794 1031 861 1071 ex
891 1015 994 1071 hoc
1027 1014 1171 1086 quod
1200 1013 1276 1068 illi
1300 1013 1555 1069 dicebant
1583 1011 1682 1066 he-

137 1112 261 1168 redes
295 1106 548 1163 Rodberti
583 1106 639 1160 in
675 1104 964 1177 judicium,
1001 1103 1143 1174 quod
1173 1101 1372 1158 femina
1421 1100 1682 1156 Rodberti

136 1201 234 1255 fecit
256 1205 482 1268 portare,
515 1195 688 1252 fuisse
717 1195 932 1251 missos.
981 1193 1160 1250 Testis
1190 1209 1320 1248 vero
1362 1191 1548 1247 Sancti
1583 1191 1683 1246 Pe-

135 1293 185 1345 tri
225 1290 421 1344 dicebat
471 1302 616 1354 non,
659 1286 762 1341 nisi
812 1285 1150 1341 solummodo
1199 1281 1480 1339 feminam.
1529 1281 1681 1336 Tunc

132 1379 417 1441 llodbertus,
445 1392 591 1431 unus
638 1392 702 1430 ex
739 1373 856 1445 jam
891 1375 1020 1430 dicti
1053 1375 1357 1445 nepotibus,
1409 1373 1558 1429 dedit
1587 1389 1682 1428 co-

133 1468 220 1523 miti
244 1464 506 1539 guadium.
543 1466 878 1522 Teodericus
908 1480 1060 1530 vero,
1095 1465 1258 1521 homo
1291 1465 1477 1521 Sancti
1509 1463 1678 1530 Petri,

129 1562 198 1630 qui
215 1555 314 1627 jam
340 1557 512 1630 major
534 1556 662 1624 fuit,
693 1558 946 1615 similiter
991 1573 1146 1614 suum
1189 1557 1444 1629 guadium
1494 1557 1680 1614 comiti

129 1650 242 1705 dum
273 1649 334 1703 ad
371 1649 886 1704 contradicendum.
917 1649 1109 1704 Postea
1159 1663 1310 1715 vero,
1361 1657 1682 1704 remanente

128 1756 301 1810 campo,
338 1741 634 1797 concordia
674 1742 755 1798 sic
785 1739 926 1796 facta
975 1740 1094 1795 fuit.
1130 1740 1313 1796 Abbas
1355 1740 1676 1807 Landricus,

129 1831 346 1900 episcopo
369 1829 677 1888 Teoderico
701 1839 944 1903 rogante,
971 1829 1329 1901 quadraginta
1357 1830 1557 1885 solidos
1581 1831 1678 1900 ipsi
1715 1819 1757 1879 Β

126 1923 350 1978 ltodberto
370 1932 424 1977 et
445 1922 763 1991 Sancelino,
797 1924 951 1980 fratri
975 1921 1116 1992 ejus,
1139 1921 1306 1989 dedit,
1333 1931 1388 1978 et
1417 1921 1552 1978 duos
1572 1923 1681 1978 ari-

127 2028 290 2083 pennos
308 2013 475 2068 vinea:
499 2016 742 2082 remisit,
765 2031 903 2086 quos
935 2015 1240 2072 Rodbertus
1266 2015 1511 2071 Corneus
1543 2013 1680 2069 San-

127 2114 191 2158 clo
213 2104 355 2160 Petro
377 2105 550 2171 dedit,
571 2107 704 2161 dum
727 2108 795 2163 ab
817 2109 977 2163 abate
1015 2106 1340 2178 Magenardo
1372 2106 1543 2177 ipsam
1571 2113 1680 2161 ter-

127 2213 214 2251 ram
241 2198 452 2268 recepit.
494 2197 606 2269 Ipsi
659 2214 790 2254 vero
821 2197 1019 2256 fratres
1050 2198 1358 2254 Rodbertus
1399 2207 1456 2254 et
1482 2197 1680 2254 Sancio

125 2289 460 2360 guerpiverunt
484 2304 718 2356 terram,
736 2300 789 2345 et
816 2289 1161 2361 ﬁdejussores
1185 2291 1448 2346 dederunt
1471 2290 1680 2360 seipsos

125 2381 288 2435 etduos
313 2381 558 2435 homines
581 2397 735 2446 suos,
773 2381 1082 2438 Gilduinum
1117 2392 1170 2438 et
1212 2382 1560 2449 Emalricum,
1597 2391 1676 2448 ut,

123 2470 158 2525 si
184 2471 374 2526 oaando
398 2472 467 2527 ab
491 2472 709 2542 aliquo,
737 2488 802 2528 ex
823 2484 976 2543 parte
1009 2489 1196 2529 eorum
1215 2515 1230 2539 ,
1264 2474 1377 2545 ipsa
1417 2484 1562 2530 terra
1585 2489 1681 2530 ca-

125 2559 501 2632 lumpniaretur,
534 2563 644 2634 ipsi
681 2563 905 2620 liberam
941 2579 1061 2620 eam
1095 2565 1402 2632 redderent,
1423 2574 1478 2620 et
1511 2574 1680 2621 totam

124 2655 432 2724 calumpniam
465 2656 519 2710 in
559 2657 780 2712 curiam
811 2657 1024 2714 comitis
1041 2659 1346 2715 eraderent.
1389 2657 1514 2713 Haec
1545 2671 1681 2712 con-

128 2746 269 2800 mrdia
296 2748 348 2802 in
384 2748 637 2820 episcopi
667 2749 817 2804 curia
842 2748 983 2805 facta
1025 2749 1128 2805 fuit
1164 2767 1179 2816 ;
1213 2759 1270 2805 et
1311 2748 1680 2805 interfuerunt

124 2835 336 2903 multi,ex
362 2840 567 2909 quibus
588 2841 818 2911 quidam
844 2842 932 2898 hic
955 2842 1247 2913 subscripti
1274 2852 1398 2898 sunt
1425 2858 1441 2898 :
1467 2840 1678 2906 Nivelo,

122 2929 327 2988 Albertus
351 2933 417 2987 de
440 2932 826 3000 Gualardone,
864 2932 1128 3005 Rogerius
1155 2933 1456 2999 Podardus,
1486 2933 1680 2989 Haimo

122 3019 354 3092 Barbatus,
379 3023 646 3097 Girogius
667 3025 898 3082 clericus
923 3066 940 3092 ,
970 3025 1266 3083 llerbertus
1294 3025 1667 3084 Carnotensis.

121 3113 178 3168 Ex
196 3117 373 3173 nostris
405 3136 418 3172 :
454 3119 645 3186 Dedo,
669 3119 1038 3186 llerbrannus,
1059 3122 1356 3187 Adventus,
1387 3120 1678 3190 Teduinus,
1713 3170 1754 3191 η

117 3204 426 3280 Lambertus,
476 3173 829 3277 ιλιιείάιιὸιῖξ
872 3173 1681 3281 c...}.;.i..;';'magis;
1710 3173 1754 3232 (⁵

117 3297 240 3356 herti.
271 3320 290 3355 ι

529 3394 942 3453 CAPITULUM
971 3395 1214 3452 XXXIV.

115 3479 299 3540 Donatio
321 3490 779 3542 consuetudinum
821 3489 971 3561 burgi
1003 3508 1033 3544 a
1065 3488 1318 3545 Gilduino
1359 3491 1674 3548 ricecomite.

619 3577 714 3648 (29
751 3579 925 3648 April.
960 3579 1144 3652 tuto.)

167 3680 184 3714 t
211 3663 463 3732 Quoniam
501 3678 732 3725 certum
779 3679 864 3726 est
910 3680 1220 3742 mternaque
1245 3671 1363 3743 lege
1418 3674 1674 3744 positum,

114 3757 311 3812 utnichil
341 3769 532 3816 contet
579 3762 849 3831 genitum,
875 3763 1090 3818 cunctis
1119 3765 1368 3835 congruit
1394 3766 1673 3822 christiani

110 3850 302 3907 nominis
326 3853 379 3907 in
412 3855 522 3910 hoc
583 3853 816 3910 fortuna)
867 3855 982 3911 salo
1036 3855 1250 3926 positis,
1297 3872 1404 3911 non
1453 3859 1676 3915 credere

111 3937 347 4012 fugacibus
391 3947 601 4012 bonis;
656 3947 994 4019 pensandum
1045 3958 1128 4004 est
1174 3949 1327 4004 nobis
1351 3950 1533 4020 itaque
1594 3960 1674 4018 ut,

108 4031 235 4104 digno
261 4037 434 4094 fructu
470 4040 828 4110 paenitentia:
867 4040 1072 4112 pariter
1113 4051 1167 4096 et
1197 4041 1526 4111 clemosinm,
1560 4059 1675 4099 me-

108 4137 287 4182 reamur
319 4133 596 4202 gaudium
676 4133 795 4188 sine
852 4134 979 4199 fine,
1026 4133 1270 4203 rapiente
1296 4152 1393 4190 nos
1423 4149 1546 4192 sero
1567 4138 1672 4192 die.

106 4213 241 4288 Hujus
269 4223 342 4278 rei
379 4225 598 4292 gratia,
653 4239 755 4296 ego
785 4225 1001 4295 quidem
1027 4225 1345 4294 Gilduinus,
1374 4228 1676 4286 vicet-emes

105 4307 374 4372 Carnotina:
396 4319 592 4382 urbis,
647 4334 892 4390 uxorque
945 4321 1183 4392 propria,
1214 4323 1432 4378 nomine
1460 4323 1677 4378 Emme-

102 4397 204 4469 ΕΜ,
231 4421 332 4462 una
360 4425 492 4465 cum
527 4410 662 4486 filiis
687 4411 883 4466 nostris
901 4412 1250 4480 dulcissimis,
1276 4424 1466 4471 sancto
1492 4414 1672 4483 Petro,

105 4498 438 4564 apostolorum
475 4503 740 4575 principi,
772 4505 1190 4561 consuetudines
1225 4507 1430 4562 scilicet
1474 4507 1557 4563 sui
1581 4525 1669 4563 ευ-
1708 4523 1751 4578 ι)

104 4585 274 4659 burbii,
297 4610 421 4666 qua:
445 4597 632 4652 nostri
664 4607 790 4653 sunt
809 4597 971 4667 juris,
1001 4607 1280 4668 gratanter
1305 4601 1670 4670 concedimus,

101 4688 395 4743 ulmonachi
419 4689 630 4746 devote
652 4690 704 4746 ei
727 4691 1032 4748 servientes
1064 4691 1116 4747 in
1154 4693 1406 4749 emnobio
1430 4695 1572 4764 quod
1600 4696 1674 4751 si-

102 4784 190 4832 tum
209 4781 462 4851 estjuxta
493 4783 784 4856 praefatam
812 4785 1034 4853 urbem,
1075 4784 1167 4855 jus
1218 4787 1454 4843 habeant
1481 4789 1671 4846 orandi

101 4881 180 4936 pro
208 4871 372 4930 salute
399 4885 622 4941 nostra,
687 4886 740 4932 et
767 4876 994 4949 singulis
1051 4879 1230 4944 annis,
1275 4888 1397 4950 post
1444 4890 1673 4937 mortem

101 4962 274 5028 urnis,
325 4967 681 5038 singulorum
725 4969 1098 5026 anniversaria
1127 4970 1419 5028 celebrent.
1453 4972 1671 5029 Tribui-

102 5063 200 5106 mus
222 5055 383 5110 etiam
421 5073 600 5113 unum
627 5057 926 5126 furnillum,
948 5071 1178 5132 excepto
1201 5078 1388 5126 censu,
1428 5062 1498 5117 ab
1523 5063 1670 5120 omni

103 5150 473 5206 consuetudine
499 5151 763 5218 liberum,
807 5153 1124 5210 etortulum
1152 5155 1409 5211 arborum
1461 5154 1672 5213 latissi-

105 5248 244 5292 mum.
269 5238 425 5299 Hanc
455 5253 646 5299 autem
677 5246 939 5301 cartalam
991 5246 1325 5304 firmavimus
1370 5247 1562 5303 horum
1595 5257 1674 5303 te.-

106 5324 330 5388 stimonio
364 5348 609 5403 quorum
666 5335 883 5391 nomina
910 5337 1351 5409 subscripsimus,
1366 5338 1522 5410 signo
1547 5353 1672 5394 crc-

106 5415 166 5469 cis
203 5433 317 5475 eam
373 5424 821 5480 corroborantes.
875 5423 1162 5482 Gildniuus
1196 5426 1534 5492 vicecomes,
1576 5427 1670 5499 qui

108 5503 222 5567 hanc
247 5513 600 5573 donationem
629 5517 780 5574 fecit.
827 5517 1137 5576 Harduinus
1167 5521 1502 5587 vicecomes,
1527 5519 1671 5579 ﬁlius

107 5597 218 5664 eius.
266 5595 576 5675 Eiisabeth,
628 5625 770 5664 uxor
803 5609 1065 5680 ejusdem.
1112 5611 1352 5668 Joannes
1401 5613 1666 5670 medicus.

110 5687 279 5752 Guiszo
322 5699 592 5757 medicus.
666 5699 951 5758 Girbertus
1013 5705 1304 5775 presbiter.
1350 5703 1670 5761 Goscelinus

114 5789 366 5858 PWSbiter,
389 5791 705 5850 Rodbertus
737 5794 798 5850 de
822 5791 956 5850 Villa
1021 5796 1153 5853 Pali.
1193 5794 1548 5855 llerbrannus
1601 5799 1666 5856 de

1788 553 2040 623 princeps
2062 567 2316 608 cocorum
2357 553 2710 610 vicecomitis.
2767 555 3074 624 Durandus,
3114 561 3373 630 pinccrna

1785 645 2020 699 comitis.
2077 645 2378 710 Teduinus,
2434 646 2612 717 major
2639 645 2827 704 Sancti
2875 647 3041 708 Petri.
3091 652 3372 714 Ernulfus.

1787 735 2070 792 Durandus
2102 736 2440 793 cellerarius.
2487 737 2786 808 Hugolinus
2834 754 3018 796 cocus.
3066 741 3377 802 Tedhaldus

1784 823 2104 881 Boldardus.
2128 826 2318 882 Ericus
2341 843 2493 898 puer.
2514 827 2576 883 ΙΙΙ
2605 828 2864 887 kalendas
2895 832 2999 887 mai
3028 832 3130 888 hoc
3153 845 3374 891 auctum

1783 926 1886 988 est,
1920 929 2183 990 regnante
2237 920 2597 978 invictissimo
2639 939 2767 997 rege
2817 925 3081 995 llenrico;
3135 931 3379 987 secundo

1783 1023 1926 1065 anno
1955 1020 2077 1080 post
2099 1011 2301 1067 bellum
2339 1028 2444 1084 quo
2472 1023 2665 1086 captus
2711 1027 2795 1073 est
2833 1017 3162 1088 Tedbaldus,
3191 1038 3379 1079 comes

1783 1101 2082 1172 palatinos,
2114 1118 2145 1158 a
2183 1104 2382 1162 comite
2427 1105 2836 1178 Andegavensi,
2886 1107 3182 1171 Gausfridb
3234 1115 3376 1171 Mar-

1785 1195 1930 1252 tello.
1972 1215 1992 1250 ι

2242 1291 2642 1351 CAPITULUM
2681 1294 2880 1353 XXXV

2028 1381 2236 1453 Emplto
2265 1394 2418 1439 terra:
2450 1384 2709 1442 Guallerii
2736 1401 2786 1444 et
2817 1388 3120 1448 Guarnerii.

2349 1474 2510 1546 (Ante
2532 1491 2584 1530 a.
2619 1477 2802 1550 1070.)

1859 1583 1878 1618 ι
1907 1565 1963 1620 ln
1995 1567 2214 1622 nomine
2239 1578 2441 1624 sanctzc
2465 1577 2520 1624 et
2541 1569 2835 1628 individuae
2863 1573 3170 1644 Trinitatis,
3195 1579 3376 1635 Patris

1781 1664 1839 1712 et
1870 1654 1992 1712 Filii
2017 1665 2072 1712 et
2101 1655 2338 1728 Spiritus
2387 1657 2595 1714 Sancti.
2652 1660 2766 1732 Ego
2807 1661 3109 1722 Landricus
3136 1708 3151 1732 ,
3198 1669 3375 1740 gratia

1783 1747 1899 1814 Dei,
1932 1748 2100 1804 abbas
2125 1751 2362 1806 coenobii
2389 1750 2575 1808 Sancti
2630 1752 2778 1810 Petri
2832 1757 3202 1826 Carnotensis,
3229 1765 3374 1832 quod

1785 1839 2046 1897 decenter
2074 1851 2129 1898 et
2164 1843 2487 1908 honorifice,
2523 1861 2629 1900 non
2655 1844 2814 1917 longe
2841 1847 2910 1903 ab
2942 1848 3110 1919 ipsius
3137 1853 3378 1910 civitatis

1781 1939 1936 2001 porta
1988 1947 2109 2003 qua:
2183 1944 2408 1990 vocatur
2453 1935 2733 2001 Cinerosa,
2789 1937 2986 2008 priscis
3042 1943 3378 2013 temporibus

1781 2023 1944 2078 situm
1998 2035 2114 2090 est;
2147 2025 2198 2079 in
2245 2041 2350 2096 quo
2403 2041 2509 2082 non
2537 2029 2747 2084 modica
2796 2031 3186 2086 monachorum
3238 2049 3373 2090 con--

1781 2114 2045 2186 gregatio,
2097 2117 2396 2172 secundum
2453 2118 2692 2188 regulam
2743 2123 2918 2178 sancti
2978 2123 3249 2181 Benedicti
3308 2140 3375 2182 ac

1782 2207 2013 2263 aliorum
2061 2211 2479 2280 praecedentium
2511 2222 2723 2284 patrum
2771 2216 3036 2288 exempla,
3069 2218 3154 2288 pie
3183 2220 3375 2277 vivens

1782 2299 1836 2354 in
1891 2299 2107 2372 hymnis
2151 2311 2204 2356 et
2260 2304 2490 2360 canticis
2547 2306 2903 2376 spiritalibus,
2960 2309 3151 2364 intimo
3191 2311 3373 2367 cordis

1781 2392 1975 2450 all'ectu
1998 2395 2246 2467 pervigil,
2271 2407 2688 2469 ceterarumque
2714 2402 2974 2455 virtutum
3015 2401 3180 2458 claris
3204 2404 3369 2460 ador-

1781 2493 1908 2541 nata
1944 2485 2274 2559 insignihus;
2308 2491 2491 2560 perdia
2533 2500 2589 2548 et
2611 2506 2815 2562 pernox
2870 2494 3041 2548 tendit
3076 2496 3179 2561 ire,
3206 2495 3373 2552 Petro

1782 2578 2031 2649 praesule,
2062 2595 2158 2650 per
2183 2581 2341 2652 hujus
2377 2582 2557 2637 Inumli
2604 2600 2897 2655 utrinquam
2946 2587 3189 2656 quietum
3221 2587 3372 2658 pela-

1782 2685 1902 2743 gus,
1936 2671 2004 2727 ad
2033 2681 2248 2728 aeterna:
2281 2675 2468 2744 patria:
2521 2686 2735 2746 portum
2783 2692 2999 2748 semper
3055 2693 3368 2743 amomum;

1782 2763 2058 2819 Christum
2090 2780 2308 2836 quoque
2365 2767 2554 2822 sedula
2581 2783 2743 2839 prece
2789 2778 2982 2825 exorat
3024 2785 3124 2841 pro
3169 2781 3372 2826 cuncto

1784 2857 1981 2927 populo
2003 2859 2292 2922 catholico,
2329 2860 2640 2929 specialiter
2667 2875 2796 2916 vero
2852 2877 2950 2930 pro
3001 2863 3086 2918 his
3133 2879 3366 2933 quorum

1784 2947 2168 3003 beneficiorum
2222 2958 2384 3020 atque
2424 2949 2766 3021 largitionum
2816 2951 3119 3021 juvamine,
3166 2951 3219 3007 in
3266 2953 3373 3009 hoc

1786 3036 1962 3108 fragili
2012 3038 2195 3094 carnis
2238 3040 2561 3112 gurgustio,
2609 3041 2738 3095 dum
2793 3042 2948 3106 vivit,
3006 3051 3369 3099 sustentatur.

1785 3129 1921 3187 Cum
1945 3131 2068 3195 hac,
2101 3133 2344 3203 inquam,
2377 3148 2476 3204 ego
2499 3133 2787 3204 prmdictus
2834 3133 3003 3189 abbas
3035 3145 3220 3190 notum
3251 3135 3370 3190 fore

1785 3224 2032 3282 volumus
2054 3226 2267 3281 cunctis
2297 3225 2564 3292 fidelibus,
2597 3234 2705 3280 tam
2741 3227 3010 3297 presenlis
3044 3243 3204 3297 quam
3235 3243 3367 3283 vcn-

1784 3319 1888 3373 turi
1945 3318 2052 3384 evi,
2091 3318 2234 3389 quod
2270 3319 2489 3389 quidam
2537 3319 2834 3373 monachus
2865 3327 3070 3383 noster,
3106 3317 3368 3374 Warinus

1781 3409 2019 3475 nomine,
2051 3419 2253 3465 nostra:
2310 3409 2591 3480 cujusdam
2619 3409 2768 3465 cellae
2790 3411 3056 3480 provisor,
3088 3410 3140 3465 in
3167 3410 3367 3468 finibus

1779 3500 2128 3557 Normannim
2156 3503 2206 3555 in
2236 3503 2442 3555 honore
2464 3501 2553 3555 Dei
2581 3501 2862 3570 genitricis
2891 3501 3074 3555 Maria:
3112 3511 3369 3558 constru-

1778 3603 1900 3658 ctm,
1933 3593 1984 3648 in
2023 3593 2146 3647 villa
2195 3608 2316 3663 qua:
2346 3593 2505 3662 vulgo
2539 3591 2768 3647 Plancas
2791 3601 3034 3658 vocatur,
3073 3610 3102 3648 a
3128 3595 3367 3664 quoiam

1779 3687 2105 3756 presbitero,
2168 3686 2389 3740 nomine
2431 3685 2710 3751 Fulherto,
2753 3683 2876 3755 jure
2931 3695 3204 3755 perpetua:
3229 3687 3367 3742 emit

1777 3779 2068 3849 emptionis
2109 3789 2334 3844 terram,
2371 3778 2625 3835 videlicet
2675 3777 2939 3835 Gualterii
2979 3780 3045 3835 de
3092 3778 3224 3836 Vico
3251 3789 3370 3835 ter-

1779 3883 2002 3939 ramque
2054 3868 2359 3925 Guarnerii.
2427 3869 2533 3925 Pro
2581 3871 2682 3926 hac
2748 3886 2966 3941 quoque
3016 3871 3116 3927 XX
3163 3872 3370 3929 solidos

1779 3975 2123 4015 nunnnorum
2147 3960 2316 4026 dedit,
2347 3978 2444 4032 pro
2467 3962 2636 4018 altera
2666 3971 2776 4017 tres
2801 3963 2966 4018 libras
2993 3979 3367 4022 nummorum.

1779 4055 1987 4110 Domini
2035 4055 2232 4124 quippe
2283 4054 2579 4124 supradicti
2645 4055 2957 4126 presbiteri,
3007 4056 3113 4111 duo
3158 4055 3369 4112 scil'cet

1779 4143 1998 4209 fratres,
2025 4142 2329 4196 Willelmus
2358 4143 2423 4198 de
2451 4142 2655 4212 Fageto
2687 4151 2741 4198 et
2769 4141 3131 4207 Guimundus,
3163 4155 3216 4197 ut
3239 4144 3369 4198 huic

1775 4234 2073 4292 venditioni
2126 4233 2429 4304 pneberent
2486 4247 2792 4299 assensum,
2840 4232 2939 4288 XX
2989 4233 3210 4299 solidos,
3243 4241 3369 4286 tan-

1777 4329 2123 4398 tunnlemqne
2151 4329 2311 4382 etiam
2344 4327 2543 4383 domno
2591 4342 2779 4382 eorum
2829 4327 2994 4389 dedit,
3053 4325 3368 4382 Grimundo

1776 4421 1986 4476 scilicet
2013 4419 2200 4483 Felici,
2242 4417 2396 4488 cujus
2443 4428 2569 4474 tunc
2624 4427 2737 4472 erat
2796 4417 2969 4488 ipsum
3031 4426 3268 4474 castrrm
3297 4419 3367 4473 de

1779 4512 2012 4579 Molinis,
2060 4513 2127 4568 de
2172 4511 2327 4580 (ujus
2361 4512 2624 4568 beneficio
2674 4512 2968 4582 surradicti
3002 4511 3109 4568 duo
3164 4511 3369 4567 fratres

1777 4613 1978 4659 terram
2017 4601 2161 4656 illam
2227 4611 2536 4657 tenuerant.
2583 4601 2790 4672 Itaque,
2827 4613 2936 4657 tam
2983 4618 3013 4656 a
3061 4601 3367 4673 presbitero

1774 4693 2084 4764 supradicto
2104 4707 2267 4763 quam
2304 4708 2331 4745 a
2360 4691 2572 4746 domuis
2593 4692 2710 4764 ejus
2736 4691 3087 4762 supradictis,
3126 4693 3365 4761 positum

1773 4794 1858 4840 est
1888 4785 2086 4839 donum
2117 4799 2280 4855 super
2311 4783 2482 4839 altare
2503 4784 2658 4839 alma:
2710 4784 2901 4839 matris
2925 4783 3158 4849 Domini,
3182 4783 3230 4835 vi
3271 4797 3367 4838 eu-

1775 4876 1918 4930 tibus
1947 4884 2001 4930 et
2035 4875 2376 4932 audientibus
2408 4875 2492 4930 his
2515 4891 2743 4946 quorum
2772 4874 2990 4930 nomina
3018 4873 3098 4927 sul
3119 4872 3364 4928 scribtre

1772 4969 2172 5024 mandavimus.
2197 4968 2355 5024 Prius
2379 4983 2508 5024 vero
2539 4969 2816 5040 assignare
2849 4964 3193 5028 'curavimus,
3233 4965 3362 5034 quia

1771 5062 2044 5128 Giraldus,
2067 5062 2360 5132 supradicti
2389 5061 2675 5131 presbiteri
2723 5059 2883 5118 illius.
2922 5057 3142 5112 adnisus
3165 5067 3247 5113 est
3275 5072 3363 5112 re-

1773 5155 2009 5211 clamare
2047 5155 2149 5212 sibi
2173 5157 2498 5226 supradictae
2562 5164 2718 5210 terra:
2765 5162 3013 5224 partem;
3043 5159 3147 5216 set,
3177 5149 3364 5206 convi-

1771 5256 1892 5304 ctus
1930 5249 1982 5302 in
2014 5248 2163 5303 curia
2192 5249 2258 5304 de
2295 5247 2508 5303 Molinis
2536 5246 2726 5309 castri,
2755 5259 2941 5300 coram
2970 5244 3166 5298 domna
3191 5243 3363 5313 ipsius

1771 5333 1938 5388 castri
1963 5332 2250 5397 Albereda,
2296 5332 2505 5388 scilicet
2542 5329 2649 5386 ﬁlia
2685 5327 2976 5384 Guimuntli
2999 5328 3219 5396 Felicis,
3266 5329 3363 5382 (το-

1772 5439 1900 5480 uum
1923 5432 1978 5478 et
2007 5423 2123 5494 ipse
2149 5423 2325 5494 posuit
2367 5437 2530 5492 super
2559 5421 2750 5485 altare,
2791 5419 2994 5476 habens
3023 5420 3145 5474 inde
3197 5419 3359 5482 cuia-

1770 5515 2027 5588 quaginta
2052 5514 2273 5572 solidos.
2316 5513 2483 5586 Cujus
2532 5515 2609 5570 rei
2669 5523 2834 5570 testes
2881 5521 3008 5568 sunt
3057 5509 3363 5567 hi:Guido

1771 5607 2058 5677 presbiter,
2101 5605 2388 5662 Fulbertus
2417 5606 2484 5661 de
2519 5605 2750 5670 Plancis,
2787 5604 3082 5660 llerbertus
3110 5603 3174 5656 de
3203 5599 3357 5656 Meli-

1770 5710 1945 5764 eurte,
2004 5699 2304 5757 Seirannus
2350 5700 2416 5754 de
2445 5699 2660 5755 Plancis
2685 5740 2700 5764 ,
2756 5697 3044 5753 Restaldus
3067 5692 3360 5761 mediator,

1771 5793 2070 5862 Carbo-llus,
2119 5793 2438 5852 Guiilelmus
2486 5794 2718 5860 vinitor,
2775 5791 3044 5848 Turoldus
3099 5785 3358 5857 famulus,
