3842 6308
579 413 684 470 5θῖ

1507 409 1712 469 PAULI
1747 413 1806 471 s.
1845 413 2052 474 PETRI
2086 419 2568 481 CARNOTENSIS
2607 405 2915 480 MONACHI
3661 428 3725 490 tu

580 505 678 586 lilii
700 527 938 587 Osbcrti.
966 525 1025 585 8.
1049 525 1396 584 Corbutionis
1420 527 1486 583 de
1511 527 1741 586 Falesia.
1761 529 1820 585 S.
1851 530 2162 602 Gisleberti,
2193 541 2241 600 Α
2271 533 2508 592 dictione
2541 533 2693 608 (182)
2741 533 2852 589 1111.
2897 531 3161 590 Erbertus
3207 531 3430 606 scripsit,
3455 537 3676 598 monachus
3695 556 3728 600 et

575 621 856 694 ναι)οείιὶ
885 619 954 676 de
984 619 1184 677 Usmis.
1217 617 1276 676 S.
1337 619 1582 676 Balduini
1623 621 1691 678 de
1717 619 1869 680 Gaci.
1923 623 1984 680 8.
2031 623 2166 682 Iler-

580 713 725 771 berti
758 714 825 770 de
850 713 970 768 Meli
993 713 1179 770 Curte.
1215 731 1234 765 ι

653 808 840 878 Sopito
864 805 1253 878 persecutionis
1277 805 1510 872 turbine,
1541 819 1597 866 et
1650 811 1927 868 restinctis
1950 813 2165 870 iracun-

578 899 684 958 dite
705 899 936 956 llammis
965 916 1100 971 quas
1125 901 1408 957 evomebat
1428 901 1751 957 insatiabilis
1783 902 2162 973 acephalorum

580 993 957 1048 amaritudinis
994 993 1162 1056 zelus,
1216 1007 1434 1050 rursum
1468 993 1684 1050 auimtts
1732 995 1906 1050 intimi
1961 996 2164 1054 amoris

579 1083 651 1137 ad
701 1091 883 1140 cat-tas
935 1079 1250 1140 scribendas
1293 1083 1632 1150 accenditur,
1684 1099 1820 1154 quas
1848 1085 2162 1154 omiseram,

578 1173 862 1231 tabescens
910 1176 1205 1232 sevissimae
1240 1175 1580 1244 tempestatis
1629 1175 1884 1244 horrore;
1935 1178 2164 1247 cupiens

573 1273 788 1334 ceptum
813 1278 949 1333 opus
979 1265 1046 1319 ad
1087 1262 1249 1318 ﬁnem
1283 1263 1580 1334 perducere
1605 1306 1607 1309 -
1635 1266 1914 1334 quatinus,
1963 1267 2164 1338 pietate

576 1355 755 1410 divina
781 1355 1140 1426 propiciante,
1166 1355 1235 1410 ab
1258 1354 1345 1408 illa
1385 1356 1692 1412 detestabili
1742 1372 1872 1414 voce
1911 1373 2162 1415 mancam

571 1444 832 1502 immunis
865 1463 880 1500 :
919 1446 1028 1502 Iste
1076 1447 1230 1504 homo
1265 1448 1414 1519 carpit
1458 1449 1730 1518 ediﬁcare,
1779 1461 1958 1507 etnon
1995 1453 2163 1521 potuit

568 1537 841 1608 perﬁcere.

642 1629 796 1686 Nunc
823 1646 954 1702 ergo
975 1641 1160 1688 cartas
1190 1631 1404 1689 Gesiaci
1427 1632 1600 1698 cellae,
1631 1649 1753 1690 cum
1781 1649 1891 1706 prae
1914 1631 2164 1694 manibus

570 1719 837 1791 habeam,
872 1723 1005 1780 libet
1033 1737 1346 1782 contexere.

1076 1815 1470 1873 CAPITULUM
1504 1816 1661 1872 XLII.

722 1903 800 1961 De
823 1921 986 1962 manu
1013 1907 1169 1976 ﬁrma
1191 1925 1349 1978 quam
1384 1907 1654 1966 Gisberms
1679 1910 1840 1966 abbas
1862 1910 2004 1982 fecit.

1142 2001 1234 2072 (~29
1266 2000 1416 2071 Sept.
1448 2000 1598 2072 986.)

647 2106 670 2144 ι
715 2089 864 2162 (180)
897 2093 952 2147 ln
991 2092 1196 2148 Christi
1223 2093 1461 2148 nomine.
1491 2092 1798 2160 Gisbertus,
1827 2095 2008 2152 divina
2036 2111 2164 2168 pro-

565 2165 898 2251 piciatione,
945 2181 1146 2249 abbas,
1191 2183 1478 2254 omnisque
1509 2199 1638 2256 grex
1667 2165 2166 2244 Carnotensis—cm-

566 2270 716 2326 nobii
747 2272 943 2327 summi
976 2273 1146 2343 apicis
1173 2275 1545 2344 apostolorum
1579 2274 1726 2331 Petri
1757 2286 1811 2332 et
1833 2277 2010 2345 Pauli,
2043 2279 2165 2334 uni-

551 2349 742 2428 versae
771 2363 978 2418 militiae
1005 2365 1291 2434 prmsentis
1313 2381 1408 2420 seu
1440 2365 1636 2422 futurae
1666 2367 1938 2424 ﬁdelibus.
1966 2369 2169 2437 Quam-

568 2451 654 2506 vis
691 2461 897 2506 aeterna
928 2451 1045 2522 lege
1083 2455 1390 2510 sanctiatnr
1414 2455 1581 2512 nichil
1609 2465 1862 2513 constare
1889 2461 2164 2530 genitum,

569 2539 850 2611 nichilque
870 2557 992 2598 esse
1021 2543 1111 2598 diu
1143 2545 1467 2616 quandoque
1509 2547 1781 2615 futurum;
1827 2560 2048 2607 constat
2083 2562 2167 2608 ta-

565 2619 697 2690 men
727 2621 876 2690 nullo
907 2635 1102 2692 melius
1122 2651 1322 2708 genere
1352 2639 1638 2694 reformari
1661 2656 1822 2712 posse
1845 2643 2166 2700 memoriam

563 2726 970 2798 praeteritorum
987 2745 1146 2800 quam
1168 2731 1519 2790 attestatione
1543 2733 1876 2791 litterarum.
1899 2735 2166 2804 Quocirca

564 2817 945 2875 universorum
975 2819 1238 2889 ﬁdelium,
1271 2833 1382 2878 tam
1406 2826 1760 2895 praesentium
1787 2843 1952 2899 quam
1976 2844 2168 2886 succe-

564 2909 847 2980 dentium,
888 2912 1236 2983 perpenderit
1283 2915 1588 2983 industria,
1645 2917 1909 2988 quoniam
1969 2919 2167 2976 adierit

567 3004 792 3074 quidam
823 3005 1009 3074 miles,
1053 3005 1288 3065 Ubertus
1329 3009 1586 3077 nomine,
1634 3021 1836 3067 nostrae
1864 3011 2168 3069 devotionis

573 3085 890 3153 unanimem
925 3112 1251 3156 consensum
1279 3101 1598 3172 suppliciter
1627 3102 1946 3174 deprecans,
1975 3111 2037 3159 ut
2060 3104 2164 3160 sibi

548 3201 777 3291 isticque
811 3187 1371 3291 conjugi',“vocabulo
1394 3193 1574 3291 Aigaa,
1604 3194 1806 3291 unique
1831 3196 2036 3254 haeredi
2065 3212 2161 3254 eo-
2189 3232 2232 3291 ο

572 3294 729 3346 rum,
761 3281 812 3336 in
841 3295 982 3354 pago
1010 3281 1284 3340 Vilcasino
1305 3323 1320 3346 .
1371 3297 1438 3340 ex
1478 3284 1695 3342 abbatia
1737 3286 1910 3344 beata:
1948 3303 2164 3362 semper

569 3370 802 3442 virginis
829 3371 1042 3438 Marias,
1087 3388 1250 3444 quam
1298 3372 1441 3430 illius
1477 3374 1578 3430 loci
1621 3375 1813 3433 incola:
1842 3377 2159 3451 Avangliam

567 3459 779 3528 dicunt,
815 3461 871 3520 in
901 3461 1022 3520 loco
1067 3465 1163 3534 qui
1196 3474 1422 3522 vocatur
1464 3465 1646 3523 Altera
1691 3467 1859 3536 Villa,
1910 3486 2159 3528 mansum

567 3568 736 3609 unum
769 3553 823 3609 in
849 3555 1207 3624 dominicatu,
1235 3573 1359 3614 cum
1394 3560 1666 3618 universis
1707 3562 1951 3634 ejusdem
1983 3565 2159 3621 mansi

565 3644 963 3718 appendentiis,
991 3647 1091 3703 sub
1119 3652 1302 3706 annuo
1328 3651 1503 3707 reditu
1534 3651 1616 3707 vel
1646 3667 1811 3710 censu
1837 3655 2162 3712 concedere-

567 3752 710 3792 mus.
742 3738 906 3810 lgitur
932 3741 1180 3810 petitioni
1215 3742 1333 3812 cjus
1361 3731 1724 3802 concordibus
1752 3745 1951 3803 animis
1973 3763 2162 3820 assen-

577 3830 778 3886 tientes
799 3871 816 3897 ,
859 3833 960 3889 sibi
989 3846 1150 3912 atque
1173 3836 1342 3908 ipsius
1360 3836 1474 3906 jam
1506 3839 1649 3896 dicte
1677 3841 1869 3909 uxori,
1905 3841 1997 3898 uni
2027 3857 2162 3914 quo-

574 3935 688 3993 que
725 3921 910 3978 heredi
940 3938 1161 3994 eorum,
1209 3936 1265 3982 ul
1291 3928 1492 3986 dictum
1521 3939 1637 3997 est,
1677 3932 1960 4002 prmfatum
1997 3937 2160 3990 ‘man-

567 4027 691 4069 sum
720 4014 1067 4071 concedimus
1085 4055 1100 4082 ,
1151 4017 1241 4072 illa
1268 4019 1519 4077 videlicet
1560 4023 1772 4078 ratione
1800 4033 2038 4088 servata,
2067 4034 2155 4092 ut,

567 4103 799 4176 singulis
839 4106 998 4162 annis
1035 4107 1088 4161 in
1125 4108 1452 4172 solennitate
1499 4113 1670 4168 sancti
1719 4113 1980 4186 Remigii,
2029 4116 2156 4172 soli-

570 4197 673 4254 dos
707 4195 770 4253 VI
798 4199 1130 4269 persolvant.
1162 4199 1316 4268 Quod
1345 4203 1391 4258 si
1440 4203 1772 4276 negligentes
1797 4216 1890 4262 aut
1929 4208 2159 4266 rebelles

570 4289 640 4344 de
671 4287 776 4362 hoc
805 4304 974 4346 censu
1001 4291 1307 4360 eXIiterint,
1335 4293 1573 4366 legitime
1599 4297 1914 4364 emendem,
1938 4307 1990 4354 et
2020 4315 2158 4370 prte-

567 4388 816 4436 notatam
853 4389 1052 4439 terram
1081 4398 1188 4440 non
1216 4385 1464 4455 perdant.
1508 4383 1635 4441 Haec
1669 4400 1800 4443 vero
1829 4388 2060 4456 cartula,
2090 4389 2180 4445 ad!

566 4469 923 4527 obtinendum
953 4472 1247 4530 ﬁrmiorem
1272 4473 1354 4530 sui
1384 4476 1646 4546 vigorem,
1680 4476 1929 4532 manibus
1955 4481 2158 4536 nostris

2269 627 2452 684 levita.
2485 648 2506 682 ι

2341 718 2467 775 llaec
2497 733 2585 775 res
2614 727 2763 790 gesta
2792 733 3046 790 magnum
3069 717 3220 774 nobis
3247 719 3503 790 generavit
3528 721 3729 782 detrimen-

2267 819 2382 866 tum
2403 851 2419 878 ,
2471 811 2609 866 sicut
2632 811 2746 880 jam
2799 810 3228 882 prmlibavimus;
3269 826 3416 876 nam,
3445 811 3657 871 defunctis
3681 818 3732 874 liis

2265 901 2463 973 quibus
2491 902 2702 974 prefuta
2743 912 2893 958 carta
2938 902 3154 958 tenendi
3187 916 3456 958 assensum
3492 905 3731 974 praebuerat,
3794 955 3795 960 η

2266 1009 2454 1052 eorum
2489 995 2850 1066 superstites,
2900 993 2954 1048 vi
3003 1003 3059 1048 et
3109 992 3382 1062 impunita:
3423 994 3619 1050 audaciae
3651 1009 3735 1065 ραι
3794 1015 3795 1024 η

2266 1084 2601 1156 Sumptione,
2636 1099 2734 1154 per
2759 1099 3028 1138 annorum
3059 1083 3348 1138 multorum
3373 1084 3600 1139 curricula
3617 1094 3735 1142 tenete

2266 1173 2570 1229 voluerunt.
2603 1172 2844 1240 Quorum
2875 1172 3120 1243 quaedam
3166 1172 3375 1238 mulier,
3404 1173 3589 1228 nomine
3609 1173 3734 1242 Adsis,

2266 1263 2604 1320 secularibus
2633 1263 2766 1319 fulta
2797 1261 3089 1335 praesidiis,
3125 1263 3292 1318 ictum
3324 1262 3579 1317 cotidianae
3595 1277 3735 1318 excom-

2268 1355 2650 1411 tnunicatiouis
2677 1356 2790 1412 fere
2816 1370 2912 1426 per
2940 1354 3042 1409 tria
3085 1353 3258 1409 lustra
3286 1355 3561 1421 sustinens,
3591 1351 3736 1424 vitiant

2265 1447 2418 1502 senio
2448 1445 2590 1503 fessa
2622 1455 2676 1502 et
2703 1444 3053 1502 inrevocabili
3081 1454 3260 1502 morte
3299 1445 3584 1517 perterrita,
3609 1446 3737 1501 dimisit

2265 1537 2466 1604 invita,
2509 1538 2654 1594 ferre
2683 1538 2882 1608 timens
2919 1537 3486 1595 excommunicationis
3507 1536 3738 1592 vinculallt

2265 1643 2370 1698 qua
2399 1645 2457 1684 re
2485 1627 2634 1684 XXX
2657 1628 2807 1684 librze
2830 1643 3177 1684 nummorum
3202 1638 3330 1684 sunt
3353 1627 3484 1684 datae
3500 1626 3740 1698 duabuseju

2265 1721 2478 1777 ﬁliabus
2501 1713 2767 1777 et'earum
2811 1708 3165 1792 conjugibus,
3205 1731 3267 1776 ut
3291 1721 3372 1778 vel
3398 1722 3471 1778 sic
3494 1721 3736 1793 extinguere-

2267 1823 2353 1869 tur
2385 1813 2742 1869 immoderata
2776 1829 2966 1870 eorum
2989 1814 3294 1885 cupiditas,
3341 1829 3456 1884 qua:
3478 1814 3740 1884 quinquennio
3794 1867 3795 1885 ξ

2265 1907 2423 1963 nobis
2442 1907 2660 1978 quidem
2693 1906 2856 1962 tacita
2890 1905 3129 1962 fructum
3161 1905 3318 1962 fundi
3347 1921 3543 1963 sumere
3562 1905 3740 1975 pennisit.

2265 1995 2421 2052 Nunc
2460 2005 2640 2051 autem
2676 1995 2946 2064 rediviva,
2997 1997 3300 2062 ebulliens,
3337 1995 3418 2051 l‘as
3445 2005 3495 2051 et
3525 1995 3642 2050 nefas
3660 2009 3744 2063 equa

2265 2088 2422 2144 lance
2473 2103 2744 2158 pensans,
2803 2088 3004 2159 injuste
3025 2098 3284 2162 _usurpat
3332 2088 3468 2160 quod
3514 2087 3745 2156 reliquerat,

2265 2179 2425 2235 beato
2453 2178 2615 2234 Petro
2645 2178 2889 2249 apostolo
2921 2179 3245 2250 inspiciente
3286 2188 3344 2236 et
3379 2179 3539 2234 adhuc
3559 2177 3628 2249 pia
3647 2190 3747 2230 manu
3794 2195 3795 2256 ;

2282 2271 2556 2328 retinente
2575 2270 2895 2326 vindictam.

2754 2360 3156 2419 CAPITULUM
3193 2361 3377 2418 XLIII.

2373 2454 2453 2512 De
2480 2456 2855 2511 consuetudine
2883 2456 3010 2511 dolo
3035 2473 3067 2511 a
3093 2455 3357 2512 Walterio
3383 2454 3552 2511 comite
3569 2451 3693 2527 (I83).
3794 2451 3795 2506 Τ

2825 2545 3003 2620 (Circa
3035 2563 3088 2602 a.
3119 2547 3310 2616 I006.)

2344 2655 2365 2690 ι
2405 2635 2462 2692 In
2495 2636 2642 2710 (181)
2671 2637 2890 2693 nomine
2914 2647 3118 2694 sanctte
3141 2649 3197 2695 et
3221 2636 3507 2693 individua:
3531 2631 3746 2690 'l‘rinintis.

2269 2726 2500 2785 Salubre
2525 2737 2689 2798 atque
2713 2727 2846 2783 utile
2868 2735 2924 2783 et
2950 2726 3254 2798 proﬁcuum
3279 2728 3472 2782 animae
3489 2733 3648 2780 nostra:
3668 2721 3754 2792 judi-

2268 2835 2476 2888 camus,
2506 2831 2566 2876 ut
2589 2837 2656 2878 ex
2687 2821 2770 2876 his
2794 2836 2916 2892 qua:
2941 2821 2994 2875 in
3020 2820 3279 2891 praesenti
3309 2819 3488 2876 seculo
3511 2813 3754 2872 nobisallco
3794 2835 3795 2840 π

2267 2911 2462 2966 collata
2491 2920 2639 2978 sunt,
2665 2911 2775 2966 Deo
2796 2910 3182 2975 servientibus,
3210 2925 3314 2980 pro
3340 2908 3508 2964 salute
3526 2906 3753 2962 animarum.
3794 2899 3795 2960 ξ

2265 3004 2648 3060 concedamus.
2678 3001 2948 3072 Quicquid
2969 3001 3114 3058 enim
3137 3001 3191 3056 in
3217 3001 3325 3056 hoc
3347 3001 3535 3055 mundo
3552 2996 3755 3053 cemimus,

2269 3107 2710 3151 momentaneum
2739 3101 2795 3150 et
2826 3093 3198 3150 transitorium
3233 3103 3294 3149 et
3342 3091 3576 3147 instabile
3610 3082 3754 3142 omnino
3794 3093 3795 3106 ι

2270 3187 2708 3258 comprobamus.
2759 3171 2967 3242 Iecirco
3011 3201 3112 3258 ego
3149 3183 3453 3240 Waltcrius
3481 3174 3758 3254 (185),ςηιὶι

2265 3279 2360 3335 Dei
2381 3319 2396 3340 ,
2435 3294 2651 3346 comes,
2702 3278 3007 3349 profectum
3039 3286 3096 3334 et
3123 3277 3365 3333 salutem
3411 3278 3588 3333 anima:
3618 3273 3756 3324 mese!

2263 3371 2509 3443 conjugis
2545 3386 2677 3427 mea:
2701 3371 2944 3427 Adelidis
2976 3369 3330 3442 ﬁliorumque
3377 3382 3628 3429 meorum,
3665 3358 3760 3430 quic-

2263 3463 2390 3535 quid
2415 3463 2806 3518 consuetudine
2829 3460 3112 3532 temporali
3139 3462 3206 3515 ad
3231 3477 3337 3516 nos
3359 3460 3607 3532 pertinere
3623 3451 3760 3504 videtur

2264 3555 2331 3610 de
2364 3553 2591 3608 navibus
2617 3551 2803 3609 Sancti
2832 3551 2978 3608 Petri
3013 3551 3393 3616 Jociaccncis,
3431 3565 3523 3620 per
3546 3547 3760 3614 Sequanam

2267 3646 2674 3702 transeuntibus
2703 3660 2870 3718 prope
2903 3653 3148 3700 nostrum
3176 3643 3492 3707 castellum,
3524 3637 3641 3710 quod
3660 3629 3760 3691 VIIer

2265 3739 2470 3795 dicitur
2498 3737 2773 3804 Illedanta,
2805 3750 2902 3804 per
2929 3733 3373 3818 deprecationem
3405 3719 3762 3818 Mainardigahba-

2262 3831 2333 3886 tis
2363 3839 2421 3886 et.
2445 3839 2754 3886 ceterorum
2798 3825 3060 3892 fratrum,
3089 3815 3265 3881 eidem
3298 3825 3420 3880 loco
3449 3815 3758 3908 concessitnnfi

2261 3939 2325 3980 ea
2361 3923 2570 3978 ratione
2600 3930 2660 3976 ut
2689 3935 2868 3991 neque
2895 3935 3018 3992 ego,
3055 3933 3231 3990 neque
3259 3917 3358 3973 ﬁlii
3391 3915 3515 3980 mei,
3540 3910 3609 3966 vel
3632 3905 3761 3971 aliti"is

2264 4015 2640 4069 ministrorum
2675 4025 2986 4068 nostrorum
3009 4051 3025 4076 ,
3071 4025 3168 4080 per
3197 4005 3542 4066 succedentia
3567 4008 3762 4066 tempori.

2261 4107 2509 4177 accipere
2537 4104 2740 4175 aliquid
2778 4102 2992 4160 debeat.
3030 4101 3264 4186 Quodsi
3307 4100 3503 4173 aliquis
3531 4103 3682 4153 contra
3699 4087 3763 4187 hoc

2263 4205 2464 4254 nostra:
2516 4195 2821 4268 largitionis
2886 4195 3087 4250 donum
3134 4179 3444 4273 insurgere.
3479 4179 3764 4258 temptaverit.

2262 4289 2662 4346 maledictionis
2691 4295 2746 4343 et
2771 4287 3140 4344 anathematis
3172 4285 3393 4342 vinculo
3414 4283 3765 4354 obligatus,pﬂ-

2261 4394 2437 4454 petum
2475 4381 2843 4452 dampnationi
2883 4377 3195 4450 subiaceat;
3223 4389 3304 4444 et,
3334 4378 3461 4449 quia
3487 4390 3597 4432 cum
3618 4360 3768 4424 benefr

2261 4473 2502 4530 ctoribus
2527 4481 2735 4543 partem
2756 4471 2955 4526 habere
2972 4469 3162 4533 noluit.
3182 4483 3306 4524 cum
3329 4455 3769 4537 blaSphematoribnS

565 4561 936 4620 adtrectataet
951 4563 1307 4636 plurimorum
1331 4568 1641 4624 nominibus
1659 4569 2156 4641 habeturinsignita
2196 4576 2242 4635 υ
2271 4575 2326 4620 et
2350 4563 2792 4636 persecutoribus
2816 4562 3054 4630 Domini,
3081 4571 3136 4617 et
3158 4560 3296 4617 .Iuda
3331 4561 3600 4622 traditore,
3623 4548 3768 4641 Dathan

569 4663 735 4725 atque
763 4656 1137 4713 corroborata.
1180 4659 1298 4716 Odo
1331 4674 1536 4715 comes.
1571 4659 1866 4717 Walterius
1895 4662 2044 4733 (181)
2071 4679 2164 4720 co-

565 4761 708 4804 mes.
740 4747 920 4804 Abbas
951 4749 1256 4807 Gisbertus.
1295 4751 1582 4808 Duraudus
1609 4753 1868 4808 decanus.
1901 4753 2163 4810 Erbertns

565 4839 891 4896 monachus.
918 4840 1120 4896 Alveus
1158 4842 1478 4900 monachus.
1512 4841 1814 4900 Tedbertns
1841 4845 2160 4902 monachus.

567 4923 848 4987 Iohannes
882 4931 1201 4988 monachus.
1243 4930 1566 4989 Benedictus
1594 4935 1909 4992 monachus.
1942 4935 2164 5008 Magon-

570 5020 758 5078 l'redus
786 5024 1104 5080 monachus.
1135 5023 1330 5080 Actum
1357 5024 1575 5080 Gisiaco
1624 5024 1820 5094 fundo,
1871 5027 1934 5083 111
1977 5027 2158 5084 kalen-

572 5108 763 5167 darum
797 5113 1135 5180 octobrium,
1168 5115 1347 5186 primo
1372 5129 1517 5171 anno
1549 5115 1698 5186 regni
1744 5114 2046 5185 Clndovici,
2080 5118 2161 5174 in-

645 5289 794 5361 (l80)
821 5290 937 5347 Hoc
973 5293 1386 5350 instrumentum
1421 5293 1855 5350 transferendum
1887 5306 1969 5352 est
2008 5297 2059 5352 in
2095 5299 2160 5354 li-

569 5359 732 5436 brum
750 5359 989 5436 Qisberti
1017 5367 1247 5433 abbatis,
1278 5382 1438 5436 supra
1465 5365 1570 5421 col.
1598 5365 1858 5421 Sil-242.

645 5431 794 5503 (181)
835 5431 1128 5491 Walterius
1160 5437 1198 5498 l,
1231 5431 1416 5494 comes
1453 5436 1816 5494 Dorcassinus
1849 5445 1905 5493 et
1934 5436 2150 5495 Velcas-

567 5502 844 5578 lingustde
857 5519 970 5578 quo
995 5505 1116 5562 vide
1143 5523 1326 5577 supra,
1357 5522 1477 5578 cap.
1505 5507 1544 5564 I.

643 5573 792 5646 (182)
834 5574 933 5632 Hic
952 5573 1314 5646 prtetermissa
1347 5573 1560 5634 videtur
1591 5578 1643 5633 in
1676 5578 1797 5634 cod.
1833 5579 2017 5634 littera
2046 5596 2151 5634 nu-

571 5645 796 5718 meralis
822 5664 888 5709 ι,
941 5645 1374 5718 quandoquidem
1405 5649 1524 5704 dies
1562 5665 1623 5705 tu
1671 5648 1888 5704 kalend.
1935 5651 2146 5705 octobr.

571 5731 634 5790 ξ.
657 5717 697 5775 Δ1
753 5716 1010 5774 Ludovidi
1058 5732 1137 5790 γ.
1162 5716 1572 5790 ᾴυοᾴᾃιθιηριιε
1618 5721 1872 5790 convenit
1903 5735 2028 5776 cum
2062 5721 2150 5776 die

568 5786 644 5844 29
672 5791 969 5855 septctnbr.
1000 5805 1051 5844 a.
1079 5786 1211 5844 Chr.
1239 5786 1364 5854 986,
1389 5789 1440 5844 in
1473 5786 1659 5846 indiet.
1693 5805 1782 5844 xrv
1813 5789 2062 5845 incurrit.

647 5858 792 5932 (l83)
833 5858 1002 5932 Ilujus
1043 5861 1247 5918 charta:
1279 5868 1492 5932 tempus
1535 5858 1821 5932 conjicitur
1847 5876 1911 5917 ex
1959 5861 2146 5919 charta

2269 4633 2486 4728 quoque
2528 4665 2581 4712 et
2611 4657 2848 4719 Abirou,
2889 4669 3026 4725 quos
3055 4663 3201 4711 terra
3241 4653 3400 4709 vivos
3440 4643 3703 4736 absorbuit.
3736 4633 3770 4736 In

2269 4758 2532 4805 aeternum
2581 4747 2872 4818 dispereat.
2917 4746 2985 4800 Et
3030 4755 3089 4800 ut
3136 4745 3240 4801 hoc
3271 4753 3473 4800 nostra:
3516 4733 3772 4796 aue-terimiis

2269 4849 2596 4913 pra-ceptum
2649 4836 3019 4894 inconvulsnm
3061 4845 3412 4906 permaneat,
3463 4844 3611 4888 manu
3644 4829 3772 4878 nos!“l

2268 4931 2396 4988 illud
2433 4929 2834 5001 subscriptione
2867 4926 3221 4990 ﬁrmavimus.
3251 4936 3308 4981 et
3334 4925 3576 4980 manibus
3606 4917 3772 4972 ﬁliorum

2267 5033 2323 5077 et
2387 5022 2622 5077 ﬁdelium
2681 5029 2993 5076 nostrorum
3070 5018 3438 5074 roborandam
3513 5008 3773 5068 lradid'tnmso

2268 5115 2329 5171 S.
2361 5112 2607 5169 Walterii
2654 5111 2894 5169 comitis.
2933 5109 2994 5166 S.
3034 5109 3244 5166 lIodulli
3269 5151 3284 5175 ,
3330 5109 3425 5164 lilii
3461 5105 3588 5176 cjus.
3615 5095 3775 5154 5.0m-

2261 5299 2628 5361 Gcmeticensi
2656 5295 2989 5354 monasterio
3011 5296 3078 5349 ab
3107 5294 3296 5349 eodem
3326 5286 3596 5348 Walterio,
3619 5277 3776 5361 Ῡεῐςὲες

2657 5346 3194 5443 Iiiiéffh'tinb'ioos,
3223 5365 3290 5419 de
3319 5362 3510 5443 eodem

3042 5417 3056 5420 ⁷
3073 5417 3504 5492 commeantibus
3529 5417 3774 5514 .caigwdo-

2260 5515 2397 5558 Villa
2429 5514 2567 5558 l'Art
2592 5513 2656 5558 de
2685 5510 2894 5558 uérilier
2920 5507 2994 5558 les
3021 5507 3178 5558 Dales
3199 5546 3215 5558 .
3255 5514 3291 5558 1.
3318 5504 3358 5558 II
3379 5545 3395 5558 .
3428 5519 3476 5558 1).
3509 5497 3617 5553 083.
3746 5550 3754 5558 .

2260 5507 2567 5574 Vide'l’Ar't
2592 5513 2656 5566 de
2685 5507 2894 5579 vériﬁer
2920 5507 2994 5563 les
3021 5507 3178 5561 Dales
3199 5546 3215 5572 ,
3255 5514 3291 5558 ι.
3318 5507 3358 5558 ll
3379 5545 3395 5570 ,
3428 5519 3476 5574 p.
3509 5507 3617 5582 (ἰδ’-ἐ..
3746 5550 3754 5561 ,

2333 5583 2482 5652 (184)
2530 5581 2635 5637 Ista
2681 5581 2871 5636 charta
2920 5579 2988 5634 ad
3031 5577 3228 5632 librum
3279 5570 3578 5645 Magcnardt
3622 5558 3774 5615 abbatis

2257 5664 2518 5726 perﬂuet.
2733 5722 2746 5734 ’
3408 5714 3422 5726 ·
3588 5687 3776 5758 'lteriil

2258 5724 2479 5852 ¹Ξ¹ἰςέῗῦ)
2519 5721 2819 5780 Waltertus
2859 5721 2935 5791 ll,
2983 5720 3150 5778 Albus
3180 5727 3515 5852 cognomine,
3541 5709 3630 5766 “3

2321 5813 2420 5852 IIIS.
