3842 6308
88 426 185 481 509
749 428 978 488 VETUS
1005 431 1260 491 AGANO‘.
1289 465 1358 474 —
1395 433 1524 489 LIB.
1567 431 1680 488 VII'.
1711 429 2097 488 LANDRICUS
2129 428 2218 486 ET
2258 426 2654 487 IIUBERTUS‘.
3233 435 3355 494 sm

83 536 255 607 genis,
305 535 397 592 ﬁlii
425 534 565 606 ejus.
605 539 662 595 S.
699 539 948 600 Walterii
989 546 1196 602 militis.
1246 546 1306 603 8.
1343 546 1649 618 Ror-igonis.
1681 553 1730 610 Α
1761 545 1928 617 ipsius
1957 545 2139 601 herbae
2169 559 2385 616 precem
2411 553 2654 601 aratrum
2697 546 2816 603 slve
2858 545 3024 616 boum
3053 551 3208 622 quasi
3246 567 3358 623 per-

84 627 136 683 8.
174 627 429 700 liugonis.
479 629 543 686 8.
593 630 880 690 Sansonis.
925 635 985 692 8.
1035 637 1249 694 liberti.
1290 639 1348 695 S.
1397 638 1662 711 IIugonis'
1767 637 2210 694 consuetudinem
2238 646 2563 708 extorquere
2599 638 2668 694 ab
2695 637 3148 698 hominibusnon
3181 645 3342 699 time-

82 719 136 774 8.
164 719 422 775 Addonis.
450 721 514 778 8.
542 722 867 782 Guadsonis.
902 745 930 779 i~
1765 739 1868 786 ret.
1897 730 2003 786 Pro
2026 731 2148 797 bac,
2183 730 2836 800 inquam,..consuetudine
2865 732 3005 788 mala
3034 747 3196 805 quam
3225 735 3342 806 ipse

559 813 959 873 CAPITULUM
998 817 1182 876 XLIV.
1763 831 1883 890 post
1901 837 2030 877 eum
2047 836 2216 892 usque
2241 836 2385 876 nunc
2408 823 2682 892 usurpavi,
2707 824 2948 893 graviter
2974 841 3061 881 me
3085 841 3352 897 peccasse-

316 900 400 958 θα
424 903 626 959 ancilla
655 905 781 960 data
805 923 837 962 a
860 907 1182 966 Waleramto
1203 913 1411 968 comite.
1761 911 2056 978 conﬁteor;
2089 921 2283 982 atque,
2324 910 2548 982 llugone
2578 911 2744 968 fratre
2771 929 2893 970 meo
2919 925 3193 971 annuente
3213 956 3228 983 ,
3261 916 3335 972 si-

632 997 798 1069 (Ante
821 1015 874 1054 a.
903 1001 1088 1071 1071).
1759 1009 1852 1058 cut
1888 1002 2172 1072 proposui,
2220 1017 2319 1073 pro
2349 1003 2632 1060 animabus
2676 1005 2912 1072 nostris,
2948 1021 3131 1061 coram
3161 1006 3353 1061 omni--

135 1100 156 1134 ο
189 1100 245 1138 .n
271 1085 502 1141 nomine
526 1098 726 1144 sancta:
751 1099 806 1145 et
829 1091 1119 1148 individua:
1136 1091 1445 1164 Trinitatis,
1476 1095 1658 1153 Patris
1755 1091 1886 1158 bus,
1951 1092 2215 1164 relinquo.
2265 1091 2417 1148 Hanc
2446 1103 2626 1150 autem
2656 1105 2862 1150 cartam
2909 1112 3071 1152 manu
3119 1097 3355 1170 propria.

67 1185 114 1230 et
139 1175 251 1231 Filii
285 1185 344 1232 et
375 1177 620 1249 Spiritus
648 1180 860 1238 Sancti.
904 1185 1025 1256 Ego
1052 1184 1432 1244 Gualerannus
1458 1189 1614 1262 (186)

1755 1196 1878 1238 cum
1921 1182 2103 1239 crucis
2140 1182 2295 1253 signo
2324 1184 2652 1252 corroboro,
2699 1200 3006 1258 nomenque
3060 1203 3238 1242 mequ
3283 1197 3353 1244 et'

70 1269 316 1328 Ilellentis
344 1272 522 1328 castri
551 1288 762 1342 comes,
795 1285 981 1332 notum
1017 1293 1140 1336 esse
1168 1280 1290 1336 volo
1317 1289 1516 1338 sancta:
1553 1283 1652 1340 Dei
1755 1274 1970 1330 nomina
2018 1274 2258 1331 ﬁdelium
2299 1284 2608 1332 ηοεῑτοτυῐη
2655 1277 2998 1334 subscribere
3038 1277 3222 1347 Ῑυδθο·
3277 1277 3334 1336 Si

64 1361 286 1424 ecclesiae
326 1363 620 1433 ﬁdelibus,
668 1376 778 1422 tam
821 1370 1166 1439 presentibus
1209 1386 1371 1442 quam
1417 1371 1647 1442 futuris,
1751 1367 1873 1436 quis
1900 1375 2079 1421 autem
2107 1365 2414 1422 malesanus
2435 1367 2724 1438 aliquando
2752 1368 2894 1424 hanc
2917 1385 3028 1424 rem
3055 1371 3330 1428 contraire

66 1458 174 1526 quia
202 1459 424 1529 quidam
467 1461 635 1518 homo
663 1477 729 1519 ex
778 1463 982 1521 familia
1019 1464 1206 1522 Sancti
1255 1465 1404 1522 Petri
1447 1467 1622 1525 Giseci

1750 1453 2014 1522 voluerit,
2043 1456 2146 1512 nisi
2177 1456 2286 1512 cito
2331 1457 2652 1527 resipuerit,
2695 1475 2818 1514 cum
2865 1459 3075 1515 Dathan
3103 1470 3157 1516 et
3197 1462 3326 1517 Abi.-

63 1551 223 1613 ortits,
253 1550 346 1620 qui
391 1553 554 1608 locus
584 1556 817 1611 ctenubii
846 1556 1199 1614 Carnotensis
1239 1558 1377 1614 cella
1417 1574 1537 1616 esse
1568 1560 1648 1616 di—
1714 1561 1856 1602 ’Υοηη
1891 1547 2043 1603 Vivus
2095 1548 2454 1614 absorbeatur
2505 1551 2863 1617 llllm0;.cum
2912 1551 3124 1608 Πὲτοάθ
3175 1554 3334 1610 Ῐηηο-

66 1639 311 1706 noscitur;
359 1640 536 1698 homo
567 1644 783 1714 quidem
812 1656 1037 1702 vocatur
1067 1646 1395 1715 Walterius;
1429 1650 1520 1719 qui
1553 1664 1622 1706 ae

1747 1648 1963 1697 centum
2013 1641 2284 1710 occisore,
2349 1653 2509 1714 atque
2553 1643 2722 1710 Judu,
2775 1645 2986 1701 Domini
3038 1649 3338 1716 traditore,

62 1729 188 1797 cepit
215 1730 316 1785 sibi
353 1746 590 1787 uxorem
623 1750 788 1793 una",
819 1750 885 1791 ex
913 1737 1123 1794 ancillis
1153 1739 1307 1794 meis,
1341 1738 1494 1806 Quod
1519 1756 1642 1797 cum
1747 1729 1991 1784 tradatur
2022 1731 2235 1802 ignibus
2267 1732 2546 1803 gehennae.
2608 1733 2667 1788 S'.
2700 1731 2933 1789 IIilduiui
2965 1735 3336 1803 viceeomitis,

67 1821 348 1886 rescissem,
387 1831 689 1903 uirumque
714 1833 768 1881 ει
801 1827 1076 1882 hominem
1107 1838 1162 1884 οι
1205 1830 1488 1886 mulierem
1522 1847 1644 1888 meo
1676 1898 1710 1903 _
1745 1821 1834 1891 qui
1866 1822 2006 1877 hanc
2034 1823 2480 1878 consuetudinem
2513 1823 2735 1879 dimisit.
2761 1823 2819 1878 8.
2854 1825 3332 1897 IIugonis,.fratris

61 1911 151 1980 juri
177 1914 472 1983 mancipari
500 1898 767 1984 disposui.
799 1918 1200 1976 Interveniente
1226 1937 1356 1977 vero
1377 1939 1499 1977 cmn
1524 1924 1622 1995 qui

1743 1912 1878 1983 ejus.
1922 1913 2149 1970 Nomina
2191 1916 2407 1970 testium
2442 1933 2455 1969 :
2493 1915 2902 1982 Gualerannus,
2944 1919 3243 1973 monachus
3277 1928 3334 1973 et

65 2006 264 2060 busdam
295 2007 590 2064 monachis
615 2010 810 2066 abbate
843 2013 1053 2082 praefati
1106 2015 1371 2081 cmnobii,
1424 2018 1622 2071 nomint

1743 2004 2086 2074 praepositus,
2117 2005 2208 2074 qui
2233 2021 2331 2074 pro
2362 2006 2466 2062 hac
2493 2021 2551 2060 re
2577 2005 3095 2063 XXX‘nummorum
3127 2008 3332 2064 solidos

63 2097 330 2165 Landrieo,
380 2113 485 2168 pro
527 2117 715 2159 amore
747 2105 841 2160 Ι)ρί
871 2106 1287 2176 omnipotentis,
1333 2108 1424 2178 qui
1459 2111 1622 2165 omni:

1742 2092 2048 2146 vicecomiti
2079 2094 2254 2160 dedit;
2299 2093 2500 2150 Paulus
2527 2097 2864 2164 monachus,
2909 2098 3000 2166 qui
3031 2099 3173 2153 hanc
3209 2113 3329 2153 caro

65 2193 337 2248 necessaria
387 2210 492 2250 sua
548 2195 786 2265 gratuita
836 2195 1080 2250 bonitate
1120 2197 1484 2253 amministrat
1526 2199 1622 2254 sui:

1743 2191 1850 2237 tam
1880 2185 2130 2256 scripsit;
2174 2183 2527 2253 Ruscelinus,
2578 2187 2692 2244 0J0
2722 2188 2788 2244 de
2821 2189 3020 2245 Roseto
3043 2229 3057 2254 ,
3108 2189 3322 2243 Aimar~

65 2279 304 2348 ﬁdelibus;
339 2299 466 2339 cum
497 2300 772 2340 consensu
800 2286 1130 2341 dulcissima;
1155 2302 1287 2342 mea,
1317 2287 1559 2360 conjugis
1583 2300 1640 2347 ει
1739 2273 1872 2340 dus,
1904 2275 2048 2331 ﬁlius
2071 2275 2366 2342 Guntardi;
2409 2279 2581 2333 Adam
2613 2281 2678 2334 de
2708 2279 3069 2346 ancholedo;
3122 2280 3322 2335 Walte-

65 2373 278 2430 sobolum
313 2376 673 2446 ﬁdeliumque
701 2392 944 2432 meorum
964 2419 980 2444 ,
1027 2379 1199 2449 ipsam
1231 2381 1410 2436 dimisi
1437 2383 1640 2438 manci-

66 2466 337 2533 pauonem,
387 2476 446 2524 et
484 2467 773 2523 mulierem
807 2483 927 2539 quae
957 2469 1061 2524 mei
1094 2468 1233 2538 juris
1277 2481 1426 2537 erat,
1475 2472 1637 2528 simul

66 2575 167 2615 cum
187 2563 294 2618 viro
328 2578 449 2628 suo,
481 2571 681 2618 sancto
711 2562 873 2617 Petro
900 2564 1181 2628 concessi,
1212 2574 1290 2631 ut,
1325 2565 1393 2619 ab
1423 2565 1524 2620 hac
1550 2567 1636 2622 die

67 2651 108 2704 in
144 2663 321 2722 antea,
361 2654 490 2724 jure
533 2663 795 2726 perpetuo
825 2654 1100 2726 possideat
1149 2664 1256 2710 tam
1299 2656 1443 2727 ipsos
1471 2673 1634 2728 quam

68 2758 177 2811 quos
200 2745 284 2814 qui
311 2761 375 2801 ex
422 2747 518 2801 his
553 2747 875 2816 procreandi
907 2754 1053 2800 sunt.
1085 2744 1142 2801 Si
1172 2747 1294 2818 quis
1321 2755 1500 2802 autem
1539 2749 1634 2805 he-

71 2832 224 2886 redum
269 2850 520 2890 meorum
571 2835 698 2890 huic
748 2835 1052 2906 largitionis
1099 2849 1232 2890 mea:
1280 2836 1632 2907 portiunculae

69 2923 298 2978 contraire
334 2924 608 2992 voluerit,
637 2934 858 2980 sanctus
885 2925 1081 2981 Petrus
1107 2926 1156 2981 ei
1194 2927 1387 2983 obvius
1418 2938 1628 3000 portam

72 3011 252 3068 claudat
275 3014 556 3081 Paradisi,
605 3026 692 3082 et,
736 3017 838 3072 nisi
872 3019 1187 3089 resipuerit,
1233 3021 1630 3092 gehennalihus

72 3101 280 3161 daustris
322 3109 666 3176 puniendum
701 3109 897 3164 tradat.
932 3109 1003 3166 Ut
1034 3120 1212 3167 autem
1263 3111 1379 3168 haec
1419 3113 1626 3169 cartula

74 3193 128 3248 sit
157 3197 359 3264 ﬁrmior,
408 3201 576 3270 signo
616 3201 1015 3273 astipulatiouis
1061 3217 1231 3269 mem,
1281 3216 1408 3260 ante
1441 3209 1626 3262 accele-

73 3284 180 3342 siam
203 3293 362 3347 sancti
393 3291 604 3365 Nigasii
627 3336 642 3363 ,
679 3309 798 3350 eam
827 3296 1032 3367 signavi
1053 3337 1068 3362 ,
1111 3307 1166 3352 et
1196 3296 1322 3352 ﬁliis
1353 3298 1625 3356 ﬁdelibus-

74 3391 155 3446 que
177 3382 296 3438 meis
322 3387 788 3442 eorroborandam
823 3389 1040 3444 tradidi.
1071 3388 1128 3445 8.
1162 3389 1497 3446 Gualeranni
1529 3408 1624 3448 co-

73 3468 207 3524 mitis.
231 3472 284 3528 S.
316 3475 566 3548 Hugonis
612 3478 980 3550 primogeniti.
1011 3479 1068 3535 8.
1095 3479 1340 3550 conjugis
1365 3482 1624 3540 Adelidis.

77 3555 123 3614 S.
144 3559 444 3624 Gualeranni
473 3567 594 3624 ﬁlii.
629 3566 686 3625 S.
716 3569 952 3627 Fulcoisi
986 3571 1102 3626 ﬁlii.
1129 3570 1187 3626 S.
1218 3571 1447 3628 'I'eduini
1481 3575 1628 3631 vice-

74 3654 275 3710 comitis.
305 3658 362 3713 8.
395 3659 612 3716 IIeluisi
643 3659 848 3716 clerici.
882 3661 940 3718 S.
973 3661 1237 3733 Drogonis
1260 3665 1326 3722 de
1360 3664 1623 3723 Coﬁante.

77 3737 120 3791 S.
139 3741 330 3801 Ansoldi
353 3747 577 3804 Parisii.
603 3747 662 3804 8.
687 3749 948 3817 Ililduiui,
983 3751 1078 3808 ﬁlii
1107 3753 1376 3810 Ilermeri.
1407 3756 1465 3813 S.
1495 3756 1626 3813 Wil-

77 3826 188 3884 lehni
229 3833 390 3891 Calvi.
433 3839 497 3894 8.
540 3839 827 3894 Guarnerii
861 3843 1160 3912 praepositi.
1204 3843 1262 3899 8.
1315 3845 1520 3903 Odonis
1559 3849 1626 3905 de

76 3916 221 3979 Porta.
250 3925 304 3982 8.
333 3928 604 3986 Bernardi
647 3932 788 3988 Alba
834 3933 1003 3991 Sella.
1047 3935 1108 3992 S.
1156 3935 1381 3995 Guarini
1413 3940 1618 3996 clerici.

80 4010 252 4074 Vilalis.
277 4019 562 4078 Johannis.
603 4043 622 4077 ι

530 4137 930 4199 CAPITULUM
967 4142 1130 4201 XLV.

82 4216 139 4272 De
171 4240 312 4292 prava
355 4233 759 4358 εοηειιειιιιιὶηεά
786 4247 1042 4318 usurpata
1087 4255 1118 4293 α
1163 4239 1457 4296 τὶεεοοηιὶιε
1495 4240 1619 4296 Ilit-

765 4319 907 4358 ωηο.

765 4319 907 4362 umo.

595 4393 756 4465 (Ante
783 4412 834 4450 a.
866 4397 1049 4470 l080.)

145 4491 160 4524 t
189 4474 238 4530 In
269 4483 483 4538 nomine
514 4493 716 4540 sancta:
745 4495 801 4541 et
833 4487 1123 4546 iudividute
1161 4490 1469 4550 Trinitatis.
1509 4494 1618 4565 Ego

1740 2366 1875 2432 rius,
1909 2367 2048 2422 ﬁlius
2081 2367 2324 2440 Ilugonis
2355 2370 2420 2425 de
2455 2370 2743 2437 Aincurte;
2787 2371 3116 2438 Willelmus,
3160 2387 3332 2443 nepos

1738 2456 1886 2525 ejus;
1930 2458 2239 2514 Willelmns
2281 2460 2495 2516 Plicans
2545 2461 2812 2526 Montem,
2862 2463 3011 2534 [Iugo
3064 2463 3332 2518 Brustans

1737 2548 2007 2617 Salicem,
2060 2553 2334 2608 llubertus
2379 2554 2445 2610 de
2502 2553 2732 2618 Roseto,
2795 2553 2969 2609 Ilnrso
3018 2563 3332 2620 mercator;

1735 2639 2040 2702 Turoldus.
2076 2642 2219 2698 filius
2251 2642 2396 2713 ejus,
2445 2643 2716 2700 IIubertus
2746 2646 3066 2710 Donzellus,
3114 2644 3326 2700 Gausli-

1734 2748 1836 2789 nus
1864 2732 2229 2803 Normannus,
2255 2735 2625 2801 Gambardus,
2658 2736 2959 2792 G‘arnerius
2990 2736 3189 2792 Bultio.
3228 2757 3246 2788 ι

2213 2825 2614 2884 CAPITULUM
2653 2826 2836 2882 XLVI.

1921 2916 1996 2972 De
2029 2918 2141 2988 [era
2183 2936 2338 2990 quant
2374 2930 2714 2991 usurpaverat
2745 2920 2914 2975 Draco
2950 2937 3140 2975 cantes.

2293 3012 2454 3084 (Ante
2481 3027 2532 3066 a.
2567 3011 2746 3083 I036).

1807 3121 1825 3154 ι
1863 3100 2106 3168 Veritas,
2137 3119 2258 3174 quae
2283 3113 2364 3159 est
2396 3103 2486 3159 Dei
2521 3103 2662 3159 ﬁlius
2686 3145 2699 3170 ,
2733 3104 2823 3176 qui
2853 3104 3026 3160 dixit:
3057 3104 3168 3176 Ego
3201 3121 3328 3160 sum

1729 3193 1940 3261 ueritas,
1969 3203 2255 3249 ortaturet
2277 3194 2432 3250 docet
2461 3194 2636 3250 aliena
2666 3211 2772 3250 non
2800 3211 2990 3267 rapere
3014 3205 3069 3252 et
3098 3196 3320 3266 propria

1733 3286 1939 3358 largiri.
1973 3287 2311 3360 Quapropter
2340 3303 2442 3360 ego
2463 3289 2638 3345 Droeo
2667 3289 2812 3361 (l87)
2831 3330 2846 3356 ,
2881 3305 3064 3345 comes
3091 3289 3314 3344 Ambia-

1731 3381 1998 3446 nensium,
2017 3381 2086 3437 ob
2105 3397 2344 3438 amorem
2371 3382 2462 3437 ﬁlii
2489 3381 2582 3437 Dei
2607 3391 2662 3438 et
2685 3383 2918 3438 salutem
2946 3382 3143 3438 animae
3161 3397 3314 3446 mete.

1731 3473 2174 3528 consuetudinem
2211 3490 2373 3544 quam
2399 3473 2753 3530 calunniahar
2781 3489 2867 3529 me
2891 3474 3092 3530 habere
3123 3474 3175 3529 in
3203 3459 3315 3529 fera

1731 3561 1920 3618 Sancti
1954 3563 2098 3618 Petri
2123 3561 2490 3631 Gisiacensis,
2533 3578 2652 3634 qum
2677 3574 2762 3620 est
2790 3561 2855 3616 IlI
2883 3563 3143 3618 kalendas
3163 3561 3320 3634 julii;

1728 3665 1785 3712 et
1832 3656 2210 3712 brennaticum
2260 3658 2402 3726 quod
2452 3655 2652 3725 injuste
2711 3655 3042 3726 accipiebam
3091 3654 3148 3708 in
3195 3653 3315 3710 Cal-

1729 3746 1948 3803 deriaco
2010 3757 2065 3802 et
2116 3756 2306 3802 sancto
2356 3747 2535 3803 Cirico
2590 3755 2646 3802 et
2695 3746 2958 3803 Droconis
3004 3754 3194 3813 curte,
3245 3760 3318 3802 ex

1727 3846 1843 3894 toto
1869 3838 2110 3907 dimitto;
2146 3851 2202 3896 et
2227 3848 2285 3896 ut
2311 3839 2426 3896 haec
2457 3838 2706 3896 remissio
2729 3839 2881 3895 ﬁrma
2909 3839 2960 3894 in
2999 3849 3326 3910 perpetuum.

1728 3937 1966 3994 maneat,
2005 3944 2166 3984 manu
2200 3930 2414 4002 propria
2446 3931 2544 3985 has
2572 3929 2781 3986 litteras
2819 3931 3165 3986 corroboravi
3192 3946 3320 3985 cum

1725 4036 1894 4076 uxore
1958 4031 2013 4078 et
2086 4022 2212 4077 ﬁliis
2277 4033 2331 4078 et
2403 4022 2650 4079 ﬁdelibus
2706 4021 2861 4078 meis.
2929 4020 2988 4077 8.
3052 4021 3316 4078 Droconis

1725 4113 1966 4170 comitis.
2018 4113 2076 4169 8.
2113 4113 2287 4170 Ehtde
2334 4115 2644 4170 comitissze.
2694 4115 2752 4170 8.
2807 4114 3090 4183 Fulconis,
3128 4114 3315 4172 fratris

1733 4205 1969 4260 comitis.
2005 4204 2062 4261 S.
2097 4205 2329 4272 Rodulﬁ,
2359 4207 2450 4262 ﬁlii
2479 4207 2714 4264 comitis.
2744 4205 2802 4263 S.
2843 4206 3138 4274 Gualterii,
3176 4207 3314 4262 alte-

1723 4298 1839 4353 rius
1883 4297 1998 4353 ﬁlii.
2045 4297 2105 4354 S.
2155 4298 2440 4354 Sansonis.
2493 4298 2552 4354 8.
2593 4299 2835 4371 IIugouis
2863 4299 3127 4356 Brustans
3157 4300 3301 4356 Sali-

1721 4387 1863 4446 cem.
1892 4387 1950 4444 8.
1977 4389 2187 4444 Arnulﬁ
2211 4390 2510 4460 praepositi.
2529 4390 2588 4446 8.
2609 4391 2718 4462 Aga
2730 4390 2808 4446 rdi
2836 4389 3066 4446 Fortini.
3095 4391 3157 4446 S‘.
3177 4390 3307 4446 GalL

1723 4481 1841 4536 terii
1871 4481 1936 4535 de
1956 4481 2288 4538 Gronniaco.
2315 4483 2370 4537 8.
2398 4482 2652 4538 Bodherti
2675 4483 2741 4538 de
2771 4483 2902 4538 Viri.
2932 4483 2989 4539 8.
3017 4483 3312 4539 Otlimundl

86 4559 317 4627 Ililduinus
340 4565 678 4641 vicecomes,
710 4579 923 4634 auditor
947 4582 1164 4652 quidem
1192 4584 1456 4652 dicentis,
1496 4588 1621 4658 quia

1735 4571 1786 4625 8.
1809 4569 2108 4637 Guidonis,
2158 4570 2253 4626 ﬁlii
2300 4571 2712 4642 Sansgualonis.
2749 4573 2807 4628 8.
2841 4573 3016 4629 Ivouis
3051 4573 3306 4643 Guespae.

86 4659 288 4719 gaudium
311 4675 389 4720 est
418 4668 631 4738 angelis
665 4668 768 4724 Dci'
795 4686 958 4741 super
984 4688 1090 4728 uno
1123 4683 1410 4745 peccatore
1444 4679 1617 4747 νωιιί-

89 4749 264 4806 tcntiam
300 4769 516 4828 agente,
570 4770 758 4816 notum
803 4778 925 4818 esse
959 4765 1080 4820 volo
1112 4774 1222 4820 tam
1262 4770 1618 4838 pra'seutihus

87 4851 213 4904 quam
242 4846 422 4906 futuris
439 4863 642 4908 sancta:
668 4853 760 4909 Dei
787 4855 1033 4911 ecclesiae
1065 4855 1332 4924 ﬁdelibus,
1361 4862 1616 4930 quoniam

89 4942 246 4996 pascua
269 4947 414 4998 terra:
445 4959 600 5010 mea,
634 4961 782 5001 more
810 4949 1036 5019 antiquo
1063 4949 1296 5021 jureque
1325 4962 1615 5022 perpetuo,

89 5026 290 5086 omnibus
315 5033 497 5091 bestiis
525 5047 684 5093 terra:
715 5038 903 5096 Sancti
940 5041 1086 5096 Petri
1116 5041 1457 5100 Jociacensis
1499 5045 1612 5101 cel-

93 5109 166 5207 Ιὲ.
191 5125 285 5176 tam
313 5124 362 5180 in
388 5128 552 5185 bosco
590 5147 752 5202 quam
790 5142 942 5186 extra
975 5133 1198 5190 boscum
1221 5176 1236 5202 ,
1288 5137 1487 5202 reddo,
1529 5146 1614 5207 ut,

94 5205 252 5280 absque
298 5215 394 5276 ulla
448 5223 909 5293 contradictione,
969 5226 1224 5299 deinceps
1277 5228 1510 5284 habeant
1561 5205 1616 5288 et

99 5312 275 5363 hiscant
310 5323 434 5369 testu
459 5331 523 5372 ac
563 5315 778 5383 hieme;
830 5332 930 5388 pro
972 5317 1149 5373 salute
1185 5319 1390 5375 scilicet
1421 5321 1616 5378 anima:

99 5401 199 5448 mete
229 5407 276 5452 et
321 5418 415 5472 pro
453 5407 693 5462 remedio
733 5408 928 5465 animze
969 5409 1143 5481 patris
1187 5411 1293 5466 mei
1341 5410 1616 5482 Ilugonis,

99 5484 192 5582 qui.
222 5491 425 5554 absente
457 5498 673 5570 justicia
693 5542 708 5566 ,
750 5501 890 5557 hanc
921 5518 1143 5574 pravam
1171 5505 1614 5560 consuetudinem

100 5577 266 5672 Intulit,
299 5594 352 5640 ut
377 5598 430 5645 et
471 5591 696 5646 herbam
728 5599 938 5648 vetaret
973 5607 1138 5663 quam
1186 5593 1324 5649 Deus
1357 5594 1422 5649 de
1474 5602 1615 5650 terra

101 5669 222 5731 iussit
245 5681 466 5740 omnibus
493 5683 690 5742 besﬁis
731 5685 1060 5756 producere,
1113 5697 1276 5757 atque
1321 5703 1421 5757 pro
1459 5701 1614 5760 pastu

159 5782 274 5868 (I36)
307 5793 668 5853 Gualeraunus
703 5800 818 5855 sive
847 5800 1209 5856 Waleranntts
1236 5801 1307 5864 II,
1350 5801 1616 5868 Mellentis

112 5861 234 5909 castri
256 5875 430 5934 mutes,
458 5869 592 5926 obiit
628 5871 726 5927 vel.
757 5887 811 5926 a.
841 5871 975 5927 1069
1013 5871 1093 5926 vel
1120 5861 1400 5944 sequente.

1725 4665 1785 4720 S.
1817 4663 2078 4719 Gualterii
2109 4664 2326 4719 Franci.
2357 4664 2417 4721 S.
2447 4665 2673 4722 lluberti
2708 4667 2776 4723 de
2803 4667 3018 4723 Roseto.
3046 4666 3105 4722 8.
3142 4667 3308 4724 υτθου

1722 4757 1806 4812 uis
1835 4757 2232 4814 archidiaconi.
2266 4757 2322 4812 S.
2360 4757 2602 4828 IIugonis
2625 4759 2948 4816 Bascodelis.
2991 4779 3010 4814 ι

2195 4849 2592 4909 CAPITULUM
2629 4851 2837 4908 XLVII.

1721 4939 1798 4994 De
1829 4939 2109 4996 Rninberto
2134 4951 2180 4996 et
2213 4940 2558 5014 Frodburga,
2603 4945 2667 4996 ab
2701 4943 2885 4998 Odoue
2923 4942 3111 4998 comite
3143 4943 3304 5001 dalis.

2288 5035 2446 5104 (Ante
2471 5052 2522 5089 a.
2558 5035 2738 5105 l06l).

1795 5141 1814 5175 ‹
1848 5123 1904 5178 ln
1938 5125 2030 5180 Dei
2057 5127 2297 5181 nomine.
2329 5126 2441 5198 Ego
2466 5126 2602 5191 Odo,
2634 5126 2880 5184 Manasse
2913 5127 3085 5193 ﬁlius,
3116 5139 3302 5186 notum

1721 5213 1898 5270 facere
1927 5216 2048 5270 volo
2077 5217 2331 5288 praesenti
2351 5219 2554 5289 populo
2581 5228 2635 5274 et
2661 5218 2862 5286 futuro,
2891 5235 3013 5275 ettm
3045 5219 3300 5292 Ilitgonc,

1720 5307 1887 5364 fratre
1927 5325 2075 5374 meo,
2125 5321 2434 5377 annuente,
2484 5327 2570 5366 me
2597 5312 2812 5368 dedisse
2838 5314 3157 5369 Carnotensi
3185 5329 3302 5369 mo-

1719 5399 1958 5456 nasterio
2007 5401 2178 5455 sancti
2231 5400 2375 5456 Petri
2408 5416 2473 5456 ac
2519 5399 2816 5458 Josiacensi
2864 5404 3014 5460 cella:
3058 5405 3300 5474 pnndicti
3383 5433 3386 5436 ~

1721 5493 2056 5558 monasterii,
2086 5507 2152 5548 ex
2173 5503 2361 5549 nostra
2388 5491 2588 5550 familia
2613 5511 2851 5560 servum,
2879 5498 3096 5552 nomine
3117 5495 3302 5550 Raim-

1720 5594 1934 5650 bertum
1959 5601 2014 5649 et
2043 5592 2318 5658 ancillam,
2345 5591 2608 5648 vocabulo
2637 5592 3006 5664 Fredburgam
3025 5634 3040 5658 ,
3077 5591 3309 5645 fratrem

1722 5684 1972 5741 videlicet
1995 5699 2060 5740 ac
2095 5699 2366 5750 sororem,
2409 5701 2532 5741 cum
2565 5684 2690 5741 ﬁliis
2727 5701 2792 5740 ac
2830 5683 3042 5739 ﬁliabus
3080 5697 3302 5742 eorum.

1797 5799 1945 5868 (187)
1987 5797 2190 5864 Droco,
2238 5814 2422 5854 comes
2449 5797 2924 5868 Ambianensium,
2978 5811 3182 5855 veneno
3213 5812 3297 5850 ne-

1685 5949 1690 5956 .
1722 5882 1874 5957 catus
1903 5871 1954 5926 in
1985 5869 2258 5942 Bithynia,
2289 5881 2520 5928 exeunte
2553 5887 2603 5928 a.
2638 5871 2791 5926 1055.
