3890 6302
513 430 588 507 'st
604 448 626 506 ι

512 550 630 635 ἰπο
674 557 847 617 salute
886 553 1055 629 patris
1103 548 1276 607 nostri
1321 544 1514 601 animae
1547 551 1602 599 et
1649 541 1841 598 matris
1886 552 1986 594 nos

528 650 670 707 Huic
704 662 836 719 ergo
865 626 1010 702 dono
1038 642 1083 698 si
1110 640 1237 711 quis
1265 634 1570 693 contrarius
1594 647 1716 689 esse
1746 628 1997 691 voluerit,
2029 626 2112 681 in-

530 744 833 801 fr-rualibus
862 739 1169 795 involvatur
1204 728 1468 792 dammis,
1519 740 1641 782 cum
1687 722 1824 780 Juda
1854 719 2114 777 traditore

531 838 783 903 Domini;
838 834 991 891 etab
1018 836 1084 887 eo
1128 818 1648 883 antithematiZattts,
1704 817 1849 872 cuia
1896 809 2115 868 domino

532 932 697 990 Jhe'su
729 930 942 986 Christo
966 918 1163 982 collata
1179 929 1263 976 est
1290 924 1526 989 potestas
1548 911 1744 983 ligandi
1772 918 1827 963 et
1848 902 2115 967 solvendi,

519 1012 692 1083 cntra
725 1021 966 1079 Paradis‘i
999 1026 1182 1090 portas
1210 1019 1457 1076 maneat,
1493 1024 1521 1062 a
1553 1005 1767 1062 diabolo
1797 1002 1941 1058 omni
1979 1010 2118 1054 tem—

534 1137 668 1192 pore
692 1117 985 1174 cruciatus.
1011 1111 1212 1166 Precor
1241 1106 1404 1179 igitur
1446 1114 1638 1157 omnes
1681 1096 1771 1167 qui
1806 1096 1949 1151 hanc
1991 1089 2123 1148 scri-

533 1182 751 1284 pturam
788 1206 1046 1281 legerint,
1079 1211 1139 1256 ut
1188 1199 1278 1254 Dei
1324 1197 1580 1267 pietatem
1610 1205 1706 1262 pro
1746 1194 1899 1260 patre
1927 1182 2119 1240 nostr'o

533 1296 782 1367 Manasse
810 1310 863 1355 et
888 1292 995 1369 pro'
1032 1304 1205 1349 matre
1237 1300 1418 1345 nostra
1450 1284 1771 1343 Constantia
1797 1290 1852 1336 ct
1889 1294 1988 1350 pro
2021 1292 2120 1333 no-

533 1393 732 1449 bismet
754 1368 1140 1461 ipsisiexorare
1163 1378 1439 1445 studeant,
1470 1385 1760 1449 quatenus,
1791 1378 1912 1442 post
1937 1368 2122 1423 mundi

534 1482 696 1553 hujus
726 1497 978 1545 cursum,
1021 1492 1117 1549 per
1155 1475 1373 1528 beatum
1414 1472 1632 1528 Petrum
1663 1465 2001 1538 apostolum,
2038 1461 2123 1517 cui

538 1576 911 1648 supradictnm
946 1574 1276 1630 contulimus
1321 1570 1550 1628 donum,
1593 1552 1842 1619 dominus
1879 1556 2127 1613 Christus

524 1667 757 1724 interna:
787 1668 914 1722 vita:
943 1666 1099 1722 nobis
1124 1664 1332 1734 aperiat
1360 1659 1586 1734 aditum.
1621 1653 1678 1708 8.
1709 1649 1914 1708 Odouis
1953 1647 2126 1727 comi-

540 1758 633 1813 tis.
677 1757 732 1813 8.
776 1757 1047 1828 linguuis,
1101 1754 1286 1809 fratris
1316 1753 1454 1823 ejus.
1495 1731 1857 1804 Corrohorata
1899 1752 1981 1796 est
2014 1720 2128 1795 lucc

546 1848 753 1903 cartulti
788 1848 825 1901 γ
860 1847 977 1901 idus
1002 1842 1245 1916 augusti,
1287 1841 1561 1921 illnleduuo
1594 1846 1800 1899 castro,
1834 1836 1883 1888 in
1916 1833 2124 1904 pallacio

542 1933 973 2010 llenriei'rcgis,
1018 1939 1267 1993 manibus
1300 1938 1527 1992 duorum
1573 1928 2123 2000 fratrumpraedicto-

548 2050 668 2089 rum
696 2042 749 2087 et
772 2032 998 2087 aliorqu
1031 2031 1551 2102 quamplurimorum
1580 2025 1890 2091 hominum;
1922 2026 1986 2077 de
2009 2020 2127 2090 qui-

543 2130 646 2183 lms
680 2140 881 2197 paucos
916 2124 1212 2195 eligentes,
1242 2139 1430 2178 eorum
1465 2121 1680 2176 muniua
1711 2116 2131 2185 subscripsimus

548 2222 603 2275 in
631 2220 997 2274 testimonium
1018 2218 1245 2271 duarum
1269 2214 1500 2286 partium
1528 2231 1543 2267 :
1573 2209 1923 2269 Oidelurdus;
1955 2205 2129 2276 llugo,
2215 2218 2221 2225 ‘

528 2312 686 2389 tilias
718 2309 969 2365 Richardi
1005 2309 1071 2362 de
1102 2305 1415 2378 Bistisiaco;
1455 2299 1640 2372 llugo,
1676 2301 1818 2354 ﬁlius
1863 2297 2128 2368 Liperici;

542 2401 848 2456 Radbertus
872 2399 1124 2461 Budicus,
1164 2395 1488 2460 Fulcuinus;
1525 2394 1799 2457 Albcrtus,
1836 2388 2137 2445 monachus

543 2506 599 2550 et
632 2495 985 2566 prmpositus;
1033 2490 1323 2546 Balduinus
1371 2487 1873 2558 archicapellanns;
1909 2484 2135 2538 ltichur-

545 2590 646 2643 dns
665 2596 719 2642 et
739 2586 1101 2651 Guiscclinus,
1124 2583 1420 2655 eapellani;
1449 2581 1698 2653 Ulgerius
1721 2578 1915 2648 major,
1939 2576 2137 2632 Johan-

548 2695 649 2757 nes
692 2677 1072 2735 cubicularius.
1127 2679 1332 2741 Droco,
1382 2664 2129 2733 archidiaconusVilcasiui,

542 2771 687 2827 hanc
721 2771 943 2826 dictavit
975 2758 1261 2827 cartuiam.
1292 2768 1464 2836 Quam
1494 2767 1538 2822 si
1569 2756 1690 2835 quis
1714 2760 1990 2819 contraire
2024 2775 2121 2813 ve-

543 2865 738 2936 iuerlt,
772 2875 1001 2922 conatus
1027 2863 1143 2931 ejus
1173 2859 1447 2931 incilicaps
1496 2864 1812 2922 remaneat,
1856 2862 1914 2910 et
1946 2851 2059 2923 regi
2096 2849 2137 2907 C

547 2960 666 3016 auri
694 2960 967 3034 persolvat
994 2957 1179 3011 libras.
1220 2974 1239 3008 ι

1010 3045 1407 3104 CAPITULUM
1446 3042 1672 3100 XLVIII.

532 3208 543 3219 ι
643 3142 723 3200 De
753 3141 1128 3199 consuetudine
1152 3139 1368 3194 dimissa
1392 3138 1455 3192 ab
1488 3137 1708 3208 Hugone
1729 3133 2047 3189 vicet-amite.

1091 3232 1253 3304 (Ante
1284 3246 1335 3287 a.
1370 3228 1551 3300 1054).

548 3408 562 3415 -
629 3345 648 3379 ε
686 3326 744 3407 in
774 3324 923 3400 (188)
954 3324 1156 3382 Christi
1207 3322 1444 3379 nomine.
1478 3321 1591 3392 Ego
1629 3318 1918 3384 Arnull’us,
1966 3318 2137 3373 abbas

551 3412 778 3481 humilis
818 3419 1007 3477 Sancti
1044 3419 1188 3476 Petri
1219 3420 1602 3484 Caruotensis,
1649 3426 1834 3474 notum
1863 3429 1983 3471 esse
2018 3412 2138 3467 volo

538 3514 825 3589 omnibus,
857 3523 964 3567 tam
991 3512 1339 3584 presentibus
1366 3527 1528 3583 quam
1556 3508 1780 3575 futuris,
1810 3507 1877 3563 de
1914 3504 2140 3575 Hugoue

560 3603 822 3677 sicomite
855 3601 1135 3660 Vilcasini.
1161 3601 1555 3658 Vendicaverat
1578 3600 1721 3655 enim
1748 3596 1848 3654 sibi
1880 3594 2143 3651 violenter

552 3695 698 3771 idem
723 3695 1030 3761 vicecomes
1059 3694 1321 3769 vicariam
1353 3691 1657 3762 quandam,
1705 3690 1758 3745 in
1788 3697 1932 3744 terra
1957 3684 2139 3741 Sancti

551 3788 701 3845 Petri
719 3787 1057 3853 Gisiacensi,‘
1076 3787 1127 3842 in
1154 3785 1490 3843 maisnilibus
1514 3783 1604 3855 qui
1624 3782 1934 3838 vocitantur
1956 3777 2139 3833 Droun

533 3880 739 3953 ,Curtis
763 3890 819 3937 et
846 3881 1078 3937 Sanctus
1099 3879 1309 3937 Ciricus
1336 3887 1392 3934 et
1412 3876 1778 3941 Calderiacus,
1810 3871 2144 3946 pertinentes

554 3972 625 4028 ad
655 3970 929 4029 Fontinidi
958 3979 1303 4043 potestatem.
1332 3969 1469 4039 Quia
1499 3968 1737 4042 gurpivit
1763 3982 1915 4030 eam,
1946 3964 2141 4020 viden-

535 4063 703 4135 .tibus
748 4063 997 4134 plurimis
1038 4062 1417 4119 cousodalibus
1458 4063 1601 4124 suis,
1647 4073 1877 4128 quorum
1924 4054 2144 4111 nomina

557 4155 1014 4225 subscripsimus,
1065 4171 1189 4210 cum
1220 4153 1501 4209 voluntate
1526 4161 1582 4207 et
1617 4148 1771 4217 jussu
1803 4146 2034 4203 senioris
2060 4145 2144 4217 sui

559 4249 776 4305 comitis
804 4247 1066 4305 Droconis
1085 4287 1100 4312 ,
1147 4248 1214 4301 de
1236 4244 1390 4315 cujus
1417 4243 1679 4301 beneﬂcio
1711 4256 1770 4296 se
1794 4254 1913 4295 eam
1941 4237 2146 4303 fateba-

561 4350 652 4396 tur
683 4348 895 4408 tenere;
941 4338 995 4394 in
1038 4337 1256 4410 primis,
1283 4336 1542 4409 praatatus
1568 4347 1754 4390 comes
1784 4333 1985 4395 Droco,
2021 4344 2145 4385 cum

559 4450 723 4504 supra
765 4434 912 4490 dicto
955 4433 1279 4488 vicecomite
1322 4430 1574 4498 llugone,
1621 4426 1979 4498 gurpiverunt
2023 4438 2145 4478 eam

560 4544 725 4601 super
752 4532 924 4595 altare
953 4526 1139 4581 Sancti
1191 4522 1338 4581 Petri
1380 4520 1705 4587 Gisiaceusi.
1748 4518 1815 4573 Et
1864 4514 2023 4586 hujus
2068 4513 2143 4569 rei

560 4630 689 4679 sunt
747 4629 916 4676 testes
971 4618 1256 4674 audientes
1300 4624 1357 4671 et
1413 4613 1658 4670 videntes
1706 4624 1727 4687 :_

561 4718 733 4770 frater
755 4714 924 4784 ipsius
952 4708 1313 4774 vicecomitis;
1347 4706 1649 4763 Riehardus
1678 4702 1744 4758 de
1774 4700 1975 4766 Niell‘a,
2020 4714 2149 4754 cou-

563 4804 893 4872 sanguineus
920 4801 1069 4871 ejus;
1117 4797 1362 4861 Sanson,
1411 4796 1715 4851 vicecomes
1753 4793 1820 4848 de
1868 4790 2146 4856 Medanta;

563 4892 894 4957 Gualterius,
926 4890 1068 4945 illius
1093 4887 1298 4944 Odonis
1328 4887 1393 4942 de
1422 4884 1606 4955 Longa
1626 4883 1790 4951 Essa;
1822 4881 1939 4938 Odo
1962 4878 2152 4936 Morel-

1490 429 1694 488 PAULI
1735 429 1791 484 S.
1827 423 2032 482 PETRI
2068 414 2557 480 CARNOTENSIS
2594 405 2904 470 MONACIII

1991 548 2106 592 traa.
2138 540 2184 600 Α
2216 535 2329 590 rius
2351 531 2619 596 Bodinus,
2647 524 2953 582 Willelmus
2979 517 3279 590 Eloquens,
3312 513 3449 579 Odo,
3476 512 3770 583 Bernartius,

2198 625 2477 682 ‘Hervisus
2504 623 2692 685 laicus,
2726 616 2895 674 Fulco
2922 615 3205 676 deesnus,
3244 606 3543 669 Ernaldus,
3585 604 3776 662 Gualte-

3686 387 3775 451 Elii

2217 718 2331 772 rius
2349 755 2362 781 ,
2414 714 2554 769 ﬁlius
2581 709 2813 766 Bchonis
2832 750 2846 775 ,
2884 715 2940 763 et
2964 703 3266 765 Achardus,
3295 700 3462 755 l'rater
3486 697 3630 767 ejus;
3668 698 3763 753 lio-

2220 807 2455 876 dulphus
2485 802 2787 864 Delicatus,
2828 797 2919 853 lvo
2949 795 3014 851 de
3038 794 3277 856 Arcera,
3324 788 3591 843 llubertus
3611 787 3671 841 de
3698 789 3767 839 Iu-

2220 896 2368 962 sula,
2417 893 2687 948 iluhertus
2735 886 3035 952 Dunensis,
3086 879 3393 938 Raiuardus
3439 876 3668 947 juvenis.
3714 876 3775 929 De

2221 989 2470 1045 nostris:
2523 980 2818 1043 llildull‘us,
2865 974 3225 1035 llaiuboldus,
3282 966 3620 1039 Stephanus,
3656 964 3781 1023 Gua-

2222 1082 2420 1137 lonius.
2452 1097 2471 1130 D
2753 1110 2757 1115 ε
2889 1115 2892 1118 ~
3123 1133 3194 1137 __
3222 1108 3255 1137 -;

2685 1142 2768 1197 CA
2779 1135 3083 1195 PITULUM
3123 1132 3310 1189 XLIX.

2251 1243 2330 1298 De
2348 1240 2547 1297 teloneo
2568 1232 2839 1290 Andeliaci
2869 1230 2993 1284 dato
3018 1246 3049 1283 a
3077 1225 3332 1291 Mulgerio
3356 1218 3746 1292 archiepiscopo.

2793 1322 2957 1391 (Ante
2985 1333 3036 1372 a.
3070 1315 3253 1387 1056).
3758 1296 3761 1297 ν

2304 1442 2322 1476 ι
2358 1422 2415 1477 ln
2443 1418 2660 1475 nomine
2679 1424 2883 1471 sanctre
2906 1422 2961 1468 et
2996 1409 3289 1473 individua?
3317 1404 3617 1462 Trinitatis.
3646 1401 3787 1476 Opor-

2229 1527 2418 1571 tunmn
2446 1511 2602 1566 valde
2622 1517 2709 1563 est
2742 1514 2795 1562 et
2819 1504 3042 1561 omnino
3069 1499 3445 1558 necessarium
3473 1496 3661 1565 cuique
3681 1482 3788 1551 lide-

2210 1610 2360 1665 -|ium
2405 1605 2576 1659 Deum
2605 1599 2911 1656 timentium
2936 1604 2993 1650 et
3032 1593 3338 1665 portionem
3370 1589 3573 1645 habere
3599 1585 3789 1655 cupien-

2234 1700 2365 1763 tium
2404 1698 2455 1750 in
2485 1694 2702 1763 regione
2739 1689 3006 1750 vivorum,
3036 1694 3092 1740 ut
3119 1684 3185 1739 de
3216 1685 3401 1745 rebus,
3431 1694 3570 1751 quas
3608 1687 3787 1745 tempo-

2236 1788 2421 1843 raliter
2450 1782 2719 1855 possidet,
2751 1780 2920 1834 Deum
2947 1786 3001 1832 et
3027 1785 3246 1832 sanctos
3275 1777 3393 1843 ejus
3436 1780 3597 1840 atque
3625 1783 3790 1823 eorum

2160 1907 2198 1963 υ
2233 1882 2343 1935 loca
2370 1878 2659 1936 liouorare;
2685 1872 2857 1927 ditare
2891 1879 3054 1938 atque
3083 1866 3378 1921 sublimare
3401 1862 3646 1926 studeat;
3675 1876 3788 1930 qua-

2235 1976 2378 2028 titms
2412 1984 2509 2038 pro
2539 1962 2925 2035 temporalibus
2949 1969 3152 2015 teterna
3184 1956 3455 2025 adquirat,
3480 1968 3575 2023 pro
3598 1952 3796 2005 terreuis

2233 2063 2476 2120 coelestia
2503 2058 2767 2112 obtineat.
2798 2054 2882 2110 Ab
2907 2051 3131 2109 exordio
3158 2049 3317 2121 igitur
3342 2044 3615 2102 nascentis
3637 2046 3796 2098 teet-le-

2233 2159 2326 2211 εἱω
2358 2153 2575 2208 fuerunt.
2619 2151 2721 2207 viri
2764 2144 3028 2216 religiosi,
3080 2142 3247 2196 Deum
3299 2138 3551 2191 timentes
3586 2144 3639 2189 et
3683 2148 3789 2187 vera

2234 2252 2376 2307 bona
2421 2244 2722 2320 promereri
2754 2239 3162 2297 desiderantes,
3201 2229 3293 2299 qui
3321 2227 3611 2283 ecclesiam
3639 2226 3723 2281 Dei
3748 2226 3799 2280 de

2238 2345 2350 2400 suis
2398 2318 2834 2413 possessionibus
2868 2331 3274 2385 houoraveruut
3320 2328 3375 2374 et
3418 2318 3798 2373 exaltaveruut:

2242 2436 2384 2491 unde
2413 2450 2443 2487 a
2472 2432 2690 2489 Christo
2720 2429 2938 2498 dignam
2970 2428 3293 2493 receperunt
3320 2414 3641 2471 mercedem.
3671 2408 3800 2477 Quod

2237 2528 2455 2598 quidem
2485 2525 2732 2594 cogitans
2753 2530 2809 2576 et
2855 2517 3001 2588 vigili
3045 2524 3224 2569 mente
3252 2526 3380 2581 sepe
3411 2516 3676 2567 tractans,
3720 2518 3800 2572 ego

2237 2594 2490 2673 videlicet
2519 2612 2811 2683 Malgcrius
2843 2608 3025 2679 (I90),
3056 2604 3231 2676 gratia
3265 2601 3381 2666 Dei,
3412 2604 3614 2654 sauctze
3647 2594 3802 2648 Marini

2240 2707 2652 2778 Rotomagensis
2686 2703 2943 2758 mcclesize
2980 2696 3453 2764 archiepiscopus,
3502 2704 3601 2759 pro
3641 2685 3798 2739 d.vi:to

2239 2815 2428 2859 amore
2462 2809 2517 2855 et
2548 2796 2789 2852 remedio
2830 2792 3026 2847 auium
3057 2803 3191 2844 mete
3219 2794 3276 2843 et
3305 2780 3674 2850 redemptione
3700 2774 3798 2828 aui-

2242 2910 2454 2953 tnarmn
2507 2897 2793 2962 parentum
2842 2897 3120 2948 meorum,
3167 2890 3366 2935 census
3421 2872 3647 2935 telouei,
3689 2865 3807 2939 quod

2240 2986 2380 3057 apud
2419 2980 2773 3038 Audeliacum
2800 2991 2829 3032 a
2863 2972 3130 3030 ministris
3160 2969 3293 3025 meis
3318 2966 3603 3035 accipitur,
3635 2962 3807 3018 Sancto

2227 3076 2405 3132 .Petro
2433 3068 2787 3129 Caruotcusis
2812 3063 3044 3122 ρωποι)ἱὶ
3066 3102 3082 3128 ,
3123 3070 3177 3116 et
3206 3056 3485 3113 monachis
3515 3054 3703 3109 ibidem
3742 3050 3809 3105 ia-

2244 3165 2610 3227 mulantihus,
2643 3155 3034 3230 perpetualiter
3071 3148 3399 3223 perdonavi,
3438 3155 3497 3200 ut
3528 3143 3716 3198 nullum
3745 3152 3810 3196 te-

2171 3254 2214 3317 C
2247 3262 2467 3317 loneum
2499 3256 2551 3310 iu
2577 3261 2853 3325 posterum
2887 3245 3198 3320 persolvant
3222 3242 3290 3296 de
3323 3239 3487 3295 rebus
3516 3235 3690 3292 Sancti
3726 3232 3809 3287 Pe-

2249 3352 2342 3418 tri,
2383 3364 2479 3421 per
2509 3321 2708 3401 liuiuen
2741 3341 3009 3411 Sequana:
3042 3336 3401 3402 [lotomagum
3432 3325 3692 3384 adductis.
3721 3321 3812 3377 iloc

2243 3414 2462 3516 quoque
2512 3434 2848 3511 perdonavi,
2893 3432 3197 3486 interventu
3255 3421 3511 3479 videlicet
3554 3414 3809 3474 Landrici.

2239 3506 2483 3610 prandioti
2513 3506 2749 3586 cmuobii
2796 3522 3029 3579 abbatis.
3076 3518 3133 3574 Si
3186 3516 3311 3588 quis
3350 3523 3536 3570 autem

2242 3597 2427 3684 rerum
2474 3621 2693 3677 iuvasor
2737 3618 2884 3673 hanc
2944 3611 3293 3668 donationem
3352 3602 3583 3661 voluerit
3614 3597 3807 3663 delere,

2248 3720 2493 3777 destruat
2524 3712 2673 3770 illum
2719 3708 2896 3772 Deus,
2944 3705 3019 3761 ita
3064 3711 3125 3757 ut
3164 3715 3269 3757 non
3319 3697 3519 3754 haheat
3545 3703 3737 3765 partem
3764 3689 3808 3741 in

2248 3827 2418 3885 regno
2447 3806 2649 3866 Christi
2685 3811 2740 3859 et
2762 3800 2874 3857 Dei.
2908 3796 3173 3867 Quatinus
3203 3801 3384 3847 autem
3416 3786 3573 3858 hujus
3586 3782 3809 3842 donatio-

2256 3878 2342 3962 nis
2368 3899 2664 3960 auctoritas
2695 3896 2848 3950 ﬁrma
2885 3894 3230 3961 permaneat,
3268 3897 3444 3957 manu
3471 3878 3684 3955 prepria
3710 3888 3813 3931 eaut

2247 4010 2368 4051 cum
2400 3993 2554 4064 signo
2582 3985 2761 4043 crucis
2794 3979 3028 4044 llrmavi,
3050 3987 3106 4032 et
3133 3973 3384 4049 ﬁdelibus
3412 3971 3567 4035 meis,
3603 3978 3811 4039 quorum

2250 4085 2470 4142 nomina
2501 4082 2589 4137 hic
2620 4077 2819 4147 scripta
2855 4072 3147 4135 habentur,
3196 4066 3417 4121 ﬁrmare
3453 4075 3659 4119 urceum
3699 4069 3814 4129 prte-

2247 4175 2388 4247 cepi.
2427 4172 2487 4228 S.
2517 4166 2757 4239 Malgerii
2804 4157 3220 4231 archiepiscopi.
3255 4155 3315 4211 S.
3359 4151 3590 4210 Osherni
3622 4146 3816 4205 decaui.

2250 4239 2330 4325 8.⁷
2363 4264 2602 4336 llugouis
2651 4252 3040 4315 archidiaconi.
3099 4249 3159 4306 S.
3203 4247 3447 4305 Fulberti
3503 4239 3815 4302 cancellarii.

2251 4362 2312 4418 s.
2349 4332 2593 4414 multum
2643 4349 2912 4408 canonici.
2942 4345 2999 4402 s.
3037 4341 3298 4400 Rodherti
3331 4340 3527 4395 levius.
3570 4336 3626 4392 s.
3662 4332 3819 4390 Gisle-

2249 4452 2387 4507 berti
2420 4449 2615 4504 levitre.
2658 4444 2715 4499 S.
2748 4422 2997 4502 Cerardi,
3030 4437 3416 4508 piueernarum
3446 4428 3688 4502 magistri
3731 4441 3810 4482 ccc

2251 4541 2399 4599 mitis
2419 4536 2670 4596 Willelmi
2704 4531 2873 4605 (l91).
2905 4529 2964 4585 S.
2996 4527 3266 4585 Hcriherti
3292 4526 3435 4581 laici.
3477 4523 3538 4579 S.
3571 4515 3813 4591 Stephani

1774 4607 2132 4665 Gualerannut

2253 4631 2400 4692 laici.
2429 4627 2488 4684 8.
2531 4625 2736 4683 Alberti
2760 4664 2775 4687 ,
2817 4620 3069 4680 monachi
3095 4628 3150 4674 et
3183 4614 3457 4687 [impositi
3497 4608 3821 4670 Gisiacensis.

2253 4722 2311 4778 8.
2345 4719 2612 4785 llainerii,
2645 4714 2892 4773 monachi
2926 4723 2982 4769 et
3007 4710 3199 4767 editui.
3239 4708 3300 4765 S.
3330 4704 3624 4768 Mainardi,
3654 4712 3826 4757 moue-

2252 4814 2339 4870 ehi
2395 4821 2451 4869 et
2495 4808 2660 4880 hajuli
2706 4806 2959 4865 Landrici
3003 4802 3234 4861 abbatis.
3285 4800 3345 4857 S.
3379 4796 3651 4856 Gausfridi
3694 4790 3823 4850 laici.

2255 4904 2315 4961 8.
2370 4901 2661 4960 llaimerici
2735 4900 2882 4956 laici.
2950 4896 3010 4954 S.
3074 4892 3345 4955 llosceiiui
3411 4883 3825 4960 Rotomagensis.

565 4988 681 5054 lus,
715 4985 1021 5040 Rodbertus
1064 4982 1286 5039 Friscus
1308 5022 1323 5045 ,
1373 4979 1788 5049 Grurengarus,
1838 4972 2154 5032 Gualterius
2256 4998 2315 5053 δ.
2343 4996 2537 5053 Odm",
2568 4991 2803 5062 majoris.
2838 5009 2856 5043 ,

546 5076 813 5153 Istatualis
837 5074 1016 5146 (189);
1048 5073 1221 5138 Addo,
1252 5071 1487 5137 Guaszo,
1528 5068 1618 5126 lvo
1656 5068 1905 5138 Guespa,
1933 5064 2156 5122 Guillel-

566 5186 712 5234 mus,
744 5168 921 5225 Guido
948 5163 1279 5229 Jerusalem;
1312 5163 1692 5219 Gualerannus
1726 5171 1780 5217 et
1815 5158 2153 5222 Richardus,

548 5264 741 5323 ,frater
763 5262 912 5331 ejus;
938 5258 1199 5316 Arnulfus
1223 5258 1565 5337 praepositus,
1584 5255 1877 5312 Fulcuinus
1899 5253 2155 5318 Claudus,

574 5355 728 5425 Ilugo
756 5354 821 5408 de
847 5353 1137 5415 Aincurte,
1184 5350 1528 5406 Hildebertus
1551 5350 1616 5405 de
1642 5348 1954 5404 Gruuuiaco
1971 5387 1985 5412 ,
2014 5345 2155 5401 Mas-

573 5443 779 5499 celiuus
809 5443 874 5498 de
898 5440 1206 5515 ,Gresiaco:
1241 5440 1292 5495 hi
1329 5447 1456 5495 sunt
1482 5438 1886 5495 Medantenses.
1917 5438 1994 5493 De
2035 5435 2161 5491 Mel-

574 5535 724 5589 lento
756 5551 770 5588 :
805 5531 1083 5588 Tetluinus
1124 5531 1465 5598 vicecomes;
1494 5529 1768 5598 Aurelius,
1813 5530 1982 5585 frater
2009 5530 2156 5599 ejus;

574 5627 908 5684 Guarncrius
936 5628 1273 5703 praepositus,
1315 5624 1572 5683 Hervisus
1601 5625 1833 5682 clericus
1854 5664 1870 5692 ,
1911 5621 2162 5691 Ilildega-

649 5739 796 5810 (188)
837 5740 963 5796 [hec
996 5740 1160 5796 etiam
1188 5739 1333 5797 inter
1353 5739 1573 5800 chartas
1595 5737 1804 5795 Arnulii
1827 5738 2042 5795 abbatis
2080 5751 2162 5794 re-

574 5820 822 5883 ponenda
850 5820 952 5866 est.

647 5883 793 5956 (l39)
836 5881 1280 5954 Superscriptum
1311 5891 1392 5940 est
1418 5882 1468 5938 iu
1495 5882 1623 5939 'coJ.
1653 5880 1693 5937 Α
1714 5924 1727 5950 ,
1763 5880 1839 5935 vc!
1877 5888 2161 5935 statuerus.

2795 5077 3196 5138 CAPITULUM
3236 5076 3301 5131 L.

2258 5178 2336 5234 De
2371 5177 2551 5234 eodem
2586 5173 2786 5229 teloneo
2824 5173 3013 5226 iterum
3052 5169 3177 5224 dato
3218 5184 3251 5222 a
3281 5164 3542 5221 Mamilio
3590 5155 3829 5226 archiepi-

2974 5256 3150 5312 scopo.

2823 5333 2986 5405 (Ante
3024 5347 3075 5385 a.
3102 5328 3284 5399 totis.)

2338 5453 2357 5485 ι
2395 5432 2506 5502 Ego
2527 5426 2805 5485 Maurilius
2828 5423 2998 5498 U92),
3022 5423 3113 5478 Dei
3141 5420 3338 5493 gratia,
3365 5412 3831 5487 Rotomagcnsium

2264 5525 2722 5596 archiepiscopus,
2754 5535 2850 5591 pro
2877 5516 3166 5575 elemosina
3197 5514 3380 5569 domui
3434 5513 3539 5570 mei
3570 5506 3829 5567 Willelmi,

2264 5620 2479 5678 comitis
2531 5616 2991 5680 Normannorum,
3035 5621 3091 5668 et
3135 5623 3232 5680 pro
3260 5606 3436 5663 salute
3474 5604 3663 5660 anima:
3712 5610 3836 5653 mea:

2338 5737 2356 5801 (
2368 5732 2486 5805 l90)
2510 5731 2657 5805 O_biit
2679 5728 2964 5805 Malgerius
2985 5724 3422 5796 archiepiscopus
3443 5720 3590 5776 circa
3607 5732 3653 5787 a.
3684 5709 3812 5767 Ιοέὶὸ

2340 5800 2485 5875 (illi
2525 5800 2929 5875 Con‘questoris.

2342 5855 2486 5945 {lilii
2527 5855 2675 5930 Obiit.
2700 5871 2975 5927 Mamilius
3012 5865 3448 5938 archiepiscopus
3488 5879 3516 5917 a
3584 5855 3734 5916 £067.
3788 5870 3796 5879 ‘
