3842 6308
89 403 186 462 813
715 392 950 450 VETUS
980 393 1238 452 AGANO.
1273 423 1330 434 -—-
1363 390 1488 447 LIB.
1534 389 1606 460 Vl“

1826 385 2068 442 DRICUS
2109 384 2193 441 ET
2231 381 2624 444 llUBERTUS.
3233 391 3343 456 3η

89 526 138 570 et
158 520 677 566 antecessorum-seu
703 520 1082 561 successorum
1111 518 1380 568 meorum,
1409 500 1657 556 condono
1687 504 1731 562 Α
1762 504 1856 553 seu
1901 508 2186 576 parentum
2240 491 2573 564 nostrorum,
2626 501 3071 559 consuetudinem
3121 508 3340 579 telonei,

87 599 316 659 εωηοδίο
345 596 617 652 περιοεξω
655 595 1025 660 Carnoiensis,
1053 595 1199 664 quod
1239 595 1293 650 in
1331 583 1658 648 suburbanis
1761 580 1904 658 quod
1941 589 2081 656 apud
2113 585 2416 642 Vernonem
2447 595 2685 642 castrum
2718 592 2962 645 nostrum
2993 599 3136 651 nunc
3169 613 3342 670 usque

85 691 303 760 ejusdem
343 689 596 743 civitatis
630 688 789 743 silum
821 696 932 753 est,
984 687 1036 741 in
1075 687 1282 742 honore
1320 685 1463 740 beati
1490 683 1654 749 Petri,
1760 686 1842 732 est
1882 685 2159 748 acceptus,
2191 677 2393 732 Sancto
2413 677 2578 733 Petro
2616 682 2848 735 cuinobii
2881 683 3230 744 Carnutensis
3262 701 3343 745 at-

86 781 424 853 αροςιοιογυηι
457 780 750 849 principis,
799 779 1072 834 leloneum
1109 779 1220 834 vini
1258 778 1484 850 proprii,
1514 777 1658 845 quod
1759 783 1863 838 que
1887 766 2084 823 JOSi'JCi
2119 765 2293 832 cellae,
2325 768 2714 853 monachisquc
2891 769 2999 826 Deo
3027 773 3343 834 famulatui-

83 874 289 928 antehac
328 872 510 940 accipi
561 871 769 926 solebat
817 871 870 924 in
913 871 1031 925 loco
1067 868 1208 938 juris
1237 869 1456 930 nostri,
1507 866 1660 936 cujus
1759 861 1881 924 bus,
1908 859 2292 930 perpelualiter
2330 861 2700 926 concedimus,
2735 872 2794 917 ιιι
2827 863 3047 919 nullum
3071 867 3129 934 in,
3158 875 3340 939 ῃοειει

83 970 222 1030 caput
246 969 329 1014 es],
370 960 721 1025 Andelcium,
775 970 836 1014 υι
891 961 1090 1016 amodo
1137 961 1367 1015 ministri
1419 959 1657 1030 μισωιξὶοιί
1757 969 1877 1014 rum
1908 951 2517 1022 persolvant‘teloneum
2552 953 2618 1007 de
2648 954 2810 1009 l‘CbUS
2840 949 3023 1010 Sancti
3044 957 3220 1026 Petri,
3250 977 3345 1031 per

83 1053 290 1106 cmuobii
332 1053 520 1106 securi
557 1061 685 1108 eant
715 1067 812 1123 per
843 1053 1160 1121 praedictum
1210 1052 1416 1117 locum,
1453 1053 1658 1120 absque
1755 1042 1956 1098 ﬂumen
1985 1044 2414 1124 Seqmmze,’sire
2453 1058 2550 1111 per
2593 1053 2817 1109 terram,
2857 1046 3218 1120 IlotOnlagum
3251 1055 3344 1107 ad-

81 1141 172 1198 nlla
195 1141 482 1198 exactione
527 1142 762 1211 alicujus
809 1143 1038 1207 telonci,
1081 1145 1281 1198 amodo
1311 1151 1368 1196 et
1406 1157 1574 1211 usque
1603 1142 1678 1195 in
1759 1136 1934 1192 dnctis
1961 1136 2042 1190 vel
2076 1137 2197 1190 inde
2230 1135 2488 1190 reductis.
2526 1135 2640 1190 lloc
2684 1139 2902 1205 qnidem
2943 1155 3040 1208 per
3086 1145 3342 1212 praedica-

81 1231 470 1302 sempitemum.
519 1233 719 1288 Actum
751 1233 1064 1303 Rotomagi,
1117 1233 1292 1302 pridie
1343 1232 1464 1286 idus
1504 1240 1658 1286 octo-
1757 1229 1961 1283 tionem
1994 1219 2243 1284 Landrici
2277 1229 2483 1298 praefati
2525 1230 2760 1285 coenobii
2809 1233 3021 1289 abbatis
3067 1239 3342 1292 concessi-

81 1327 203 1389 bris,
252 1327 303 1380 in
345 1328 649 1395 praesentia
710 1328 892 1383 domni
947 1327 1181 1382 Maurilii
1240 1325 1655 1394 archiepiscopi,
1757 1333 1900 1382 mus,
1953 1335 1982 1374 a
2024 1337 2132 1390 quo
2181 1322 2407 1390 proinde
2456 1333 2516 1377 et“
2559 1325 2838 1381 orationes
2900 1326 3002 1381 loci
3060 1341 3126 1382 ac
3175 1343 3341 1382 unum

81 1418 362 1472 astantibus
387 1429 446 1473 et
474 1419 792 1474 faventibus
817 1418 1120 1478 canonicis.
1154 1416 1449 1470 Benedicto
1481 1415 1659 1468 archi-
1755 1427 1955 1482 equum
1982 1414 2242 1482 Optimum
2266 1415 2600 1484 recepimus.
2634 1415 2694 1471 Si
2723 1418 2846 1486 quis
2877 1426 3056 1472 autem
3097 1419 3345 1474 ecclesia:

81 1507 592 1576 diacono.Stigando
617 1519 860 1574 cantare,
891 1509 1176 1566 Godbcrto
1201 1507 1492 1570 canonico,
1521 1505 1660 1560 Lan-
1757 1519 1939 1568 rerum
1973 1504 2410 1560 invasor‘contra
2439 1508 2580 1562 hanc
2609 1508 2949 1574 largitionem
2984 1522 3223 1566 nostram
3263 1515 3344 1566 in-

83 1599 214 1654 tlrico
257 1600 566 1664 canonico,
607 1599 951 1657 .Walclielino
1003 1599 1305 1665 canonico,
1353 1597 1654 1662 Willelmo;
1757 1606 1980 1663 surgere
2021 1597 2386 1665 temptaverit,
2434 1592 2706 1654 insolubili
2759 1598 3340 1656 maledictionis-nrxn

83 1687 337 1742 monachis
393 1689 596 1755 etiam,
627 1689 960 1745 Waleranno
992 1688 1286 1760 praeposito
1308 1687 1528 1748 Gisiaci.
1558 1688 1658 1742 Te-
1757 1686 1970 1757 ligatus,
1995 1703 2120 1741 cum
2163 1688 2356 1744 zabulo
2383 1690 2630 1744 tradatur
2655 1691 2932 1768 perpetuis
2951 1694 3151 1762 pmtlis.
3191 1692 3343 1750 llanc

82 1782 221 1836 duino
247 1781 418 1836 fratre
446 1781 605 1852 ejus;
641 1782 814 1849 laicis,
839 1782 1104 1839 Gclduino
1139 1779 1364 1849 majore,
1389 1780 1652 1847 Deodato,
1756 1790 1937 1832 autem
1973 1778 2235 1833 cartulam
2272 1781 2521 1835 manibus
2557 1784 2756 1837 nostris
2787 1798 2909 1836 cum
2939 1784 3111 1854 signis
3147 1800 3340 1840 corro-

81 1869 360 1926 Coisberto.
409 1890 430 1922 ι
1167 1923 1170 1926 ,
1684 1861 1728 1920 Β
1760 1869 2093 1934 boravimns,
2124 1869 2370 1939 aliisque,
2399 1886 2626 1938 quorum
2656 1873 2874 1927 nomina
2905 1873 3209 1944 Sub3cripta
3231 1876 3341 1930 ‘lia-

585 1963 986 2021 CAPITULUM
1028 1964 1109 2018 LI.
1753 1958 1971 2025 bentur,
1999 1960 2460 2014 corroborandam
2489 1963 2758 2016 dedimus.
2799 1961 2858 2018 S.
2880 1964 3126 2033 Hugonis
3153 1969 3344 2020 mona-

201 2053 276 2109 De
295 2055 513 2126 pascuis
545 2073 667 2126 quae
691 2056 892 2110 vetabat
918 2054 1183 2109 Tcduiuus
1209 2055 1507 2110 vicecomes.
1753 2051 1862 2104 citi.
1901 2049 1959 2104 S.
1994 2049 2270 2112 Willelmi,
2305 2051 2396 2104 ﬁlii
2425 2050 2561 2119 ejus.
2595 2053 2654 2106 S.
2687 2053 2940 2107 liicliardi
2960 2054 3339 2108 rvicecomitis.

626 2147 791 2216 (Ante
827 2161 878 2200 τι.
905 2146 1088 2216 1070.)
1753 2142 1813 2196 S.
1850 2144 2088 2212 Rogerii.
2143 2144 2201 2197 S.
2257 2143 2484 2198 Scltroc.
2555 2145 2616 2198 S.
2660 2145 2937 2200 Willelmi.
2999 2147 3056 2200 S.
3096 2146 3338 2202 Raherii’.

139 2251 155 2284 ι
192 2233 244 2288 lu
268 2233 360 2290 Dei
390 2236 646 2291 nomine.
675 2237 784 2306 Ego
813 2235 1108 2301 Teduinus,
1152 2236 1456 2293 vicecomes
1488 2235 1649 2290 castri
1755 2236 1813 2291 S.
1842 2235 2096 2289 Willelmi
2145 2238 2443 2304 praepositi.
2509 2236 2569 2290 S.
2601 2237 2902 2291 Godel’ridi.
2967 2237 3026 2291 S.
3051 2237 3339 2293 Osmnndl‘.

80 2322 330 2393 llrllentis,
357 2326 483 2380 volo
535 2336 724 2380 notum
773 2309 887 2382 ﬁeri
935 2328 1194 2382 omnibus
1227 2337 1332 2381 tam
1367 2326 1649 2397 przesenti-
1747 2327 1810 2384 Β.
1837 2326 2082 2380 Girelmi.
2127 2325 2186 2380 S.
2219 2325 2434 2380 Letardi
2485 2327 2774 2394 capellani.
2830 2326 2891 2379 lli
2927 2337 3090 2381 testes
3109 2337 3244 2380 sunt
3273 2343 3342 2382 ex

81 2417 160 2472 bus
185 2435 337 2485 quam
387 2420 598 2476 futuris
630 2460 645 2484 ,
678 2421 936 2490 quoniam
988 2421 1434 2475 consuetudinem
1463 2421 1648 2483 illam,
1751 2429 1907 2490 parte
1937 2418 2195 2487 tinguitis,
2243 2419 2402 2488 hujus
2430 2421 2507 2472 rei
2541 2418 2834 2488 largitoris.
2889 2417 2964 2470 Ex
2986 2426 3146 2484 parte
3175 2418 3343 2471 abba-

80 2520 212 2573 quam
243 2519 470 2564 actenus
527 2508 730 2580 injuste
781 2510 834 2564 iu
873 2519 1013 2564 terra
1048 2524 1167 2564 mea
1219 2511 1388 2573 tenui,
1441 2511 1651 2566 St'llit‘el
1757 2509 1865 2564 tis:
1893 2509 2172 2572 Alberlus,
2205 2509 2502 2562 monachus
2533 2517 2584 2562 et
2612 2509 2968 2577 prmpos’itus;
2990 2506 3339 2571 Maium-dus,

86 2599 300 2654 retuendi
348 2615 559 2670 pascua
619 2601 812 2656 bestiis
861 2600 1052 2655 Sancti
1103 2599 1250 2654 l’ctri
1295 2599 1649 2664 Gisiaceusis,
1753 2601 2058 2658 monachus
2086 2611 2142 2655 et
2168 2599 2410 2668 baiulus;
2461 2599 3066 2670 Gausfridnsliigottls;
3113 2599 3345 2655 Bernar-
3393 2624 3396 2627 -

81 2703 214 2756 quam
272 2689 470 2759 injuste
529 2690 815 2758 tenebam,
865 2707 989 2747 cum
1053 2706 1176 2746 meo
1225 2690 1335 2746 lilio
1385 2691 1647 2758 Gnalteri,
1751 2695 1875 2759 dus,
1925 2691 2068 2747 ﬁlius
2103 2693 2386 2759 Vulmari;
2444 2693 2770 2756 llubelinus,
2821 2692 3036 2746 Guiddo
3085 2692 3339 2748 cleriCuS.
3412 2713 3416 2715 ν

82 2778 376 2843 praenomine
424 2788 617 2834 autem
673 2791 982 2850 noncupaw
1031 2779 1287 2852 Pagano,
1340 2782 1595 2836 astantibi

1895 2807 1950 2845 ιιι
1984 2800 2069 2848 est
2117 2791 2218 2844 hoc
2259 2789 2311 2842 in
2343 2788 2596 2842 Vernone
2644 2795 2853 2849 castro,
2900 2783 2990 2838 die
3035 2783 3344 2839 festivitatis
3399 2805 3405 2810 ·

80 2865 317 2933 Plurimis,
355 2878 492 2924 3M0
539 2869 710 2922 ³1⁸³1³8
752 2870 992 2940 θιυθάοιιὶ
1031 2871 1217 2926 sane“
1265 2870 1410 2926 Ρείτί
1451 2870 1637 2928 θεείθε
1751 2875 1930 2938 έτιιιειί
1991 2881 2289 2938 Clementis
2319 2878 2596 2950 martyris,
2635 2884 2898 2946 regnante
2938 2875 3190 2944 inpavido
3218 2887 3344 2942 rege

82 2959 200 3011 (διιεῖ
239 2960 451 3025 όίιηίεί;
509 2976 580 3015 ac
617 2963 958 3030 posunodum
1011 2963 1492 3032 deprecatussum
1534 2979 1650 3018 mO-
1747 2973 2032 3041 llainrico,
2079 2983 2135 3029 et
2161 2971 2435 3027 Willelmo
2479 2968 2678 3024 illustri
2720 2968 2921 3023 comite
2967 2973 3181 3023 tenente
3208 2964 3346 3021 Non-

81 3052 252 3105 nat-llos
275 3051 374 3106 loci
402 3053 696 3129 _ipsius,ut
719 3052 1014 3124 Carnotum
1043 3063 1330 3124 pergerent
1355 3055 1648 3126 abbatique
1753 3067 1990 3120 ιηωιηῑω
2020 3064 2418 3120 monarcliiam.
2467 3080 2486 3113 ι
2732 3099 2738 3104 .
2849 3099 2854 3102 .
3317 3077 3322 3082 ο

81 3143 355 3198 monasterii
410 3129 612 3198 Sancti
680 3143 850 3211 Petri,
916 3145 1174 3202 videlicet
1231 3144 1530 3210 Landrico,
1592 3155 1648 3202 et
1691 3229 1714 3233 ὦ
2253 3175 2658 3233 CAMTULUM
2713 3175 2840 3231 Lm.

80 3236 294 3291 omnibus
331 3235 910 3304 fratribus'dicercnt,
949 3249 1222 3308 quatenus
1258 3239 1390 3292 milii
1423 3238 1643 3293 absolu-
1671 3229 1719 3290 C

83 3326 269 3396 tionem,
300 3328 366 3384 de
393 3345 460 3383 eo
486 3329 638 3399 quod
671 3343 766 3399 per
806 3339 914 3384 tam
957 3330 1176 3400 longum
1221 3331 1647 3402 temporisspa-

79 3415 195 3470 cium
238 3419 405 3490 ipsam
443 3419 906 3476 consuetudinem
949 3419 1149 3490 injuste
1205 3431 1510 3489 tenueram,
1549 3421 1596 3474 (ιε

1272 3436 1510 3489 nueram,
1549 3421 1649 3476 da.-
1749 3463 1754 3468 .
2165 3473 2170 3478 ,
2306 3408 2481 3477 (Ante
2525 3423 2576 3463 a.
2603 3406 2789 3468 1071.)

80 3516 197 3562 rent.
243 3509 393 3576 Quod
443 3509 646 3567 libenti
693 3511 876 3566 animo
918 3511 1372 3582 adintpleverunt.
1426 3512 1484 3569 Si
1524 3513 1648 3584 quis
1745 3556 1752 3562 .
1823 3538 1845 3576 (
1889 3520 1947 3579 ιιι
1981 3520 2188 3578 Christi
2247 3522 2488 3578 nomine.
2549 3522 2664 3593 Ego
2705 3519 2952 3575 Gameno
2993 3527 3180 3574 notum
3223 3530 3346 3574 esse

80 3613 188 3654 vero
223 3601 360 3658 banc
397 3603 861 3659 consuetudinem
907 3604 1112 3660 iterare
1139 3603 1388 3672 voluerit,
1421 3605 1597 3659 anatln

1826 3611 1872 3668 lo
1915 3620 2026 3668 tam
2065 3612 2428 3683 praesentibus
2461 3626 2622 3682 quam
2667 3609 2890 3674 futuris,
2929 3605 3343 3663 conventionem

81 3692 334 3749 inatizatus
371 3705 548 3765 atque
591 3695 873 3752 convictus
911 3697 1142 3759 testibus
1163 3696 1234 3752 .in
1274 3697 1636 3769 perditionem
1748 3719 1912 3775 quam
1947 3719 2078 3775 erga
2118 3703 2419 3758 monachos
2448 3699 2633 3758 Sancti
2660 3699 2808 3756 Petri
2837 3699 3045 3755 Gisia‘ci
3079 3698 3203 3762 reci,
3233 3693 3337 3753 sub

79 3791 167 3846 eat,
194 3799 308 3839 cum
327 3785 492 3841 Anna
519 3796 576 3842 et
596 3787 836 3861 Caypha.
866 3786 938 3844 Ut
957 3797 1146 3853 autem
1175 3791 1296 3848 haec
1325 3789 1533 3846 cartula
1565 3790 1651 3846 in-
1747 3805 1982 3864 quorum
2043 3793 2397 3864 przevidentia
2457 3799 2588 3846 tunc
2637 3789 2790 3845 locus
2839 3788 2986 3858 ipse
3015 3785 3341 3854 habebatur,

80 3873 314 3933 violabilis
361 3879 659 3947 consistat,
711 3891 839 3937 ante
891 3881 1066 3950 ipsum
1097 3881 1295 3948 altare,
1317 3895 1448 3937 mea
1481 3897 1647 3938 manu
1747 3883 1959 3940 scilicet
2004 3884 2072 3939 de
2108 3883 2346 3954 quodam
2387 3896 2521 3936 meo
2569 3893 2753 3944 servo,
2801 3878 3030 3934 nomine
3064 3877 3342 3946 Reinerio,

80 3973 124 4016 et
159 3980 306 4024 manu
356 3971 453 4026 lilii
498 3971 604 4025 mei
651 3972 1117 4042 supranominati,
1161 3972 1434 4042 ﬁrma-vi,
1459 3989 1647 4030 coram
1750 3991 1959 4047 suaque
1991 3975 2219 4046 conjuge
2243 3984 2302 4032 et
2326 3975 2451 4030 ﬁliis
2479 3973 2618 4043 ejus.
2675 3971 3160 4043 lnterpeliaverunt
3191 3969 3342 4026 enim

82 4053 369 4128 subscriptis
418 4049 691 4118 testibus:
716 4059 996 4136 Iohannes
1043 4063 1387 4132 prmpositus,
1424 4061 1643 4120 Adelel-
1750 4083 1838 4125 me
1867 4067 2076 4140 pra'lati
2121 4067 2372 4122 monachi
2407 4065 2475 4122 de
2499 4067 2815 4137 supradicto
2854 4079 3036 4129 servo,
3078 4069 3136 4117 ut
3166 4062 3346 4117 trade-

83 4160 182 4201 mus
205 4150 264 4204 de
287 4151 500 4215 Felnix,
540 4152 670 4207 Odo‘
709 4153 776 4208 de
803 4153 983 4210 Monte
1027 4153 1311 4221 Morentii;
1341 4154 1647 4222 Teduinus,
1750 4175 1866 4219 rem
1902 4159 2054 4214 illum
2083 4157 2288 4214 Sancto
2312 4157 2494 4213 Petro.
2551 4155 2705 4224 Quod
2753 4170 2856 4224 ego
2904 4155 3140 4210 libenter
3173 4153 3343 4208 annui

87 4236 205 4294 lilins
227 4241 474 4311 Viviani;
534 4245 829 4302 Walterius
857 4245 923 4301 de
941 4245 1128 4311 Aneis,
1160 4245 1460 4305 Rainaldus
1485 4261 1646 4304 sene-
1739 4249 1998 4321 petitioni
2044 4263 2252 4304 eorum.
2297 4246 2519 4302 Tradidi
2578 4261 2712 4317 ergo
2755 4259 2878 4302 eum
2927 4244 3136 4300 Sancto
3159 4244 3341 4306 Petro,

82 4328 276 4386 scalcus.
318 4332 396 4388 Es
456 4335 674 4402 nostris,
703 4351 716 4386 :
747 4334 1073 4410 Gausl'ridus
1115 4335 1355 4402 Bicotus,
1388 4336 1649 4398 ‘Odninus
1689 4389 1691 4391 .
1737 4358 1874 4400 cum
1915 4357 2088 4398 uxore
2125 4349 2182 4397 et
2222 4340 2370 4406 ﬁliis,
2401 4341 2503 4395 tali
2543 4350 2752 4404 tenore,
2791 4348 2850 4394 ut
2890 4350 2997 4394 tam
3039 4338 3152 4408 ipse
3180 4351 3346 4408 quam

83 4419 255 4487 maior;
316 4424 434 4481 Odo
495 4436 552 4482 et
588 4425 935 4499 Bernardns,
1015 4427 1212 4485 fratres
1257 4445 1273 4496 ;
1331 4429 1644 4498 Brunellus;
1739 4434 1931 4490 omnis
1976 4434 2256 4490 successio
2297 4435 2419 4503 ejus
2465 4433 2857 4504 perpetualiter
2897 4439 3254 4504 permaneant
3285 4431 3342 4486 in

84 4507 374 4596 Sephanus,
424 4517 574 4572 ﬁlius
615 4518 895 4586 Aitrudis;
935 4519 1236 4586 lluboldus,
1283 4520 1644 4587 Gislebertus,
1678 4526 1975 4596 “servitio
2003 4526 2106 4581 loci
2149 4526 2336 4596 ipsius.
2368 4526 2454 4592 Et,
2485 4536 2545 4580 ιιι
2573 4526 2686 4581 lucc
2713 4520 3185 4581 conventio‘ﬁrma
3218 4537 3344 4592 per-

85 4595 340 4661 Beruerius
364 4648 379 4673 ,
429 4607 769 4687 Gausbertus
818 4611 1026 4680 pistor,
1073 4610 1374 4668 Herbertns
1445 4613 1641 4682 pistor,
1679 4595 1724 4631 υ
1753 4625 2010 4686 maneat,
2039 4617 2138 4672 bas
2170 4595 2388 4673 litteras
2431 4617 2484 4671 in
2528 4615 2829 4672 menbrana
2878 4615 2993 4670 ﬁeri
3033 4613 3190 4684 jussi,
3225 4627 3344 4666 ma-

85 4687 371 4754 lierbelinus
399 4700 472 4755 de
495 4700 666 4770 ltnpe,
689 4699 1048 4767 Guarnerius,
1079 4703 1468 4772 Constantius;
1528 4706 1641 4762 Ro-
1753 4725 1936 4780 noque
1964 4709 2187 4780 propria
2217 4724 2315 4766 eas
2341 4709 2573 4774 firmavi,
2603 4716 2659 4764 et
2688 4708 2905 4781 signum
2954 4715 3158 4762 sancta:
3193 4703 3344 4774 (193)

84 4785 303 4855 sections,
329 4796 663 4860 praenomine
687 4794 962 4865 Eqnnlus;
998 4795 1293 4865 Teduinus,
1327 4796 1470 4866 ﬁlius
1491 4797 1642 4856 Rod-
1743 4801 1990 4872 inposui,
2021 4817 2146 4858 cum
2198 4816 2370 4858 uxore
2419 4813 2475 4858 et
2522 4801 2650 4856 ﬁliis
2681 4797 2848 4865 meis";
2900 4788 3344 4866 seruari-quoque

1998 3290 2077 3345 De
2097 3309 2242 3348 servo
2266 3301 2313 3347 et
2337 3290 2530 3346 ancilla
2562 3292 2688 3345 data
2713 3309 2744 3345 a
2769 3289 3090 3346 Gamelione.

88 4874 238 4946 berti;
277 4883 552 4950 Ernull'us,
581 4884 724 4942 ﬁlius
745 4886 970 4943 Oduini.
1019 4907 1037 4939 ι

1814 4907 1892 4960 eo,
1929 4895 2148 4950 nomine
2180 4894 2514 4951 Waleranno
2542 4893 2712 4966 (194),
2742 4909 2836 4948 eas
2863 4889 3032 4947 obtuli
3059 4883 3331 4944 corrobo-

566 4975 966 5036 CAPITULUM
985 5027 988 5030 .
1009 4979 1116 5035 ιιι.
1745 4986 1967 5041 randas.
2000 4985 2147 5055 Quas
2171 4987 2214 5043 si
2247 4987 2370 5057 quis
2397 4996 2684 5055 parentum
2710 4995 2956 5037 meorum
2985 4979 3102 5035 sive
3125 4989 3340 5032 succes-

436 5067 514 5123 θα
543 5069 1035 5150 teloneoYernonis
1063 5074 1248 5130 castri.
1745 5090 1934 5132 eorum
1987 5093 2231 5132 meorum
2289 5075 2688 5132 contradixerit
2713 5115 2726 5138 ,
2781 5071 2870 5127 vel
2900 5069 3341 5125 conventionem

613 5162 776 5232 (Ante
815 5178 868 5217 a.
892 5162 1078 5235 1061.)
1739 5165 2030 5222 destruere
2075 5167 2442 5237 temptaverit,
2471 5165 2653 5236 jaculo
2687 5173 2889 5218 eterna:
2919 5157 3340 5223 maledictionis,

151 5264 168 5298 ι
206 5250 260 5306 ιιι
288 5253 380 5310 Dei
412 5255 652 5311 nomine.
693 5254 892 5311 Notum
933 5271 1054 5312 esse
1090 5257 1338 5313 volumus
1381 5260 1638 5330 omnibus
1741 5273 1871 5316 cum
1893 5258 2030 5314 .lnda
2055 5261 2351 5329 proditore,
2378 5257 2674 5327 subjaceat.
2709 5253 3149 5322 Snbscripsimus
3175 5247 3342 5306 etiam

90 5335 391 5403 Christicolis
419 5389 437 5415 ,
489 5357 601 5403 tam
649 5349 1008 5418 praesentibus
1055 5365 1218 5418 quam
1271 5348 1490 5415 futuris,
1540 5365 1641 5420 ego
1739 5361 1913 5407 testes
1940 5353 2224 5407 audientes
2253 5360 2312 5405 et
2338 5349 2613 5404 videntes.
2639 5345 2990 5404 Hilduardus.
3018 5340 3338 5400 Ricuardus.

94 5427 220 5502 llugo
257 5442 584 5507 monachus,
635 5457 758 5496 cum
808 5441 918 5498 ﬁlio
963 5455 1086 5496 meo
1136 5440 1410 5497 Willelmo
1465 5442 1642 5503 adhuc
1739 5443 1889 5498 Milo.
1939 5441 2368 5498 Guinemundns.
2427 5439 2722 5496 Johanrcs.
2768 5431 3341 5494 Alltaldus.'Guarno-

96 5527 302 5597 Pueruio,
339 5533 486 5603 quia,
527 5547 626 5604 pro
667 5534 912 5592 remedio
961 5533 1271 5590 animarum
1325 5541 1640 5590 nostrarum
1741 5533 1878 5588 rius.
1927 5553 1944 5584 ι
2307 5565 2312 5570 ο
2889 5525 2892 5530 ’
2967 5522 2975 5528 ’

157 5719 283 5789 (193)
318 5725 584 5786 Omissnm
614 5729 803 5785 crucis.
887 5783 890 5788 ,
1149 5771 1156 5778 .
1351 5779 1360 5786 ,
1447 5779 1452 5784 .

156 5792 280 5868 1194)
313 5797 360 5855 is
377 5809 454 5857 est
475 5815 657 5858 comes
682 5800 1148 5870 Mellentiscastri,
1176 5799 1539 5858 Walerannus‘
1559 5801 1624 5869 ll,
1665 5799 1731 5856 de
1763 5813 1869 5869 quo
1897 5810 2084 5868 supra,
2115 5811 2231 5867 cap.
2264 5794 2442 5851 XLIV.
