3842 6308
457 323 564 381 MS

963 435 1362 494 CAPITULUM
1400 437 1532 493 LIV.

533 530 612 585 De
640 528 863 585 Letaldo
904 540 950 585 et
982 545 1147 583 uxore
1180 541 1226 583 et
1256 529 1441 600 fratre,
1474 530 1615 584 datis
1658 547 1693 583 a
1726 528 1967 600 Ilugone.

1020 621 1180 692 (Ante
1218 637 1270 675 a.
1298 621 1480 693 1061.)

538 729 561 766 ι⁴
601 712 938 782 Quicumque
968 711 1139 766 ﬁdelis
1164 711 1246 766 vel
1278 713 1606 768 christianus
1632 713 1905 769 hominem
1938 714 2042 771 sibi

463 801 609 855 nodo
658 802 937 857 servitutis
988 802 1330 872 subjugatum
1380 817 1479 872 pro
1514 804 1608 858 Dei
1657 805 2047 874 omnipotentis

466 905 652 947 amore
710 892 937 948 liberum
987 893 1275 962 dimiserit,
1323 895 1460 949 sciat
1507 895 1607 950 sibi
1646 910 1675 949 a
1704 895 1793 968 pio
1821 897 2048 952 Domino

471 983 626 1039 reddi
655 986 952 1041 mercedem
985 993 1223 1055 tempore
1256 996 1590 1057 perpetuam.
1628 989 1745 1059 Ipsa
1778 990 1922 1044 enim
1951 1006 2048 1046 ve-

466 1075 625 1142 ritas,
663 1090 784 1145 qua:
815 1075 1059 1131 Christus
1086 1087 1189 1146 est,
1231 1092 1361 1134 suos
1395 1079 1593 1161 ﬁdeles
1617 1082 1684 1136 ad
1711 1081 1847 1138 bene
1884 1097 2048 1155 agen-

466 1164 596 1221 dum
644 1166 886 1234 instruit,
924 1167 974 1222 in
1023 1169 1300 1240 evangelio
1332 1172 1560 1227 dicens:
1594 1172 1868 1241 Dimittite,
1898 1184 1945 1228 et
1968 1175 2051 1229 di-

464 1257 770 1323 mitlemini;
804 1257 944 1324 date,
975 1269 1023 1313 et
1050 1260 1266 1314 dabitur
1297 1263 1461 1317 vobis.
1495 1261 1699 1319 lccirco
1725 1279 1847 1336 ego,
1875 1266 1927 1319 in
1955 1265 2049 1321 Dei

469 1346 706 1409 nomine,
755 1346 907 1420 Hugo
957 1365 1080 1404 cum
1132 1350 1244 1404 ﬁlio
1280 1367 1401 1406 meo
1428 1353 1652 1425 Ilugone
1699 1362 1752 1409 et
1783 1355 1890 1408 ﬁlia
1918 1355 2053 1411 Bea-

469 1438 622 1506 trice,
670 1439 817 1495 hunc
867 1441 971 1495 mei
1010 1441 1150 1512 juris
1189 1443 1528 1498 collibertum
1577 1443 1875 1511 Letaldum,
1928 1460 2051 1500 cum

466 1544 638 1585 uxore
675 1546 772 1587 sua
803 1532 1123 1603 Amalberga
1152 1542 1209 1589 et
1235 1534 1403 1591 fratre
1432 1536 1723 1603 Rannulfo,
1768 1553 1892 1593 cum
1926 1537 2053 1593 ﬁliis

471 1632 527 1678 et
568 1624 782 1679 ﬁliabus
818 1625 910 1694 qui
941 1641 1007 1681 ex
1048 1626 1128 1682 eis
1168 1628 1281 1681 nati
1334 1626 1553 1693 fuerint,
1602 1629 1737 1684 cedo
1774 1630 1839 1683 ad
1876 1628 2053 1684 locum

471 1714 659 1770 Sancti
686 1716 830 1770 Petri
860 1716 1211 1773 Carnotensis
1240 1718 1497 1786 emnobii,
1530 1722 1786 1789 quatinus
1810 1720 1962 1775 liberi
2000 1720 2053 1774 in

1423 318 1628 379 PAULI
1671 320 1731 378 S.
1774 320 1976 377 PETRI
2019 320 2504 380 CARNO’I‘ENSIS
2546 321 2861 380 IIONACIII

2146 617 2420 681 bovuleus,
2496 617 2779 672 IliIduinns
2832 615 3086 681 Tirellus,

2147 798 2251 853 lius
2278 798 2566 855 Iioscelini.
2597 798 2915 855 Sienfredus
2943 797 3201 868 scripsit,
3233 806 3499 867 regnante
3520 796 3705 855 Henrico

2150 905 2294 960 rege.
2343 909 2363 943 ι

2652 978 3057 1037 CAPITULUM
3107 977 3264 1034 LVI.

2151 1073 2228 1130 De
2249 1073 2448 1129 teloneo
2477 1072 2664 1144 Rupis,
2687 1076 2826 1144 quod
2845 1072 3055 1128 Cuiddo
3078 1082 3129 1124 et
3151 1069 3468 1125 Richardu
3487 1069 3710 1125 dederam

2718 1166 2881 1238 (Ante
2918 1183 2968 1222 a.
2994 1166 3193 1237 I080.)

2227 1278 2247 1311 ‹
2293 1258 2347 1313 In
2375 1258 2577 1314 Christi
2624 1259 2866 1315 nomine.
2917 1257 3115 1313 Notum
3165 1270 3305 1313 esse
3335 1254 3459 1311 voIo
3496 1265 3592 1309 tam
3622 1270 3712 1326 νη»

2153 1351 2322 1405 sentis
2363 1365 2525 1420 quam
2571 1349 2742 1404 futuri
2791 1351 2877 1405 evi
2926 1350 3191 1406 omnibus
3247 1347 3604 1425 Christicolis,
3641 1363 3713 1419 ego
3802 1347 3803 1425 ξ

2154 1441 2361 1496 scilicet
2387 1440 2563 1497 Guido
2593 1442 2661 1496 de
2689 1441 2861 1512 Rupe,
2892 1457 2997 1496 una
3024 1457 3151 1497 eum
3188 1455 3481 1496 consensu
3513 1422 3711 1497 Richardi

2154 1533 2340 1587 fratris
2377 1533 2510 1599 tnei,
2567 1534 2842 1604 quoniam,
2890 1549 2988 1604 pro
3031 1549 3232 1589 amore
3263 1532 3546 1589 Creatoris
3583 1534 3709 1586 nostri
3802 1538 3803 1549 ‘

2156 1639 2219 1679 ac
2251 1623 2426 1679 salute
2463 1626 2767 1679 animarum
2803 1633 3138 1689 nostrarum,
3180 1640 3296 1679 nec
3332 1639 3442 1678 non
3469 1634 3521 1677 et
3553 1638 3715 1692 prore»

2159 1714 2284 1783 quie
2318 1715 2622 1769 animarum
2659 1724 2943 1786 parentum
2976 1727 3308 1771 nostrorum
3335 1717 3431 1786 qui
3462 1716 3525 1770 de
3551 1716 3635 1769 hoc
3660 1715 3712 1767 1»-
3802 1726 3803 1786 ξ

471 1806 692 1862 servitio
740 1804 980 1874 ejusdem
1025 1806 1125 1862 loci
1176 1818 1512 1883 remaneant.
1596 1809 1651 1863 Si
1703 1810 1826 1879 quis
1870 1818 2053 1865 autem
2088 1793 2127 1849 Β
2158 1803 2303 1857 benti
2332 1804 2514 1858 seculo
2543 1806 2897 1871 transierunt,
2928 1816 2984 1861 et
3013 1823 3210 1862 eorum
3249 1808 3350 1876 qui
3385 1806 3717 1875 propagatione

3615 323 3694 380 su
3790 322 3793 361 ἶ

2067 438 2110 495 Α
2141 439 2335 508 major,
2384 439 2698 495 Gameliuns
2747 439 2942 507 major,
2998 436 3303 492 Hoduinus
3352 435 3544 503 major;
3592 398 3695 500 (ldo,
3792 442 3797 509 ξ

2148 528 2288 584 ﬁlius
2337 530 2673 596 Constantii;
2728 528 3026 583 Rainaldus
3076 526 3429 588 Cossardus,
3474 526 3699 582 Albericns
3794 530 3799 587 ζ

3168 614 3445 669 Radulfus
3490 615 3552 668 de
3590 615 3701 670 Bello
3796 654 3803 693 η,

2148 707 2325 763 Monte
2366 709 2537 779 (I97),
2583 708 2893 769 Bernerius.
2933 704 3327 769 Germundus,
3371 703 3633 769 Cuiardns.
3660 706 3702 762 6ο
3794 703 3803 767 λ

470 1892 698 1963 hujusce
738 1895 1046 1950 donationis
1089 1911 1208 1951 esse
1252 1897 1486 1953 voluerit
1529 1898 1702 1968 (195),
1746 1898 1875 1953 ﬁsco
1918 1898 2060 1967 regis
2161 1901 2345 1947 nostra
2394 1894 2447 1947 in
2488 1910 2654 1950 carne
2696 1906 2822 1950 sunt
2864 1897 3051 1961 futuri,
3098 1897 3325 1952 Sancto
3363 1896 3523 1951 Petro
3556 1895 3713 1950 Carm-

474 1997 699 2040 coactus
757 1987 947 2041 libram
1008 1989 1125 2042 auri
1180 1989 1494 2058 persolvere
1555 1998 1800 2059 cogatur.
1871 1989 1938 2045 Et
2000 1997 2061 2044 ut
2163 1982 2330 2037 tensis
2368 1984 2603 2038 etenobii
2639 1994 2695 2041 et
2736 1984 2996 2040 fratribus
3022 1986 3255 2041 Christo
3309 1985 3445 2039 inibi
3485 1985 3715 2037 tuilitauti-

476 2075 595 2131 haec
628 2075 776 2147 (I96)
809 2077 1110 2134 donationis
1142 2094 1274 2133 mea:
1315 2080 1627 2134 inconvulsa
1676 2088 1911 2146 maneat,
1942 2094 2058 2134 mea
2160 2075 2302 2138 bus,
2354 2078 2552 2144 quibus
2597 2078 2722 2148 jure
2775 2078 2958 2133 debito
3010 2078 3417 2133 subministrat
3466 2075 3712 2131 obediendu

477 2179 639 2220 manu
675 2166 882 2221 ﬁrmavi
913 2175 966 2220 et
999 2168 1246 2224 manibus
1295 2168 1533 2224 ﬁdelium
1582 2185 1830 2226 meorum
1875 2186 2057 2226 corro-

476 2254 774 2310 borandam
825 2257 1040 2312 tradidi.
1108 2259 1167 2313 S.
1210 2258 1450 2330 Ilugonis
1495 2260 1760 2316 Brustans
1803 2261 2062 2329 Salicem,

473 2347 568 2416 qui
613 2348 751 2403 hanc
800 2349 1148 2405 donationem
1195 2350 1341 2409 fecit.
1398 2350 1745 2422 S.Ilugonis,
1796 2352 1889 2408 ﬁlii
1922 2354 2060 2423 ejus.

475 2438 535 2494 S.
573 2439 836 2495 Beatricis
863 2481 877 2504 ,
942 2441 1065 2495 ﬁlia:
1108 2440 1246 2511 ejus.
1330 2442 1389 2497 S.
1440 2443 1650 2498 Radulli
1696 2445 1819 2500 Mali
1864 2445 2059 2499 Vit-ini.

473 2529 538 2587 S.
564 2532 843 2585 Amalrici.
911 2531 970 2586 S.
1003 2532 1294 2588 llescelini.
1359 2533 1417 2589 S.
1449 2534 1691 2605 Hugonis
1741 2538 1807 2590 de
1836 2535 2059 2591 Arculo.

478 2619 536 2676 S.
563 2620 840 2687 Rodhertl,
885 2622 976 2677 ﬁlii
1004 2621 1276 2678 Lantlrici.
1321 2623 1381 2679 8.
1407 2624 1707 2681 Gausfridi.
1755 2625 1813 2681 S.
1838 2626 2063 2682 Huberti

477 2711 547 2767 de
592 2711 809 2767 Roseto.
871 2712 931 2769 S.
974 2714 1213 2770 Anslridi
1287 2716 1547 2771 Gabardi.
1611 2717 1673 2772 S.
1734 2717 2062 2774 Constantii.

479 2803 535 2860 8.
564 2804 864 2860 Benedirti.
928 2805 987 2861 8.
1030 2806 1303 2864 Widonis.
1360 2808 1419 2862 8.
1468 2809 1687 2865 Tedaldi
1740 2812 2061 2866 sacerdotis.

478 2895 675 2950 Actum
721 2907 805 2951 est
848 2898 949 2953 hoc
994 2899 1209 2969 publice
1235 2900 1484 2966 Gesiaco,
1521 2912 1787 2975 regnante
1834 2905 2068 2961 serenis-

481 2986 621 3043 simo
659 3003 784 3058 rege
810 2988 1083 3044 Hainrico.
1130 3009 1148 3044 ι

992 3082 1396 3142 CAPITULUM
1440 3085 1546 3142 LV.

590 3171 668 3228 De
693 3174 1068 3230 consuetudine
1096 3178 1311 3232 remissa
1349 3197 1380 3232 a
1408 3178 1630 3250 llugone
1655 3179 1970 3235 vicecomite.

1038 3265 1197 3339 (Ante
1235 3282 1287 3321 a.
1329 3269 1510 3339 1061.)
1833 3252 1839 3259 ’

563 3367 584 3405 ι
632 3352 745 3423 Ego
776 3351 1079 3421 Iiilduinus,
1113 3356 1354 3426 Hugonis
1382 3359 1719 3415 vicecomitis
1756 3359 1920 3425 ﬁlius,
1952 3376 2072 3430 pre-

487 3446 732 3502 sentibus
769 3455 823 3502 et
866 3448 1067 3510 futuris
1098 3460 1286 3504 notum
1332 3450 1494 3518 facio,
1534 3467 1621 3507 me
1650 3452 1956 3508 deseruisse
1983 3469 2074 3507 ca-

485 3532 727 3591 quniam
756 3552 918 3606 quam
950 3537 1150 3608 injuste
1190 3540 1490 3597 inferebant
1527 3552 1685 3598 terrae
1715 3543 1899 3599 Sancti
1929 3544 2071 3599 Petri

483 3624 805 3697 Jociacensi,
856 3645 1016 3703 quam
1070 3633 1245 3688 eidem
1299 3634 1502 3691 Sancto
1530 3635 1691 3690 Petro
1738 3652 1872 3692 avus
1923 3652 2075 3693 meus

472 3718 782 3777 .Hilduinus
814 3723 1113 3780 vicecomes
1142 3728 1391 3794 contulit,
1424 3730 1562 3783 sicut
1602 3730 1716 3801 ipse
1744 3745 1864 3786 eam
1897 3732 2072 3802 possi-

488 3810 679 3877 debat;
717 3815 819 3869 hoe
845 3825 928 3870 est
956 3818 1162 3873 scilicet
1186 3834 1376 3875 omnes
1405 3822 1829 3878 consuetudines
1858 3838 1993 3891 quas
2022 3823 2073 3877 in

486 3911 554 3952 ea
585 3899 837 3967 habebat,
868 3904 1116 3961 videlicet
1151 3908 1560 3964 collocationem
1596 3923 1651 3965 et
1678 3922 1893 3981 pastum
1926 3913 2077 3968 cani-

491 4004 641 4058 num,
670 4002 725 4048 et
752 3994 970 4066 insuper
1005 3999 1185 4051 omnia
1216 4015 1338 4068 qua:
1367 4003 1648 4069 pertinent
1687 4003 1754 4057 ad
1781 4004 2075 4058 vieecomi-

491 4092 687 4140 talum.
719 4084 884 4157 Cujus
912 4096 1067 4144 terra:
1104 4106 1299 4147 nomen
1334 4093 1615 4150 Calciacns
1652 4096 1987 4165 nominatur,
2022 4107 2078 4153 et

491 4174 716 4230 alterius
758 4184 914 4231 terra:
938 4178 1264 4236 Berneacus.
1310 4181 1475 4254 Cujus
1503 4187 1956 4242 consuetudinum
1986 4204 2080 4243 ca-

491 4263 733 4319 Iunniam
764 4281 927 4335 quam
960 4267 1157 4337 injuste
1189 4270 1478 4341 faciebam,
1505 4289 1591 4328 me
1617 4275 1970 4346 dereliquisse
2001 4277 2079 4332 fa-

493 4362 634 4411 teor.
659 4356 896 4423 Quarum
921 4375 1102 4415 rerum
1130 4362 1329 4417 donum
1353 4373 1408 4418 et
1431 4381 1689 4436 guerpum
1720 4382 1884 4436 super
1909 4369 2080 4426 altare

2163 2163 2380 2223 Gesiaci
2423 2168 2589 2235 cella;
2650 2169 2812 2238 ipsis,
2846 2170 3103 2238 inquam,
3154 2170 3350 2224 libens
3386 2167 3610 2222 concedo
3647 2180 3716 2217 ει·
3802 2163 3803 2238 ξ

2163 2263 2434 2321 actionem
2487 2264 2704 2327 telonei,
2736 2278 2830 2332 per
2856 2263 3040 2317 omnia
3085 2261 3458 2319 succedentia
3504 2268 3709 2327 tempora.

2163 2358 2229 2411 de
2258 2356 2488 2410 navibus
2518 2352 2703 2407 Sancti
2731 2351 2875 2408 Petri
2906 2368 3027 2422 qua:
3066 2353 3168 2407 sub
3213 2351 3524 2405 munitione
3563 2356 3714 2400 nostra
3802 2351 3803 2409 ξ

2165 2447 2335 2516 Rupis
2364 2462 2460 2517 per
2492 2446 2798 2516 Sequanam
2828 2443 3187 2511 Rotomagum
3237 2447 3531 2496 transeunt
3556 2445 3602 2491 et
3623 2435 3714 2489 inde
3802 2436 3803 2489 ἰ

2165 2538 2411 2592 redeunt.
2449 2535 2598 2589 Ilane
2634 2543 2815 2588 autem
2849 2541 3082 2597 cartam,
3112 2542 3228 2585 tam
3261 2544 3372 2600 ego
3406 2542 3561 2597 quam
3586 2523 3711 2577 frater
3802 2524 3803 2585 Ῑ

2167 2643 2343 2691 meus,
2379 2626 2630 2680 manibus
2668 2625 2869 2679 nostris
2908 2622 3122 2693 publice
3163 2620 3543 2681 ﬁrmavimus,
3576 2616 3712 2682 inpre-
3802 2626 3803 2693 ξ

2166 2729 2355 2774 cantes
2397 2717 2610 2772 Dathan
2652 2724 2710 2771 et
2735 2714 2939 2770 Abiron
2995 2712 3374 2783 perditionem
3427 2718 3578 2777 atque
3611 2703 3711 2757 lude

2172 2810 2453 2865 traditoris
2481 2822 2668 2877 poenas
2696 2805 2947 2860 omnibus
2985 2805 3091 2859 illis
3116 2805 3211 2873 qui
3255 2799 3623 2857 contradicere
3642 2808 3713 2847 νου
3802 2812 3803 2877 ἰ

2169 2903 2366 2959 Iuerint
2392 2902 2519 2957 huic
2556 2898 2858 2971 largitionis
2885 2908 3086 2952 nostra:
3116 2898 3287 2952 dono.
3339 2916 3360 2948 ι

2653 2991 3054 3048 CAPITULUM
3097 2989 3258 3044 LVII.

2282 3086 2378 3141 De
2405 3082 2863 3140 consuetudinibus
2902 3081 3040 3135 datis
3078 3097 3110 3132 a
3143 3078 3382 3151 Hugone
3404 3070 3601 3128 Pirario

2730 3175 2890 3246 (Aule
2929 3188 2981 3227 a.
3014 3170 3195 3240 I080.)

2250 3288 2267 3324 ι
2298 3271 2354 3326 In
2387 3269 2605 3325 nomine
2633 3278 2834 3322 sanctae
2859 3274 2914 3320 et
2936 3248 3705 3319 ἰιιιιίνίᾱυπττίπὶωιὲενῧιτίε
3802 3248 3803 3323 l

2166 3364 2426 3419 videlicet
2467 3372 2520 3419 et
2548 3360 2667 3415 Filii
2710 3369 2765 3415 et
2793 3359 3029 3427 Spiritus
3059 3356 3273 3411 Sancti.
3322 3352 3437 3422 Ego
3466 3340 3707 3416 numqui
3802 3366 3803 3407 ς

2174 3451 2527 3522 cognominor
2551 3448 2811 3512 Pirarius,
2857 3456 2911 3501 et
2949 3460 3089 3499 uxor
3129 3459 3276 3505 mea,
3329 3434 3604 3509 Ledgardis
3638 3443 3706 3482 no-

2175 3541 2341 3607 mine,
2380 3549 2438 3594 et
2478 3538 2620 3593 ﬁlius
2667 3545 2854 3590 noster
2890 3532 3201 3600 Fulcoisus,
3248 3530 3530 3585 audientes
3568 3531 3705 3574 vocem
3802 3546 3803 3551 π

2174 3632 2323 3687 Pauli
2356 3629 2582 3702 apostoli
2612 3627 2842 3685 dicentis
2883 3640 2898 3680 :
2940 3624 3077 3678 Dum
3104 3633 3313 3692 tempus
3341 3620 3592 3711 habemur,

2174 3740 2351 3779 remur
2380 3724 2570 3778 bonum
2595 3721 2664 3775 ad
2694 3736 2903 3783 omnes;
2938 3716 3092 3786 cujus
3114 3716 3276 3771 vocis
3302 3708 3608 3769 sententiam
3636 3708 3705 3753 im.

2178 3814 2328 3883 plere
2367 3811 2669 3883 cupientes,
2721 3822 2914 3862 omnes
2953 3804 3380 3861 consuetudines
3428 3810 3554 3868 quas
3594 3798 3704 3842 ante

2176 3920 2426 3961 cessares
2458 3903 2561 3960 mei
2591 3900 2918 3965 habuerunt,
2949 3908 3004 3954 et
3031 3912 3130 3968 ego
3160 3903 3391 3950 actenus
3421 3884 3705 3987 habenam:

2180 4012 2261 4057 tra
2287 4002 2376 4072 jus
2400 4009 2453 4056 et
2478 4000 2650 4070 legem
2683 3997 2941 4062 divinam,
2977 3996 3029 4050 in
3060 3993 3324 4048 Droconis
3352 3994 3514 4046 curle,

2180 4095 2232 4149 in
2267 4070 2410 4148 terra
2447 4091 2635 4147 Sancti
2666 4089 2809 4145 Petri
2841 4085 3212 4150 Gesiacensis,
3296 4077 3489 4137 amodo
3523 4070 3701 4162 dimitte.

2178 4198 2276 4252 pro
2308 4182 2513 4236 honore
2554 4178 2647 4234 Dei
2679 4186 2736 4233 et
2765 4188 2957 4233 sancto
2999 4174 3182 4241 Petro,
3212 4165 3703 4258 θμοειοιοηηξυΡΨξ

2180 4249 2329 4343 cipe;
2376 4281 2435 4327 ut
2472 4271 2587 4342 ipse
2622 4269 2862 4324 animam
2904 4281 3080 4322 meam
3129 4275 3183 4321 et
3218 4261 3408 4319 uxoris
3442 4265 3492 4312 et
3524 4249 3700 4343 ﬁlii-met

2182 4338 2524 4419 introducere
2568 4361 2818 4432 dignetur
2864 4360 2919 4412 in
2961 4372 3187 4428 regnum
3248 4356 3545 4412 canorum.
3576 4338 3702 4393 ³1³⁸⁵³³

491 4448 670 4502 sancti
718 4449 865 4504 Petri
915 4451 1067 4519 posui
1095 4492 1110 4518 ,
1161 4432 1683 4525 simulqnevmecum
1730 4432 1901 4513 frater
1927 4475 2080 4515 meus
2111 4483 2157 4543 ο
2182 4456 2400 4513 Christo
2437 4461 2728 4517 annuente,
2759 4451 2850 4522 qui
2884 4451 3016 4505 vivit
3044 4459 3101 4504 et
3131 4457 3330 4543 regnat
3357 4446 3409 4501 in
3446 4432 3699 4543 seculi:

490 4538 669 4609 ﬂugo.
699 4539 776 4594 De
804 4556 909 4611 qua
946 4542 1198 4597 calunuia
1236 4560 1321 4601 me
1348 4562 1606 4617 peccasse
1634 4550 1872 4620 graviter
1903 4552 2075 4606 conﬁ-

491 4639 629 4687 tcor.
673 4632 787 4689 IIoc
838 4634 1003 4703 igitur
1048 4638 1310 4708 scriptum
1352 4641 1442 4710 qui
1491 4640 1787 4713 dampnare
1824 4644 2075 4712 voluerit,

472 4722 548 4778 -iu
576 4722 809 4793 inferno,
833 4740 954 4781 cum
977 4726 1114 4783 Iuda
1145 4732 1402 4787 traditore
1427 4731 1661 4800 Domini,
1685 4736 2077 4792 cruciationem

491 4817 776 4873 sustineat.
829 4819 998 4888 Hujus
1052 4824 1128 4878 rei
1179 4825 1458 4882 auditores
1515 4837 1571 4882 et
1619 4830 1775 4885 testis
1816 4841 1944 4886 sunt
1988 4832 2077 4886 isti

492 4922 721 4977 quorum
752 4910 838 4968 hic
867 4915 1085 4969 nomina
1119 4925 1399 4973 notantur.
1435 4917 1607 4974 Droco
1633 4922 2076 4989 archidiaconus;

496 4992 801 5064 Hilduinus,
828 5002 919 5070 qui
950 5004 1090 5059 hanc
1120 5006 1429 5062 calnnniam
1477 5008 1710 5076 dimisit;
1763 5012 1935 5082 Iiugo,
1969 5012 2077 5067 Te-

496 5084 716 5153 duinus,
784 5090 1082 5150 Walterius
1130 5097 1448 5163 sLatucrius,
1491 5097 1608 5153 Odo
1636 5100 1884 5167 Ruﬁnus,
1930 5102 2082 5174 Iiugo

497 5175 761 5259 Brustans
810 5182 1043 5239 Salicem
1073 5224 1086 5248 ,
1138 5185 1443 5243 Willelmus
1501 5190 1568 5243 de
1613 5189 1827 5246 Bacello
1872 5191 2079 5258 Monte;

484 5266 636 5333 .Odo,
691 5268 832 5324 ﬁlius
882 5271 1181 5341 Aluzonis;
1242 5277 1550 5343 Berardus,
1605 5278 1952 5337 Normannus
2014 5283 2081 5337 de

478 5357 776 5414 Cuadonis
821 5360 1007 5427 Curte,
1062 5364 1334 5423 Iohannes
1379 5371 1722 5439 praepositus,
1771 5371 2082 5438 Raimerus,

497 5446 791 5503 Nicholaus
821 5450 887 5505 de
906 5450 1163 5522 Jutogilo,
1189 5457 1510 5514 Warnerius
1539 5460 1605 5515 de
1631 5459 1901 5528 Medanta,
1928 5461 2083 5533 [Iugo

496 5540 567 5596 de
631 5539 933 5612 Fagetulo,
1003 5543 1278 5604 Iohannes
1341 5550 1743 5620 cubicularius,
1798 5552 2084 5625 Hulgerius

567 5652 719 5797 §l95g
760 5653 872 5736 Sic,
904 5654 1061 5710 codd.

598 5724 696 5780 I96
758 5724 869 5792 Ste,
904 5725 1061 5781 codd.

598 5724 718 5792 196)
758 5724 869 5792 Sic,
904 5725 1061 5781 codd.

2181 4549 2446 4605 culorum.
2499 4546 2557 4602 8.
2590 4545 2833 4615 Ilugonis
2862 4543 3081 4598 Pirarii.
3125 4541 3185 4596 8.
3220 4532 3513 4625 ΙλθάεειιηίἰεΔ
3536 4529 3697 4625 litor}?

2182 4600 2649 4693 Siiﬁ‘ttleoisi—ﬁlii.
2678 4600 2758 4689 Iis
2791 4642 2948 4702 parte
2977 4647 3204 4701 quorum
3248 4600 3466 4684 fuerunt
3501 4615 3564 4673 hii
3589 4628 3602 4662 :
3632 4600 3694 4659 A“

2180 4731 2367 4786 bertus
2394 4729 2684 4801 presbiter,
2710 4726 2988 4782 Iohannes
3013 4738 3208 4793 eques;
3246 4714 3560 4801 Cualterlus.

2180 4798 2410 4876 nomine
2428 4817 2773 4881 Goscelmus;
2806 4814 3144 4879 Bernartius,
3183 4813 3324 4867 filius
3351 4799 3561 4865 Ernulﬁ;
3584 4798 3689 4883 (illi:

2181 4911 2351 4966 slinus
2408 4911 2475 4965 de
2515 4909 2648 4964 Alba
2697 4876 2834 4970 Via;
2886 4876 3187 4968 Ernulfus,
3250 4903 3390 4957 ﬁlius
3426 4876 3690 4970 Ermenfteiﬁ

2182 5002 2415 5059 Croculi.
2482 5002 2577 5056 Ex,
2610 5010 2797 5055 nostra
2824 4968 3004 5069 parte
3046 5014 3060 5053 :
3102 4996 3255 5068 [Iugo
3281 5035 3297 5059 ,
3349 4968 3688 5071 vicecomcfu‘k

2185 5093 2495 5158 Domicilio;
2548 5091 2701 5161 [Iugo
2745 5092 2813 5145 de
2843 5062 2978 5159 Aiga
3014 5062 3219 5152 ουτως
3262 5078 3557 5141 Cuiam-dus,
3589 5062 3689 5172 ﬁlius

2187 5185 2488 5251 Roscelini;
2526 5183 2791 5239 Radulfus
2820 5182 2886 5236 de
2909 5180 3056 5235 Hcrii
3085 5178 3241 5245 Villa,
3274 5173 3504 5248 Ulgerius
3530 5164 3677 5251 ωπιξξε

2182 5275 2535 5339 Anscherius,
2564 5274 2705 5328 ﬁlius
2732 5273 2883 5343 ejus;
2933 5270 3229 5336 Girelmus,
3272 5282 3432 5337 nepos
3457 5257 3575 5328 eius;
3602 5240 3684 5343 (ξω

2184 5367 2388 5438 major;
2420 5367 2749 5429 Bernardus,
2798 5364 2968 5418 frater
3007 5362 3158 5431 ejus;
3189 5362 3398 5416 Elvisus
3437 5333 3684 5438 mimi.”

2182 5428 2385 5518 duinus
2406 5469 2462 5515 et
2482 5428 2811 5523 Bernartius,
2840 5428 3066 5521 fratres;
3099 5454 3379 5509 Brunellus
3405 5458 3453 5505 et
3474 5428 3678 5537 Μοτειξξξξν

2186 5553 2418 5618 fratres;
2466 5550 2824 5614 Guarnerius,
2872 5548 3014 5605 ﬁlius
3052 5546 3375 5611 Gertnundi;
3407 5534 3676 5599 Guarnerms,

2218 5732 2223 5737 δ
2259 5661 2406 5734 (197)
2448 5661 2489 5717 Β
2512 5679 2527 5719 :
2550 5661 2614 5717 de
2641 5657 2805 5714 Molle
2832 5658 3029 5714 Monte.
