3842 6308
99 417 193 472 3H

760 402 992 460 VETUS
1030 399 1285 460 AGAKO.
1320 430 1390 444 -—
1429 398 1560 455 LIB.
1599 393 1711 454 V'II.
1749 391 2142 451 LANDIUCUS
2167 392 2256 450 ET
2282 391 2674 452 IIUBERTUS.

3237 381 3349 450 sui

99 527 228 582 ﬁlius
249 520 483 577 ﬂilduini
510 519 583 576 de
606 517 792 574 Ablanl
817 517 1027 581 Monte:
1058 515 1369 572 Bernartius
1390 514 1458 569 de
1481 511 1665 576 Pratn;
1699 511 1745 569 Α
1773 507 2052 562 :ecclesizr.
2101 505 2322 573 Deinde,
2369 505 2657 576 instigante
2693 503 2925 572 diabolo,
2945 505 3204 578 qua-dam
3245 523 3341 562 ne-

99 614 380 680 IIuboldus,
411 611 562 667 ﬁlius
586 608 830 672 Martini;
860 606 1196 664 Gausbertus
1223 604 1422 675 major;
1447 601 1670 657 Boldar-

99 710 208 772 dus,
235 704 372 759 illius
401 702 691 757 Bainardi.
728 698 930 759 Paulus
959 696 1178 768 scripsit
1208 694 1526 752 monachus.
1574 708 1596 745 ι

571 794 654 849 CA
665 789 971 848 PITULUM
1011 787 1188 843 LVIII.

376 885 454 940 De
479 887 631 958 Aiga:
654 885 814 940 Curte
839 884 967 938 data
1003 900 1035 936 a
1061 879 1367 937 Geretrude.

683 975 860 1046 (Anno
895 970 1080 1042 1062.)

165 1085 184 1118 ι
213 1066 266 1120 In
294 1065 518 1119 nomine
547 1075 754 1120 sanctae
781 1074 835 1120 et
861 1064 1149 1119 individua:
1171 1059 1471 1127 Trinitatis,
1493 1058 1669 1117 Patris

104 1164 153 1211 et
169 1153 280 1208 Filii
311 1162 366 1208 et
388 1151 636 1223 Spiritus
656 1152 862 1208 Sancti.
892 1152 1025 1212 Cum
1053 1160 1276 1208 cunctos
1305 1158 1522 1206 maneat
1548 1163 1669 1205 sors

105 1247 458 1316 inreparabilis
488 1246 662 1310 horae,
691 1245 1102 1315 praecavendum
1133 1252 1217 1300 est
1254 1242 1548 1312 unicuique
1573 1255 1668 1296 no-

103 1347 276 1401 strum,
308 1351 374 1391 ne
407 1346 602 1392 teneat
640 1337 818 1393 levum
865 1337 989 1402 iter,
1033 1337 1340 1392 tendentem
1383 1334 1450 1390 ad
1477 1349 1668 1406 pmnas

105 1426 313 1492 interni;
349 1437 430 1482 set
461 1442 814 1498 summopere
840 1427 1110 1483 custodiat
1128 1427 1364 1498 justicize
1395 1426 1664 1492 semitam,

103 1519 361 1571 ducentem
415 1517 488 1572 ad
539 1533 786 1574 amoenas
830 1529 1050 1574 aeternae
1098 1519 1220 1571 vitae
1271 1519 1450 1583 sedes,
1504 1532 1666 1586 quam

104 1609 296 1676 quidem
333 1610 618 1665 custodire
653 1610 881 1681 quisque
921 1610 1136 1680 poterit,
1175 1609 1220 1664 si
1260 1609 1528 1663 mandatis
1565 1610 1668 1663 Dn-

105 1699 215 1750 mini
251 1697 488 1754 lnianter
529 1701 777 1756 oboedire
798 1700 1045 1755 vuluerit.
1089 1700 1424 1755 Dominicum
1455 1697 1666 1771 quoque

109 1799 409 1860 praeceptum
435 1800 547 1855 est,
581 1801 643 1846 ut
669 1807 763 1847 sua
793 1793 1042 1861 quisque,
1073 1807 1171 1862 pro
1199 1792 1289 1846 Dei
1317 1806 1520 1860 amore,
1553 1791 1663 1846 lar-

109 1880 286 1949 giatur;
318 1883 392 1936 ait
421 1885 575 1937 enim
604 1901 618 1938 :
643 1883 776 1938 Date
815 1894 862 1938 et
887 1884 1100 1937 dabitur
1131 1883 1302 1948 vobis;
1341 1892 1416 1944 et,
1443 1883 1663 1953 quicun-

109 1988 191 2040 que
215 1973 404 2028 dederit
449 1975 672 2029 calicem
713 1991 862 2046 aqua:
899 1975 1108 2045 frigidm
1139 1985 1340 2029 tantum
1373 1975 1427 2028 in
1459 1975 1667 2029 nomine

108 2079 219 2126 meo,
257 2081 406 2117 amen
447 2067 572 2120 dico
611 2067 768 2129 vobis,
809 2082 912 2120 non
946 2066 1124 2134 perdet
1167 2065 1450 2119 mercedem
1490 2079 1662 2117 suam.

111 2151 190 2210 llis
213 2163 263 2210 et
295 2155 411 2210 aliis
447 2157 544 2211 Dei
584 2157 973 2226 omnipotentis
1012 2157 1196 2221 dictis,
1237 2171 1336 2226 ego
1369 2156 1662 2226 peccatrix,

111 2244 397 2303 Gerctrudis
426 2249 674 2313 nomine,
703 2249 996 2303 secundum
1028 2248 1191 2304 seculi
1217 2247 1526 2319 dignitatem
1559 2261 1665 2300 non

111 2335 284 2395 inlimis
323 2341 646 2409 parentibus
691 2350 808 2393 orta
834 2381 848 2403 ,
893 2339 1265 2406 libentissime,
1307 2338 1360 2393 in
1402 2347 1663 2408 quantum

114 2426 338 2494 praevalet
371 2444 489 2482 mea
532 2428 974 2499 pusiilanimitas,
1012 2428 1231 2484 obedire
1265 2427 1510 2497 studens,
1548 2428 1663 2484 alo-

114 2516 217 2568 dum
246 2520 538 2587 quendam,
563 2536 728 2590 quem
761 2519 904 2590 jure,
932 2522 1417 2590 videor,~possideo
1446 2521 1499 2575 in
1525 2521 1664 2593 Alga

114 2603 272 2671 Curte,
318 2608 425 2663 Deo
471 2610 837 2680 omnipatenti
882 2620 938 2666 et
978 2610 1180 2667 Sancto
1219 2612 1382 2668 Petro
1425 2611 1662 2677 Gesiaci,

114 2697 241 2753 cellae
283 2701 490 2756 scilicet
537 2703 781 2758 CtBIlOIIII
832 2701 1217 2771 Carnotensis,
1269 2711 1388 2775 post
1432 2712 1664 2758 mortem

117 2803 284 2856 meam,
307 2791 780 2861 hereditariojure
808 2794 1210 2864 possidendum,
1243 2809 1452 2860 annuo;
1485 2795 1662 2864 quati-

116 2893 200 2934 nus
225 2881 372 2946 idem,
405 2885 491 2939 cui
529 2900 562 2938 a
596 2885 825 2940 Domino
855 2895 941 2940 est
967 2886 1168 2940 dictum
1195 2902 1209 2940 :
1237 2884 1571 2956 Qua'cunque
1597 2885 1666 2940 li-

118 2973 285 3039 gaveris
331 2991 488 3045 super
540 2985 776 3044 terram,
809 2988 960 3032 erunt
990 2977 1153 3047 ligata
1189 2988 1237 3034 et
1287 2979 1342 3032 in
1387 2980 1548 3044 ccelo;
1586 2986 1664 3044 et,

116 3077 419 3136 quacumque
452 3069 675 3124 solveris
707 3085 861 3138 super
893 3079 1110 3136 terram,
1140 3079 1292 3125 erunt
1323 3070 1498 3127 soluta
1533 3079 1580 3126 et
1610 3071 1666 3126 in

120 3154 254 3221 ccio;
281 3157 488 3214 vincula
523 3159 781 3215 videlicet
808 3169 1153 3230 peccatorum
1181 3177 1422 3218 meorum
1451 3163 1668 3233 meique
1693 3182 1738 3244 ο

119 3246 344 3318 conjugis,
374 3251 604 3305 nomine
637 3251 896 3315 llilduini,
940 3251 1032 3306 lilii
1073 3251 1342 3318 Ilermari,
1375 3261 1428 3308 et
1467 3269 1666 3324 paren-

121 3343 212 3390 tum
235 3354 488 3409 meorum,
514 3341 712 3406 solvat,
742 3357 809 3396 ne
828 3341 992 3410 judex
1019 3344 1368 3414 equissimus,
1401 3345 1451 3399 in
1479 3345 1668 3402 ultimo

119 3429 357 3495 examine,
385 3447 508 3486 cum
543 3435 790 3503 reprobis
821 3435 888 3488 ad
916 3434 1206 3492 iufcrnales
1237 3453 1425 3507 ptenas
1457 3439 1662 3507 mittat;

119 3527 186 3572 set
225 3519 356 3576 illam
399 3526 559 3580 nobis
607 3525 914 3581 melliiluam
942 3541 1128 3582 vocem
1170 3529 1391 3595 inferat,
1430 3547 1535 3602 qua
1571 3529 1670 3587 de-

121 3609 346 3667 mnlcebit
383 3613 551 3684 justis
601 3617 849 3686 inquiens
885 3634 899 3672 :
943 3617 1153 3686 Venite,
1195 3620 1448 3676 benedicti
1488 3621 1665 3678 Patris

117 3701 218 3765 mei,
231 3706 474 3770 possidete
490 3725 709 3780 regnum
726 3709 866 3781 quod
881 3721 1127 3780 paratum
1144 3723 1218 3767 est
1231 3713 1370 3768 nobis
1385 3715 1449 3768 ab
1464 3715 1664 3786 origine

119 3792 291 3844 mundi.
332 3793 609 3863 Concedo,
651 3796 894 3867 inquam,
931 3797 1102 3868 ipsius
1145 3799 1282 3854 alodi
1323 3811 1520 3855 terram
1549 3801 1664 3856 cul-

121 3883 211 3932 tam
241 3891 291 3936 et
323 3883 606 3951 incultam,
650 3888 907 3960 irriguum
945 3901 1002 3944 et
1033 3890 1264 3957 aridam,
1293 3901 1445 3959 prata
1484 3900 1538 3948 et
1569 3893 1664 3950 sil-

120 3980 240 4033 vam,
266 3972 536 4044 ingressus
561 3978 678 4049 ejus
705 3988 761 4034 et
785 3981 983 4045 exitus,
1011 3992 1173 4052 atque
1200 3982 1455 4039 meclesize
1479 3994 1661 4054 partes

121 4056 232 4116 duas
269 4078 382 4133 qme
425 4078 558 4124 sunt
601 4070 706 4125 mei
747 4069 911 4140 juris.
958 4071 1204 4139 Quantliu
1253 4082 1432 4129 autem
1473 4075 1660 4133 vivens

121 4155 275 4206 tenere
308 4155 552 4224 voluero,
599 4159 667 4215 de
705 4161 1016 4231 supradicto
1057 4163 1214 4219 alodo
1248 4164 1383 4220 duos
1414 4167 1658 4236 hospites

120 4243 296 4298 tantum
327 4245 644 4304 investitura
672 4249 874 4308 Sancto
898 4251 1080 4319 Petro,
1107 4269 1272 4308 unum
1303 4254 1504 4310 scilicet
1535 4270 1659 4326 pro-

120 4332 214 4397 pria
243 4337 534 4407 voluntate,
569 4341 800 4399 alterum
838 4343 1050 4414 praefati
1089 4346 1333 4418 conjugis
1376 4347 1482 4403 mei
1515 4348 1655 4418 peti-

121 4423 256 4481 tione.
289 4427 431 4487 Hanc
454 4442 638 4489 autem
670 4435 930 4491 carlulam
966 4436 1211 4492 manibus
1242 4438 1657 4508 nominibusque

1771 598 1880 668 ptis
1905 596 2041 666 ejus,
2069 596 2285 652 nomine
2308 591 2669 667 llildelmrgis,
2696 610 2835 652 uxor
2858 597 3067 654 scilicet
3087 597 3345 655 Ilodberti

1771 687 1960 743 militis
1987 687 2054 742 de
2077 693 2260 741 castro
2295 685 2551 750 Ebroico,
2576 685 2624 740 vi
2653 695 2706 742 et
2729 686 2959 742 seculari
2996 689 3232 756 potentia
3263 689 3346 744 iu-

1769 780 1911 836 vasit
1937 779 2119 834 omnia
2153 792 2276 848 quas
2315 785 2506 832 sancto
2536 775 2698 831 Petro
2737 786 3030 832 matertera
3079 778 3214 848 ejus,
3244 793 3352 848 pro

1769 885 1868 927 sua
1916 867 2219 925 contulerat
2262 867 2465 928 anima,
2517 875 2572 922 et
2618 867 2899 922 Dominum
2954 877 3008 922 et
3043 869 3344 938 apostolum

1767 958 1887 1029 ejus
1929 958 2169 1026 Petrum,
2223 967 2331 1013 tam
2376 958 2490 1030 ipsa
2536 975 2699 1031 quam
2749 962 3041 1029 praedictus
3084 963 3169 1017 vir
3205 963 3342 1032 ejus,

1767 1049 2303 1118 exhereditaverunt,
2359 1061 2414 1107 et
2463 1052 2766 1109 numdanos
2820 1055 3069 1110 homines
3119 1055 3346 1112 heredes

1770 1139 1949 1196 facere
1979 1141 2310 1197 maluerunt.
2358 1143 2434 1198 De
2459 1159 2687 1214 quorum
2719 1144 2960 1201 facinore
2999 1161 3098 1203 nos
3129 1148 3344 1204 interim

1770 1239 2034 1297 tacentes,
2069 1230 2197 1300 Deo,
2228 1234 2524 1303 equissimo
2552 1234 2744 1306 judici,
2780 1237 3198 1294 examinandum
3243 1241 3346 1296 lin-

1767 1327 2002 1396 quimus.

2229 1416 2630 1476 CAPITULUM
2678 1420 2812 1477 LIX.

2136 1507 2216 1565 De
2248 1511 2542 1566 redditione
2573 1511 2769 1568 Geneth
2806 1514 2980 1572 γίιιω.

2362 1600 2542 1668 (Anno
2575 1602 2756 1673 l066.)

1841 1704 1860 1739 ‹
1904 1685 1961 1741 In
1994 1689 2210 1742 nomine
2253 1685 2433 1743 Patris
2479 1700 2533 1744 et
2586 1689 2705 1744 Filii
2753 1699 2809 1746 et
2853 1691 3089 1762 Spiritus
3131 1693 3346 1752 Sancti.-

1766 1775 1935 1832 Adela
1984 1794 2122 1833 uxor
2154 1781 2424 1848 quondam
2473 1779 2697 1837 Ilulierti
2750 1783 2936 1838 militis
2985 1784 3052 1838 de
3095 1783 3348 1841 Medanta‘

1767 1881 1969 1934 castro,
2002 1878 2110 1924 tam
2141 1871 2499 1939 przesentibus
2536 1883 2740 1930 sancta:
2763 1875 2853 1930 Dei
2882 1875 3139 1932 mcclesize
3165 1878 3348 1934 ﬁdelia

1768 1963 1867 2019 bus
1903 1979 2063 2034 quam
2108 1964 2326 2031 futuris,
2366 1976 2553 2022 notum
2581 1983 2703 2024 esse
2739 1968 2878 2037 volo,
2909 1970 3164 2039 quoniam
3191 1979 3346 2040 pater

1766 2053 1868 2108 viri
1899 2054 2002 2109 mei
2031 2055 2279 2125 superius
2307 2058 2612 2124 memorati,
2639 2058 2872 2114 Gisberti
2911 2059 3122 2114 abbatis
3155 2075 3346 2114 mona-

1766 2143 2102 2212 chorumque
2146 2153 2460 2200 sanctorum
2514 2147 2877 2217 apostolorum
2908 2147 3054 2203 Petri
3099 2157 3156 2203 et
3196 2149 3346 2204 Pauli

1765 2229 2000 2285 cmuobii
2042 2229 2393 2287 Carnotensis
2435 2235 2775 2303 praesentiam
2845 2235 3124 2292 humiliter
3181 2238 3342 2306 adiit,

1766 2326 1954 2388 petens
2003 2319 2204 2375 obnixe
2253 2329 2314 2374 ut
2365 2320 2465 2375 sibi
2513 2330 2568 2375 et
2613 2319 2828 2392 conjugi
2876 2323 3108 2392 propriae
3144 2325 3347 2394 unique

1765 2422 1952 2462 eorum
1981 2409 2188 2472 heredi,
2224 2409 2278 2464 in
2312 2425 2475 2465 manu
2515 2410 2669 2465 lirma
2713 2414 3042 2469 ccnsualiter
3082 2417 3345 2471 concede-

1767 2508 1882 2555 rent
1919 2509 2120 2556 terram
2148 2501 2355 2557 scilicet
2380 2499 2589 2557 Geneth
2618 2503 2787 2568 Villae,
2818 2519 2938 2574 quae
2969 2513 3053 2560 est
3083 2505 3136 2559 in
3167 2506 3344 2562 Vilca-
3431 2577 3438 2586 .

1765 2590 1869 2646 sini
1912 2591 2215 2658 territorio;
2269 2607 2389 2661 quae
2422 2591 2578 2648 tertia
2605 2593 2771 2648 etiam
2803 2608 2930 2663 pars
2957 2594 3094 2650 villa:
3120 2595 3344 2652 videba-

1767 2691 1855 2738 tur
1883 2697 2025 2749 esse,
2056 2683 2210 2752 cujus
2247 2685 2526 2754 antiquum
2567 2687 2916 2752 vocabulum,
2949 2687 3076 2755 quia
3105 2702 3344 2758 praesen-

1767 2775 1910 2830 tibus
1933 2784 2018 2832 est
2047 2776 2499 2846 perincognitum,
2528 2775 2726 2832 futuris
2750 2777 3094 2832 scribendum
3125 2777 3344 2832 minime

1765 2865 2144 2935 perpendimus
2173 2880 2293 2921 esse
2329 2866 2690 2936 profuturum.
2718 2865 2864 2923 Hattc
2883 2867 3117 2938 denique
3143 2877 3344 2923 terram

1765 2958 1894 3013 dum
1937 2959 2208 3025 vixerunt,
2241 2957 2366 3027 jure
2406 2959 2656 3026 heredes,
2685 2959 2787 3014 visi
2820 2969 2944 3014 sunt
2987 2975 3094 3016 non
3142 2957 3344 3028 injuste

1766 3048 2062 3118 possidere.
2093 3047 2194 3116 Qui
2225 3058 2404 3105 autem
2428 3061 2549 3120 post
2574 3063 2669 3106 eos
2691 3051 3004 3120 usurpando
3027 3058 3342 3116 tenuerunt,

1769 3155 1892 3196 cum
1924 3139 2117 3195 animae
2141 3155 2254 3195 sum
2285 3140 2633 3206 detrimento,
2656 3143 2773 3197 sine
2807 3142 2970 3197 dubio
2986 3182 3002 3208 ,
3025 3143 3218 3198 exinde
3243 3158 3343 3212 pa-

1771 3229 2008 3284 radisum
2048 3227 2418 3298 perdiderunt.
2450 3228 2525 3285 De
2550 3245 2780 3299 quorum
2811 3243 3038 3286 numero
3067 3230 3179 3299 ipsa
3211 3244 3338 3299 pec--

1768 3319 1940 3376 catrix
1968 3360 1985 3385 ,
2011 3329 2228 3391 peccata
2261 3321 2496 3390 peccatis
2537 3322 2800 3386 adiciens,
2831 3322 2933 3377 sub
2979 3323 3342 3378 anathematis

1767 3413 2003 3482 vinculo,
2032 3429 2129 3484 per
2147 3412 2248 3470 XX
2271 3422 2324 3468 et
2345 3413 2577 3482 amplius
2601 3429 2773 3470 annos
2801 3420 2921 3484 post
2945 3414 3044 3468 viri
3071 3413 3174 3470 mei
3199 3429 3342 3469 mor-

1767 3509 1899 3568 tem,
1929 3512 2118 3558 contra
2163 3502 2249 3559 fas
2286 3519 2392 3560 non
2426 3503 2576 3560 timui
2626 3504 2787 3558 michi
2831 3504 3086 3560 retinere.
3117 3505 3339 3571 Verum,

1764 3594 1888 3664 quia
1916 3593 2028 3662 jam
2056 3608 2192 3648 anus
2219 3593 2270 3648 in
2300 3592 2458 3663 hujus
2479 3593 2604 3648 vita:
2625 3594 2782 3649 metis
2809 3595 2995 3662 pedem
3039 3593 3278 3663 impono,
3307 3609 3341 3648 a

1764 3682 1908 3737 malo
1946 3682 2210 3753 principio
2239 3697 2360 3738 eum
2392 3681 2592 3739 salubri
2615 3681 2841 3737 consilio
2857 3683 3134 3737 retrahere
3157 3683 3336 3752 cupio.

1763 3770 1882 3838 Quo
1913 3772 2058 3827 aditu
2091 3772 2143 3827 id
2174 3771 2385 3826 valeam
2431 3771 2613 3827 facere
2638 3810 2655 3837 ,
2701 3771 2814 3842 ipsa
2863 3771 3163 3828 communis
3198 3772 3340 3828 ratio

1762 3863 1953 3934 pandit
2001 3862 2253 3918 videlicet
2315 3871 2378 3918 ut
2441 3863 2600 3932 hujus
2653 3861 3024 3916 immanissimi
3081 3861 3338 3918 facinoris

1761 3954 2026 4025 postulem
2071 3955 2305 4021 vatiam,
2334 3969 2456 4025 qua:
2495 3953 2635 4010 male
2665 3954 2810 4010 tenui
2839 3955 3132 4010 dimittens.
3188 3954 3338 4012 Unde

1761 4062 1904 4101 nunc
1935 4047 2104 4116 ipsam
2146 4059 2364 4100 manum
2413 4046 2623 4101 ﬁrmam
2677 4044 2911 4114 primum
2963 4047 3160 4112 reddo,
3209 4055 3336 4102 ante

1759 4135 2014 4192 domuum
2044 4143 2285 4191 nostrum
2315 4135 2568 4191 comitem
2590 4135 2876 4192 Radulfum
2897 4135 3119 4206 ejusque
3141 4135 3331 4204 filium,

1758 4229 1977 4285 nomine
2005 4227 2325 4284 Walterium
2351 4267 2368 4294 ,
2418 4237 2619 4284 terram
2658 4244 2789 4286 vero
2835 4229 3078 4286 retinens
3125 4227 3336 4287 brevis-

1756 4317 1909 4373 simae
1949 4317 2074 4374 vita:
2121 4333 2254 4374 meae
2294 4317 2680 4374 necessariam.
2727 4317 3018 4388 Postquam
3060 4333 3192 4389 ergo
3237 4319 3334 4375 de-

1755 4406 1940 4463 functa
1978 4393 2154 4475 fuero,
2205 4406 2352 4464 nullo
2398 4407 2746 4478 refragante,
2797 4408 3034 4464 habeant
3081 4409 3332 4468 monachi

122 4522 325 4589 propriis
350 4527 704 4584 corroborare
725 4488 1654 4595 vo...a1..g';.'.'.;;.ai;;;;'.ii;;:.;
1685 4517 1732 4572 D
1755 4495 1940 4595 Em“
1970 4496 2114 4553 Ρθιτί
2166 4488 2579 4595 ivssere“
2625 4507 2882 4595 Ρθτνθιυο
2927 4499 3330 4595 νοθείάθηίίέπηε

119 4613 422 4671 corroborari
451 4620 672 4691 dignum
704 4621 975 4688 duximus,
1001 4631 1082 4687 ut,
1111 4623 1156 4678 si
1189 4622 1328 4678 forte
1363 4623 1656 4694 aliquando

123 4700 260 4767 (quod
303 4707 500 4784 absit!)
531 4713 856 4768 attaminare
904 4713 1138 4768 voluerit
1186 4714 1502 4785 inscriptam
1559 4729 1656 4770 no-

122 4801 262 4849 stram
301 4798 433 4858 lianc
471 4804 744 4859 dationem
791 4820 951 4875 quam
998 4804 1246 4873 fecimus,
1295 4806 1656 4864 anathematis

121 4876 276 4951 ΙηςιιΙο
308 4887 529 4947 feriatur
570 4902 627 4949 et
667 4902 792 4950 ante
831 4894 1046 4966 judices
1087 4895 1247 4968 digna
1295 4896 1413 4968 lege
1450 4898 1654 4955 acriter

124 4973 396 5044 castigatus,
427 4989 539 5037 tres
567 4981 684 5036 auri
722 4981 888 5038 libras
919 4983 1093 5038 solvat
1134 4992 1190 5040 et
1217 4984 1334 5056 ejus
1363 4986 1513 5042 nisus
1551 4987 1653 5042 mi-

127 5057 246 5146 nime
282 5068 468 5125 valeat.
519 5072 712 5126 Actum
761 5082 844 5126 est
890 5072 993 5127 hoc
1038 5074 1276 5129 secundo
1316 5089 1462 5130 anno
1500 5075 1652 5146 regni

127 5143 318 5223 Philippi
361 5161 498 5234 regis
542 5162 718 5220 adhuc
765 5163 1010 5234 pueruli,
1063 5164 1398 5234 gubernante
1455 5143 1653 5222 abbate

128 5234 358 5302 Landrico
398 5249 568 5307 locum
616 5263 880 5309 nostrum.
932 5253 1132 5310 Paulus
1170 5254 1467 5312 monachus
1509 5257 1650 5312 scri-

128 5331 231 5397 psit.
272 5355 289 5388 ι

188 5421 293 5482 Haec
323 5439 489 5488 autem
531 5444 776 5491 matrona
814 5433 1129 5491 Geretrudis
1165 5443 1455 5506 antequam
1495 5451 1652 5494 secu-

132 5506 220 5566 ium
259 5523 516 5581 moriendo
561 5527 913 5595 relinqueret,
959 5534 1148 5582 sancto
1195 5526 1360 5584 Petro
1401 5538 1456 5584 et
1495 5529 1652 5586 nobis

134 5607 400 5670 Praedictum
442 5617 651 5674 alodum
693 5618 942 5688 reliquit;
981 5625 1036 5674 et
1069 5632 1168 5688 per
1199 5619 1358 5689 plura
1408 5629 1650 5690 tempora

137 5695 442 5773 Mssilimus,
473 5725 577 5766 non
616 5708 786 5764 solum
821 5725 885 5765 ea
921 5712 1154 5778 vivente,
1195 5722 1278 5766 set
1309 5712 1472 5767 etiam
1503 5723 1651 5782 post-

142 5794 271 5850 ‘l‘lm
291 5805 479 5854 mortua
507 5798 608 5856 fuit
635 5809 690 5857 et
717 5800 925 5872 sepulta
955 5810 1081 5857 ante
1109 5801 1254 5858 fores
1283 5802 1408 5858 atrii
1437 5801 1672 5859 Gesiaci‘

1755 4589 1892 4648 Huic
1929 4604 2145 4660 quoque
2179 4589 2463 4646 redditioni
2512 4590 2860 4660 praebuerunt
2891 4605 3172 4648 assensum
3210 4592 3328 4646 An-

1753 4677 2001 4733 scherius
2033 4691 2199 4748 gener
2242 4692 2394 4734 meus
2436 4688 2492 4734 et
2522 4679 2644 4734 illim.
2671 4677 2806 4747 ejus,
2851 4694 3081 4750 quarum
3107 4680 3330 4736 nomina

1753 4777 1880 4824 sunt
1913 4769 2026 4824 lucc
2051 4787 2064 4822 :
2091 4767 2312 4835 Havisa,
2338 4768 2605 4836 Mahildis,
2632 4769 2840 4836 Avieia,
2882 4769 3081 4835 Adela,
3115 4770 3329 4828 Helvisa

1753 4871 1988 4926 quoque,
2010 4855 2124 4925 jam
2159 4858 2441 4930 conjugata
2485 4874 2607 4914 cum
2637 4859 2757 4916 viro
2790 4875 2888 4916 suo
2925 4859 3164 4916 statuali.
3190 4861 3327 4928 Quia

1752 4961 1883 5003 vero
1909 4947 1960 5002 in
2007 4947 2182 5004 locum
2234 4965 2398 5004 unum
2436 4964 2529 5005 eas
2577 4949 2830 5021 colligere
2877 4951 3239 5021 nequivimus,
3271 4961 3330 5008 et

1753 5035 1870 5092 loca
1917 5037 2124 5110 singula
2164 5037 2215 5093 in
2255 5039 2450 5108 quibus
2499 5048 2848 5094 assenserunt
2889 5048 2946 5094 et
2991 5040 3328 5111 singulorum

1752 5129 1990 5190 locorum
2012 5131 2302 5202 separatim
2330 5131 2457 5187 huic
2485 5130 2704 5186 cartulaa
2733 5130 2970 5186 inserere
2995 5131 3327 5190 curavimus.

1750 5221 1937 5292 Itaque
1954 5230 2080 5277 ante
2105 5222 2356 5290 comitem
2392 5220 2696 5276 Radulfum.
2721 5219 2996 5290 filiumque
3028 5219 3145 5290 ejus
3170 5221 3325 5276 Wal-

1751 5317 1946 5371 terium
1983 5313 2202 5370 fuerunt
2225 5313 2279 5368 hi
2310 5331 2324 5368 :
2349 5311 2680 5369 Gausfredus
2699 5312 2770 5367 de
2798 5311 3109 5380 Gummetb,
3135 5313 3324 5370 Simon

1751 5407 1820 5463 de
1869 5407 2049 5464 Monte
2080 5406 2264 5472 Forti;
2298 5405 2610 5471 Mainerius,
2661 5403 2828 5462 frater
2873 5406 3018 5477 ejus;
3059 5405 3325 5463 liaduli‘us

1750 5499 1922 5557 Malus
1970 5499 2219 5565 Vicinus;
2272 5498 2598 5564 Rodbertus,
2652 5497 2794 5553 filius
2847 5497 2996 5567 ejus;
3035 5497 3320 5564 Arraldus,

1751 5591 2072 5663 Sansgualo,
2103 5589 2321 5656 Waszo,
2359 5589 2493 5646 Urso
2519 5591 2588 5646 de
2627 5589 2910 5657 Fontanis,
2933 5588 3215 5645 Albericus
3251 5590 3320 5646 de

1754 5683 1913 5739 Blara
1943 5681 2195 5746 ecclesia,
2236 5679 2544 5738 Gualterius
2570 5681 2637 5738 de
2679 5681 2964 5745 Montiaco,
3013 5678 3320 5736 Guidardus

1755 5781 1821 5836 de
1849 5776 2107 5848 Stampis,
2156 5777 2424 5834 Hubertus
2459 5778 2492 5838 d
