3842 6308
480 323 607 382 3-49-
1179 355 1212 402 :
1255 407 1258 410 ,
1440 346 1640 402 ram
1685 346 1741 400 s.
1782 345 1984 400 PETRI
2025 344 2507 404 CARNOTENSIS
2547 343 2852 402 MONACHI
3071 384 3080 394 .
3617 351 3702 414 52c.

477 443 626 517 dus,
665 453 820 521 (telo,
877 457 1022 511 ﬁlius
1069 458 1320 522 Cnschre;
1380 460 1514 522 Odo,
1563 460 1734 515 frater
1773 461 2064 525 Froharili;
2097 477 2145 532 Α
2173 461 2570 534 roliorationem
2609 459 2838 530 propriae
2876 473 3068 513 manus
3116 472 3490 528 manuumque
3527 458 3696 520 testium

483 545 703 615 Er'cus,
736 551 1000 623 Rogerius
1026 552 1390 618 Norinannus,
1438 553 1682 623 Ulg‘crius
1712 542 1916 621 major,
1951 554 2067 609 Odo
2167 553 2618 622 subscriptornin,
2663 566 2875 621 patriam
2905 549 3489 604 excommunicationis
3513 551 3700 606 subscri-

491 641 698 708 major;
733 643 1120 706 Βοηιειιυώιεςει
1148 645 1424 708 Amulius,
1454 645 1683 711 fratres;
1733 645 2068 701 Gausbertus
2164 641 2296 708 bene
2339 641 2615 706 mandavi;
2667 650 2723 695 ut
2754 641 3000 712 quisquis
3031 642 3160 708 huic
3195 643 3434 698 cartula:
3480 649 3702 702 contraire

492 719 714 802 major;
747 734 1060 792 Gualterius
1087 748 1141 792 et
1171 737 1482 803 ltaincrius;
1513 737 1736 804 fratres,
1774 738 2062 804 llnbertns,
2164 731 2415 796 voluerit,
2453 747 2573 785 cum
2612 730 2748 787 Juda
2801 733 3092 795 traditore,
3123 747 3259 788 cum
3303 733 3508 787 Datlian
3533 746 3581 788 et
3613 733 3704 790 Abi-

491 821 785 890 Jolianucs,
821 828 1091 895 laetaldus,
1141 829 1388 888 Odardus
1437 833 1504 888 dc
1546 833 1667 886 Alto
1707 842 1922 898 monte;
1956 833 2061 887 llil‘

2168 839 2304 888 ron,
2357 839 2494 901 quos
2539 823 2690 877 vivos
2735 833 2878 878 terra
2931 826 3266 890 obsorbuit;
3332 829 3455 879 eum
3503 824 3703 892 Herode,

493 913 763 981 duinuset
797 917 1144 983 Guarnerius,
1190 922 1330 978 ﬁlius
1358 925 1506 993 ejus;
1539 924 1858 980 Roscclinus
1898 939 2067 993 equu-

494 1001 598 1068 lus,
641 1003 971 1075 Rainardus;
1003 1011 1116 1066 Odo
1147 1012 1286 1067 filius
1331 1014 1482 1083 Ogis.
1516 1015 1570 1068 lu
1607 1015 1880 1084 vitlaqu’tc
1929 1015 2066 1069 dici-

496 1104 582 1151 tur
609 1097 672 1158 Ri
697 1103 882 1154 annuit
908 1103 1236 1159 AnSi-herius
1261 1122 1428 1174 gener
1453 1105 1655 1171 Adclw,
1688 1121 1807 1160 cuzn
1839 1106 1945 1161 filia
1969 1121 2064 1160 sua

494 1189 710 1246 nomine
737 1191 960 1247 Advisa.
996 1193 1162 1264 Hujus
1186 1198 1261 1251 rei
1293 1207 1460 1254 testes
1486 1208 1612 1252 sunt
1640 1217 1653 1252 :
1689 1197 2025 1252 Gislebertns
2049 1214 2062 1260 ;

494 1275 831 1345 Eustachius,
860 1281 1000 1336 [ilius
1026 1283 1263 1354 llugonis
1289 1301 1353 1339 ex
1389 1286 1626 1342 Ansellis
1661 1287 1794 1340 Villa
1815 1285 2068 1351 ;.Rodul-

491 1367 611 1447 fus;
641 1367 908 1448 .Girardus
935 1413 949 1439 ,
1005 1374 1151 1432 filius?
1178 1376 1420 1447 llugonis
1451 1379 1517 1433 de
1554 1378 1814 1444 Dnrlerh;
1851 1377 2067 1432 Adelel»

488 1449 626 1524 nius,
661 1460 802 1514 tilius
827 1462 1042 1522 Alfridi.
1067 1465 1342 1522 Gerardns
1363 1468 1429 1522 dc
1451 1469 1696 1525 Alleato.‘.
1713 1468 1770 1530 lu
1811 1467 2066 1523 Noviomo

485 1559 792 1630 annuerunt
837 1553 1087 1609 Mahildis
1130 1567 1188 1613 et
1228 1559 1435 1624 Avicia,
1495 1575 1728 1625 sorores,
1785 1560 1906 1614 tiliae
1959 1561 2069 1614 An-

489 1638 709 1696 suherii.
737 1643 904 1710 Hujus
933 1648 1004 1698 rei
1037 1657 1202 1703 testes
1230 1662 1349 1704 sunt
1385 1671 1397 1704 :
1428 1653 1791 1716 Gi'slehertus;
1825 1651 2066 1706 Ansche-

489 1730 621 1792 rius,
652 1732 794 1789 filius
817 1735 1152 1812 Guantelmi;
1185 1740 1586 1810 Guen'elannus,
1616 1743 1754 1798 tilias
1777 1743 2066 1798 Gisleberti

2168 917 2513 970 innocentum
2543 916 2809 980 occisore,
2839 927 2893 970 et
2922 932 3044 976 eum
3074 915 3321 980 Nerone,
3353 915 3495 970 Petri
3522 927 3570 970 et
3591 918 3704 973 Pauli

2169 1007 2534 1071 interfectore,
2565 1009 2616 1061 in
2647 1007 2858 1062 inferno
2885 1018 3092 1078 pereat.
3139 1007 3408 1078 Paganus
3436 1008 3705 1064 ricecomes.

2169 1096 2541 1160 llainsuindis,
2587 1112 2724 1150 uxor
2764 1096 2900 1165 cjtts.
2946 1095 3267 1152 Joscelinus
3316 1097 3383 1151 de
3426 1095 3708 1166 Botigniaco.

2168 1187 2320 1255 [Iugo
2382 1187 2688 1242 Comedens
2759 1187 3064 1241 Rusticum.
3133 1186 3260 1243 Odo
3323 1188 3390 1242 de
3449 1188 3707 1257 Vernngiio.

2166 1278 2460 1342 Ebrardus,
2494 1277 2635 1332 filius
2659 1277 2902 1332 Ernaldi.
2933 1269 3248 1334 Josrelinus
3277 1279 3550 1349 parvulus.
3587 1277 3710 1333 Fulro

2165 1371 2507 1446 prmposilus.
2547 1370 2851 1435 Teduinns,
2899 1369 3042 1426 ﬁlius
3072 1370 3283 1425 Otoldi.
3340 1369 3628 1434 Fulcolinus
3665 1371 3710 1425 de

2166 1461 2360 1516 Niclfa.
2416 1460 2715 1516 llerliertus
2766 1462 3025 1516 vicarius.
3089 1462 3406 1518 Guiliertus
3462 1460 3526 1515 de
3577 1459 3707 1514 Μειὶςί.

2164 1553 2454 1615 Ansoldus.
2500 1553 2766 1608 Rodull‘us
2794 1553 2865 1607 'et
2895 1553 3012 1608 Odo
3034 1594 3049 1618 ,
3091 1553 3324 1609 fratres.
3360 1553 3620 1608 Teduinns
3653 1551 3709 1610 Vi-

2165 1643 2363 1698 vanda.
2422 1645 2502 1698 Ex
2542 1652 2696 1716 parte
2745 1644 3075 1700 Gualeranni
3133 1644 3401 1698 monachi
3454 1662 3465 1697 :
3520 1644 3710 1714 Ulgerius

2168 1734 2362 1804 major,
2405 1735 2522 1792 Odo
2571 1735 2778 1806 major;
2813 1737 3140 1800 Brrnardus,
3176 1736 3362 1792 frater
3405 1736 3550 1805 ejus;
3590 1737 3709 1792 ωαξ-

488 1817 558 1904 de
587 1815 869 1888 Portibus,
901 1823 1342 1895 Rogerius,ﬁlius
1361 1828 1597 1898 Alfredi;
1627 1831 1906 1898 Girardus,
1924 1831 2063 1886 ﬁlius
2091 1845 2139 1904 Β
2171 1840 2312 1890 nus;
2346 1824 2631 1890 Arnult‘us,
2690 1825 2829 1879 ﬁlius
2878 1824 3027 1894 ejus;
3081 1825 3393 1880 Rainaldus
3440 1826 3710 1889 Cossardus,

491 1903 730 1974 "natiuis
773 1913 840 1967 de
871 1913 1116 1995 Dorleeh.
1146 1916 1297 1988 Hugo
1334 1921 1575 1974 statualis
1604 1923 1658 1978 in
1699 1921 1943 1975 Medanta
1972 1937 2060 1976 ca-

489 2004 846 2075 stroannuit,
889 2022 1010 2060 cum
1037 2011 1267 2080 conjuge
1298 2028 1392 2066 sua
1437 2013 1667 2068 llelrisa.
1705 2013 1864 2067 Teste
1893 2023 2016 2068 sunt
2045 2031 2059 2066 :

489 2086 818 2164 SaIISgiiiilo;
855 2097 990 2164 Odo,
1026 2101 1193 2157 frater
1235 2104 1534 2171 Frohardi;
1585 2106 1886 2160 Amalricus
1935 2105 2064 2161 Sine

487 2182 624 2247 Pilo,
661 2185 1047 2248 Tedbalilusdc
1081 2194 1326 2263 Episcopi
1369 2195 1566 2261 Monte,
1601 2196 1920 2250 Gansl'ridus
1962 2196 2065 2250 Co-

488 2278 718 2342 cardus,
769 2278 1003 2346 Gadelo;
1058 2283 1330 2338 Teduinns
1387 2285 1440 2340 et
1486 2284 1796 2350 Johannes,
1837 2285 2062 2353 fratres;

487 2369 769 2453 Ascelinus
794 2415 809 2438 ,
861 2375 1157 2434 Ebrardus.
1195 2379 1309 2432 Udo
1347 2379 1539 2449 major,
1573 2378 1816 2449 Ulgerius
1872 2379 2062 2449 major,

487 2461 826 2521 Gausbcrtus
857 2467 1066 2536 major;
1119 2470 1420 2524 ltodbertus
1469 2472 1534 2525 de
1577 2471 1796 2525 Botonis
1843 2469 2062 2536 Carne,

487 2549 796 2616 Mauricius,
831 2554 1157 2621 Bernardus,
1204 2557 1468 2628 [tegeritis
1513 2560 1701 2628 pistor,
1738 2559 2063 2624 .llerbertus,

488 2643 812 2713 Tedbaldus,
853 2647 1161 2714 llilduinus,
1209 2650 1530 2717 Brunellus,
1579 2652 1899 2714 Garnerius,
1949 2653 2065 2706 llil-

487 2736 692 2792 duimis-
711 2739 957 2807 Tirellus,
985 2742 1280 2805 Huboldus,
1307 2743 1662 2799 Fulchardus.
1690 2744 1840 2799 Hanc
1877 2755 2060 2799 autem

485 2841 694 2884 cartam
749 2847 910 2887 manu
964 2835 1179 2904 propria
1235 2835 1471 2904 ﬁrmavi,
1523 2839 1772 2894 manibus
1804 2838 2062 2892 comitum

489 2917 701 2976 Badulli
727 2933 780 2978 et
816 2924 908 2978 filii
948 2926 1066 2995 ejus
1085 2925 1330 2982 Walter-ii
1355 2929 1813 2984 corroborandnm
1847 2929 2060 2996 tradidi,

487 3025 702 3067 necnon
731 3023 782 3069 et
810 3015 1128 3071 obtimatnm
1154 3033 1361 3088 eorum.
1389 3019 1524 3076 lluic
1545 3037 1675 3076 vero
1697 3023 1844 3090 operi
1869 3023 1911 3076 si
1943 3021 2063 3091 quis

485 3101 752 3158 heredum
805 3121 1047 3176 meorum
1079 3112 1450 3168 contradicere
1479 3113 1730 3178 voluerit,
1777 3130 1898 3169 cum
1926 3115 2062 3171 Jnda

2169 1915 2464 1973 llerbertus
2487 1917 2684 1982 llluns;
2713 1916 3055 1971 Germundns
3077 1926 3133 1971 et
3174 1917 3500 1983 Bernerius,
3524 1917 3708 1980 fratres;

2170 2007 2449 2062 llilduinus
2478 2016 2532 2062 et
2557 2006 2883 2070 Amalricus,
2911 2005 3142 2072 fratres;
3174 2007 3477 2060 llilduinus
3506 2005 3709 2072 Tirellus,

2166 2096 2281 2151 Odo
2315 2097 2380 2151 de
2409 2096 2530 2151 Alto
2578 2095 2787 2160 Munte;
2816 2095 3174 2161 Guarnerius,
3224 2097 3379 2152 [ilius
3427 2096 3708 2152 Gcrniundi;

2168 2186 2448 2242 Teduinns
2471 2227 2486 2251 ,
2534 2187 2676 2241 filius
2703 2187 2994 2251 Rodberti;
3049 2186 3351 2243 Brunellns
3383 2197 3436 2243 et
3469 2187 3707 2250 Morcllus,

2168 2275 2392 2342 fratres;
2428 2275 2704 2348 Sansgalo,
2738 2275 2980 2340 Otoldns,
3020 2275 3329 2333 lluhaldus.
3379 2296 3398 2329 ι

2665 2363 3058 2420 CAPITULUM
3121 2364 3265 2419 LXI.

2545 2459 2619 2514 De
2659 2467 2849 2528 quarta
2889 2467 3037 2520 parte
3084 2455 3391 2512 Guairiaci.

2743 2551 2906 2621 (Ante
2933 2566 2982 2603 a.
3015 2549 3197 2618 1070.)

2169 2623 2176 2630 ‘
2244 2663 2263 2696 ι
2304 2643 2674 2712 Veritas,qnm
2693 2642 2941 2698 Christus
2971 2652 3072 2706 est,
3107 2642 3222 2696 suis
3252 2641 3572 2712 sequacibus
3590 2638 3705 2706 jubet

2169 2736 2342 2791 aliena
2373 2752 2476 2790 non
2523 2750 2712 2806 rapere
2753 2742 2809 2788 et
2844 2749 2940 2787 sua
2987 2733 3192 2802 largiri.
3229 2735 3479 2798 Idcirco,
3521 2747 3604 2803 pro
3628 2730 3700 2783 lle-

2167 2834 2462 2906 demptoris
2487 2850 2694 2901 amore,
2719 2849 2820 2906 ego
2846 2834 3018 2904 llugo,
3049 2833 3325 2888 Brustans
3357 2826 3578 2884 Salicem
3604 2836 3704 2892 prie-

2164 2927 2406 2996 Inomine,
2443 2927 2713 2996 quandam
2771 2935 2970 2980 terrain
3011 2924 3152 2994 juris
3204 2923 3342 2984 mei.
3373 2932 3471 2989 pro
3517 2911 3702 2968 remedio

2167 3016 2363 3070 animai
2393 3030 2525 3071 mea:
2550 3015 2844 3084 uxorisque
2887 3029 3020 3068 mea:
3043 3023 3094 3067 et
3138 3011 3236 3066 lilii
3270 3010 3401 3076 mei,
3433 3006 3614 3061 Sancto
3632 3000 3703 3052 νει

2170 3115 2274 3170 tro,
2311 3103 2650 3160 Gcsiacensis
2681 3103 2929 3160 videlicet
2953 3101 3099 3158 ccllm
3117 3099 3363 3156 cmnobii
3391 3087 3697 3152 Carnotensis

491 3193 757 3248 traditore
781 3205 966 3262 pereat
989 3198 1042 3251 in
1085 3199 1298 3256 inferno
1327 3201 1443 3256 sine
1471 3202 1596 3258 line.
1626 3177 1816 3259 Actum
1864 3205 1964 3261 hoc
1998 3203 2065 3259 Vl
2092 3193 2136 3256 C
2163 3195 2424 3259 ,COncedo,
2459 3203 2708 3264 quartam
2733 3192 2942 3248 scilicet
2975 3200 3183 3262 partem
3213 3187 3481 3246 a‘cclesiaa
3507 3190 3558 3237 et
3581 3177 3698 3236 viltr.

492 3298 637 3339 anno
664 3283 888 3357 Philippi
921 3287 1082 3359 regis,
1101 3290 1396 3346 indictione
1426 3292 1508 3347 Vll
1533 3293 1702 3365 (l98).
1725 3295 1926 3350 Paulos
1951 3310 2063 3352 mo-

483 3369 696 3441 nachus
733 3376 1074 3452 perscripsit,
1107 3388 1158 3434 cl
1208 3379 1586 3438 Gualerannus
1625 3387 1922 3441 monachus
1966 3397 2064 3457 pro

484 3461 598 3520 hoc
626 3463 742 3535 ipso
781 3465 932 3521 XXX
969 3467 1136 3526 libras
1165 3485 1508 3528 nummorum
1541 3473 1935 3546 dedit,<pra:ter
1969 3477 2066 3532 mi-

484 3554 633 3610 nima
659 3557 874 3614 exenia.

892 3648 896 3652 ’
954 3713 956 3715 .
1003 3671 1397 3730 CAPITULUM
1438 3674 1551 3732 Lx.

483 3758 561 3840 De
600 3761 973 3818 consuetudine
1010 3763 1440 3840 vinetv_Gttar_t'ni
1485 3767 1664 3822 clerici
1693 3779 1750 3824 et
1803 3766 2064 3824 Gualten'i

1172 3833 1370 3890 Franci

1053 3925 1213 3996 (Ante
1235 3939 1286 3980 a.
1313 3925 1523 3997 1070.)-

485 4017 492 4024 '
563 4027 586 4061 ‹
623 4008 817 4066 Notum
847 4012 919 4067 sit
943 4013 1212 4070 'omnibus
1237 4026 1438 4072 sanctae
1466 4015 1560 4072 Dei
1602 4017 1859 4075 tecclesiaa
1891 4019 2062 4075 lldeti-

2167 3301 2288 3356 qua}
2327 3296 2554 3342 vocatur
2583 3287 2926 3352 Guairiacns,
2956 3293 3324 3354 quartumque
3367 3287 3564 3350 partem
3590 3269 3700 3325 silvai

2165 3388 2221 3432 et
2247 3379 2538 3432 molendini
2579 3387 2740 3448 atque
2785 3363 3100 3445 pratorum,
3129 3382 3365 3444 excepto
3393 3364 3637 3424 viridiario
3661 3367 3698 3410 et

2155 3469 2412 3538 culturis.
2441 3468 2511 3525 Ut
2548 3478 2726 3525 autem
2759 3467 2874 3522 haec
2895 3465 3105 3522 cartula
3138 3465 3296 3519 firma
3324 3467 3552 3523 maneat,
3576 3464 3696 3507 man!

2163 3576 2286 3617 mea
2311 3571 2368 3618 et
2390 3575 2549 3618 manu
2579 3558 2809 3616 senioris
2835 3558 2940 3618 mei
2973 3556 3193 3614 comitis
3222 3552 3494 3616 Walterii,
3515 3550 3561 3604 in
3584 3543 3695 3614 cujus

2165 3653 2423 3711 comitatu
2455 3661 2559 3722 est,
2607 3651 2966 3721 manibusque
3019 3649 3259 3706 ﬁdelium
3303 3658 3568 3706 meorum,
3610 3650 3698 3689 60r-

2167 3742 2446 3800 roboravi.
2497 3741 2554 3796 Si
2605 3742 2728 3814 quis
2753 3749 2938 3806 autem
2979 3748 3165 3796 contra
3213 3740 3362 3794 hanc
3405 3729 3693 3790 donationem

2159 3833 2368 3904 aliquid
2400 3833 2748 3904 temptaverit
2775 3847 2967 3902 agere,
3001 3832 3055 3888 in
3082 3818 3303 3891 inferno
3332 3822 3564 3884 inferiori
3603 3816 3695 3872 mit-

2167 3935 2332 3995 tatur,
2363 3927 2454 3984 ubi
2483 3927 2644 3998 ignis,
2673 3927 2765 3996 qui
2799 3940 3071 3996 nunquam
3109 3923 3467 3996 extinguitur,
3503 3927 3606 3970 eum
3629 3920 3692 3960 ar-

2159 4020 2326 4090 deat;
2359 4028 2416 4075 et
2440 4019 2660 4085 vermis,
2695 4018 2784 4089 qui
2814 4033 3085 4088 nonquam
3131 4018 3386 4082 moritur,
3415 4021 3588 4070 carnes
3607 4001 3691 4068 ι’]υε

2160 4109 2446 4179 conrodat.
2481 4109 2663 4164 Auens
2683 4109 2847 4163 etiam
2872 4107 2996 4165 huic
3022 4110 3181 4172 dono,
3212 4115 3405 4162 sancto
3429 4103 3572 4156 Petro
3592 4105 3687 4158 ρου-

2159 4204 2296 4262 cedo
2341 4203 2610 4274 quandam
2659 4201 2995 4257 collibertam
3023 4241 3038 4268 ,
3081 4199 3304 4255 nomine
3359 4193 3686 4267 lngelburgim.

2161 4295 2330 4368 filiam
2371 4294 2581 4350 scilicet
2631 4293 2894 4350 Gualterii
2927 4293 3136 4364 Caprre.
3179 4292 3358 4362 Atque
3387 4301 3452 4343 ex
3476 4275 3684 4338 ambabui

486 4098 609 4164 bus,
645 4101 753 4154 tam
800 4103 1160 4171 pratsentibus
1205 4118 1367 4172 quam
1414 4106 1630 4172 futuris,
1659 4109 1916 4177 quoniam
1962 4124 2063 4182 ego

481 4187 807 4258 ~Walterius,
837 4193 1172 4264 praenomine
1217 4195 1490 4266 Paganus,
1522 4195 1750 4255 Teduini
1796 4199 1964 4265 titius,
2009 4211 2065 4257 et

482 4275 792 4340 viCecomes
818 4286 985 4342 castri
1017 4284 1299 4354 Mellentis,
1330 4304 1428 4360 pro
1457 4291 1821 4362 adipiscendis
1848 4303 2064 4350 aeternae

483 4365 676 4443 patria:
700 4372 956 4441 praimiis,
987 4373 1055 4431 de
1096 4374 1183 4431 his
1211 4391 1332 4446 quae
1359 4377 1412 4432 in
1456 4379 1638 4436 seculo
1663 4383 1936 4452 praesenti
1978 4391 2062 4437 te-
2161 4365 2326 4442 rebus
2364 4386 2564 4442 donum
2591 4399 2754 4454 super
2780 4383 2952 4438 altare
2980 4382 3156 4438 sancti
3203 4381 3352 4436 Petri
3391 4373 3580 4450 publice
3613 4377 3685 4434 Ρο·

483 4475 616 4517 nere
643 4463 848 4530 videor,
881 4480 986 4520 una
1017 4481 1138 4522 cum
1167 4467 1408 4541 ‘conjuge
1437 4485 1555 4527 mea
1579 4513 1594 4540 ,
1637 4463 1859 4530 nomine
1899 4473 2063 4532 Rains
2108 4545 2115 4546 ί
2162 4477 2265 4534 sui.
2296 4475 2460 4546 Cujus
2488 4477 2567 4532 rei
2599 4483 2762 4532 testes
2808 4486 2935 4530 sunt
2981 4474 3034 4530 hi
3075 4492 3086 4526 :
3129 4471 3302 4542 tlugo,
3351 4470 3486 4534 ﬁlius
3534 4466 3678 4546 meus}

484 4555 698 4619 suinde,
722 4571 822 4626 pro
849 4555 1028 4613 anima
1056 4561 1228 4630 patris
1263 4563 1366 4620 mei
1393 4571 1448 4619 et
1485 4563 1676 4618 matris
1694 4578 1848 4631 mete,
1872 4575 2060 4622 sancto
2093 4545 2137 4600 θ
2159 4544 2401 4636 Beatrixv,
2448 4566 2555 4622 tilia
2601 4580 2756 4630 mea;
2810 4563 3142 4631 Atlelclmns,
3174 4557 3558 4619 Frodmundus,
3595 4544 3680 4648 φάο

482 4645 682 4714 Petro,
732 4647 1079 4708 Gesiacensis
1121 4653 1374 4710 videlicet
1426 4653 1663 4710 ρωποι)Ῑί
1710 4653 2058 4714 Carnotensis
2157 4656 2486 4722 Donzellus,
2534 4654 2819 4711 Ansfridus
2863 4654 3164 4720 linbardus,
3209 4651 3480 4708 Huboldus
3525 4645 3674 4707 major,

477 4737 646 4804 cellae,
689 4741 1135 4798 consuetudinem
1165 4759 1328 4814 quam
1368 4745 1531 4800 michi
1559 4745 1814 4802 clamo'in
1843 4747 2058 4803 vineam
2159 4747 2478 4812 llubelinns,
2501 4745 2839 4807 .Bernardus,
2874 4744 3190 4815 Hugolinus.
3237 4745 3316 4800 Ex
3347 4751 3490 4813 parte
3529 4739 3670 4788 monti;

482 4828 692 4884 ’Warini
721 4831 903 4889 clerici
944 4832 1180 4888 remitto.
1225 4834 1377 4890 Dono
1424 4835 1586 4891 etiam
1614 4837 2054 4893 consuetudinem

481 4919 652 4975 vineae
683 4920 927 4977 Walterii
973 4921 1206 4989 Franci,
1233 4936 1394 4992 quam
1441 4925 1664 4979 dederat
1707 4925 1822 4994 ipse
1867 4931 2054 4983 saneto

481 5005 674 5075 Petro;
705 5018 764 5065 ut
803 5011 979 5067 nullus
1004 5012 1267 5069 heredum
1309 5027 1551 5070 meorum
1583 5013 1837 5084 deinceps
1863 5017 2059 5072 audeat

479 5099 771 5169 quicquam
794 5105 1201 5160 consuetudinis
1224 5105 1276 5160 in
1313 5105 1400 5160 his
1421 5105 1596 5161 vineis
1622 5115 1890 5176 repetere.
1918 5109 2056 5165 Sunt

481 5199 662 5246 autem
692 5191 776 5246 hae
801 5193 972 5250 vineae
1001 5195 1056 5249 in
1099 5196 1378 5252 territorio
1418 5196 1688 5261 Maisiaci,
1717 5196 1856 5251 villa:
1899 5214 2052 5255 meae.

369 5352 380 5359 _
478 5281 642 5339 Posui
670 5283 921 5353 denique,
941 5301 1036 5356 per
1059 5289 1496 5357 deprecationem
1519 5287 1846 5344 Gualeranni
1871 5305 2056 5346 mona-

481 5373 593 5440 chi,
610 5382 783 5429 metas
800 5377 1042 5444 petrinas
1063 5393 1182 5448 qua:
1207 5381 1448 5436 dividant
1476 5380 1648 5434 sancti
1682 5377 1825 5436 Petri
1852 5390 2052 5438 terram

481 5481 545 5519 ac
593 5469 791 5531 meam,
821 5480 890 5523 ne
935 5467 1166 5538 amplius
1191 5471 1264 5527 sit
1290 5471 1528 5543 jurgium
1561 5477 1704 5532 inter
1734 5489 1820 5532 me
1845 5483 1902 5530 et
1939 5490 2056 5532 mo-

479 5555 683 5610 hacltos
727 5557 904 5612 sancti
953 5557 1133 5626 Petri,
1191 5563 1288 5616 seu
1333 5557 1521 5621 servos
1571 5581 1719 5623 meos
1769 5575 1825 5623 et
1866 5579 2053 5623 servos

476 5649 689 5729 eorum.
713 5639 784 5706 Ut
810 5657 990 5707 autem
1021 5653 1135 5710 haec
1159 5663 1310 5711 carta
1334 5646 1552 5713 ﬁrmior-
1564 5667 1912 5728 permaneat,
1930 5655 2051 5729 post

2156 4836 2428 4892 chorum:
2473 4821 2792 4890 Gausfridus
2822 4833 3076 4904 Bigotus;
3120 4835 3310 4898 Arnul,
3363 4834 3518 4886 frater
3555 4817 3670 4886 rjﬂsi

2157 4927 2420 4993 Oduinus,
2440 4923 2738 4979 Rannulfus
2760 4923 3062 4993 presbyter,
3091 4923 3383 4979 Rainaldus
3410 4909 3668 4975 Cossarilus,

2157 5018 2455 5081 Adventus,
2501 5013 2864 5078 Gansbertus,
2906 5014 3239 5070 Fulchardus
3265 5055 3280 5080 ,
3327 5010 3598 5068 Rodbct‘llts
3624 4993 3670 5046 de

2155 5104 2374 5164 .Gizecio
2397 5113 2452 5160 et
2471 5101 2750 5166 Arnulfus,
2784 5101 2925 5156 [ilius
2949 5099 3085 5170 ejus.
3126 5121 3140 5151 ι
3359 5095 3362 5098 ’
3435 5157 3444 5160 _
3589 5175 3598 5182 -
3622 5171 3631 5182 .

2156 5259 2160 5262 η
2225 5195 2327 5251 Hic
2355 5195 2439 5256 vir
2485 5208 2552 5249 ex
2601 5181 2968 5262 superidribus
3017 5191 3182 5248 castri
3241 5191 3475 5255 Medante
3510 5175 3664 5236 extitit.

2156 5285 2449 5341 secundum
2477 5283 2641 5339 seculi
2671 5284 3023 5352 dignitatem;
3064 5284 3262 5353 priedia
3293 5293 3345 5338 et
3375 5275 3560 5334 divitias
3583 5275 3662 5362 trr-

2153 5394 2319 5443 renas
2358 5392 2458 5448 pro
2509 5377 2626 5432 Dei.
2655 5390 2840 5431 amore
2886 5373 3196 5443 relinquens
3219 5415 3234 5442 ,
3261 5434 3264 5436 γ
3287 5386 3482 5438 comam
3516 5357 3662 5428 rapitis

2154 5482 2212 5530 et
2248 5471 2498 5538 barbam,
2539 5470 2594 5532 in
2623 5471 2726 5524 hoc
2763 5467 3013 5522 coenobio
3065 5468 3164 5522 sub
3195 5468 3384 5522 abbate
3426 5451 3656 5522 Landricoi

2158 5563 2421 5630 totondit,
2466 5537 2551 5629 et,
2591 5544 2839 5617 habitum
2865 5557 3243 5618 .monachilem
3289 5553 3580 5626 suscipiens.
3610 5537 3659 5634 (ξε

2153 5655 2336 5713 seculo
2388 5669 2618 5725 nequam
2689 5639 2871 5708 nudus
2935 5656 3103 5703 totum
3158 5663 3218 5702 se
3279 5646 3484 5705 contulit
3539 5634 3652 5708 boni?

484 5745 520 5762 "
548 5726 710 5814 0’98)"
745 5742 968 5800 lndictio
1021 5745 1104 5802 νη
1144 5749 1396 5804 convenit
1447 5726 1579 5808 cumﬁ
1608 5767 1658 5808 a.
1710 5749 1879 5816 1069,
1932 5726 2038 5807 non
2076 5759 2254 5808 autem
2285 5763 2409 5805 cum
2437 5763 2488 5814 a.
2521 5747 2676 5804 t066.
2704 5750 2798 5824 Art
2826 5749 2892 5804 de
2913 5751 3016 5806 rer.
3050 5749 3124 5817 te;
3152 5750 3262 5816 dat.
