3842 6308
74 344 159 414 ssi
691 348 922 407 verus
956 320 1213 406 semel
1249 378 1320 389 —
1356 342 1489 404 me.
1534 345 1644 404 vn.
1687 344 2077 405 LANDRICUS
2117 346 2208 407 E'l‘
2244 321 2644 411 utmearus.

3211 336 3333 415 333”.

70 468 306 541 operibus
376 464 684 520 informari.
747 466 849 532 Qui
881 507 897 532 ,
962 481 1236 523 summum
1297 462 1642 521 ohmdientize
1673 472 1713 528 Α
1745 465 2125 522 contradicere
2164 466 2434 533 voluerit,
2472 466 2683 541 legibus
2726 444 3033 538 convictus,
3057 479 3115 529 et
3142 485 3333 529 auctoa

70 568 118 613 et
193 556 519 611 humilitatis
583 554 788 625 apicem
865 557 1266 627 conscendrus,
1331 570 1375 610 tr
1418 556 1643 626 praefato

72 652 250 707 abbate
296 650 558 718 provisor
599 658 653 705 et
700 636 886 706 custos
934 634 1146 705 Cesiaci
1196 650 1300 706 Ieci
1354 651 1641 707 constitui-

72 753 163 796 tur.
198 733 384 809 ‘Quem
443 756 576 795 cum
627 739 745 796 sine
795 739 919 794 dolo
967 748 1024 795 et
1085 740 1383 796 ambitidne
1433 746 1642 813 regeret

64 833 321 897 Teliciter,
380 828 609 901 quanta:
680 830 1049 901 simplicitatis
1102 839 1159 886 et
1215 839 1380 887 castae
1434 833 1645 888 astutia:

68 923 289 979 extiterit
325 924 578 993 prudens
616 922 790 980 lector
845 922 1098 978 conicere
1134 921 1190 977 in
1235 922 1350 979 solo
1394 934 1646 979 sermone

70 1024 225 1085 potest
247 1012 421 1086 μένει).
446 1012 589 1069 Nam
614 1029 759 1080 cum,
783 1012 1018 1085 quadam
1047 1013 1185 1080 vice,
1213 1028 1338 1069 eum
1369 1013 1566 1070 abbate
1589 1015 1645 1068 in

71 1110 178 1165 nlla
211 1122 329 1178 qua:
370 1116 612 1162 vocatur
639 1096 961 1162 Foiitinidus
990 1100 1339 1173 comedisset,
1359 1112 1415 1162 et
1437 1106 1504 1163 ad
1532 1120 1648 1161 mo-

60 1200 344 1259 nasterium
377 1199 619 1256 festinus
661 1199 922 1266 redisset,
955 1214 985 1253 a
1027 1197 1290 1254 fratribus
1332 1197 1647 1268 inquisitos,

60 1288 228 1347 'utrurn
278 1306 345 1347 eo
379 1280 835 1349 die'comedisset
882 1305 950 1346 an
1000 1305 1137 1356 non;
1172 1290 1225 1345 in
1282 1305 1343 1345 se
1399 1280 1650 1346 reversus

72 1385 322 1459 paululum
378 1384 583 1440 her-ere
629 1385 799 1457 cmpit
846 1385 1031 1439 animo
1078 1393 1134 1439 et
1179 1384 1456 1455 cogitare,
1506 1384 1648 1439 intra

71 1495 122 1533 se
144 1477 322 1532 dicens
374 1492 391 1531 :
438 1474 500 1531 Si
536 1475 728 1532 dixero
764 1475 1006 1540 comedi,
1041 1473 1273 1531 forsitan
1315 1475 1484 1546 jejuni
1513 1490 1652 1547 prte-

72 1570 321 1625 varicator
357 1569 918 1641 esse'reprehendar;
949 1577 1113 1639 atque
1150 1568 1198 1625 si
1242 1570 1529 1625 veritatem
1556 1571 1647 1625 de-

74 1677 211 1733 nego,
251 1661 531 1718 mendacii
564 1678 700 1718 uero
729 1656 1012 1727 cerreptus
1036 1661 1217 1716 abibo.
1251 1658 1427 1729 Tunc,
1470 1660 1654 1718 fratri-

72 1754 157 1808 bus
206 1754 681 1827 interrogantibus
705 1794 721 1820 ,
778 1755 1125 1827 respondisse
1154 1753 1327 1809 fertur
1357 1771 1372 1808 :
1404 1771 1423 1807 t
1454 1752 1512 1811 Si
1550 1755 1650 1812 do-

78 1862 94 1894 c
125 1860 267 1899 mnus
291 1814 471 1901 abbas
501 1814 766 1912 comedit,
791 1854 848 1901 et
868 1814 1004 1912 nos;
1037 1853 1122 1900 set
1145 1843 1193 1901 si
1221 1844 1454 1902 detortus
1482 1846 1651 1903 abbas
1679 1814 1726 1879 Β

79 1954 94 1986 ι
123 1951 217 1990 non
254 1935 526 2004 comedit,
578 1952 681 1993 nec
710 1952 828 1993 nos.
863 1956 883 1990 ι
912 1938 1225 2011 Postquam
1249 1953 1379 1993 vero
1419 1938 1488 1993 de
1528 1951 1654 2010 pre-

75 2030 195 2083 senti
220 2024 405 2085 seculo
434 2028 701 2099 decessit,
735 2029 877 2086 ﬁlius
922 2029 1058 2101 ejus,
1098 2031 1377 2105 equivocis
1412 2030 1650 2087 nomiui-
1736 2038 1749 2049 ’

77 2120 176 2185 bus,
207 2119 422 2177 functus
456 2122 569 2178 sub
618 2120 800 2178 balteo
848 2121 1094 2190 militari,
1139 2122 1300 2179 bonis
1351 2123 1593 2180 moribus
1619 2139 1650 2178 a

78 2224 209 2285 patre
252 2230 359 2270 non
389 2214 742 2286 discrepans,
775 2215 828 2272 in
878 2218 1136 2288 praedicta
1167 2214 1294 2272 villa
1313 2258 1328 2282 ,
1360 2216 1567 2274 scilicet
1596 2218 1650 2274 in

76 2305 359 2381 Gnalriaco,
388 2316 594 2366 sancto
622 2304 784 2364 Petro
804 2349 821 2376 ,
862 2307 1026 2365 simili
1057 2308 1220 2367 modo
1244 2318 1304 2365 ut
1330 2318 1488 2380 pater
1511 2307 1649 2379 ejus,

79 2395 217 2451 aliam
244 2396 497 2467 quartam
549 2405 760 2467 partem
815 2396 956 2454 villa:
1001 2399 1653 2470 concessit,‘donumque

77 2502 215 2557 super
239 2488 410 2543 altare
440 2490 633 2559 posuit
655 2504 841 2544 coram
884 2489 1132 2559 testibus,
1156 2505 1222 2547 ex
1265 2492 1455 2548 eadem
1496 2498 1651 2562 parte

79 2579 424 2636 investituram
491 2583 663 2637 modo
725 2598 893 2638 unum
962 2584 1233 2656 hospitem
1296 2585 1646 2657 relinquens;

79 2679 235 2740 atque,
274 2682 395 2741 post
433 2671 607 2741 hujus
634 2672 762 2728 vita:
812 2689 1053 2743 cursum,
1112 2683 1221 2729 tota
1269 2689 1398 2745 pars
1438 2675 1650 2748 integra

80 2762 271 2825 existat;
304 2763 578 2834 quatinus
632 2764 864 2820 heredes
909 2765 1047 2843 ejus,
1085 2780 1153 2819 ex
1203 2748 1331 2820 tunc
1367 2765 1420 2820 in
1465 2775 1646 2831 antea,

81 2856 389 2909 nimietatem
422 2855 578 2909 villa:
605 2857 939 2925 possideant,
967 2866 1024 2911 et
1052 2868 1274 2913 sanctus
1300 2857 1518 2925 Petrus,
1551 2873 1652 2930 pro

82 2943 292 3015 ingressu
311 2946 567 3004 cmlestis
597 2948 811 3018 patriae,
848 2950 1182 3005 tantumdem
1215 2950 1432 3005 habeat.

554 3038 952 3097 CAPITULUM
994 3040 1160 3097 LXII.
1425 3106 1428 3111 ,

60 3124 63 3131 ’
160 3124 223 3185 De
242 3128 464 3186 Cibuino
522 3142 570 3187 et
619 3130 935 3201 Cualundo,
969 3143 1017 3188 et
1059 3136 1310 3190 uxoribus
1350 3151 1554 3191 eorum.

330 3225 343 3237 '
656 3228 835 3300 (Auno
873 3226 1056 3301 1061.)

143 3331 160 3359 ι
186 3314 234 3369 In
263 3318 481 3375 nomine
518 3329 719 3374 sancte
747 3329 802 3374 et
828 3320 1116 3377 individuum
1147 3320 1451 3391 Trinitatis,
1471 3318 1651 3380 Patris

84 3414 125 3455 ct
151 3405 255 3461 Ιιίιὶἰ
290 3420 343 3465 et
370 3411 619 3483 Spiritus
642 3412 854 3470 Sancti.
887 3415 1108 3470 Cunctis
1144 3425 1327 3485 pateat
1376 3416 1647 3482 fidelibus,

87 3502 173 3550 tam
208 3505 568 3568 praesentibus
595 3520 755 3575 quam
783 3506 1003 3574 futuris,
1035 3509 1101 3562 de
1145 3509 1377 3577 quodam
1408 3509 1647 3581 homine,

86 3588 283 3647 Gilmiuo
320 3597 585 3661 nomine,
622 3599 711 3666 qui
759 3599 809 3653 iu
871 3611 1011 3653 terra
1053 3603 1225 3656 sancti
1279 3599 1425 3657 Petri
1463 3602 1648 3657 decem

66 3689 258 3771 'ctoeto
285 3672 442 3744 anuis
486 3687 661 3743 libere
704 3691 923 3745 mansit.
957 3692 1126 3760 Quem
1176 3703 1331 3763 pater
1359 3710 1530 3761 meus,
1570 3696 1650 3750 vi-

88 3788 338 3857 cecomes,
397 3779 684 3855 'l‘eduinus
720 3784 939 3839 nomine.
966 3824 981 3848 ,
1025 3786 1078 3839 vi
1124 3794 1177 3842 et
1226 3772 1647 3857 potestate‘sibi

83 3862 181 3933 jure
225 3856 508 3927 servitutis
562 3874 862 3944 usurpavit.
900 3875 1012 3930 Hoc
1058 3856 1292 3947 namque
1344 3878 1562 3945 accidit,
1590 3858 1649 3935 ut

86 3969 322 4017 summum
361 3962 452 4034 jus
516 3979 725 4019 summa
772 3964 844 4020 sit
888 3964 1179 4036 injttsticia.
1221 3966 1418 4023 Tenuit
1468 3964 1649 4040 itaque

88 4061 215 4116 pater
253 4069 401 4111 meus
430 4057 670 4112 eundem
718 4056 1015 4123 hominem,
1046 4068 1100 4112 et
1127 4075 1245 4131 ego,
1283 4070 1404 4129 post
1446 4062 1645 4132 ipsum,

88 4156 164 4210 per
204 4146 468 4216 plusculos
504 4165 696 4205 annos.
741 4146 958 4219 Verum,
987 4151 1111 4222 quia
1152 4168 1215 4207 ex
1254 4168 1356 4206 una
1404 4167 1462 4208 re
1506 4154 1649 4211 male

91 4246 299 4298 possessa
343 4239 584 4309 plurima
639 4241 903 4295 sustantia
958 4256 1184 4312 persepe
1230 4243 1545 4312 corripitur,
1581 4245 1647 4298 ti-

91 4338 213 4383 more
224 4333 560 4388 cruciatuum
574 4341 904 4388 aeternorum
922 4336 1137 4398 ductus,
1156 4335 1359 4404 pariter
1380 4344 1433 4390 et
1460 4352 1648 4394 amore

92 4412 164 4470 Dei
200 4424 581 4494 omnipotentis
605 4465 619 4489 ,
653 4424 882 4480 dicentis
911 4444 923 4479 :
951 4424 1101 4480 Solve
1145 4426 1430 4495 fasciculos
1471 4430 1647 4497 deprl-

92 4522 255 4568 menm
277 4526 323 4569 et
345 4534 500 4572 autne
533 4522 701 4571 lienus
728 4516 1030 4588 disrumpe;
1070 4534 1168 4590 ego
1186 4561 1199 4585 ,
1226 4519 1472 4590 inquam,
1497 4518 1646 4575 Wal-
1678 4512 1726 4573 Ι)

95 4600 250 4668 terius,
276 4608 608 4673 pramomiue
636 4606 885 4679 Pagauus
914 4607 1234 4675 viceeomes,
1268 4620 1323 4664 et
1362 4626 1499 4665 uxor
1526 4628 1644 4666 mea

96 4688 354 4767 llaisindis,
392 4717 687 4773 perquam
716 4701 1011 4773 supradicti
1044 4702 1281 4759 hominis
1328 4705 1644 4761 servitutem

97 4792 421 4858 possederam,
444 4808 609 4849 versa
640 4794 781 4859 vice,
810 4793 1127 4859 Gibuiuum,
1155 4794 1487 4868 fratremque
1530 4795 1647 4865 ejus

97 4870 424 4952 Walandum,
471 4893 531 4940 et
570 4900 771 4941 uxores
821 4900 1009 4939 eorum
1062 4900 1388 4958 omnemque
1439 4888 1644 4958 prolem

100 4977 232 5039 a“lue
261 4991 471 5037 omnem
509 4996 702 5039 eorum
735 4968 1078 5056 sentientiam
1105 5024 1122 5050 ,
1162 4996 1191 5035 a
1224 4982 1356 5051 jugo
1407 4982 1644 5037 servitu-

103 5059 157 5113 tis
191 5065 413 5140 absolvo,
441 5082 498 5129 et
521 5075 713 5131 vineas
749 5092 888 5147 quas
934 5078 1075 5135 idem
1124 5076 1391 5133 Gibninus
1419 5075 1646 5131 Arnulfo

102 5149 155 5204 de
187 5153 415 5220 Medanta
462 5175 647 5221 castro
686 5169 1005 5224 vendiderat
1046 5168 1280 5224 dimitto.
1330 5166 1413 5234 Et,
1441 5176 1503 5221 ut
1542 5167 1645 5223 hcc

105 5238 216 5300 facta
238 5249 447 5311 libertas
473 5256 629 5313 ﬁrma
656 5258 707 5313 in
752 5268 1016 5317 tetcrnum
1050 5269 1386 5331 permaneat,
1412 5259 1646 5330 propriis

104 5341 394 5429 liminibus,
417 5365 539 5404 eum
584 5349 755 5420 signis
784 5366 1040 5429 manunm
1086 5336 1420 5429 nostrarum,
1451 5342 1644 5406 corro-

106 5421 372 5495 boravimus
391 5440 529 5498 hanc
552 5426 789 5506 eartam,
815 5452 869 5497 et
898 5442 1019 5497 aliis
1047 5421 1505 5499 corroborandam
1535 5449 1647 5497 tra-

110 5516 336 5596 didimus;
358 5543 446 5602 ut,
491 5537 540 5593 si
574 5538 712 5595 forte
740 5540 937 5613 aliquis
974 5542 1115 5597 male
1140 5553 1307 5597 sanus
1347 5535 1644 5607 aliquando

114 5655 295 5781 ωςθιξ)
325 5665 448 5734 Qua
488 5670 559 5727 de
588 5671 814 5744 Hugone
861 5674 989 5731 inde
1032 5682 1338 5746 sequuntur
1384 5670 1582 5728 absunt
1610 5686 1641 5725 a

170 5796 295 5872 (ἳθυ)
320 5806 457 5871 lianc
486 5816 734 5873 chartam
778 5814 1063 5875 retulimus
1108 5816 1176 5873 ad
1214 5810 1426 5887 tempus
1465 5802 1642 5869 Theo-
1716 5822 1731 5841 ι

1730 556 2029 614 ἰ-ῖῑειιεύοἰ
2076 560 2610 629 excommunicatus,
2644 561 2837 620 libram
2865 565 2981 620 auri
3005 564 3172 636 judici
3202 580 3330 637 per-

1744 650 1939 719 solvat,
1979 660 2035 707 et
2067 659 2294 709 conatus
2323 652 2729 724 ejus‘ineilicax
2754 654 3101 728 permaneat.
3135 652 3329 715 Teste;

1746 743 1906 814 lmjus
1937 745 2011 800 rei
2043 745 2235 825 suntii
2277 743 2617 823 :_Radullus,
2644 745 2788 804 illius
2827 748 3087 805 Gualonis
3116 742 3327 820 presbi-

1748 836 1885 902 teri;
1934 835 2262 892 Gualdricus
2284 835 2353 892 de
2377 836 2738 909 Rangisport;
2764 839 3164 911 Sigismundus,
3188 834 3333 897 illius

1745 924 1966 981 Ernaldi
1997 926 2066 981 de
2112 925 2366 998 Brugilo;
2399 926 2720 987 Guillelm‘us
2753 931 3089 988 eitharedus.
3137 928 3331 988 'l‘estes

1746 1017 1987 1085 Gibnini,
2014 1018 2133 1075 vice
2177 1018 2352 1075 sancti
2399 1017 2575 1088 Petri,
2613 1021 2702 1077 cui
2732 1034 2792 1078 se
2819 1033 3017 1093 sponte
3045 1018 3331 1079 subdidit:

1748 1107 2001 1179 Ulgerius
2027 1107 2219 1179 major,
2248 1107 2584 1167 Gausbertus
2626 1111 2822 1183 major,
2864 1108 3335 1169 RaiualalusCos-

1748 1199 1978 1266 sardus,
2026 1196 2337 1268 Jobannes,
2374 1201 2672 1269 Radull’us,
2729 1203 3037 1260 Amalricus
3081 1202 3331 1271 Burnus,

1747 1288 2009 1358 Alcinous,
2038 1290 2316 1349 Emullus.
2358 1290 2524 1367 Facta
2564 1304 2650 1350 est
2677 1294 2793 1350 haec
2837 1295 3062 1353 libertas
3098 1296 3335 1352 secundo

1750 1398 1893 1439 anno
1929 1383 2079 1455 regni
2109 1382 2523 1457 regisPhilippi
2547 1386 2725 1442 adhuc
2757 1386 2986 1458 pueruli.
3023 1405 3043 1442 ι
3160 1388 3165 1393 ’

1821 1474 1976 1532 Nunc
2008 1486 2286 1535 vertamus
2321 1475 2591 1533 calamum
2620 1480 2689 1532 ad
2717 1487 2898 1535 curtas
2938 1493 3062 1551 quae
3107 1476 3334 1540 rest-'nt,

1751 1567 1880 1640 quia
1921 1566 2167 1639 Gesiaei,
2203 1583 2342 1641 quas
2366 1569 2422 1625 in
2458 1584 2620 1625 manu
2657 1566 2977 1639 habuimus,
3015 1568 3338 1643 perscripsi

1752 1673 1894 1716 mus.
2762 1688 2771 1697 ’

2239 1748 2641 1809 CAPITULUM
2696 1741 2876 1809 LXlll;

1753 1859 1834 1916 De
1875 1860 2035 1918 uineis
2075 1871 2124 1918 et
2155 1861 2311 1918 domo
2337 1860 2830 1990 datﬂabf'irmaro,
2859 1864 3116 1919 canonico
3154 1838 3341 1931 Samii

2502 1950 2530 1989 ο
2570 1951 2666 1990 tm.
2878 1954 2885 1961 ’
3238 1958 3243 1965 ί

2502 1950 2666 1990 οοιιυ.
2878 1954 2885 1961 ”
3238 1958 3243 1965 ‘

2289 2025 2455 2098 (Ante
2508 2043 2563 2084 a.
2622 2027 2807 2101 l049.)

1831 2135 1852 2169 ι
1883 2116 2036 2191 (200)
2064 2117 2123 2174 in
2148 2116 2355 2177 Christi
2386 2119 2626 2176 nomine.
2650 2118 2764 2191 Ego
2792 2118 3062 2176 Firtn'atns
3092 2116 3346 2178 sacerdos

1753 2206 1942 2266 Sancti
1980 2210 2208 2266 Leohiui
2268 2209 2537 2267 Dunensis
2584 2211 2773 2278 castri,
2809 2223 2998 2268 notum
3048 2210 3347 2268 volo'esse

1736 2306 1864 2356 'lam
1892 2298 2239 2375 presentibus
2263 2314 2427 2371 quam
2454 2298 2653 2356 futuris
2676 2341 2692 2367 ,
2739 2300 3001 2373 qualiter,
3042 2302 3131 2357 ob‘
3170 2306 3345 2357 retud-

1752 2390 1901 2447 dium
1928 2391 2125 2446 anima:
2168 2404 2303 2449 mem
2332 2402 2399 2448 et.
2418 2391 2603 2449 fratris
2650 2392 2756 2448 mei
2782 2393 3008 2460 Elberti,
3040 2392 3120 2450 do'
3141 2390 3344 2451 Sancto

1750 2478 1913 2540 Petro
1934 2480 2252 2539 Carnotensi
2282 2484 2501 2540 domum
2533 2494 2708 2542 meam
2735 2484 2895 2541 sitam
2924 2484 2981 2540 in
3015 2492 3199 2542 castro
3234 2476 3343 2539 ναι

1738 2580 1940 2641 'neuse,
1975 2590 2083 2631 non
2124 2575 2282 2647 longe
2318 2590 2349 2631 a
2403 2578 2737 2633 monasterio
2766 2585 2966 2633 sanctze
2992 2576 3088 2633 Dei
3118 2576 3346 2648 geeitri-

1750 2666 1832 2721 cis
1858 2663 2068 2743 Maria};
2099 2667 2194 2722 tali
2220 2669 2265 2724 si
2291 2668 2510 2740 quidem
2535 2670 2745 2726 ratione
2766 2669 3102 2740 ut,quand'u
3129 2668 3342 2734 vixero,

1753 2771 1849 2829 per
1894 2757 2223 2815 voluntatem
2270 2767 2325 2814 et
2349 2757 2660 2829 jussionem
2711 2759 3105 2814 monachorum
3155 2748 3343 2814 Sancti

1752 2848 1931 2916 Petri,
1961 2864 2081 2905 eam
2111 2851 2420 2929 custodiant
2473 2844 2575 2922 ipsi
2596 2867 2705 2920 me,
2732 2852 2857 2923 jure
2883 2850 3254 2916 dominorum,
3287 2850 3345 2906 in

1749 2952 2017 3014 perpetuo
2057 2943 2395 3015 possideant.
2429 2942 2487 3000 Si
2526 2944 2649 3015 quis
2678 2957 2880 3007 autem,
2915 2947 3270 3015 prremonitus
3312 2963 3343 2999 a

1752 3034 1987 3102 diabolo,
2017 3035 2380 3105 calumpniam
2430 3036 2513 3092 vel
2558 3037 2665 3091 vim
2708 3036 2912 3091 Sancto
2946 3036 3110 3092 Petro
3141 3035 3346 3092 inferre

1676 3163 1721 3226 ο
1754 3129 2100 3200 temptaverit
2147 3129 2313 3201 (quod
2361 3132 2582 3185 minime
2610 3131 2864 3203 estimo),
2900 3131 3199 3205 pontificali
3242 3146 3343 3185 au-

1752 3225 2008 3276 ctoritate
2052 3236 2111 3275 se
2154 3220 2555 3294 dampnandum
2610 3224 2664 3276 in
2701 3230 3019 3293 perpetuum
3048 3221 3205 3291 scia',
3240 3221 3343 3278 nisi

1727 3306 1969 3387 idiguam
2025 3315 2216 3372 fecerit
2256 3316 2656 3389 paenitentiam.
2690 3314 2802 3370 Hoc
2841 3330 2991 3385 ergo,
3022 3323 3085 3370 ut
3116 3310 3338 3367 lirmuth

1750 3418 2089 3479 permaneat,
2129 3422 2249 3462 meo
2300 3408 2543 3478 pastori,
2577 3405 2779 3463 domno
2812 3405 3113 3462 Teoderico
3156 3406 3341 3479 ponti-

1724 3499 1862 3565 °liei,
1902 3499 2056 3569 cujus
2091 3510 2329 3569 tempore
2356 3499 2459 3554 huc
2490 3499 2595 3571 egi,
2646 3500 3110 3553 corroborantium
3145 3496 3340 3552 obtuli.

1728 3592 1831 3646 ‘Du
1862 3586 2029 3647 etiam
2057 3593 2370 3647 beatissimo
2396 3592 2741 3662 Petrojuxta
2769 3592 3029 3647 Sanctum
3053 3592 3334 3655 Albinum,

1752 3686 1805 3741 iu
1837 3686 2113 3741 territorio
2151 3703 2314 3756 supra
2365 3687 2494 3742 dicti
2527 3688 2691 3740 castri
2712 3727 2726 3747 .
2782 3696 2888 3740 tres
2918 3687 3239 3755 quartarios
3261 3687 3344 3740 vi-

1750 3793 1904 3842 neas,
1963 3777 2168 3848 absque
2219 3778 2325 3832 ulla
2380 3778 2815 3843 consuetudine;
2873 3777 3003 3833 item
3053 3776 3340 3832 dimidium

1750 3870 2068 3938 aripennum
2099 3871 2290 3935 vincte,
2311 3868 2466 3938 juxta
2504 3869 2691 3924 vineas
2723 3868 2910 3924 fratris
2942 3869 3044 3924 mei
3086 3869 3339 3923 Ailh‘erti.

1751 3958 1926 4030 llujus
1972 3961 2050 4015 rei
2080 3970 2248 4015 testes
2275 3970 2401 4017 sunt
2432 3961 2518 4016 isti
2549 3978 2561 4014 :
2595 3958 2711 4016 0.10
2746 3956 3193 4023 archidiaconus,
3220 3959 3343 4016 Odo

1749 4050 2029 4116 decanus,
2078 4049 2402 4106 Fredericus
2462 4051 2771 4123 presbyter,
2836 4051 2986 4122 Dago
3044 4051 3339 4122 presbiter,

1749 4140 2139 4200 Godcscaudus
2187 4144 2374 4209 miles;
2417 4143 2706 4199 Ascelinus
2740 4142 2896 4199 miles
2927 4150 2982 4197 et
3033 4138 3188 4215 ilngo
3238 4130 3341 4196 mi-
3380 4139 3388 4147 ’

1749 4234 1850 4298 les,
1879 4234 2023 4290 [ilius
2052 4234 2199 4305 ejus;
2243 4233 2360 4289 Odo
2407 4233 2726 4299 Brunellus;
2776 4233 3141 4306 Engelhaldus
3180 4219 3340 4288 miles

1748 4338 1803 4383 et
1835 4327 2152 4393 llainaldus,
2178 4326 2321 4383 filius
2342 4327 2487 4398 ejus;
2520 4326 2689 4392 Dodo,
2723 4326 2910 4382 Sancti
2936 4324 3083 4383 Petri
3107 4314 3341 4382 canoni-

1750 4432 1874 4488 eus;
1915 4419 2199 4485 Elbertus,
2230 4419 2529 4476 llildierius
2554 4420 2810 4477 cleriCns.
2847 4438 2865 4471 ι
3172 4426 3181 4437 '

2223 4511 2623 4568 CAPITULUM
2658 4510 2844 4568 LXIV.

2104 4602 2301 4659 Manus
2341 4603 2496 4674 ﬁrma
2546 4607 2613 4658 de
2653 4602 2979 4660 'I‘ruuniuco.‘

2302 4697 2465 4767 (Aule
2504 4712 2556 4749 a.
2604 4696 2791 4767 1070.)

1826 4806 1845 4842 σ
1880 4787 1936 4843 ln
1960 4786 2181 4843 nomine
2215 4796 2417 4843 sanetae
2459 4796 2515 4842 et
2560 4786 2848 4841 individuse
2888 4783 3192 4842 Trinitatis.
3225 4785 3340 4858 Ego

1747 4879 2049 4937 Lantlricus
2079 4880 2269 4946 abbas,
2305 4889 2357 4935 et
2401 4892 2591 4936 omnes
2639 4878 2885 4935 monachi
2921 4878 3153 4934 eceuobii
3201 4874 3338 4934 Cafa-

1748 4976 2014 5039 notensis,
2045 4984 2230 5030 notum
2279 4988 2403 5029 esse
2444 4972 2693 5027 volumus
2728 4971 3009 5036 oniuibus,
3042 4972 3152 5025 tam
3196 4982 3338 5042 pra:-

1748 5062 1990 5121 sentibus
2021 5080 2183 5135 quam
2219 5064 2414 5120 futuris
2436 5104 2451 5130 ,
2483 5063 2736 5132 quoniam
2786 5062 2853 5117 ad
2898 5074 2998 5117 nos
3025 5062 3173 5118 venit
3217 5063 3336 5133 qni-

1720 5155 1906 5223 ‘dam,
1957 5155 2175 5211 nomine
2224 5144 2433 5219 Roszu,
2467 5152 2747 5224 postulans
2776 5151 2885 5233 sibi
2922 5152 3041 5233 dari
3086 5161 3335 5208 nostram

1748 5247 2020 5318 quandam
2053 5246 2310 5303 tcrrulam
2348 5262 2508 5317 quant
2559 5246 2677 5315 ipse
2704 5228 3050 5317 quidem'per
3090 5246 3336 5302 anteces-

1747 5353 1899 5397 sores
1915 5356 2042 5397 suos
2076 5338 2601 5395 reclamahat.'l‘erra
2636 5353 2815 5393 autem
2840 5338 3103 5394 dividitur
3125 5339 3335 5393 duabus

1748 5434 2018 5503 partibus,
2050 5446 2160 5487 una
2208 5448 2422 5505 quoque
2450 5433 2501 5488 in
2531 5432 2862 5497 Trunuiaco,
2904 5430 3076 5486 altera
3100 5427 3332 5487 Gouima

1747 5527 1850 5582 sita
1872 5537 1974 5582 est.
2003 5527 2335 5599 Deprecatus
2361 5535 2442 5584 est
2467 5529 2629 5585 etiam
2663 5536 2721 5583 ut
2748 5527 2906 5583 fratri
2933 5540 3033 5583 suo
3052 5568 3067 5595 ,
3110 5526 3332 5582 nomine

1932 5714 1947 5739 ,
1979 5672 2332 5730 Carnotensis
2360 5672 2599 5748 episcopi
2622 5716 2638 5744 ,
2670 5673 2767 5746 qui
2794 5674 2905 5731 vita
2926 5671 3145 5729 functus
3164 5677 3253 5726 est
