3842 6308
540 292 650 350 5‘23

1518 286 1724 346 PAULI
1751 286 1822 345 ~S.
1865 288 1950 346 I’E
1965 289 2069 346 I'HI
2105 289 2590 358 CARNOTENSIS
2628 289 2944 350 MDNACIII
3171 335 3178 340 .
3653 308 3728 366 at

533 407 809 471 Alchcrio,
838 405 1260 460 concedercmus
1285 411 1339 459 et
1360 403 1452 458 uni
1489 402 1674 458 heredi
1711 417 1932 470 eorum;
1975 404 2119 474 quod
2149 409 2194 463 Α
2221 412 2409 459 nostro
2427 405 2816 477 cmnobio,pro
2834 406 3078 477 praefatis
3101 409 3259 464 rebus
3281 408 3437 477 datis,
3451 413 3731 494 recin
3759 431 3765 442 ’

532 499 752 568 quidem
799 495 1061 563 fecimus,
1099 513 1166 552 eo
1219 512 1434 566 quoque
1469 503 1692 572 tenore,
1745 503 1804 549 ut
1846 497 1898 550 in
1947 495 2123 551 natale

533 589 900 659 apostolorum
931 589 1080 643 Petri
1112 598 1166 643 et
1207 587 1378 653 Pauli,
1404 603 1523 658 quae
1551 597 1633 642 est
1659 587 1713 641 in
1745 602 1932 642 mense
1959 585 2079 656 jnlii
2105 629 2122 656 ,

533 681 625 736 1ill]
658 682 915 738 denarios
959 681 1027 736 de
1077 696 1241 737 censu
1302 681 1545 735 reddant.
1589 677 1774 746 .Quem
1833 679 2123 734 terminum

534 777 579 829 si
643 773 964 844 transgressi
1016 771 1243 837 fuerint,
1280 771 1609 835 cmendent,
1649 780 1703 824 ct
1754 780 1953 824 terram
1989 786 2126 841 prte-

536 867 736 921 dictam
795 874 1034 918 teneant.
1093 862 1162 918 Ut
1215 875 1392 916 autem
1448 862 1564 916 haec
1609 861 1816 916 cartula
1873 859 2124 916 inviolata

536 966 774 1030 maneat,
807 956 1012 1012 nostris
1056 973 1176 1011 eam
1223 956 1474 1010 manibus
1521 955 1864 1030 corroborari
1912 957 2129 1012 censui-

537 1048 1022 1104 mus.S.Landrici
1055 1049 1289 1103 abbatis.
1325 1047 1564 1102 Rainerii
1593 1047 1816 1116 prioris.
1842 1047 2122 1104 Marcuini.

537 1137 814 1194 Bodberti.
850 1137 1102 1194 Arelasti.
1153 1137 1450 1210 Agenardi.
1496 1137 1770 1192 Durandi.
1811 1139 2123 1195 Ilaimundi.

535 1230 772 1284 Ernaldi.
807 1230 1032 1286 Albcrli.
1076 1228 1412 1300 Magcnardi.
1465 1227 1704 1283 Martini.
1745 1229 1918 1285 Pauli.
1952 1229 2129 1302 Bage-

535 1320 700 1376 naldi.
741 1339 760 1374 ι

1031 1411 1428 1467 CAPITIJLUII
1466 1411 1626 1467 LXV.

713 1501 788 1558 De
815 1501 1023 1558 duabus
1071 1504 1213 1558 areis
1268 1504 1545 1574 redemptis
1577 1523 1608 1559 a
1653 1503 1946 1560 Lundrico.

1089 1595 1252 1667 (Ante
1287 1611 1342 1650 a.
1386 1596 1570 1668 106l.)

667 1684 868 1740 Notum
897 1699 1018 1743 esse
1048 1687 1326 1754 volumus,
1357 1702 1460 1760 ego
1507 1689 1810 1745 Landricus
1860 1689 2031 1746 abbas
2077 1699 2134 1746 et

2226 499 2270 552 si
2299 513 2427 552 vero
2453 514 2742 554 morsuum
2777 501 2828 554 in
2854 501 3089 556 clericali
3119 503 3300 558 habitu
3323 510 3630 574 przcvcniret,
3648 529 3734 570 cor.

2226 601 2326 656 pus
2344 585 2461 654 ejus
2490 589 2542 642 iu
2565 589 2836 646 cimiterio
2864 593 3203 647 humaretur.
3234 593 3386 662 Quod
3421 595 3586 653 libenti
3606 605 3735 656 animo

2227 679 2407 734 domui
2440 677 2583 749 ejus,
2617 680 2932 738 Bernardus
2956 683 3208 739 videlicet
3237 686 3302 740 de
3343 686 3496 742 Buslo
3517 699 3566 743 et
3586 689 3735 748 Walte-

2229 773 2342 827 rius
2360 773 2428 828 de
2453 773 2633 828 Monte
2659 774 2921 843 Mirabili,
2941 789 3322 844 assensernnt,
3345 789 3396 834 et
3420 780 3484 836 de
3508 782 3603 836 suis
3626 784 3738 841 rebus

2229 863 2510 934 praefatum
2533 865 2836 933 donum,ut
2864 868 2915 923 in
2945 869 3060 924 suis
3089 869 3223 926 locis
3244 871 3647 944 dicetur.augere
3664 893 3738 930 nu-

2229 955 2472 1023 luerunt;
2491 967 2544 1012 et
2558 973 2722 1028 super
2735 960 2906 1016 altare
2926 962 3293 1031 apostolorum
3313 961 3456 1019 Petri
3477 975 3528 1020 et
3542 964 3662 1021 Pauli
3677 983 3740 1038 pu-

2228 1047 2400 1114 blice,
2428 1049 2480 1103 in
2522 1052 2812 1119 pra'sentia
2843 1053 3025 1107 omnis
3052 1056 3486 1127 congregationis
3511 1067 3647 1129 atque
3665 1060 3741 1130 plu-

2229 1140 2490 1194 rimorum
2537 1140 2844 1209 hominum,
2875 1144 3000 1208 poni
3036 1146 3452 1213 mandaverunt,
3478 1157 3527 1202 et
3563 1150 3740 1218 apicibus

2229 1230 2482 1286 omnibus
2519 1233 2754 1301 potsteris
2805 1233 3074 1292 notilicari
3108 1237 3422 1306 jusserunt;
3458 1252 3622 1296 omnes
3651 1256 3739 1297 cou-

2232 1321 2402 1376 traire
2450 1332 2716 1378 conantes
2761 1324 2907 1380 nodo
2947 1327 3524 1384 excommunicationis
3549 1330 3740 1386 constrin-

2229 1423 2420 1485 gentes
2451 1424 2508 1470 ct
2541 1431 2729 1470 eorum
2773 1418 3008 1486 animas,
3038 1419 3140 1474 nisi
3167 1419 3494 1491 resipueriut
3521 1431 3570 1478 et
3604 1423 3656 1477 ad
3685 1439 3740 1479 tu.

2224 1504 2563 1578 itisl‘actionis
2626 1508 2928 1562 remedium
2987 1509 3371 1581 confugerint,
3437 1511 3488 1566 in
3544 1511 3739 1566 infernum

2235 1595 2600 1666 itnprecantes
2645 1598 2774 1667 labi,
2807 1614 2930 1654 cum
2969 1599 3187 1656 diabolo
3221 1602 3435 1657 veniam
3478 1612 3526 1658 et
3569 1604 3738 1674 requiem

2237 1686 2537 1743 hab‘turas.
2572 1689 2708 1744 Huic
2745 1691 2823 1744 rei
2876 1705 3160 1748 assensum
3221 1691 3453 1764 praebuit
3502 1692 3742 1749 Gauslridus

533 1793 724 1836 omnes
754 1779 1005 1834 monachi
1048 1779 1222 1834 sancti
1253 1758 1416 1834 Petri
1451 1783 1686 1837 cmnolii
1734 1782 2084 1839 Carnotensis
2111 1827 2126 1851 ,
2165 1758 2206 1818 Β
2235 1777 2301 1832 de
2331 1777 2575 1842 Mcdcnn.
2608 1781 2697 1850 qui
2731 1796 2796 1836 eo
2825 1792 3074 1853 tempore
3121 1783 3389 1839 honorem
3421 1783 3603 1854 Alogiaa
3625 1799 3673 1839 ex
3693 1785 3742 1838 in-

538 1880 648 1925 tam
674 1871 1037 1941 prmsenlibus
1069 1886 1231 1941 quam
1277 1869 1496 1939 futuris,
1533 1875 1816 1944 quoniam,
1861 1875 1924 1929 Ill
1959 1891 2130 1932 nonas

540 1963 874 2026 novembris,
903 1962 1224 2030 Walterins,
1259 1966 1581 2036 cognomine
1612 1967 1829 2037 Fugans
1875 1967 2082 2038 Lupum
2112 2009 2128 2035 ,

538 2068 662 2109 cum
694 2068 862 2108 uxore
900 2070 998 2109 sua
1055 2054 1301 2127 Unberga
1350 2065 1514 2126 atque
1567 2057 1848 2128 privignis,
1885 2057 2128 2125 Simone,

523 2144 820 2206 Milesinde
848 2155 902 2201 et
925 2146 1124 2218 Oydela
1142 2189 1156 2212 ,
1196 2159 1466 2204 annuente
1494 2150 1690 2204 domno
1720 2166 1818 2206 suo
1846 2150 2088 2207 Guarino
2110 2192 2126 2217 ,

537 2251 662 2291 cum
711 2252 880 2290 uxore
928 2253 1027 2292 sua
1079 2237 1358 2307 Adelaide,
1411 2240 1546 2295 duas
1571 2255 1728 2296 areas
1779 2251 1971 2308 terrm,
2005 2257 2129 2298 cum

520 2327 746 2388 duobus
769 2329 994 2396 incolis,
1025 2341 1216 2386 sancto
1250 2331 1413 2389 l’etro
1457 2345 1716 2405 perpetuo
1750 2336 2022 2392 habendas
2049 2335 2132 2392 di-

519 2420 715 2486 ,misit;
741 2421 970 2490 proinde
995 2438 1025 2476 a
1054 2422 1210 2478 nobis
1243 2439 1410 2478 unmn
1437 2440 1635 2494 equum
1666 2427 1942 2496 accipiens
1962 2468 1975 2490 ,
2019 2436 2130 2484 tres

519 2510 702 2574 libras
734 2511 1026 2582 valentem,
1073 2523 1128 2569 et
1161 2515 1470 2570 orationum
1502 2517 1787 2572 beneficia.
1819 2519 1989 2574 Terra
2022 2535 2127 2574 au-

537 2611 646 2658 tem
689 2606 798 2676 ipsa
852 2617 938 2662 est
977 2623 1141 2678 super
1189 2607 1432 2664 clausmu
1481 2620 1750 2678 nostrum,
1779 2611 1830 2666 in
1877 2613 1995 2668 vico
2035 2612 2128 2682 qui

537 2696 760 2765 respicit
802 2697 870 2752 ad
897 2707 1109 2768 portam
1135 2713 1256 2768 qua:
1284 2710 1364 2755 est
1398 2699 1555 2768 juxta
1597 2701 1783 2756 Sancti
1829 2702 2128 2769 Michaelis,

536 2787 666 2843 olim
691 2791 906 2858 quidem
936 2791 1005 2846 ab
1031 2793 1227 2846 abbate
1254 2791 1482 2848 Arnulfo
1513 2794 1577 2848 a-l
1627 2803 1841 2865 tempus
1868 2809 2128 2851 concessa

537 2881 778 2937 Teudoni
804 2923 820 2948 ,
877 2885 1212 2940 antecessori
1242 2884 1452 2940 Warini
1497 2886 1564 2942 de
1603 2886 1796 2946 Turre.
1832 2887 2002 2956 Hujus
2052 2889 2129 2945 rei

539 2982 710 3030 testes
739 2986 868 3031 sunt
900 2994 915 3031 :
948 2976 1219 3034 Ansoldus
1249 2978 1316 3033 dc
1339 2977 1599 3050 Illungcrii
1636 2981 1802 3046 Villa,
1829 2981 2128 3038 Walterius

538 3067 609 3122 de
659 3067 914 3166 MAuuheri
946 3069 1114 3136 Villa;
1142 3069 1486 3137 Gausftidus,
1517 3073 1658 3130 filius
1703 3074 1856 3144 ejus;
1894 3075 2126 3132 Landri-
2157 3105 2202 3166 ο

518 3173 660 3222 αις,
693 3159 836 3216 filius
872 3160 1162 3232 Hungerii;
1193 3162 1503 3233 Stephanus
1548 3175 1604 3220 et
1646 3166 1962 3234 Adventins,
1991 3168 2132 3224 illius

537 3248 689 3319 ejus;
728 3249 882 3320 Hngo
929 3252 1218 3320 presbiter,
1247 3251 1414 3308 Fulco
1448 3254 1700 3312 Eunucus
1724 3296 1740 3322 ,
1790 3258 2130 3324 Oidelerius;

538 3337 814 3410 Girogius,
835 3339 998 3406 liliu's
1023 3340 1366 3408 Gauscelini;
1393 3343 1772 3413 Ermenoldus,
1801 3349 2130 3420 Stephanus,

539 3428 838 3497 Tedninus,
871 3429 1129 3487 Warinus
1167 3432 1360 3504 pistor.
1400 3434 1594 3490 Actum
1632 3447 1716 3492 est
1759 3438 2011 3495 Carnutis
2033 3456 2133 3512 pu-

540 3521 703 3588 blice,
755 3525 807 3579 in
862 3524 1092 3580 ecclesia
1142 3526 1318 3582 sancti
1357 3526 1524 3594 Petri,
1581 3541 1846 3603 regnante
1893 3532 2129 3591 Henrico

547 3629 693 3686 rege.
727 3613 934 3672 Paulus
960 3617 1264 3672 monachus
1291 3618 1531 3687 scripsit.
1571 3637 1590 3670 ι

1016 3709 1419 3766 CAI'ITIILUM
1478 3711 1660 3768 LXVI.

897 3800 973 3855 De
1015 3816 1197 3856 saneto
1241 3798 1504 3857 Germano
1557 3805 1776 3878 Aluqice.

1092 3895 1252 3964 (Ante
1297 3912 1348 3948 a.
1388 3896 1574 3966 1070.)

618 3993 635 4026 ι
683 3976 738 4030 In
775 3976 977 4033 Christi
1012 3980 1256 4035 nomine.
1303 3980 1414 4052 ligo
1445 3980 1776 4049 Landricus,
1805 3985 1980 4052 gratia
2014 3984 2130 4056 Dei,

539 4067 709 4122 abbas
735 4069 968 4123 coenobii
999 4068 1376 4138 Carnoteusis,
1418 4081 1474 4127 et
1521 4075 1698 4128 omnis
1741 4077 2130 4132 monachorum

519 4161 901 4231 congregatio
949 4160 1112 4216 michi
1165 4163 1462 4231 conmissa,
1495 4176 1682 4220 notum
1721 4182 1841 4223 esse
1887 4168 2132 4227 volumus

541 4253 756 4306 cunctis
777 4252 1185 4308 successoribus
1210 4255 1434 4323 no‘stris,
1466 4265 1574 4311 tam
1600 4258 1946 4328 presentibus
1969 4274 2132 4330 quam

545 4344 924 4416 futuris,qnod
953 4349 1173 4418 quidam
1201 4349 1470 4420 presbiter
1490 4350 1751 4406 accclesiae
1787 4353 1958 4409 sancti
1990 4352 2128 4410 Ger-

2235 1878 2384 1939 tegro
2413 1869 2651 1924 tenebat.
2688 1869 3054 1926 Assenserunt
3079 1872 3245 1928 etiam
3296 1870 3554 1936 Mahildis,
3577 1871 3744 1942 coniunx

2231 1959 2377 2029 ejus,
2401 1970 2453 2015 et
2487 1959 2827 2028 Willelmus,
2854 1963 3136 2035 privignus
3160 1963 3461 2029 Gausfrit'i,
3486 1973 3626 2034 atque
3641 1961 3741 2016 \Val-

2235 2054 2428 2118 terius,
2456 2055 2602 2110 filius
2641 2057 2780 2128 ejus.
2808 2057 2960 2114 Alios
3001 2067 3172 2116 testes
3197 2061 3604 2126 subscriberem,
3637 2061 3743 2115 sisu-

2231 2146 2492 2220 petﬂttum
2527 2165 2632 2204 non
2671 2150 2967 2206 videretur.
3010 2171 3028 2205 ι
3275 2167 3278 2170 '

2706 2239 3100 2296 CAPITULUM
3141 2241 3353 2300 LXVII.

2529 2330 2607 2388 De
2632 2344 2772 2387 terra
2796 2337 2924 2387 data
2947 2353 2978 2389 a
3006 2334 3244 2392 Mli/tilde
3268 2347 3525 2391 matrona.

2791 2424 2967 2494 (Ante
2996 2441 3048 2480 a.
3080 2426 3274 2496 1070.)

2308 2531 2328 2566 ι
2376 2511 2646 2584 Quicquid
2691 2514 2815 2569 boni
2854 2515 3063 2585 agitur,
3111 2515 3164 2570 in
3205 2516 3379 2586 ipsms
3411 2516 3606 2571 nomine
3626 2515 3747 2585 agitur

2237 2621 2266 2661 a
2305 2621 2414 2678 quo
2443 2606 2606 2661 homo
2631 2617 2690 2661 ut
2719 2607 2920 2662 bonum
2956 2607 3088 2662 vclit
3130 2609 3430 2678 inspiratur
3467 2620 3516 2664 et
3550 2610 3604 2662 ad
3632 2624 3742 2678 agen-

2232 2697 2359 2751 dum
2388 2697 2646 2768 erigitur,
2678 2706 2731 2752 et
2765 2713 2936 2768 usque
2981 2698 3032 2752 in
3078 2697 3238 2752 finem
3275 2700 3671 2768 perscreratione
3693 2696 3744 2750 la-

2232 2795 2352 2843 ctus
2370 2789 2642 2858 perfectus
2661 2789 2713 2843 in
2731 2799 2994 2844 aeternum
3017 2801 3418 2846 remuneratur.
3445 2790 3622 2848 Dotnna
3639 2788 3746 2860 igitur

2231 2879 2514 2946 Mahildis,
2548 2896 2647 2952 pro
2680 2881 3055 2952 redemptione
3090 2883 3289 2938 anima:
3339 2899 3450 2939 suae
3497 2893 3632 2954 atque
3670 2881 3746 2934 ani-

2233 2986 2444 3027 marum
2482 2971 2757 3028 seniorum
2791 2986 3049 3039 suorum,
3092 2971 3354 3028 Willelmi
3390 2973 3613 3028 videlicet
3638 2981 3745 3038 atque

2233 3062 2542 3130 Gausfridi,
2591 3078 2656 3119 ac
2687 3073 2970 3134 parentum
3018 3064 3366 3134 ﬁliorumque
3402 3061 3746 3127 suorum,dedit

2235 3163 2424 3212 Sancto
2452 3155 2725 3212 Germano
2749 3163 2980 3220 terram,
3013 3171 3162 3227 quae,
3189 3155 3349 3227 juxta
3386 3155 3605 3226 ejusdem
3627 3155 3745 3208 ccclc-
3808 3181 3809 3184 η

2234 3247 2329 3302 size
2364 3247 2691 3302 cimiterium
2745 3247 2879 3311 sita',
2931 3248 3193 3303 dividitur
3222 3248 3340 3316 via,
3378 3261 3480 3319 qua
3511 3241 3747 3318 pergunlab
3808 3285 3809 3302 η

2232 3339 2422 3394 eadem
2450 3337 2672 3394 basilica
2710 3337 2776 3392 ad
2808 3338 3228 3400 Colummerios,
3263 3349 3316 3394 et
3348 3339 3416 3394 ab
3454 3339 3616 3393 eadem
3649 3345 3745 3388 tem

2237 3431 2592 3498 terminatur;
2639 3439 2694 3486 et
2724 3432 2849 3486 hinc
2878 3433 2944 3487 de
2974 3431 3151 3486 Monte
3192 3431 3392 3488 Canori
3429 3441 3480 3485 ct
3503 3432 3562 3485 ab
3584 3425 3746 3497 Algunui

2237 3522 2404 3589 Villa,
2449 3532 2651 3593 atque,
2690 3538 2757 3577 ex
2805 3522 2978 3578 altera
3033 3533 3221 3592 parte,
3277 3524 3348 3578 de
3395 3523 3597 3579 Ulsiacu
3635 3517 3746 3574 etde

2237 3620 2381 3667 terra
2431 3611 2624 3668 Insula:
2668 3622 2724 3667 et
2755 3613 2822 3667 de
2863 3621 3006 3669 terra
3056 3615 3123 3670 de
3154 3615 3439 3670 Baldnino.
3468 3614 3631 3668 Totam
3653 3610 3747 3663 lnnc

2236 3713 2436 3760 terram
2461 3719 2585 3760 cum
2613 3714 2800 3776 prato,
2831 3706 2973 3761 sicut
3009 3707 3060 3760 in
3101 3706 3437 3762 dominicatu
3479 3706 3744 3761 obtinuerat,

2233 3796 2433 3852 donum
2459 3812 2621 3866 super
2647 3798 2820 3852 altare
2846 3799 3020 3852 sancti
3044 3799 3303 3854 Germani
3336 3799 3529 3869 posuit.
3551 3787 3744 3862 Cujus“:i

2235 3898 2403 3946 testes
2449 3890 2736 3946 existunt:
2791 3889 3076 3962 Algrinus;
3115 3891 3428 3946 Adelelmus
3469 3905 3527 3944 ac
3571 3883 3742 3942 Natalis.

2233 3981 2579 4049 sacerdotes;
2613 3981 2826 4038 Gniddo
2853 3982 3112 4049 Guarini,
3166 3980 3474 4038 Radbertus
3522 3973 3743 4034 Lamberti.

2237 4079 2350 4136 Iloc
2377 4080 2550 4151 ipsum
2579 4079 2813 4146 donum,
2847 4079 3004 4135 sicuti
3035 4089 3209 4134 mater
3231 4077 3464 4144 fecerat,
3488 4079 3553 4131 ita
3585 4075 3746 4130 domnus

2235 4171 2546 4228 Willelmus
2589 4172 2728 4227 filius
2763 4170 2881 4240 ejus
2925 4171 3154 4227 libenter
3205 4172 3494 4228 concessit.
3533 4166 3669 4234 llujus
3697 4160 3745 4214 rei

2234 4273 2364 4319 sunt
2392 4273 2559 4319 testes
2593 4278 2608 4318 :
2646 4263 2972 4329 Walterius,
3025 4262 3268 4334 Hugonis
3321 4263 3514 4325 frater;
3561 4254 3746 4313 Eiranlus

2233 4355 2303 4410 de
2333 4356 2498 4410 Busto
2530 4354 2704 4419 Loco,
2736 4352 3035 4409 Walterius
3064 4353 3131 4408 de
3160 4352 3407 4408 Monheri
3434 4352 3580 4413 Villa,
3610 4346 3746 4401 Hamc-

545 4439 1139 4512 maniAlogiae,Natalis
1157 4445 1394 4510 nomine,
1413 4453 1575 4500 tantae
1597 4444 1902 4501 dilectionis
1917 4455 1973 4502 et
1989 4461 2130 4504 amo-
2158 4455 2207 4517 ι)
2235 4446 2376 4502 linus
2399 4446 2692 4501 Livarecus
2714 4486 2728 4510 ,
2759 4445 3001 4501 Briccius
3031 4446 3096 4500 de
3123 4445 3361 4500 Castello
3395 4443 3535 4505 Leti,
3565 4432 3744 4494 Causin-

546 4539 622 4594 ris
647 4551 771 4609 erga
792 4551 955 4596 noset
976 4540 1152 4598 locum
1177 4555 1419 4598 nostrum
1447 4543 1650 4610 extitit,
1665 4551 1923 4610 ut,sanus
1945 4553 2127 4603 mente

539 4640 595 4690 et
621 4647 874 4704 corpore,
905 4634 1168 4705 quesierit
1201 4649 1231 4689 a
1275 4635 1488 4691 domuis
1511 4635 1651 4705 suis,
1678 4637 1745 4692 de
1767 4637 1966 4708 quibus
1991 4653 2128 4709 prte-

537 4725 736 4781 dictam
767 4727 1052 4783 ecclesiam
1098 4737 1155 4784 et
1184 4728 1318 4782 alias
1349 4744 1437 4784 res
1471 4728 1526 4784 in
1576 4729 1838 4786 beneﬁcio
1867 4732 2124 4798 tenebat,

538 4825 598 4872 ut
622 4817 804 4872 omnia
844 4833 966 4888 quae
997 4819 1065 4875 ab
1093 4819 1174 4874 eis
1211 4819 1496 4874 videbatur
1542 4819 1843 4892 possidere,
1889 4837 1988 4892 pro
2031 4822 2126 4878 Dei

537 4923 722 4964 amore
751 4923 816 4965 ac
847 4909 1223 4980 redemptione
1251 4912 1556 4965 animarum
1608 4926 1862 4976 suarum,
1901 4910 2128 4967 faculta-

513 5006 647 5062 ,tem
671 4999 719 5056 ei
753 5001 1054 5057 tribuerent
1081 5001 1490 5058 transfundendi
1523 5003 1574 5058 in
1606 5015 1926 5073 poteStatcm
1955 5006 2126 5062 sancti

537 5087 683 5146 Petri
711 5102 766 5148 et
795 5096 1187 5152 monachorum
1217 5095 1366 5166 ejus;
1403 5097 1660 5167 quatinus
1679 5096 1804 5167 jure
1840 5109 2126 5170 perpetuo,

509 5235 512 5240 .
537 5181 659 5238 sine
697 5185 802 5239 ulla
829 5186 1124 5256 calumnia,
1149 5190 1464 5260 possideant
1489 5199 1544 5245 et
1579 5190 1816 5247 habeant
1844 5191 2124 5262 praefatam

511 5274 747 5338 scilicet
789 5278 1125 5350 ecclesiam,
1168 5291 1483 5353 terramque
1512 5284 1579 5338 ad
1631 5283 1803 5340 altare
1848 5285 2128 5356 pertinen-

514 5373 674 5431 tem,
697 5365 1032 5425 offerendam
1058 5381 1113 5426 et
1135 5372 1504 5443 sepulturam,
1545 5373 1952 5444 decimulasquc
1994 5389 2128 5446 quas

542 5460 790 5526 tenebat,
832 5459 1125 5518 molendini
1176 5465 1335 5519 unius
1385 5465 1767 5530 medietatem,
1815 5475 2127 5537 terramque

542 5552 708 5604 aratri
749 5552 940 5617 unius;
971 5563 1026 5608 et
1051 5554 1104 5608 in
1130 5553 1254 5609 Alto
1279 5554 1530 5612 Pedaneo
1561 5557 1696 5614 duos
1729 5559 2023 5630 aripennos
2049 5559 2129 5614 vi-

515 5652 679 5701 .neae,
713 5652 778 5693 co
821 5637 1044 5708 quidem
1076 5647 1288 5705 tenore,
1316 5651 1396 5707 ut,
1436 5644 1482 5698 si
1533 5642 1824 5713 aliquando
1876 5644 2129 5700 voluntas

541 5729 593 5785 ei
647 5741 961 5805 suggereret
1007 5731 1194 5790 venire
1248 5732 1316 5789 ad
1370 5736 1729 5794 tuonachilem
1785 5737 2030 5795 habitum
2070 5736 2128 5794 in

2229 4541 2364 4607 dus,
2407 4539 2560 4608 Hugo
2607 4539 2674 4594 de
2715 4537 3076 4603 Barzilleriis,
3139 4535 3461 4606 Bajenaldus
3505 4525 3742 4589 Gausfridi.

2228 4631 2541 4689 Bernardus
2566 4631 2635 4686 de
2666 4630 2800 4686 Villa
2832 4631 3054 4686 Ahouis.
3104 4650 3122 4682 ι

2692 4719 3090 4776 CAPITULUII
3132 4719 3366 4776 LXVIII.

2569 4811 2646 4869 De
2670 4815 2751 4869 via
2773 4813 2899 4867 data
2929 4814 2992 4867 ab
3020 4815 3198 4868 eadem
3225 4813 3477 4869 Maliifde.

2790 4903 2963 4975 (Ante
2993 4918 3046 4959 a.
3081 4901 3269 4974 1070.)

2309 5014 2328 5049 ι
2373 4996 2430 5052 1η
2472 4995 2692 5052 nomine
2711 4995 2891 5050 Patris
2909 5005 2962 5050 et
2985 4995 3106 5050 Filii
3131 5005 3186 5050 et
3215 4994 3449 5065 Spiritus
3476 4984 3647 5045 Sancti.
3671 4977 3742 5034 No-

2232 5096 2344 5143 tum
2373 5103 2495 5144 esse
2519 5087 2641 5143 volo
2655 5087 2907 5144 omnibus
2927 5097 3130 5142 sancta:
3151 5085 3245 5142 Dei
3266 5083 3515 5142 :ccclesize

2240 5189 2348 5235 tam
2385 5177 2727 5250 presentibus
2755 5193 2917 5247 quam
2949 5177 3180 5242 futuris,
3221 5177 3363 5248 quod
3404 5189 3526 5246 ego,
3557 5160 3741 5262 Ilahilnlil

2231 5272 2482 5336 nomine,
2530 5285 2681 5342 quae,
2733 5269 3065 5325 hereditario
3116 5267 3263 5338 iure,
3312 5263 3524 5323 honoris
3567 5257 3737 5342 Music.

2230 5364 2414 5419 divino
2437 5341 2602 5428 nutu,
2638 5363 2834 5418 domna
2856 5376 2978 5418 esse
3005 5361 3224 5426 videor;
3259 5375 3353 5431 pro
3377 5357 3465 5414 Dei
3497 5363 3672 5408 amore.
3694 5341 3738 5392 δε

2231 5469 2340 5524 quo
2389 5454 2570 5509 omnia
2624 5468 2744 5524 qua:
2778 5452 2846 5508 ad
2895 5467 3051 5506 usum
3097 5451 3223 5507 vitae
3261 5451 3498 5505 humana
3532 5435 3737 5528 pertincnl

2233 5549 2406 5606 habeo
2449 5558 2504 5606 et
2543 5550 2628 5606 cui
2665 5550 2848 5605 omnia
2891 5547 3094 5612 debeo,
3142 5561 3237 5603 seu
3276 5560 3371 5618 pro
3419 5545 3600 5598 honore
3636 5531 3735 5583 be?“

2231 5643 2413 5708 Petri,
2443 5643 2812 5714 apostolorum
2843 5641 3137 5713 principis,
3183 5641 3301 5707 cui,
3332 5639 3466 5692 inter
3489 5632 3576 5686 alia
3602 5625 3732 5680 domv

2232 5735 2535 5792 aecclesiam
2565 5736 2739 5796 sancti
2762 5734 3017 5794 Germani
3067 5734 3120 5791 in
3153 5733 3264 5806 ipsa
3295 5728 3485 5803 Alogia:
3509 5734 3614 5779 area
3637 5723 3732 5770 σοι·
