3842 6308
57 341 152 398 ωε

648 329 880 390 verus
919 323 1178 390 AGANa.
1212 352 1276 364 —
1315 318 1443 376 us.
1487 313 1597 371 vu.
1638 306 2040 368 LANDRICUS
2079 306 2169 363 ετ
2209 303 2614 395 uouemus.

3207 305 3314 364 526

56 455 304 515 cedimus;
336 457 484 504 nunc
506 445 721 516 quidem
760 443 1029 514 publicam
1052 440 1217 503 viam,
1251 450 1371 506 (piae
1397 441 1623 486 actenus
1656 434 1698 488 Λ
1729 424 2013 487 fessionis,
2049 431 2155 516 tam
2187 422 2542 516 prmscntibns
2581 436 2744 490 quam
2787 418 3012 516 futuris,
3061 437 3158 516 nos
3199 438 3318 516 mo.-

49 549 182 616 jcxta
204 543 464 612 parietem
490 538 660 608 ipsius
679 536 792 590 visa
820 543 905 588 est
924 534 1025 597 ire,
1050 544 1148 600 pra
1171 526 1412 583 remedio
1438 523 1632 578 aninue

53 654 170 695 mea:
200 633 282 689 vel
333 639 626 702 parcuth
671 642 948 688 meorum,
979 623 1048 679 ab
1081 623 1198 692 ipso
1230 621 1346 674 loco
1378 630 1627 679 amoveo,

53 741 129 794 ut,
161 729 224 782 ab
249 728 350 781 hac
377 725 469 780 die
501 723 558 777 in
589 729 778 783 antea,
810 717 1068 774 faris‘eat
1094 715 1286 771 eadem
1317 712 1404 766 via
1441 707 1632 780 procul

52 821 109 875 ab
134 815 398 878 acclesia,
430 823 494 867 ut
525 811 775 868 monachi
811 808 942 864 inibi
990 815 1395 864 commarantes
1423 819 1453 858 a
1480 819 1632 858 com-

49 910 334 966 meantibus
361 916 536 976 atque
559 902 904 958 exactoribus
930 899 1114 954 tributi
1138 895 1628 964 consuetudinarii,

49 1002 160 1055 sine
197 995 580 1070 inquietudine
621 992 832 1062 aliqua,
869 990 980 1045 sint
1007 987 1223 1043 remoti.
1265 987 1416 1042 Ilanc
1444 996 1628 1040 autem

59 1092 298 1145 cartalam
323 1087 441 1143 ﬁeri
461 1086 605 1156 jussi
624 1125 642 1151 ,
667 1100 730 1139 ac
756 1085 956 1138 donum
987 1081 1088 1136 via:
1120 1080 1357 1151 praefatae
1381 1093 1482 1149 per
1506 1093 1626 1133 eam

53 1195 192 1250 super
209 1180 379 1234 altare
402 1175 775 1248 apostolorum
798 1173 944 1228 Petri
965 1181 1019 1227 et
1045 1171 1196 1227 Pauli
1221 1169 1374 1242 posui
1397 1209 1413 1232 ,
1443 1170 1626 1225 crucis

53 1275 240 1342 signum
268 1287 390 1326 mea
417 1285 589 1326 manu
617 1267 967 1337 imprimens;
1011 1265 1152 1320 idem
1180 1263 1295 1318 fieri
1320 1262 1517 1334 jubens
1541 1263 1625 1317 his

55 1363 130 1430 qui
159 1375 364 1416 mecum
393 1363 634 1416 aderant
655 1367 956 1430 praesentes
987 1376 1000 1413 :
1051 1356 1278 1414 Warino
1301 1356 1590 1426 praeposito
1608 1395 1626 1424 ,

53 1453 278 1517 Eirardo,
305 1452 594 1506 Bcrnardo
622 1451 690 1506 de
721 1448 1086 1512 Barzilleriis,
1128 1446 1320 1501 David.
1369 1465 1389 1499 ι

482 1542 893 1600 οΑΡιΤυιυΜ
935 1539 1130 1596 LXIX.

265 1639 343 1694 De
367 1639 575 1694 vicaria
603 1648 776 1708 empta
802 1639 867 1692 de
898 1637 1116 1692 Miami:
1155 1632 1373 1688 Villare.

589 1730 764 1800 (Ante
788 1745 841 1783 a.
871 1725 1062 1796 l080.)

1734 516 1892 571 nachi
1917 517 2105 570 sancti
2125 514 2272 574 Petri
2296 555 2311 579 ,
2343 515 2490 584 quia,
2521 524 2804 583 postquam
2836 514 3090 568 vicariam
3117 514 3183 568 de
3215 509 3318 586 Mi-

1737 606 1846 662 taui
1903 591 2103 660 Villare
2135 606 2408 670 emimus,
2451 605 2593 668 sicut
2638 607 2888 676 superius
2931 606 3200 668 diximus,
3249 606 3320 660 ab

1733 699 1984 770 onmibus
2015 699 2100 754 his
2127 697 2280 769 cujus
2322 713 2442 756 esse
2472 699 2607 754 vide:
2631 710 2784 765 atnr,
2828 699 2919 753 lilii
2953 697 3220 754 Fuleherii
3253 699 3320 753 de

1733 789 2070 854 Scriurolis,
2109 789 2360 844 videlicet
2409 787 2675 844 Iliduiuus
2720 800 2774 844 et
2815 788 3142 853 Walterins.
3197 788 3317 841 viva

1733 895 1865 936 voce
1893 889 2054 950 atque
2075 888 2187 934 toto
2209 879 2358 944 nisu,
2392 878 2654 936 instinctu
2681 877 2949 934 diabolica
2970 919 2985 944 ,
3019 869 3320 933 reclamare

1731 981 2044 1044 ceperunt,
2085 973 2252 1027 variis
2301 972 2477 1028 modis
2521 969 2772 1041 injuriam
2806 971 2961 1026 nobis
3017 971 3317 1036 facientes;

1732 1053 2060 1135 tandemque
2100 1064 2511 1134 resipiscentes,
2553 1074 2606 1119 et
2631 1062 2697 1118 de
2723 1073 2946 1132 peccato
2974 1077 3074 1117 suo
3100 1061 3316 1118 veniam

1729 1158 2098 1231 postulantes,
2140 1165 2368 1227 sponte,
2395 1172 2657 1228 gnerpnm
2699 1155 2916 1210 vicaria:
2941 1170 3103 1224 quam
3145 1155 3321 1209 recla-

1729 1249 1951 1304 mabant
1977 1263 2142 1318 super
2169 1247 2340 1302 altare
2361 1249 2534 1304 sancti
2566 1247 2710 1302 Petri
2740 1256 3032 1317 ponentes,
3081 1254 3135 1300 et
3165 1246 3319 1300 venia

1731 1340 2019 1411 impetrata
2043 1357 2204 1412 quam
2231 1341 2528 1410 poscebant
2548 1380 2562 1406 ,
2592 1352 2902 1394 nostrarum
2944 1354 3166 1410 precum
3195 1354 3321 1410 par-

1731 1431 1925 1500 ticipes
1953 1431 2234 1485 nobiscum
2280 1445 2402 1485 esse
2432 1439 2737 1498 cmperunt.
2790 1429 2982 1486 Testes
3023 1440 3205 1485 autem
3253 1443 3318 1484 ex

1729 1522 1832 1577 hac
1862 1538 1919 1576 re
1949 1524 2013 1578 de
2043 1534 2226 1578 nostra
2252 1532 2404 1594 parte
2435 1522 2654 1577 fuerunt
2685 1538 2699 1576 :
2734 1523 3070 1579 Frodlandus
3093 1535 3145 1578 et
3170 1522 3322 1578 Gun-

1729 1612 1974 1679 baudus,
2027 1613 2171 1668 ﬁlius
2200 1613 2348 1684 ejus;
2407 1612 2716 1683 Stephanus
2762 1613 2963 1683 major,
2999 1612 3322 1668 Laurentius

1729 1705 2135 1772 cubicularius;
2201 1706 2498 1760 llcrbcrtus
2550 1714 2605 1759 et
2673 1704 2963 1769 Wariuus,
3043 1705 3318 1774 pistores;

116 1843 132 1876 ι
167 1823 461 1891 Quoniam,
481 1777 644 1892 juxia
677 1821 924 1877 veritatis
943 1777 1304 1880 seuientiam,
1336 1817 1622 1886 Imqnit,.te
1656 1777 1700 1840 Β
1728 1796 2026 1854 wallerius
2050 1811 2233 1892 επιστ
2248 1840 2262 1864 ο
2299 1797 2573 1854 Πυδθηυε
2606 1799 3028 1892 ΙηξιινῖουΙίπίξιεο
3065 1799 3138 1854 Εἰ
3163 1806 3322 1870 Parte

56 1916 367 1970 habundante
391 1923 450 1969 et
481 1913 781 1968 multorum
807 1914 1035 1967 caritate
1080 1909 1497 1981 refrigescente.
1535 1925 1622 1965 res

55 2016 152 2075 qua:
170 2021 196 2058 a
225 2004 414 2074 priscis
446 1996 705 2058 fidelibus
740 2001 989 2058 ecclesiis
1016 2000 1228 2055 collata:
1248 2007 1375 2053 sunt
1398 1999 1466 2051 ab
1497 1997 1619 2051 inti-

59 2097 231 2153 delibns
252 2096 558 2152 insociabili
587 2097 888 2166 cupiditate
930 2095 1260 2148 invaduntur
1277 2102 1334 2148 et
1355 2091 1620 2161 diripiun-

60 2196 158 2251 tur,
185 2197 268 2253 et,
319 2187 628 2242 secundum
656 2187 954 2256 prophetia:
984 2185 1330 2247 vaticinium,
1387 2199 1509 2237 raro
1541 2182 1623 2237 ia-

56 2280 233 2332 venitur
271 2281 361 2349 qui
394 2295 464 2334 ex
512 2280 749 2332 adverso
790 2278 1091 2333 ascendens
1125 2277 1367 2345 obponat
1403 2289 1621 2329 murum

56 2384 135 2439 pro
159 2371 305 2426 doma
323 2371 492 2427 Israel
510 2413 534 2437 ,
565 2370 794 2442 perutile
815 2381 900 2426 est
923 2369 1277 2425 ecclesiarum
1301 2368 1620 2432 cultoribus,

57 2461 111 2514 ad
137 2462 510 2518 confutandam
563 2461 876 2517 calunniam
926 2476 1314 2530 pervasornm,
1358 2460 1425 2514 de
1460 2460 1623 2514 rebus

58 2554 226 2609 eisdem
273 2556 530 2611 ecclesiis
581 2556 796 2612 traditis
855 2554 1235 2625 cirograplnnn
1281 2553 1517 2609 condere
1567 2561 1624 2608 et

61 2658 258 2700 servare.
287 2646 647 2717 Quapropter
687 2661 788 2701 nos
817 2644 1083 2700 cenobita:
1131 2644 1275 2699 beati
1310 2643 1453 2698 Petri
1487 2643 1621 2699 Car-

62 2737 267 2791 notensis
320 2738 642 2792 studuimus
687 2737 887 2792 litteris
933 2736 1194 2791 mandare
1249 2735 1448 2788 donum
1479 2733 1623 2806 quod

66 2826 164 2882 fecit
191 2829 503 2885 Fuit-berius
539 2871 554 2893 ,
590 2829 810 2884 Girardi
840 2829 1012 2894 ﬁlius,
1043 2827 1290 2897 apostolo
1315 2827 1500 2892 Petro,
1523 2842 1622 2898 pro

65 2933 140 2973 sua
177 2935 497 2990 suorumque
579 2930 864 2989 parentum
910 2919 1227 2984 animabus,
1289 2918 1354 2974 de
1421 2918 1621 2974 vicaria

65 3025 192 3078 quam
219 3012 446 3068 habebat
484 3013 548 3067 in
591 3011 778 3066 Mitani
831 3010 1030 3065 Villare
1079 3019 1134 3065 et
1191 3012 1244 3064 in
1291 3009 1436 3064 onmi
1477 3017 1624 3064 terra

66 3097 178 3154 beati
205 3100 359 3156 Petri.
408 3103 542 3172 Ipse
571 3102 798 3172 quippe,
849 3111 902 3156 et
927 3117 1118 3155 omnes
1141 3116 1370 3170 quorum
1402 3100 1619 3156 notnina
1651 3131 1696 3190 ε

69 3190 255 3249 inferius
292 3196 493 3266 scripta
555 3204 714 3259 sunt,
772 3194 952 3263 quiin
982 3194 1290 3264 supradicta
1338 3203 1482 3249 terra
1530 3209 1626 3264 per

67 3297 162 3338 eum
207 3287 395 3358 aliquid
446 3288 661 3343 habere
717 3285 1072 3350 videbantur,
1155 3285 1424 3342 dederunt
1465 3287 1626 3342 beato

70 3374 195 3432 Petro
219 3379 465 3450 quicquid
501 3379 614 3434 sibi
646 3377 986 3448 competebat
1007 3378 1162 3449 jure;
1194 3387 1251 3433 et
1297 3389 1626 3447 acceperunt

69 3457 311 3526 karitative
372 3486 402 3526 a
456 3469 764 3526 Gansfrido
795 3469 992 3540 Nigro,
1046 3470 1279 3525 domnus
1307 3468 1627 3526 Fulcherius

71 3553 142 3610 XI.
163 3574 488 3616 nummorum
531 3561 765 3626 solidos;
807 3559 1163 3630 Ingelrannus
1209 3560 1275 3615 de
1318 3559 1549 3615 Naciaco
1577 3561 1627 3616 X

73 3646 267 3717 solidos;
309 3651 640 3717 Ililduinus,
676 3651 817 3706 ﬁlius
843 3651 1114 3706 Fulcherii
1148 3651 1214 3706 de
1251 3651 1626 3718 Scriniololis,

71 3735 108 3790 Σ
129 3740 332 3807 solidos;
373 3741 626 3798 Herveus
650 3743 716 3798 de
740 3742 982 3798 Caletulo
1010 3743 1158 3798 XXV
1184 3743 1418 3808 solidos;
1453 3742 1624 3814 llngo,

73 3828 204 3886 frater
224 3833 362 3901 ejus,
397 3833 437 3889 ν
485 3835 697 3890 solidos
726 3845 781 3890 et
801 3835 1152 3902 societatem;
1187 3835 1450 3905 Bogerius
1491 3852 1627 3905 pra:-

73 3925 249 3982 nomine
281 3927 591 3994 Cacbinns,
630 3928 677 3983 X
710 3929 947 3994 solidos;
979 3929 1186 3983 Fulcho
1211 3944 1452 3999 quoque,
1486 3929 1627 3986 ﬁlius

71 4013 178 4084 ejus,
200 4018 236 4074 V
259 4020 480 4087 solidas,
511 4031 560 4075 et
591 4020 891 4076 Raiualdus
918 4020 1056 4076 alter
1079 4019 1220 4076 filius
1247 4021 1628 4076 scmimodium

73 4121 236 4166 “erue.
287 4112 368 4168 Hii
422 4127 655 4180 omnes,
719 4129 856 4184 quos
907 4113 1361 4178 memoravimus,
1412 4113 1617 4169 donum

71 4200 266 4266 prmfala:
300 4204 524 4260 vicariae
553 4219 716 4274 super
743 4204 915 4258 altare
939 4203 1080 4258 beati
1121 4203 1267 4259 Petri
1307 4213 1623 4274 posuerunt,

74 4295 380 4358 pmsentibus
414 4297 509 4353 his
531 4313 762 4367 quorum
793 4297 1011 4354 nomina
1065 4297 1340 4352 memoriae
1367 4298 1626 4353 mandare

75 4384 316 4442 maluimus
340 4405 354 4442 :
387 4387 752 4444 Gauscelinus
774 4388 839 4444 de
871 4387 1106 4459 Fragani
1135 4387 1305 4455 Villa,
1346 4388 1486 4442 ﬁlius
1510 4386 1624 4456 cjus

1724 1906 1913 1947 eorum
1943 1906 1959 1945 :
1998 1891 2291 1957 Giraldus,
2347 1892 2588 1962 armiger
2636 1891 2910 1947 Walterii.
2943 1891 3000 1946 Si
3031 1893 3152 1962 quis
3191 1907 3320 1946 vero

1725 1983 1852 2038 buic
1883 1983 2109 2039 cartulre
2149 1985 2426 2040 contraire
2465 1985 2842 2054 temptaverit,
2899 1984 3002 2039 nisi
3036 1985 3104 2039 ad
3135 1998 3322 2038 emen-

1726 2074 2002 2134 dationem
2031 2075 2358 2146 resipiscens
2382 2074 2716 2146 confugerit,
2749 2078 3116 2134 anatbematis
3135 2076 3324 2148 jugqu

1725 2166 2030 2230 sauciatus,
2073 2167 2127 2221 in
2161 2167 2406 2232 inferno,
2453 2184 2575 2223 cum
2623 2168 2832 2224 Anania
2873 2180 2930 2225 et
2973 2169 3201 2241 Sapbira
3234 2187 3321 2225 sa-

1724 2258 1946 2328 crilegio
1971 2259 2293 2329 peremptis,
2324 2259 2442 2314 sine
2473 2258 2577 2314 fine
2603 2275 2796 2330 poenas
2836 2261 2968 2318 luat.
3020 2282 3040 2316 ι

2187 2372 2588 2430 CAPITULUM
2629 2375 2818 2431 LXXI.

1729 2467 1807 2522 De
1833 2468 2110 2540 medietate
2135 2467 2492 2540 δερματίνας-ξι
2518 2470 2677 2540 panis
2702 2481 2857 2540 atque
2882 2470 3115 2524 candela!
3142 2470 3321 2525 a'rcle-

1797 2540 1894 2593 sitv
1925 2537 2158 2609 Aloyiw,
2181 2540 2307 2592 data
2337 2557 2368 2592 a
2400 2537 2656 2592 Walterio
2689 2541 2752 2594 de
2771 2537 2964 2595 Monte
2991 2540 3250 2596 Mimbili.

2301 2629 2472 2701 (Ante
2495 2645 2546 2685 a.
2576 2631 2758 2701 toea.)

1804 2741 1824 2776 ι
1869 2722 2064 2778 Notum
2111 2735 2232 2778 esse
2287 2722 2536 2777 volumus
2597 2721 2850 2776 omnibus
2909 2723 3322 2778 successoribus

1727 2815 1960 2882 nostris,
1993 2814 2243 2870 videlicet
2274 2829 2370 2869 nos
2393 2815 2643 2870 monachi
2688 2816 2859 2870 sancti
2904 2813 3048 2870 Petri
3087 2816 3319 2872 ctenobii

1726 2905 2124 2974 Carnotensis,
2172 2906 2330 2977 quia,
2361 2915 2650 2976 postquam
2701 2906 3012 2963 Bernartius
3055 2909 3121 2963 de
3157 2908 3319 2962 anlo

1726 2999 2026 3056 :ecclesiam
2059 3000 2236 3055 sancti
2285 2998 2543 3054 Germani
2577 2999 2640 3053 de
2668 2999 2890 3070 AIOgia,
2939 3001 3152 3056 vivente
3181 3001 3320 3057 Lan-

1728 3094 1881 3148 drico
1905 3093 2119 3157 abbate,
2143 3107 2242 3162 pro
2272 3090 2446 3147 salute
2463 3092 2657 3146 animae
2678 3108 2788 3146 suae
2810 3094 3039 3148 contulit
3055 3136 3072 3161 ,
3101 3094 3320 3163 quidam

1727 3185 1958 3241 clericus
1980 3226 1996 3253 ,
2029 3186 2245 3241 nomine
2275 3185 2570 3243 Walterius
2620 3186 2688 3241 de
2719 3188 2988 3251 Castclh,
3037 3189 3121 3244 cui
3155 3205 3286 3244 voca
3314 3221 3322 3230 -

1728 3277 1913 3332 bulum
1937 3285 2022 3332 est
2049 3276 2202 3332 Mans
2221 3276 2486 3342 Mirellus,
2521 3278 2573 3332 in
2601 3279 2790 3333 eadem
2817 3278 3053 3334 aet-cie."
3085 3279 3323 3342 clamare

1729 3371 1894 3440 cmpit
1939 3369 2286 3424 medietatem
2336 3369 2656 3440 sepultura},
2689 3371 2845 3440 panis
2870 3370 3319 3432 etcamtelaram.

1728 3461 1970 3517 Tandem
1999 3463 2204 3518 nostris
2235 3461 2408 3516 ﬂexus
2437 3461 2790 3532 petitionibus
2840 3471 3004 3532 atque
3059 3464 3318 3532 pecunia.

1728 3551 1985 3622 quicquid
2014 3552 2065 3605 in
2097 3552 2352 3622 praedicta
2396 3551 2644 3608 mcclesia
2697 3554 2899 3609 habere
2943 3554 3185 3620 dicebat,
3220 3571 3321 3624 pro

1729 3643 1926 3699 anima:
1973 3659 2085 3698 sua:
2116 3643 2360 3697 remedio
2408 3643 2493 3698 vel
2525 3653 2809 3713 parentum
2841 3660 3089 3712 suorum,
3131 3647 3320 3701 volun-

1730 3732 1882 3786 tarite
1912 3741 2104 3786 sancto
2139 3731 2297 3786 Petro
2317 3772 2331 3797 ,
2375 3732 2426 3786 in
2453 3732 2638 3788 usibus
2663 3733 2920 3800 fratrum,
2947 3736 3197 3791 conferre
3225 3738 3319 3792 de-

1728 3822 1934 3886 erevit;
1969 3831 2023 3877 et
2053 3821 2220 3876 ﬁlium
2252 3837 2409 3876 sumn
2463 3822 2816 3890 Walterium,
2855 3826 2968 3895 jam
3017 3826 3274 3882 clericum
3298 3870 3315 3894 ,

1729 3915 1795 3970 ad
1821 3915 1960 3970 hanc
1987 3916 2176 3971 urbem
2204 3920 2425 3982 venire,
2456 3927 2617 3988 atque
2645 3933 2905 3990 gnerpum
2937 3922 3315 3991 praedictarum

1731 4023 1914 4062 rerum
1956 4022 2119 4076 super
2161 4007 2335 4063 altare
2368 4007 2515 4065 Petri
2565 4010 2794 4080 apostoli
2835 4012 3078 4082 publice,
3130 4029 3316 4070 coram

1728 4097 1885 4152 nobis
1923 4106 1977 4152 et
2003 4097 2218 4154 famulis
2263 4099 2466 4154 nostris
2488 4139 2506 4166 ,
2541 4114 2742 4172 ponere
2766 4101 2966 4172 jussit,
3013 4112 3107 4170 ut,
3131 4106 3199 4159 ab
3227 4105 3315 4160 illa

1727 4191 1816 4246 die
1869 4191 1921 4246 in
1969 4201 2157 4256 antea,
2214 4192 2589 4262 possideamus
2629 4202 2685 4249 et
2734 4195 3058 4262 habeamus,
3111 4197 3318 4268 absque

1726 4282 1830 4337 ulla
1889 4283 2260 4354 inquietudine
2307 4284 2608 4356 cujuspiam
2675 4286 3108 4344 calumniatoris.
3163 4289 3312 4358 Qui,

1727 4375 2001 4448 complens
2049 4375 2191 4446 quod
2230 4376 2468 4444 jusserat
2517 4387 2696 4447 pater,
2736 4377 2877 4434 XXII
2917 4381 3018 4436 sibi
3067 4381 3254 4436 solidis
3282 4398 3314 4438 a

10 4545 14 4552 _
73 4469 376 4544 Roscelinus,
408 4490 463 4534 et
495 4478 788 4550 Gerogius,
819 4489 876 4535 et
898 4478 1228 4547 Walterius,
1275 4494 1442 4550 nepos
1469 4479 1614 4549 ejus;
1651 4483 1694 4538 ι)
1722 4470 1876 4526 nobis
1895 4469 2054 4533 datis,
2087 4467 2152 4520 ad
2180 4477 2388 4537 patrem
2423 4469 2596 4524 rcdiit.
2631 4470 2795 4542 Cujus
2825 4473 2900 4528 rei
2935 4474 3181 4528 notitiam
3201 4513 3219 4540 ,
3248 4490 3316 4530 ne

76 4559 336 4624 Radbertus
390 4571 695 4634 Adoratus,
749 4569 1043 4626 Gunterins
1081 4569 1281 4626 Gruem
1341 4570 1422 4624 Ad
1465 4586 1616 4624 suam

76 4653 254 4722 Sellam;
300 4657 604 4723 Galterius,
658 4659 986 4714 Archenoldi
1020 4659 1190 4723 ﬁlius,
1233 4659 1350 4714 Udo
1375 4659 1442 4713 de
1474 4657 1621 4713 Scri-

79 4743 225 4799 niolis.
270 4746 356 4803 Isti
405 4764 474 4803 ex
520 4757 675 4820 parte
728 4749 988 4818 ipsorum.
1031 4748 1106 4803 Ex
1167 4757 1350 4804 nostra
1418 4756 1616 4818 parte:

79 4828 332 4892 Walterius
385 4847 696 4908 trapezeta;
741 4838 1080 4904 Bernardus,
1138 4838 1278 4893 ﬁlius
1330 4837 1617 4904 Vulmari;

82 4923 340 4985 Ilcrmerius
383 4930 681 5000 presbiter,
735 4929 1036 4985 Landricus
1085 4928 1286 4998 major,
1324 4929 1623 4986 Walterius

81 5017 245 5083 major;
299 5019 585 5077 Durandus
605 5063 622 5088 ,
659 5021 938 5078 Gnaldrici
967 5021 1141 5088 ﬁlius;
1176 5001 1502 5077 Laurentius
1529 5037 1624 5076 cu-

86 5104 364 5175 bicularius,
393 5111 659 5183 Gerogius
681 5114 1010 5179 ranonicus,
1064 5111 1316 5169 Giraldus
1348 5114 1625 5169 archima-

84 5193 231 5261 girus,
284 5199 574 5258 Herbertus
602 5203 1038 5274 arcbimagirus,
1087 5203 1362 5260 Guarinus
1393 5205 1627 5260 echono-

88 5297 209 5353 mus,
235 5287 524 5349 Oidelerius
547 5293 915 5360 stabularios;
957 5292 1300 5359 Tescelinus,
1342 5295 1484 5352 ﬁlius
1512 5295 1625 5351 Hil-

87 5373 283 5448 εαυτῆς
313 5383 516 5453 Frodo;
555 5385 930 5451 Gislebertus,
964 5385 1106 5441 filius
1130 5386 1338 5444 Larini.
1384 5405 1404 5441 ι

521 5475 604 5532 CA
615 5474 924 5532 PITULUM
972 5475 1137 5531 LXX.

485 5565 618 5622 Item
654 5568 720 5623 de
743 5567 924 5623 eadem
953 5567 1172 5622 vicaria.

591 5661 761 5730 (Ante
794 5676 846 5716 a.
887 5659 1074 5731 1080.)

209 5744 378 5805 Notum
422 5753 808 5812 essevalumus
844 5753 1098 5808 omnibus
1139 5749 1453 5809 christiana:
1493 5766 1621 5823 pro.

1727 4561 1978 4616 tradatur
2011 4559 2306 4625 oblivioni,
2344 4561 2468 4617 huic
2511 4565 2659 4632 operi
2706 4565 2994 4621 maluimus
3045 4566 3314 4633 inserere;

1725 4661 1907 4722 atque,
1934 4651 1978 4706 si
2019 4651 2285 4720 quispiam
2331 4653 2587 4708 heredum
2615 4654 2962 4726 przefatorum
2990 4659 3314 4714 calumniam

1725 4744 2073 4817 temptaverit
2099 4742 2321 4810 inferre,
2346 4746 2603 4816 peccunia
2631 4747 2858 4818 proinde
2881 4751 3002 4803 data
3023 4749 3314 4814 obiciatur,

1725 4836 2040 4906 etjudices,
2073 4844 2199 4892 ante
2242 4852 2379 4906 quos
2421 4839 2671 4907 cuiquam
2707 4839 2851 4895 litem
2886 4840 3164 4904 intulerit,
3195 4842 3312 4895 auri

1726 4927 1920 4982 libram
1961 4927 2030 4982 ab
2071 4941 2138 4982 eo
2187 4926 2434 4998 exigant;
2483 4938 2711 4984 conatus
2753 4943 2968 5000 quoque
3011 4928 3129 5000 ejus
3175 4928 3314 4984 incf-

1727 5019 1864 5075 ﬁcax
1908 5027 2264 5090 permaneat,
2305 5028 2361 5076 et
2402 5021 2603 5075 tamdiu
2646 5023 3149 5078 excommunicatus
3187 5039 3313 5094 per-

1725 5121 1833 5170 stet
1847 5111 2107 5184 quamdiu
2134 5112 2185 5165 in
2211 5112 2312 5167 hac
2341 5112 2631 5183 pertinatia
2649 5113 2968 5184 perstiterit.
2997 5112 3186 5171 Testes
3209 5113 3315 5171 lar-

1726 5202 1945 5272 gitionis
1979 5218 2144 5273 quam
2183 5201 2312 5258 fecit
2355 5201 2685 5272 Wallerius,
2729 5206 3060 5275 praenomine
3099 5201 3313 5273 Infans.

1725 5303 1783 5350 et
1822 5295 1964 5350 ﬁlius
2001 5294 2154 5364 ejus.
2195 5303 2322 5350 sunt
2366 5295 2419 5350 hi
2466 5311 2700 5368 quorum
2745 5296 2964 5352 nomina
3003 5300 3316 5356 curavimus

1727 5385 2089 5440 subscribere.
2147 5384 2222 5440 Ex
2266 5395 2418 5455 parte
2461 5383 2577 5454 ejus
2624 5385 2841 5442 fuerunt
2870 5387 2941 5443 hii
2985 5407 2999 5444 :
3035 5389 3211 5446 Draco
3248 5393 3316 5446 de

1728 5472 2045 5539 Domicilio,
2082 5472 2387 5540 Nihardus,
2443 5474 2714 5531 Ilubertns
2760 5477 2828 5531 de
2872 5477 3051 5534 Monte
3099 5477 3310 5536 Mirelli.

1728 5565 1808 5620 Ex
1872 5565 2072 5620 nostris
2117 5581 2133 5620 :
2191 5565 2490 5632 'I‘edaldus,
2541 5566 2712 5622 frater
2763 5567 2989 5626 Iluberti
3039 5571 3314 5640 quondam

1729 5657 1971 5722 abbatis;
2002 5656 2328 5721 Fulcardus,
2379 5658 2710 5724 Oidelerius;
2759 5659 3080 5716 Gausl’ridus
3112 5673 3166 5717 et
3197 5663 3312 5746 Hil-

1730 5749 1913 5808 dulfus
1936 5791 1951 5819 ,
2009 5749 2234 5818 fratres;
2283 5749 2600 5823 Gilduinus,
2637 5753 2811 5826 major
2861 5754 2928 5810 de
2959 5754 3113 5811 Sesni
3142 5754 3307 5821 Villa;
