3842 6308
465 287 571 385 327

1450 321 1654 380 ram
1689 323 1749 382 s.
1785 323 2002 382 PETRI
2033 302 2512 385 causo'rensis
2547 327 2854 388 MONACBI

3653 337 3753 396 '52.

463 437 940 502 Durandns'filius,
966 444 1204 492 rasator:
1233 435 1520 490 Durandns
1548 435 1724 505 faber,
1749 437 2062 494 Harduinus
2089 444 2136 504 Α
2173 440 2314 494 rium
2335 483 2350 508 ,
2381 458 2503 496 cum
2531 445 2784 500 omnibus
2811 445 3284 504 terminationibus
3311 448 3460 516 suis,
3484 453 3763 522 pertinet».

465 532 824 611 et.Gaudius,
889 529 1116 595 fratres;
1169 529 1471 584 Rainaldus
1517 543 1710 598 agaso,
1771 529 2054 586 Haldricns

465 625 651 690 Sutor,
695 625 995 680 Ilcrbcrtns
1043 623 1244 692 pistor,
1293 620 1594 700 'Ilainaldus
1633 622 1931 680 adlocatus.
1959 625 2052 682 Isti

464 713 522 775 et
572 717 662 772 alii
708 701 964 792 viderunt
992 720 1190 786 ponere
1221 728 1481 788 gucrpum
1511 728 1673 784 super
1704 713 1876 770 altare
1899 706 2053 786 prin-

466 812 646 884 cipali.
695 831 711 864 I
1424 813 1430 818 ’
1531 817 1534 820 ’

747 899 752 906 ’
797 903 800 906 ’
928 899 1324 958 CAPITULUM
1379 899 1588 956 LXXII.

666 997 741 1052 De
770 1010 910 1053 terra
939 997 1065 1050 data
1097 997 1148 1049 in
1171 993 1491 1049 Corbonensi
1518 1011 1550 1048 a
1579 990 1858 1050 Girvanla.

1022 1087 1192 1154 (Aule
1223 1103 1272 1140 a.
1310 1085 1493 1156 1070.)

544 1199 563 1233 ι
610 1177 806 1234 Notum
837 1193 958 1234 esse
996 1178 1250 1232 volumus
1293 1175 1549 1231 omnibus
1574 1175 1892 1232 christiana:
1927 1174 2050 1232 fidei

464 1263 802 1338 cultoribus,
859 1281 966 1325 tam
1024 1268 1385 1340 praesentibus
1463 1265 1895 1338 quam,futuris,
1951 1283 2052 1338 ego

462 1363 766 1422 Landricus
796 1365 966 1419 abbas
997 1359 1230 1418 cmnobii
1280 1360 1452 1416 saneti
1495 1360 1636 1416 Petri
1677 1359 2046 1428 Caruolensis,

461 1474 584 1512 cum
621 1457 875 1512 omnibus
902 1455 1066 1510 michi
1099 1453 1428 1522 commissis,
1457 1455 1599 1523 quod
1630 1453 1847 1524 quidam
1875 1451 2050 1521 n.iies,

457 1550 763 1607 Girvartlus
825 1551 1076 1613 nomine,
1116 1549 1167 1602 in
1209 1548 1542 1605 Corbonensi
1595 1548 1874 1604 territorio
1922 1549 2050 1604 olim

460 1644 751 1714 quemdam
777 1641 995 1696 alodum
1020 1640 1152 1694 emit
1178 1656 1207 1692 a
1235 1640 1466 1708 quodam
1495 1629 1740 1705 homine,
1779 1639 2052 1695 Ausherto

462 1733 718 1799 nomine,
749 1729 898 1786 et'ab
925 1729 1046 1784 aliis
1088 1725 1443 1799 quibusdam,
1477 1743 1705 1798 quorum
1750 1729 1966 1783 nomina
1996 1728 2048 1783 iu

2147 533 2300 588 tibus
2338 535 2609 605 ad’ips'nin
2640 536 2876 592 alodum.
2910 538 2964 592 In
3021 541 3273 597 Rovredo
3301 542 3510 613 quippe
3531 544 3666 600 villa
3691 555 3764 602 est

2155 640 2379 682 mansus
2423 643 2564 683 unus
2609 644 2730 684 cum
2786 633 2946 687 terris
2979 643 3033 688 et
3076 635 3298 704 pratis,
3351 635 3651 706 pertinens
3701 639 3762 693 ad

2153 717 2439 788 praefatum
2471 720 2710 776 alodum.
2745 721 2966 794 Itaque,
3003 727 3073 780 in
3101 741 3395 782 comntune
3415 730 3765 784 consentien-

2155 811 2298 868 tibus
2345 814 2598 870 omnibus
2645 816 2966 888 propinquis
3001 819 3258 885 nostris,
3291 819 3580 890 praedictis
3631 821 3760 876 viris

2150 917 2214 958 ea
2249 903 2460 959 ratione
2509 905 2776 962 tradimus
2804 923 2868 964 ac
2897 909 3183 964 vendimus
3223 910 3447 966 alodum
3477 920 3761 972 nostrum.

2149 1001 2250 1058 ut,
2309 994 2378 1049 ab
2408 993 2671 1051 hodierna
2721 996 2811 1052 die
2854 1007 2910 1054 et
2955 997 3242 1070 deinceps,
3273 999 3521 1058 eundem
3553 999 3761 1056 aluum

2150 1085 2500 1158 possideant,
2569 1093 3005 1160 potestatemque
3069 1091 3308 1149 habeant
3363 1093 3652 1150 venderldi
3713 1109 3766 1162 eg

2162 1177 2325 1232 dandi
2355 1178 2442 1233 cui
2469 1177 2776 1248 voluerint,
2807 1180 2928 1234 sine
2953 1181 3069 1236 ulla
3091 1181 3370 1239 culminia.
3405 1183 3762 1241 Terminat"

2156 1269 2393 1339 denique
2421 1270 2490 1325 ab
2514 1286 2622 1326 uno
2643 1269 2818 1328 latere
2849 1271 3035 1329 Odaua
3065 1273 3259 1339 ﬂuvio;
3297 1277 3552 1331 secundo
3573 1274 3756 1340 latere,

2150 1361 2238 1417 via
2295 1363 2545 1433 publica;
2621 1365 2825 1428 tercio,
2922 1374 3066 1424 terra
3123 1367 3299 1423 sancti
3381 1366 3758 1422 Latrocinari;

2153 1461 2382 1522 quarto,
2431 1453 2587 1509 alodo
2641 1453 2956 1512 Ruinnaldi.
3002 1456 3060 1513 Si
3108 1459 3233 1527 quis
3265 1466 3459 1513 autem
3497 1459 3753 1515 heredum

2153 1553 2469 1599 nostrorum
2526 1544 2668 1601 hanc
2713 1547 3106 1603 venditionem.
3153 1547 3456 1619 infringere
3517 1548 3614 1604 vel
3661 1565 3754 1605 ta-
3840 1565 3842 1578 '

2153 1636 2458 1708 Iumpuiare
2487 1641 2866 1712 temptaverit,
2899 1640 3035 1695 iram
3065 1641 3160 1697 Dei
3193 1641 3481 1707 incurrat,
3527 1651 3594 1698 et
3629 1645 3758 1713 quod

2169 1730 2453 1799 repetierit
2483 1747 2588 1786 non
2617 1733 2852 1798 evincat;
2885 1741 2970 1786 set
2999 1733 3084 1787 cui
3109 1731 3258 1788 litem
3292 1732 3756 1791 iutuleritlibram

463 1823 920 1895 subsequentibus
950 1821 1237 1877 habentur.
1295 1821 1445 1878 Unde
1466 1832 1616 1876 carta
1650 1819 1789 1877 facta
1838 1828 1951 1887 est,
1994 1817 2050 1877 et
2083 1803 2126 1858 Β
2154 1823 2273 1878 auri
2330 1823 2644 1894 persolvere
2699 1834 2942 1896 cogatur.
2984 1824 3253 1892 Quatinus
3299 1838 3488 1882 autem
3557 1826 3759 1883 ﬁrmior

369 1908 384 1920 “
463 1932 494 1972 a
526 1917 664 1972 duce
724 1914 949 1985 I‘Iugone
998 1923 1158 1984 atque
1196 1928 1227 1966 a
1276 1913 1472 1967 comite
1515 1910 1732 1987 ‘prmfati
1788 1903 2045 1967 territorii

453 2010 838 2080 “corroborata.
874 2005 1120 2074 Quandiu
1150 2013 1203 2060 et
1231 2003 1417 2070 libuit,
1469 2005 1710 2076 possedit
1738 2012 1793 2060 et
1840 2004 2042 2072 tenuit;

454 2095 650 2173 postea
709 2101 1040 2157 censualitcr
1071 2116 1098 2154 a
1148 2099 1403 2156 Gisberto
1456 2099 1652 2153 abbate
1700 2098 1823 2154 data
1870 2108 1954 2154 est
1992 2097 2046 2152 in

453 2176 626 2252 (nianu
661 2195 815 2249 firma
844 2194 1052 2249 duobus
1081 2191 1287 2264 praefati
1318 2191 1565 2248 Girrardi
1593 2190 1902 2261 parentibus
1929 2182 2047 2244 uni-

461 2303 569 2359 que
619 2283 805 2342 heredi
840 2301 1062 2350 eorum,
1109 2299 1176 2338 eo
1210 2283 1426 2352 quidem
1473 2282 1812 2348 tenore,ut,
1843 2279 2046 2336 statuto

464 2389 707 2448 tempore
737 2365 791 2431 et
819 2376 906 2432 die
927 2418 940 2443 ,
971 2393 1167 2432 census
1200 2377 1547 2442 redderetur;
1580 2373 1722 2444 quod
1760 2373 1805 2427 si
1836 2372 1888 2428 in
1920 2372 2044 2427 red-

463 2467 644 2524 dendo
699 2469 839 2525 tardi
896 2468 1242 2530 extitissent,
1293 2464 1542 2535 lcgaliter
1585 2462 1942 2519 emendareut
1991 2472 2047 2518 et

461 2572 663 2616 teram
716 2577 818 2615 non
874 2560 1184 2630 perderent.
1229 2557 1307 2610 Ex
1346 2545 1461 2634 hoc
1499 2559 1650 2609 earta
1681 2555 1822 2610 facta
1877 2556 2046 2610 et'ab

459 2655 609 2710 oniui
651 2653 881 2709 fratrum
929 2652 1075 2726 (201)
1141 2651 1512 2706 corroborata.
1584 2647 1714 2703 Post
1776 2647 2044 2719 quoddam

462 2747 814 2804 intersti.iuni
846 2747 1103 2816 temporis
1127 2787 1141 2810 ,
1173 2745 1224 2799 in
1271 2753 1451 2799 castro
1499 2742 1834 2797 Mauritania:
1865 2729 2046 2798 voraci

463 2843 586 2910 igne
610 2825 852 2894 cremata
871 2848 972 2892 est.
993 2837 1187 2891 Nostra
1211 2835 1424 2905 quidem
1450 2841 1772 2904 tempestate
1793 2827 2047 2887 cumcam

463 2923 795 3002 requirerem
826 2930 893 2984 ad
920 2929 1204 2984 ridendum
1224 2969 1236 2990 ,
1271 2925 1504 2982 confessi
1532 2933 1659 2979 Sunt
1685 2939 1803 2980 eam
1827 2923 2050 2978 minime

463 3042 522 3081 sc
567 3023 766 3078 habere
789 3063 806 3089 ,
839 3022 1034 3077 obnixe
1061 3013 1366 3093 flagitantes
1387 3061 1401 3085 ,
1435 3027 1492 3072 ut
1522 3003 1601 3072 eis
1639 3017 1922 3073 clementia
1952 3031 2050 3070 no-

2152 1914 2266 1970 hzec
2289 1924 2442 1970 carta
2467 1926 2819 1986 permaneat,
2847 1917 3100 1974 manibus
3115 1918 3758 1989 propriiseorrotorati-
3840 1905 3842 1914 ’

2151 2021 2306 2072 mus,
2361 2015 2525 2078 atque
2573 2007 2726 2064 ducis
2805 2007 3046 2080 Hugonis
3095 2009 3470 2080 nobiliumque
3519 2012 3760 2068 vitam

2159 2099 2630 2154 corroborandum
2674 2100 2948 2165 dedimus,
2977 2116 3207 2171 quorum
3255 2105 3480 2157 nomina
3531 2106 3760 2160 manda.

2147 2188 2327 2246 vimus
2371 2179 2735 2248 subscribere.
2784 2192 2843 2248 8.
2897 2192 3139 2264 llugonis
3188 2195 3362 2250 ducis.
3406 2193 3473 2250 S.
3505 2195 3756 2252 vfitiom
3840 2185 3842 2264 ξ

2146 2279 2294 2352 ejus,
2351 2280 2582 2339 Othonis
2627 2291 2682 2340 et
2732 2282 2992 2355 Hugonis.
3041 2283 3102 2341 S.
3159 2283 3366 2341 Odonis
3413 2288 3673 2344 comitis.
3703 2289 3755 2366 S.

2148 2371 2424 2444 Ilugonis,
2479 2376 2694 2430 comitis
2735 2376 3233 2432 Ccnomannorum.
3282 2377 3341 2430 S.
3394 2376 3642 2441 Ilervei,
3673 2395 3758 2436 eo.
3840 2371 3842 2444 !

2147 2466 2296 2520 mitis
2320 2465 2676 2530 Mauritania.
2711 2466 2768 2522 S.
2813 2466 3091 2522 Lamberti
3135 2469 3506 2546 vieecomitis.
3539 2471 3606 2526 S.
3640 2471 3761 2525 Wil-
3840 2465 3842 2538 ξ

2149 2555 2294 2612 lehui
2313 2556 2658 2612 advocati.S.
2685 2557 2923 2627 Siefridi.
2943 2558 3282 2614 S.Aimonis.
3311 2559 3374 2615 S.
3393 2557 3752 2617 Gualeranui.
3840 2557 3842 2627 i

2149 2647 2210 2704 s.
2277 2651 2497 2705 Erlaudi
2539 2651 2747 2706 vicarii.
2794 2651 2930 2706 Data
2990 2662 3075 2708 est
3133 2651 3220 2708 ru
3273 2653 3545 2710 kalendas
3591 2654 3753 2716 Julii,

2154 2757 2299 2797 anno
2325 2744 2505 2812 primo
2538 2743 2688 2815 regni
2723 2745 2864 2816 regis
2900 2744 3226 2800 Chlotharii.
3276 2764 3294 2796 ι

2224 2836 2408 2890 Nostri
2443 2837 2672 2906 denique
2702 2845 3076 2892 antecessores
3106 2837 3374 2894 hanc'sibi
3401 2847 3632 2893 cartam
3659 2837 3760 2892 suf-

2153 2914 2323 2984 ficere
2373 2928 2691 2997 credentes,
2738 2931 2791 2984 in
2820 2929 3058 2984 archiris
3105 2929 3356 2985 ecclesiae
3403 2945 3640 2984 servare
3675 2946 3756 2983 σ-ιι-

2154 3029 2338 3076 rantes
2363 3063 2378 3086 ,
2409 3022 2473 3075 ad
2502 3030 2841 3090 posterorum
2865 3022 3120 3076 noticiam
3140 3062 3154 3089 ,
3199 3036 3364 3090 super
3401 3020 3514 3076 hac
3540 3036 3607 3075 re
3630 3021 3756 3075 alte-

464 3113 576 3174 sua
609 3135 725 3172 cam
753 3124 1068 3179 renovaret,
1113 3123 1200 3177 et,
1233 3102 1402 3167 simili
1428 3112 1584 3165 modo
1616 3120 1674 3164 ut
1703 3111 1852 3180 prius
1882 3110 1932 3163 iu
1967 3109 2048 3163 al-
2081 3151 2122 3212 ε
2154 3125 2272 3163 ram
2317 3110 2557 3165 scribere
2597 3110 2982 3181 neglexerunt,
3029 3119 3230 3180 prmter
3271 3125 3499 3164 manum
3549 3109 3756 3163 firmam

467 3220 578 3265 tera
613 3195 762 3264 carta
797 3209 1194 3280 posituurerat,
1225 3204 1434 3258 duobus
1465 3212 1519 3260 et
1542 3204 1630 3258 uni
1655 3203 1837 3258 heredi
1863 3207 2050 3257 eorum

463 3303 840 3358 concederem.
872 3275 1051 3368 Quod,
1072 3310 1126 3354 et
1174 3293 1312 3363 feci,
1361 3306 1639 3363 statuens,
1671 3305 1732 3352 ut
1760 3296 1813 3351 in
1846 3295 2052 3352 festivi-

463 3405 574 3449 tate
601 3395 772 3448 sancti
804 3392 1066 3462 Remigii,
1123 3391 1240 3445 sine
1283 3389 1538 3443 dilatione
1563 3430 1576 3452 ,
1612 3393 1832 3443 censum
1867 3378 2049 3441 redde-

465 3495 616 3548 reul,
645 3485 886 3556 quinque
913 3479 1123 3540 Scilicet
1152 3481 1252 3537 sel.
1287 3485 1664 3546 nummorum;
1696 3471 1785 3548 qui
1816 3479 1858 3533 si
1891 3467 2058 3548 negli-

464 3578 653 3648 gentes
685 3577 736 3631 in
777 3575 1049 3630 reddendo
1097 3573 1410 3636 extiterint,
1448 3571 1692 3642 legaliter
1730 3558 2055 3637 emcntlcnt,

463 3678 519 3724 et
542 3679 742 3726 terram
774 3684 878 3723 non
902 3667 1164 3738 perdant,
1195 3663 1367 3720 donec
1389 3663 1605 3719 deficiat
1634 3661 1834 3718 tercius
1877 3662 2054 3716 heres.

465 3759 674 3816 Placuit
695 3761 857 3816 etiam
889 3759 1014 3814 huic
1046 3758 1252 3829 pagina:
1281 3758 1488 3811 carta’m
1510 3743 1768 3809 Uirvardi
1795 3755 2053 3834 inserere,
2138 3787 2141 3790 -

466 3865 626 3920 quam
671 3864 832 3918 super
879 3849 1050 3904 altare
1103 3847 1278 3902 sancti
1327 3845 1506 3909 Petri,
1551 3843 1828 3899 orzefatam
1857 3852 2057 3898 terram

466 3940 601 3995 dans
619 3981 633 4007 ,
663 3940 864 4012 posuit.
911 3959 928 3992 ι

682 4033 686 4038 ’
933 4026 1330 4084 CAPITULUM
1373 4024 1603 4080 LXXIII.

741 4121 819 4175 De
859 4119 1015 4174 alodo
1050 4130 1219 4188 empto
1247 4137 1279 4172 a
1309 4118 1566 4172 σίνται-(ιο
1601 4114 1792 4171 milite.‘

1039 4210 1139 4283 (es
1180 4209 1304 4266 Jun.
1337 4210 1493 4280 93.5.)
1527 4195 1532 4238 ε

449 4311 452 4314 ’
545 4325 566 4358 ι
609 4306 757 4378 (ἳοῖ)
787 4305 845 4360 In
875 4304 970 4360 Dei
999 4305 1238 4366 nomine,
1271 4303 1468 4356 Notum
1498 4317 1618 4357 esse
1647 4300 1894 4356 volumus
1929 4314 2061 4355 cun-

467 4400 574 4455 etis
617 4399 890 4464 fidelibus,
946 4407 1057 4453 tam
1105 4397 1462 4469 prmsentibus
1493 4411 1656 4466 quam
1705 4394 1930 4459 futuris,
1961 4408 2061 4464 ego

2157 3218 2319 3272 quam
2351 3203 2530 3257 datam
2558 3217 2678 3258 esse
2701 3205 2768 3256 ab
2793 3203 2987 3257 abbate
3009 3203 3279 3258 Landrico
3305 3201 3524 3273 przefati
3549 3217 3755 3256 sumus.

2229 3293 2382 3349 Nunc
2411 3309 2540 3366 ergo
2563 3295 2724 3350 stilus
2753 3295 2818 3350 ad
2846 3297 3038 3351 cellam
3071 3297 3306 3351 Ledonis
3330 3295 3517 3352 Curia:
3536 3295 3759 3350 festinas

2143 3377 2613 3457 ‘vertatur,atque
2658 3400 2834 3442 curtas
2865 3390 3236 3442 tantutmuodo
3285 3389 3420 3442 duas
3457 3403 3589 3458 qua!
3631 3387 3759 3444 Lau-

2168 3478 2304 3532 drici
2349 3479 2561 3534 abbatis
2595 3489 2837 3549 tempore
2863 3481 3000 3534 data}
3045 3490 3168 3533 sunt
3213 3479 3550 3540 scribentes,
3603 3479 3756 3533 [intem
3840 3478 3842 3554 ζ

2163 3570 2463 3640 faciamus,
2516 3581 2570 3626 et
2614 3573 2694 3627 sic
2751 3573 2817 3624 ad
2853 3573 3065 3628 abbatis
3110 3570 3333 3626 IIubcrti
3381 3569 3536 3641 (203)
3582 3579 3755 3625 cattas

2161 3661 2394 3730 pcnnula
2425 3671 2609 3716 nostra
2637 3670 2842 3715 currat.

2632 3749 3034 3806 CAPITULUM
3073 3747 3308 3804 LXXIV.

2159 3848 2162 3852 ’
2235 3844 2310 3898 De
2339 3843 2468 3898 cella
2497 3827 2722 3898 Ledom’s
2752 3831 2927 3898 Curia!
2966 3841 3092 3896 data
3117 3859 3148 3896 a
3184 3841 3439 3896 Walterio
3473 3845 3691 3897 comite.
3719 3853 3722 3856 '

2632 3923 2634 3926 ’
2727 3931 2891 4004 (Feb.
2930 3948 2982 3986 τι.
3015 3927 3202 4002 1055.)

2237 4049 2255 4082 ι
2303 4029 2528 4084 Summe
2561 4027 2720 4098 (204)
2778 4025 3146 4082 necessarium
3174 4024 3468 4094 unicuique
3495 4035 3752 4088 nostrum,
3840 4033 3842 4098 ς

2163 4130 2222 4174 ut
2245 4137 2309 4174 cx
2333 4121 2421 4174 his
2449 4137 2569 4191 quae
2599 4121 2648 4173 in
2681 4120 2785 4174 hoc
2813 4119 3011 4173 mundo
3039 4125 3166 4172 sunt
3187 4116 3290 4172 sibi
3319 4131 3351 4172 a
3380 4118 3492 4172 Deo
3521 4118 3712 4172 collata
3733 4158 3746 4178 .
3840 4121 3842 4172 ῗ

2135 4222 2387 4282 propter
2412 4212 2889 4268 honorificentiam
2928 4209 3357 4280 Omnipotentis,
3402 4210 3684 4266 tecclesias
3708 4212 3751 4264 in

2134 4311 2477 4358 sanctorum
2537 4303 2805 4357 memoria
2833 4303 2940 4357 late
2990 4317 3086 4372 per
3138 4303 3324 4357 orbem
3377 4313 3751 4360 constmctas.
3840 4305 3842 4360 ἔ

2165 4396 2534 4466 apostolorum
2571 4395 2824 4449 videlicet
2867 4405 3286 4464 ceterorumque
3320 4404 3634 4448 sanctorum
3679 4393 3752 4445 lo-

470 4487 724 4542 videlicet
742 4459 1271 4553 Lambertusﬂilins
1304 4459 1589 4551 Ansber‘ti,
1623 4499 1744 4538 cum
1767 4459 2055 4553 Girberga,
2090 4498 2137 4554 ι)
2165 4459 2441 4558 cupletare
2487 4485 2825 4540 numerihus.
2861 4485 3089 4556 Dignum
3119 4459 3210 4539 est
3229 4485 3416 4552 itaque
3459 4481 3750 4552 apostolum

466 4589 662 4634 sorore
689 4595 838 4644 mea,
872 4593 1078 4633 necnon
1108 4588 1161 4632 et
1186 4579 1499 4649 propinquis
1543 4578 1744 4634 nostris
1772 4576 2054 4644 Guaningo

469 4681 526 4728 et
550 4673 674 4728 ﬁliis
695 4671 811 4741 ejus
832 4671 1091 4728 Gadilone
1114 4682 1275 4742 atque
1302 4673 1498 4743 Ingone
1515 4713 1529 4740 ,
1562 4681 1615 4729 et
1643 4673 1748 4727 filia
1772 4663 2054 4739 Girlierga,

470 4765 599 4836 quia
627 4774 870 4819 nostrum
897 4762 1135 4830 alodunt,
1164 4779 1322 4833 quem
1349 4765 1399 4818 in
1433 4765 1704 4819 territorio
1728 4763 2056 4819 Corbonensi

471 4861 701 4909 actenus
742 4854 1076 4908 hereditario
1100 4853 1221 4922 jure
1267 4855 1637 4923 possedimus,
1669 4853 1936 4910 Girvardo
1962 4855 2060 4908 mi-

469 4945 550 5002 liti
603 4945 865 5018 fratrique
913 4961 1013 5002 suo
1052 4944 1385 5011 Gertranno,
1420 4945 1591 5000 Odoni
1637 4957 1854 5016 quoque
1900 4953 2062 5015 atque

475 5039 775 5110 Ildcgario,
831 5038 1258 5094 transfundendo
1303 5038 1686 5104 tlistrahimus;
1736 5037 2064 5107 accipientes

437 5121 440 5124 ’
475 5131 542 5186 ab
574 5133 653 5187 eis
680 5134 731 5185 iu
758 5142 982 5203 argento
1005 5131 1173 5186 XXIII
1212 5131 1413 5186 solidos
1443 5124 1938 5184 nummorumflist
1970 5147 2065 5182 au-

476 5231 586 5277 tem
621 5221 807 5277 alodus
847 5224 991 5292 ipse,
1042 5237 1203 5292 quem
1239 5221 1548 5284 vendimus,
1591 5221 1642 5273 iu
1665 5219 1790 5273 villa
1821 5219 2066 5274 Coudato

477 5313 731 5379 nomine,
762 5329 883 5368 cum
913 5315 1075 5369 terris
1103 5315 1262 5370 cultis
1307 5322 1362 5368 ct
1407 5312 1624 5368 incultis
1648 5353 1661 5375 ,
1693 5313 1861 5382 pratis
1886 5321 1938 5366 et
1969 5327 2062 5381 pa-

477 5403 658 5471 scuis,
689 5418 923 5475 areaque
969 5406 1265 5462 molendiui
1312 5405 1472 5460 unius
1500 5413 1664 5476 super
1691 5404 1932 5460 Otlanam
1969 5400 2068 5456 flu-

550 5556 700 5627 (201)
730 5554 825 5610 Sic
855 5556 907 5610 in
940 5556 1095 5610 codd.

551 5625 700 5698 (202)
759 5627 1016 5682 Confecta
1050 5638 1134 5682 est
1159 5627 1348 5682 charta
1400 5628 1503 5683 ista
1565 5635 1806 5696 tempore
1857 5625 2068 5696 [lagon-

479 5697 615 5754 fredi
636 5739 662 5770 ,γ
688 5699 927 5770 episc0pi
961 5698 1334 5770 Caruotcnsis.

553 5769 703 5843 (205)
726 5767 1051 5840 Complures
1080 5769 1237 5838 hujus
1264 5767 1486 5826 IIuherli
1529 5770 1733 5828 charta)
1763 5767 1874 5840 jam
1907 5781 2069 5838 supra

2160 4569 2622 4650 Pctruuiplacare
2651 4596 2810 4648 quam
2850 4578 3069 4648 optimis
3114 4577 3268 4632 donis
3293 4617 3308 4643 ,
3350 4577 3442 4646 qui
3491 4589 3752 4629 summum

2161 4684 2307 4728 tenet
2344 4673 2551 4742 apicem
2594 4687 2622 4724 a
2667 4670 2893 4724 Domino
2940 4669 3135 4741 ligandi
3167 4668 3521 4736 solveudique
3565 4679 3747 4736 pecca-
3840 4681 3842 4698 ι

2163 4765 2367 4817 minum
2397 4778 2567 4817 nexus
2589 4762 2641 4816 in
2692 4770 2832 4816 terra
2853 4771 2908 4814 ct
2933 4762 2984 4814 in
3009 4760 3172 4815 co-lo.‘
3197 4759 3402 4813 Iccirco
3424 4759 3548 4829 ego,
3580 4768 3752 4811 comes

2162 4853 2589 4923 Walterius,pro
2601 4853 2771 4907 salute
2785 4853 2976 4906 anima:
2992 4856 3123 4906 nuce
3135 4859 3186 4905 et
3200 4849 3747 4904 remedioauimarum

2169 4955 2584 5002 antecessorum‘
2614 4957 2890 5010 meorum,
2935 4943 3090 4998 laude
3135 4942 3372 4997 fidelium
3409 4949 3742 4996 nostrorum.

2133 5041 2136 5044 ’
2165 5030 2499 5108 superiorem
2539 5037 2842 5092 mcclesiam
2879 5035 3114 5090 Ledouis
3141 5034 3320 5088 Curia:
3351 5032 3610 5086 fratribus
3635 5039 3744 5082 cce.

2131 5130 2311 5183 'nobii
2343 5128 2537 5183 sancti
2584 5129 2725 5182 Petri
2775 5127 3144 5186 Carnotensis,
3175 5141 3272 5195 per
3323 5123 3744 5192 tlrpzeeatiorem

2166 5218 2417 5276 Landrici
2451 5221 2691 5281 abbatis,
2728 5217 2964 5275 concedo
3004 5230 3167 5288 atque
3197 5217 3484 5279 submitte;
3511 5210 3747 5283 quatinus

2168 5313 2424 5368 monachi
2453 5311 2694 5380 ejusdem
2727 5310 2960 5365 (δαδκοῦῑί
2992 5309 3215 5363 liberam
3251 5309 3490 5362 hahcant
3513 5311 3568 5358 et
3587 5299 3743 5370 [mssi-

2169 5405 2366 5468 dcaut‘,
2407 5405 2547 5459 sicut
2584 5417 2683 5474 ego
2704 5444 2720 5468 ,
2753 5410 2806 5457 et
2837 5411 2996 5472 pater
3035 5413 3189 5455 meus
3217 5399 3392 5454 Droco
3424 5407 3622 5453 comes,
3647 5387 3742 5441 ω’

2169 5557 2326 5612 edita:
2375 5569 2532 5621 sunt;
2565 5571 2658 5612 eas
2688 5555 2930 5626 ejusdem
2962 5555 3210 5616 abbatis,
3245 5567 3366 5622 qua:
3404 5549 3516 5607 solo
3542 5549 3588 5601 in
3616 5539 3738 5594 cod.

2169 5628 2210 5682 Β
2239 5627 2569 5698 referuntur,
2598 5643 2719 5698 Ilios
2745 5642 2960 5698 (ιιιρίιίξε
2983 5629 3293 5698 υἷοί¹θ¹¹¹¹¹δ·
3372 5690 3478 5698 __--.
3560 5685 3572 5698 .

2241 5697 2429 5824 {205432
2452 5690 2640 5755 Exstat
2699 5690 2947 5752 in'Gu'll.
2983 5690 3217 5759 'Christ”
3272 5703 3314 5747 t.
3372 5690 3508 5786 VIII,
3557 5690 3734 5748 ἱιιςυο,

2172 5785 2236 5825 co
2263 5809 2275 5824 .
2436 5808 2448 5821 .
3314 5794 3317 5796 -

3840 2285 3842 2422 |
