3842 6308
441 332 550 362 ῗιπ

85 375 175 432 εις)
405 345 470 364 ”’
494 345 545 362 ⁷⁷
735 364 962 432 verus
993 345 1250 430 AGANO.
1287 372 1507 429 —us.
1537 371 1649 428 vu.
1687 372 2079 438 LANDRICUS
2117 376 2206 433 ET
2245 376 2639 438 nussnrus.
3231 347 3362 448 550‘

55 490 278 567 .buimus
315 493 374 543 et
415 487 784 556 possedimus.
845 499 1055 546 remota
1088 489 1236 547 omni
1262 488 1732 553 consuetudineA
1760 487 1960 558 levam,
2024 500 2189 564 atque
2239 494 2589 551 medietatem
2638 497 2823 554 tributi
2873 499 3138 569 Calcedze,
3197 505 3340 564 sicut

81 589 129 638 et
153 577 516 651 inquietudine
543 579 931 636 archidiaconi.
961 581 1216 638 Concedo
1244 583 1410 637 etiam
1443 591 1648 638 terram
1753 581 1968 638 Trenna
1993 597 2134 653 aqua
2181 584 2374 640 currit.
2403 584 2558 655 Quae,
2583 590 2831 659 quamvis
2879 592 3166 651 videantur
3215 613 3336 658 esse

81 675 202 730 intra
228 671 444 738 vallem,
480 672 625 729 sicut
647 673 777 730 olim
816 684 1059 732 castrum
1086 673 1256 732 fuisse
1279 675 1522 741 videtur;
1556 675 1650 730 de-
1749 675 1892 732 dona
1927 678 2274 746 parvissima,
2307 687 2512 746 tamen,
2542 682 2668 753 quia
2699 683 2803 740 ﬁde
2840 685 2998 757 plena
3020 697 3077 744 et
3123 689 3336 763 integra

77 768 250 823 simam
275 779 495 836 quoque
523 767 792 837 pecudum
829 778 994 838 atque
1013 767 1420 838 iumentorum,
1447 767 1649 824 cande-
1747 765 2035 823 devotione
2061 768 2177 824 haec
2203 784 2466 841 exequor,
2497 788 2841 844 nequaquam
2894 777 3208 838 incredulus
3241 799 3336 840 ero

75 858 164 914 lam
201 867 254 914 et
297 873 532 928 panem,
603 874 814 917 necnon
858 859 915 917 et
970 861 1310 932 sepulturam
1361 863 1644 918 hominum

75 948 185 1006 inibi
225 947 623 1012 habitantium;
653 949 880 1007 inferius
929 967 1146 1026 quoque
1191 968 1363 1008 unum
1393 951 1643 1019 furnum,

73 1057 176 1098 cum
210 1050 350 1098 terra
396 1041 452 1098 in
530 1058 636 1114 qua
665 1043 804 1100 situs
856 1054 976 1108 est.
1028 1045 1122 1116 qui
1157 1046 1414 1102 omnibus
1455 1046 1644 1105 incolis

71 1133 418 1204 superioribus
449 1146 511 1190 et
562 1134 913 1194 inferioribus
953 1138 1028 1193 sit
1065 1138 1396 1209 singularis:
1422 1141 1564 1209 quod
1595 1141 1643 1197 si

72 1229 197 1284 solus
217 1244 319 1284 non
347 1228 555 1286 sullicit
576 1232 847 1292 omnibus.
876 1249 1036 1288 nemo
1061 1231 1290 1289 alterum
1318 1244 1641 1304 potestatem

71 1320 328 1374 editicandi
361 1321 602 1384 habeat.
656 1339 833 1394 neque
869 1325 1096 1380 inferius
1133 1341 1307 1395 neque
1347 1332 1597 1397 superius
1621 1370 1638 1397 ,

72 1411 154 1465 nisi
182 1411 428 1468 monachi
457 1427 696 1483 quorum
740 1413 846 1469 erit
887 1414 1312 1471 emolumentum
1359 1414 1526 1472 furni.
1560 1417 1639 1476 Do

70 1503 207 1558 etiam
231 1519 327 1574 per
365 1519 602 1576 campos
646 1515 848 1560 terram
878 1516 1142 1576 quantum
1179 1518 1424 1564 aratrum
1449 1525 1638 1565 eorum

73 1611 208 1652 arare
261 1597 500 1668 poterit,
539 1615 666 1654 cum
716 1599 958 1663 decima;
1009 1616 1115 1654 non
1148 1600 1304 1669 longe
1345 1603 1542 1673 quippe
1569 1603 1638 1660 ab

70 1689 279 1745 ecclesia
336 1690 642 1747 molendini
703 1693 863 1747 unius
912 1693 1255 1748 medietatem
1294 1703 1346 1749 et
1404 1696 1638 1764 piscato-

70 1781 181 1837 riam
221 1797 376 1838 unam
399 1783 457 1839 in
491 1783 636 1839 Villa
668 1782 835 1839 Nova.
865 1783 1164 1841 Assensnm
1193 1787 1426 1856 denique
1454 1788 1635 1843 omni-

1747 857 1896 916 illius
1939 859 2102 932 elogii
2138 861 2369 920 dicentis
2404 881 2419 919 :
2463 863 2570 932 Qui
2615 865 2819 923 dederit
2862 879 3070 925 tantum
3117 874 3336 930 calicem

1744 967 1898 1023 aquis
1928 953 2138 1026 frigidis
2163 955 2218 1011 in
2249 957 2458 1015 nomine
2488 958 2721 1024 Domini,
2751 963 3042 1018 mercedem
3088 967 3331 1037 accipiet.

1749 1042 1819 1100 Ut
1846 1045 1992 1101 enim
2035 1047 2112 1100 ait
2158 1046 2437 1118 Scriptura
2470 1064 2486 1105 :
2528 1050 2766 1123 Regnum
2807 1052 2903 1108 Dei
2952 1065 3158 1111 tantum
3198 1058 3334 1114 valet

1742 1146 1996 1207 quantum
2026 1137 2205 1193 habes.
2240 1137 2450 1196 Placuit
2471 1142 2636 1197 etiam
2664 1143 2807 1199 hanc
2835 1154 3064 1212 cartam,
3094 1157 3153 1201 nt
3190 1163 3335 1203 seme

1743 1243 1842 1298 per
1867 1227 2182 1285 inconvulsa
2209 1242 2543 1300 permaneat,
2569 1249 2733 1289 manu
2761 1235 2943 1291 domni
2969 1238 3074 1292 mei
3119 1238 3332 1294 Walte-

1744 1320 1810 1374 rii
1839 1321 2054 1377 comitis
2083 1332 2140 1378 et
2161 1337 2279 1378 mea
2302 1333 2464 1395 atque
2486 1329 2728 1382 omnium
2753 1338 3061 1385 nostrorum
3090 1330 3331 1387 ﬁdelium

1743 1414 2091 1482 praesentium
2138 1415 2390 1472 manibus
2443 1419 2917 1498 corroboraritet
2956 1421 3101 1478 inter
3145 1432 3330 1478 cetera

1742 1506 1968 1562 donaria
1991 1507 2044 1562 in
2067 1507 2307 1564 archivis
2335 1511 2654 1566 monasterii
2677 1513 2898 1582 reponi;
2927 1512 3184 1583 quatinus
3209 1528 3329 1569 mo-

1740 1598 1899 1653 nacbi
1959 1597 2169 1670 przel‘ati
2235 1601 2469 1657 caanobii
2508 1617 2597 1659 res
2650 1605 2804 1658 datas
2847 1620 2878 1659 a
2929 1619 3036 1670 me,
3087 1603 3330 1674 quandiu

1741 1690 1977 1745 mundus
2020 1689 2342 1760 perstiterit,
2401 1691 2654 1748 habendo
2695 1693 3010 1762 possideant
3058 1702 3115 1749 et
3157 1692 3330 1764 possi-

1741 1782 1919 1837 dendo
1944 1782 2199 1848 habeant,
2231 1791 2394 1854 atque
2439 1799 2656 1856 semper
2701 1799 2802 1854 pro
2854 1785 3059 1842 nostris
3115 1784 3328 1842 delictis

70 1876 152 1928 bus
177 1869 304 1929 meis
334 1873 598 1931 ﬁdelibus
633 1872 881 1947 praebeo,
915 1878 1174 1946 quatinus
1213 1877 1281 1932 de
1306 1849 1468 1934 rebus
1512 1894 1638 1948 pro-
1669 1849 1713 1905 Β
1740 1874 1908 1930 Deum
1939 1883 2188 1942 exorent,
2219 1849 2411 1943 ut,-vel
2441 1877 2497 1933 in
2548 1849 2739 1933 ultimo
2782 1878 3053 1942 examine,
3099 1891 3129 1930 a
3176 1876 3329 1945 justo

68 1964 176 2033 priis
200 1979 327 2035 quas
348 1980 417 2021 ex
447 1975 647 2022 nostro
685 1967 953 2023 beneﬁcio
995 1968 1250 2022 videntur
1273 1977 1459 2024 tenere
1478 2009 1495 2035 ,
1528 1979 1636 2025 tam

69 2053 113 2108 in
141 2061 281 2112 terris
307 2073 474 2128 quam
505 2057 567 2112 in
600 2058 860 2124 decimis,
896 2058 1171 2114 licentiam
1201 2059 1440 2115 habeant
1471 2060 1635 2116 dandi

69 2156 225 2204 sancto
261 2147 454 2216 Petro,
483 2158 554 2205 ut
593 2153 857 2222 prafatus
899 2159 1081 2218 locus,
1129 2153 1217 2208 cui
1265 2153 1514 2218 dedimus
1534 2155 1638 2210 ini-

69 2238 202 2305 tium,
252 2241 597 2296 deserviatur
651 2257 682 2298 a
733 2244 1019 2299 monachis
1068 2243 1156 2300 die
1205 2254 1511 2318 noctuque;
1578 2255 1637 2302 et

68 2343 153 2384 non
175 2330 334 2385 solum
363 2347 463 2402 per
489 2346 614 2396 me,
645 2333 740 2389 sed
765 2334 930 2390 etiam
955 2349 1052 2405 per
1079 2333 1265 2392 ﬁdeles
1305 2350 1477 2403 meos,
1539 2351 1636 2391 au-

71 2432 369 2492 gmentetur,
408 2434 470 2481 ut
495 2425 725 2497 pariter,
766 2427 928 2482 beato
964 2427 1127 2484 Petro
1180 2428 1426 2498 apostolo
1468 2432 1637 2484 inter.

73 2515 314 2585 veniente,
335 2533 364 2571 a
392 2528 754 2589 peccatorum
779 2520 1016 2576 vinculis
1043 2520 1300 2587 absoluti,
1325 2537 1636 2578 mereamur

70 2606 112 2660 in
134 2607 422 2666 cteiestibus
469 2611 668 2682 regnis
707 2621 1022 2668 sanctorum
1069 2611 1315 2668 onmium
1350 2623 1634 2671 consortes

70 2698 192 2766 ﬁeri,
229 2703 383 2760 bonis
433 2703 628 2776 adepti
665 2717 884 2761 aeterna:
925 2705 1130 2777 glorize.
1179 2705 1238 2762 Si
1281 2709 1405 2778 quis
1450 2716 1634 2764 autem

1731 1964 1915 2035 judice
1944 1967 2054 2023 Deo
2077 1981 2386 2024 mercamus
2405 1969 2622 2024 veniam
2643 1978 2954 2025 nostrorum
2977 1967 3326 2024 delictorum.

1739 2060 1797 2115 Si
1827 2059 1951 2130 quis
1970 2069 2150 2117 autem
2180 2061 2441 2132 profanus
2472 2059 2764 2130 aliquando
2793 2062 2937 2118 hanc
2957 2073 3184 2119 icartam
3211 2059 3328 2117 νεο-

1737 2151 1854 2206 lare
1895 2151 2261 2223 temptaverit,
2300 2151 2404 2208 nisi
2446 2155 2556 2208 cito
2579 2153 2870 2223 resipuerit
2909 2162 2966 2209 et
3009 2154 3077 2208 ad
3106 2151 3298 2210 satisfa
3324 2187 3340 2236 ο,

1737 2241 1935 2297 ctionis
1970 2241 2266 2298 remedium
2286 2241 2609 2314 confugerit,
2634 2257 2756 2297 cum
2783 2243 2992 2298 Dathan
3014 2253 3069 2299 et
3093 2243 3326 2309 Abiron,

1735 2347 1876 2403 quos
1911 2347 2024 2388 suae
2050 2332 2420 2402 presuntionis
2451 2332 2649 2388 merito
2674 2333 2826 2388 vivos
2856 2341 2997 2388 terra
3020 2333 3348 2399 obsorbuit,’

1739 2431 1796 2479 et
1823 2439 1946 2479 cum
1977 2424 2064 2479 his
2093 2423 2186 2492 qui
2214 2423 2503 2478 Dominum
2531 2423 2940 2492 crucifixerunt,
2970 2423 3168 2479 inferni
3188 2424 3326 2495 igni-o

1736 2515 1839 2572 bus
1861 2515 2244 2586 vermibusque
2272 2530 2552 2586 nunquam
2590 2515 2872 2571 morituris
2905 2516 3170 2571 tradatur.
3212 2513 3336 2596 No-_

1734 2607 1884 2664 mina
1907 2621 2122 2676 quoque
2148 2609 2629 2662 corroboratorum
2653 2607 2962 2676 subscripta
3025 2605 3218 2660 lectori
3249 2605 3328 2660 le-

1733 2690 1908 2770 g'enda
1931 2696 2220 2754 ostendere
2266 2697 2600 2763 curavimus,
2658 2708 2722 2753 ut
2763 2697 2980 2752 occasio
3033 2697 3086 2750 in
3137 2705 3326 2752 nostro

1733 2804 1902 2862 opere
1955 2789 2100 2844 nulla
2161 2789 2470 2846 inveniatur
2515 2792 2584 2848 ab
2634 2790 2819 2860 aliquo
2869 2781 3338 2860 calumpniatore.‘

1735 2885 1870 2941 Data
1909 2899 2054 2940 anno
2074 2882 2246 2938 XXIX
2269 2884 2419 2954 regni
2457 2882 2700 2939 ﬂainrici
2731 2881 2897 2953 regis,
2927 2891 2984 2936 et
3012 2881 3186 2952 posita
3218 2877 3336 2970 ρειαί

1733 2975 1873 3032 blice
1900 2991 2061 3048 super
2087 2977 2261 3032 altare
2287 2976 2462 3032 sancti
2491 2975 2640 3031 Petri
2665 2973 2899 3032 Ledonis
2939 2974 3135 3032 Curire.
3169 2972 3336 3060 Wal-i

1735 3069 1906 3125 terius
1929 3083 2135 3124 comes.
2165 3068 2363 3140 Drogo,
2387 3068 2481 3138 qui
2510 3067 2614 3122 hoc
2645 3065 2870 3140 largitus
2924 3079 3028 3123 est.
3073 3065 3335 3146 Guarneﬁ

1733 3159 1848 3214 rius
1887 3159 1953 3214 de
1983 3158 2153 3214 Ponte
2171 3157 2350 3214 Iserat.
2383 3157 2691 3214 Rodbertus
2741 3157 2958 3213 Calvus.
3001 3147 3338 3250 Balduinusd

70 2794 364 2864 pmphanus,
391 2796 678 2853 diabolico
719 2799 1004 2862 instinctu,
1059 2799 1200 2854 hanc
1249 2807 1458 2855 cartam
1504 2815 1634 2856 con-

72 2886 340 2943 tradicendo
383 2889 684 2945 adnullare
737 2891 1122 2960 temptaverit,
1161 2905 1258 2948 ore
1287 2889 1382 2946 Dei
1414 2899 1472 2948 et
1509 2907 1631 2947 om.

71 2977 189 3032 nium
222 2990 542 3036 sanctorum
592 2983 1128 3047 excommunicatus,
1189 2983 1293 3038 nisi
1341 2984 1632 3056 resipuerit

69 3060 432 3136 satisfaciendo,
481 3083 842 3143 permaneat,
887 3082 946 3130 et
987 3075 1105 3130 auri
1154 3074 1320 3132 libras
1349 3075 1398 3131 X
1427 3076 1632 3148 phis-cis

73 3157 498 3231 regispersolvat,
555 3163 816 3234 nisusque
862 3163 981 3234 ejus
1028 3166 1274 3222 inellicax
1327 3177 1626 3224 remaneat.

72 3227 241 3303 Placuit
260 3252 420 3307 etiam
445 3227 664 3309 cartam
687 3227 846 3322 hanc,
873 3227 931 3309 ut
952 3255 1263 3312 inconvulsa
1291 3268 1629 3330 permaneat,
1659 3227 1706 3292 (ἶ
1737 3251 2040 3307 Amalricus
2059 3251 2126 3306 de
2145 3248 2316 3306 Ponte
2337 3248 2512 3305 lserae.
2540 3247 2733 3305 Ericus
2755 3248 2822 3304 de
2842 3247 3111 3304 Medanta.
3139 3231 3336 3303 Abbas1

75 3356 204 3397 manu
227 3345 437 3416 propria
497 3361 630 3402 cum
656 3346 836 3404 crucis
879 3348 1065 3418 signo,
1112 3350 1488 3418 corroborari;
1521 3366 1637 3407 ma-

72 3435 294 3510 nibusque
318 3456 575 3498 meorum
608 3440 1340 3501 ﬁdelium-corroborandum
1381 3445 1519 3502 tradi
1551 3462 1638 3502 ra-

74 3539 161 3583 tum
185 3528 456 3601 duximus,
504 3548 740 3604 quorum
765 3535 980 3590 nomina
1006 3535 1313 3606 subscripta
1343 3537 1632 3593 habentur.

75 3617 238 3690 bieqne
263 3623 540 3680 dominica
572 3639 694 3695 quae
719 3624 918 3680 dicitur
937 3624 1114 3692 LXX,
1141 3641 1286 3682 anno
1310 3624 1500 3683 XXIIII
1548 3643 1637 3684 re-

73 3713 142 3782 gni
167 3713 391 3776 IIainrici
414 3718 594 3790 regis,
617 3733 779 3790 super
808 3718 981 3775 altare
1003 3719 1178 3776 sancti
1205 3719 1353 3776 Petri
1377 3720 1631 3789 Gesiaco,

71 3821 166 3874 quae
201 3811 395 3880 prmfati
429 3811 573 3868 cella
615 3821 702 3868 est
749 3812 1021 3880 cenobii,
1069 3811 1281 3883 publice
1329 3812 1630 3883 posuimus.

75 3895 338 3975 'I’eduinus,
379 3909 694 3966 vicecomes
722 3908 988 3967 Hellentis
1031 3910 1222 3967 castri.
1254 3909 1458 3980 Gualo,
1487 3910 1632 3968 vice-

74 4005 223 4052 comes
265 4001 429 4056 castri
495 4000 672 4058 Calidi
746 4000 965 4060 Montis.
1034 4001 1306 4060 Nivardus
1329 4003 1396 4058 de
1450 4003 1632 4062 Monte

77 4081 214 4143 Forti.
242 4089 512 4149 Radulfus
548 4093 722 4151 Malus
764 4094 1006 4152 Vicinus.
1046 4095 1360 4154 Gualterius
1395 4098 1463 4153 de
1494 4095 1632 4153 Pen-

76 4171 210 4234 siaeo.
239 4180 408 4256 Dmgo
437 4185 514 4241 de
535 4184 802 4243 Cullante.
845 4187 1183 4246 Guarnerius
1231 4197 1288 4245 et
1322 4188 1629 4244 Amalricus

77 4267 130 4324 de
171 4270 326 4332 Ponte
396 4277 586 4335 Isarae.
643 4277 911 4337 Badull‘us
961 4280 1254 4339 Delicatus.
1330 4280 1628 4338 Walterius

79 4353 300 4424 Francus.
323 4369 524 4427 Ericus
548 4382 604 4427 et
631 4370 960 4444 Ingelerius,
993 4373 1214 4431 fratres.
1264 4393 1284 4427 ι

507 4460 904 4519 CAPITULUM
927 4461 1138 4519 LXXV.

64 4605 71 4634 ,
222 4549 292 4608 De
314 4563 454 4609 terra
476 4555 607 4610 data
630 4571 663 4610 α
687 4555 930 4610 Dracone
951 4555 1005 4610 in
1028 4553 1248 4611 Laconis
1285 4555 1443 4610 Villa.

65 4635 68 4646 '
321 4653 328 4658 ·
635 4645 816 4718 (Anno
843 4645 1025 4718 I060.)

137 4751 154 4787 ι
179 4735 385 4797 Cunctis
411 4748 620 4796 sanctae
645 4738 742 4796 Dei
767 4737 1027 4796 aecclesia:
1050 4739 1320 4808 ﬁdelibus,
1350 4747 1459 4794 tam
1487 4755 1627 4812 pra:-

79 4828 284 4887 sentihus
326 4849 491 4904 quam
541 4831 761 4900 futuris,
808 4841 998 4889 notum
1045 4847 1166 4888 esse
1213 4831 1479 4898 volumus,
1523 4845 1626 4904 ego

82 4914 225 4978 Droco
251 4925 312 4981 de
345 4925 600 4983 Cuﬂante
628 4936 836 4995 castro,
861 4927 1004 4982 intra
1062 4925 1371 4996 Sequanam
1402 4924 1626 4981 ﬂuvium

81 5007 184 5077 tito,
217 5019 482 5086 quoniam,
523 5033 624 5088 pro
663 5017 904 5075 remedio
933 5018 1132 5073 anima:
1169 5032 1302 5072 meae
1333 5025 1498 5088 atque
1525 5032 1625 5088 pro

83 5103 325 5166 animabus
341 5122 626 5182 parentum
651 5127 919 5178 meorum,
949 5126 1175 5169 assensu
1202 5111 1438 5166 ﬁdelium
1475 5129 1625 5170 meo-

85 5205 180 5274 rum
216 5209 368 5274 atque
419 5204 800 5274 deprecatione
849 5201 1104 5259 Landrici
1149 5202 1362 5259 abbatis
1411 5206 1622 5262 cenobii

87 5286 409 5360 Carnotensis,
435 5308 620 5354 sancto
649 5294 813 5352 Petro
839 5295 1074 5352 Ledonis
1099 5293 1298 5361 Cariae,
1327 5310 1447 5367 quae.
1489 5297 1625 5353 cella

87 5383 483 5442 essedinoscitur
511 5386 862 5443 Carnotensis
898 5384 1156 5452 cenobii,
1197 5385 1320 5440 data
1373 5385 1626 5442 videlicet

91 5483 114 5522 ι
137 5474 308 5534 comite
329 5473 617 5544 Walterio,
639 5479 814 5536 libens
833 5478 1050 5550 quidem
1079 5476 1354 5545 donando,
1381 5477 1623 5535 concedo

75 5559 132 5646 .in
154 5562 358 5626 lacunis
385 5571 518 5628 Villa
541 5571 630 5628 VII
653 5571 896 5644 hospites
919 5569 1212 5642 plenarios,
1236 5585 1358 5628 cum
1385 5567 1621 5641 quadam

94 5667 216 5722 μηε
236 5661 395 5731 bosci,
425 5667 560 5723 sicut
586 5663 802 5736 publica
856 5664 947 5720 via
993 5661 1279 5720 Belvacina
1315 5662 1504 5719 dividit
1546 5663 1617 5720 ad

1736 3345 2055 3401 Landricus.
2084 3343 2337 3400 Albertus
2374 3343 2691 3399 monachus.
2731 3341 3069 3399 Gislemarns
3128 3355 3322 3396 mona-

1736 3440 1892 3494 chus.
1929 3439 2258 3494 Rodbertus.
2309 3435 2638 3495 Gausfridus
2687 3434 2929 3507 Bigotus.
2989 3429 3336 3499 Bernardus,‘

1742 3529 1982 3585 Vulmari
2036 3527 2197 3584 filius.
2249 3526 2494 3583 Oduinus
2535 3525 2728 3598 major.
2769 3523 3102 3591 Bernardus,
3155 3537 3322 3594 nepos

1735 3620 2040 3678 Gislemari.
2077 3641 2096 3672 ι

2177 3709 2577 3768 CAPITULUM
2619 3706 2852 3765 LXXVI.

1851 3802 1930 3859 De
1947 3803 2290 3859 conventione
2312 3799 2615 3858 Gauscelini
2637 3801 2704 3855 de
2729 3797 2994 3870 Fraganis
3031 3795 3188 3852 Villa.

2307 3895 2470 3966 (Ante
2489 3909 2544 3952 a.
2571 3891 2752 3965 1070.)

1809 4009 1832 4044 ε
1860 3989 2160 4048 Conveutio
2177 3987 2487 4046 Gauscelini
2503 3983 2780 4044 Gausfridi
2802 3983 2870 4040 de
2903 3983 3163 4056 Fragauis
3183 3983 3322 4041 Villa

1731 4107 1855 4148 cum
1885 4090 2079 4147 abbate
2108 4087 2381 4144 Landrico
2402 4083 2638 4142 caanobii
2672 4082 2845 4140 sancti
2877 4079 3049 4146 Petri,
3107 4091 3165 4137 ut
3191 4077 3335 4150 sibi,‘

1731 4182 1858 4239 dum
1905 4181 2137 4245 viveret,
2198 4180 2251 4234 in
2288 4177 2448 4234 Manu
2496 4175 2720 4242 Villare,
2770 4173 3095 4244 aripennum
3150 4189 3320 4228 unum

1731 4286 1893 4330 terrae
1922 4271 2092 4328 abbas
2126 4268 2451 4326 concederet
2480 4269 2547 4322 ad
2593 4263 3022 4324 construendum
3070 4263 3141 4319 ibi
3191 4255 3335 4344 hor-'l

1730 4385 1882 4428 reum
1909 4382 2109 4433 unum;
2141 4382 2208 4422 co
2231 4364 2437 4422 scilicet
2466 4372 2653 4420 tenore
2679 4369 2738 4416 ut
2773 4357 3034 4431 quicquid
3063 4359 3218 4414 vivus
3242 4358 3316 4415 ibi

1732 4472 2040 4536 reponeret,
2065 4469 2258 4517 sancto
2282 4458 2446 4515 Petro
2477 4466 2722 4513 mortuus
2743 4455 3062 4519 dimitteret,
3091 4461 3148 4509 et
3168 4453 3336 4538 iusu~_

1729 4574 1826 4630 per
1851 4557 2068 4614 alodum
2095 4553 2373 4627 proprium
2396 4553 2450 4607 in
2472 4550 2597 4607 villa
2617 4563 2737 4620 qua!
2757 4557 2986 4606 vocatur
3010 4546 3316 4611 Hulsetum,

1726 4651 1883 4721 cujus
1925 4650 2069 4706 alodi
2099 4644 2250 4720 (205)
2299 4645 2478 4702 cultor
2536 4651 2660 4700 erat
2710 4641 3008 4714 Suggerius
3053 4639 3336 4694 rnsticus.‘

1725 4742 1847 4799 Non
1877 4739 2051 4796 solum
2080 4746 2261 4794 autem
2305 4736 2475 4792 abbas
2523 4734 2628 4790 hoc
2676 4733 2968 4794 concessit,
3017 4739 3102 4786 set
3151 4730 3322 4786 etiam

1727 4835 1947 4890 domum
1971 4845 2157 4897 unam,
2180 4843 2300 4901 quae
2319 4829 2373 4884 in
2396 4827 2806 4897 LuciaCosuper
2827 4821 3050 4896 prmium
3079 4820 3320 4892 quodam

1725 4936 1867 4993 erat,
1900 4925 1968 4980 ad
2001 4922 2422 4980 construendum
2461 4919 2740 4982 horreum,
2771 4930 2896 4970 cum
2927 4914 3118 4968 decem
3161 4927 3348 4965 num--

1729 5033 1944 5076 morum
1982 5015 2170 5072 solidis
2221 5015 2389 5070 dedit.
2440 5011 2546 5078 Qui
2593 5006 2938 5069 Gausfridns,
2983 5001 3320 5074 praenomine

1727 5093 2134 5174 Gauscelinu‘s,‘
2170 5105 2355 5162 statim
2402 5115 2462 5158 ut
2506 5098 2819 5170 impetravit
2863 5095 3006 5165 quod
3065 5093 3318 5162 petierat,

1729 5219 1853 5260 cum
1883 5215 2054 5256 uxore
2079 5208 2136 5254 et
2161 5196 2369 5261 liberis,
2394 5209 2558 5265 super
2578 5193 2750 5247 altare
2782 5187 2956 5244 sancti
2997 5185 3144 5242 Petri
3173 5184 3318 5240 alodi

1729 5295 1928 5352 donum
1953 5290 2153 5364 posuit,
2182 5297 2259 5355 et,
2281 5288 2409 5342 dum
2435 5287 2659 5350 viveret,
2689 5282 2880 5339 statuit
2933 5278 3318 5336 investituram

1729 5387 1956 5461 singulis
1986 5383 2147 5441 annis
2176 5389 2408 5453 quatuor
2429 5389 2679 5434 nummos
2725 5384 2924 5438 sancto
2970 5372 3135 5462 Petro
3175 5367 3315 5462 dari.

1734 5459 1852 5552 Quo
1878 5487 2110 5542 mortuo,
2145 5473 2242 5530 lilii
2273 5471 2389 5542 ejus
2415 5482 2470 5529 et
2489 5470 2708 5544 plurimi
2743 5477 3021 5542 nepotum,
3045 5499 3050 5502 -
3071 5461 3173 5529 pro
3197 5459 3318 5516 ani-

1736 5589 1823 5630 ma
1853 5569 2092 5636 defuncti
2119 5576 2176 5622 et
2200 5581 2297 5623 sua
2332 5564 2528 5629 salute,
2556 5562 2790 5638 publice,
2843 5557 3101 5620 secundo,
3154 5561 3318 5622 super

1743 5663 1915 5734 altare
1935 5659 2108 5720 sancti
2127 5656 2275 5714 Petri
2301 5655 2508 5716 mutati
2536 5653 2677 5710 alodi
2704 5654 2902 5709 donum
2933 5650 3314 5719 reposuerunt.

149 5771 276 5847 (305)
303 5777 394 5836 llic
419 5779 613 5838 desinit
643 5779 766 5836 cod.
803 5779 873 5840 Α.
909 5778 1171 5836 extremis
1199 5777 1345 5836 foliis
1397 5776 1622 5839 avulsis.
1655 5779 1787 5849 Quae
1815 5780 1883 5838 ad
1909 5778 2052 5836 hanc
2073 5784 2282 5848 partem
2304 5774 2533 5832 primam
2573 5770 2898 5831 adiecimus,
2925 5781 2988 5821 ea
3017 5779 3084 5819 ex
3115 5771 3234 5816 eoo.
3270 5754 3316 5810 Β

98 5852 271 5914 inrupta
297 5862 432 5906 sunt.

371 5943 637 6007 Ριτιοι.
683 5941 871 6005 CLV..

2962 5923 3025 5982 11
