3842 6308
566 297 625 352 ει
1488 287 1695 346 PAULI
1733 287 1791 348 S.
1831 286 2038 345 PETRI
2075 285 2556 349 CARNOTENSIS
2599 291 2904 351 MONACIII
3143 361 3150 368 ο
3638 305 3715 366 533

530 409 637 464 Pro
658 422 761 479 qua
793 421 850 462 re
880 402 1203 462 beneficium
1235 417 1267 458 a
1299 402 1582 459 monachis
1606 401 1916 457 orationum
1947 400 2108 456 bene-
2134 401 2181 460 Α
2206 399 2456 473 conjuge,
2487 402 2581 474 qui
2609 403 2827 460 alodum
2862 418 3043 470 suum,
3083 403 3136 461 in
3173 404 3362 461 eodem
3411 406 3534 473 loco,
3577 425 3740 474 uncto.

529 501 654 557 ficia
685 506 1028 569 receperunt.
1082 495 1286 550 Placuit
1315 494 1500 562 etiam,
1550 491 1846 549 secundum
1901 504 2109 546 morem

528 591 997 654 zecclesiasticum,
1020 589 1236 644 numina
1261 598 1369 642 tam
1392 586 1621 643 ﬁliorum
1644 597 1806 657 quam
1830 591 2106 656 nepotum,

528 683 623 753 qui
645 691 942 753 przesentes
963 681 1204 746 fuerunt,
1233 694 1442 734 necnon
1490 680 1850 748 quorumdam
1880 675 2109 730 aliorum

532 773 838 839 hominum.
866 773 1238 839 subscribere;
1285 783 1364 839 ut,
1393 773 1437 829 si
1488 772 1778 843 aliquando
1832 773 2112 842 insurgere

531 867 731 938 aliquis
759 865 962 922 insanae
986 867 1182 922 mentis
1213 875 1401 921 contra
1442 866 1546 921 hoc
1573 865 1771 921 donum
1815 872 2114 934 temptave-

542 957 628 1023 οη,
653 956 962 1012 testimonio
989 957 1180 1021 horum
1237 957 1564 1024 cumvictus,
1592 955 1712 1026 ejus
1759 955 1911 1012 nisus
1951 955 2113 1024 depe-

529 1061 668 1117 reat,
690 1057 746 1106 et
775 1049 890 1119 ejus
918 1049 1097 1105 anima
1123 1049 1176 1104 in
1204 1049 1417 1106 inferno
1449 1063 1643 1121 poenas
1670 1049 1802 1104 luat.
1863 1047 2112 1104 Rosceli-

528 1143 960 1213 nus,Gerogius,
1003 1141 1174 1214 Hugo,
1213 1141 1404 1209 Fulco,
1453 1143 1678 1206 fratres,
1735 1140 1831 1195 lilii
1876 1137 2112 1196 defuncti

525 1231 617 1301 qui
640 1231 743 1286 hoc
768 1233 966 1287 donum
993 1231 1152 1299 fecit;
1185 1231 1508 1304 Gnidbergis
1529 1243 1583 1288 et
1621 1231 1927 1299 Hersindis,
1953 1246 2113 1287 soro-

525 1337 614 1378 res
644 1321 914 1388 defuncti;
943 1321 1232 1395 Gerogius,
1258 1323 1595 1389 Gualterins,
1641 1323 1972 1394 Stephanus,
2000 1323 2112 1378 An-

523 1412 707 1468 soldus
727 1422 775 1468 et
801 1412 1096 1480 Guarinus,
1124 1425 1347 1484 nepetes
1371 1414 1506 1483 ejus.
1536 1414 1614 1468 Ex
1637 1424 1789 1485 parte
1815 1415 2112 1470 monacho-

523 1519 643 1559 rum
667 1519 682 1559 :
708 1504 1001 1561 Gauslinus
1023 1506 1090 1562 de
1113 1507 1326 1578 Leugis,
1366 1507 1727 1576 lngelrannus
1755 1507 1823 1563 de
1849 1505 2106 1573 Nociaco,

521 1593 832 1654 Gualterius
869 1607 1182 1669 trapezeta;
1212 1597 1538 1664 Gualterius,
1571 1598 1714 1654 filius
1738 1599 2106 1666 Gandeberti;

2212 490 2374 548 Petro
2399 492 2624 552 dimisit.
2648 493 2708 550 Si
2737 495 2862 565 quis
2883 505 3064 551 autem
3087 497 3396 568 prophanus
3420 515 3480 555 ex
3502 502 3573 558 his
3607 507 3719 562 donis

2212 583 2500 653 quicquam
2532 585 2749 641 demere
2798 589 3165 656 temptaverit,
3219 589 3562 648 anatltematis
3589 595 3718 666 gladio

2217 686 2532 741 percussus,
2584 689 2706 730 cum
2755 675 2972 733 diabolo
3013 678 3069 733 in
3112 677 3329 736 inferno
3376 690 3561 751 trusus,
3599 702 3720 755 pem

2221 761 2334 817 luat
2370 763 2489 820 sine
2519 764 2627 820 fine
2661 781 2970 822 mansuras.
3009 785 3030 822 ι

2649 875 3051 936 CAPITULUM
3080 874 3362 938 LXXVIII.

2210 989 2291 1046 De
2321 991 2516 1047 uicaria
2539 990 2713 1048 Hunis
2749 991 2922 1062 Vilice,
2935 997 3144 1119 ῧςᾶητίἰ
3165 992 3415 1056 azccleu'te
3444 999 3724 1066 Reclammit

2977 1083 2993 1118 ι
3039 1083 3104 1119 ω.

2977 1083 3104 1121 ιιιω.

2775 1155 2936 1229 (Ante
2964 1173 3016 1213 a.
3051 1159 3232 1230 l080.)

2287 1262 2308 1296 ι
2336 1244 2392 1300 1η
2431 1244 2581 1318 (9.06)
2617 1249 2834 1304 nomine
2861 1259 3064 1306 sancta:
3097 1261 3154 1306 et
3181 1252 3467 1311 individua!
3491 1255 3726 1314 Trinitatis.

2211 1335 2324 1409 Ego
2347 1337 2637 1403 lluliertus,
2674 1342 2850 1412 gratia
2879 1341 2997 1408 Dei,
3025 1343 3217 1410 abbas,
3268 1356 3326 1401 et
3367 1349 3532 1404 omnis
3555 1365 3724 1424 congre-

2211 1431 2359 1504 gatio
2383 1433 2560 1488 sancti
2593 1431 2739 1489 Petri
2763 1435 3124 1493 Carnotensis
3144 1440 3408 1508 cmnobii,
3447 1451 3609 1498 notum
3641 1461 3726 1502 esse

2211 1527 2482 1596 volumus,
2515 1535 2624 1582 tam
2655 1531 3001 1598 presentibus
3025 1546 3188 1603 quam
3222 1534 3394 1592 futuri
3435 1519 3532 1606 e'vi,
3580 1554 3724 1599 sancta

2213 1619 2307 1674 Dei
2338 1621 2598 1676 ateclesitc
2622 1621 2893 1691 fidelibus,
2933 1622 3280 1694 Walterium,
3337 1626 3568 1687 videlicet
3606 1634 3722 1688 filium

524 1681 791 1780 Hildulfus
821 1701 876 1744 et
902 1688 1244 1780 GausfridtIS.
1267 1689 1492 1758 fratres;
1515 1689 1851 1760 GunbalduS.
1875 1690 2112 1748 Tesceli-
2139 1770 2179 1780 _
2208 1707 2476 1775 Fladaldi,
2513 1710 2854 1768 medietatem
2879 1681 3096 1770 vicariae
3127 1681 3302 1775 [Iun—is
3330 1681 3724 1780 animi};

524 1787 650 1843 nus,
678 1776 997 1846 Adventius,
1035 1778 1378 1835 Laurentius.
1414 1792 1433 1832 ι

977 1882 1377 1948 CAPITULUM
1404 1888 1660 1952 LXXVII.

1027 1992 1102 2048 De
1129 1992 1299 2048 alodt’s
1328 1993 1591 2052 Mesh'aci.

1089 2085 1252 2154 (Ante
1272 2101 1324 2140 a.
1360 2086 1541 2156 1070.)

602 2201 622 2236 ι
657 2181 905 2240 Praesens
941 2184 1182 2242 aecclesia
1213 2202 1308 2257 per
1335 2204 1500 2259 quam
1530 2191 1640 2244 itur
1668 2190 1735 2246 ad
1763 2190 1910 2248 il.am
1937 2207 2105 2250 etme-

521 2281 658 2328 stem
683 2288 803 2343 quae
832 2275 1008 2330 nescit
1029 2276 1181 2332 abire
1210 2275 1395 2346 finem,
1428 2292 1644 2348 semper
1665 2281 1883 2350 quidem
1909 2298 1939 2336 a
1957 2281 2112 2338 Chri-

518 2363 589 2416 sti
626 2361 876 2418 fidelibus
913 2364 1194 2420 beneficiis
1237 2364 1452 2421 dilatari
1487 2375 1544 2422 et
1587 2367 1774 2440 aligeri
1823 2370 1982 2437 solet,
2029 2381 2110 2441 et,

518 2453 769 2524 quamvis
791 2453 1040 2510 diabolus
1095 2455 1234 2512 dolis
1283 2457 1843 2534 infestacionibusque
1885 2479 2107 2520 suorum

516 2542 810 2598 satellitum
839 2558 961 2599 eam
987 2544 1263 2603 debellare
1282 2545 1527 2616 festinet,
1559 2558 1760 2616 tamen,
1788 2553 1911 2609 fidei
1935 2555 2108 2611 stabi-

517 2632 670 2690 litate
695 2644 858 2704 atque
904 2636 1148 2694 caritatis
1207 2637 1466 2696 ﬁrmitate
1512 2641 1777 2714 subnixa,
1813 2645 2108 2704 immobilis

513 2741 689 2796 usque
723 2728 776 2782 in
825 2728 986 2784 finem
1037 2730 1204 2786 seculi
1258 2732 1700 2806 invincibilisque
1743 2740 2104 2807 permanebit.

513 2816 705 2888 Itaque
745 2819 841 2874 filii
859 2821 993 2888 ejus,
1027 2839 1126 2892 pro
1149 2825 1230 2878 sui
1267 2826 1591 2896 capacitate,
1625 2829 1732 2886 fide
1777 2839 1832 2888 et
1875 2833 2106 2892 caritate

518 2908 774 2977 radicati,
806 2919 1022 2967 terrena
1071 2915 1272 2982 praedia
1302 2919 1714 2992 mundanasque
1747 2922 1966 2980 divitias
1990 2941 2106 2984 sum

514 2998 680 3053 matri
702 2997 1017 3068 conferunt,
1060 3013 1119 3056 ut
1169 3019 1268 3074 pro
1318 3007 1541 3064 caducis
1569 3018 1624 3065 et
1659 3014 1891 3070 terrenis
1939 3017 2105 3075 rebus

2139 1770 2183 1831 Β
2213 1799 2581 1856 Reclamantis
2615 1801 2764 1858 Villa:
2804 1804 2928 1858 atrii
2971 1806 3257 1875 aectzlesiaa,
3311 1822 3377 1866 ac
3419 1813 3577 1870 tocius
3616 1823 3725 1870 terra

2211 1907 2332 1962 quae
2357 1891 2425 1945 ad
2457 1893 2590 1947 istas
2628 1893 2763 1949 duas
2785 1894 2938 1950 villas
2963 1897 3220 1966 pertinet,
3245 1915 3350 1970 pro
3379 1901 3541 1959 salute
3588 1919 3671 1960 sua:
3690 1916 3727 1961 ct

2211 1982 2454 2054 ψωμιεῖς
2479 1983 2692 2048 animm,
2721 1995 2884 2054 atque
2919 2003 3015 2056 pro
3059 1988 3355 2047 animabus
3374 1998 3623 2062 parentum
3641 2012 3728 2050 suc-

2214 2089 2356 2140 rnm,
2383 2084 2574 2130 sancto
2624 2073 2786 2132 Petro
2817 2079 3153 2136 concessisse
3186 2087 3453 2151 perpetuo
3491 2085 3628 2156 jure;
3660 2101 3728 2156 pro

2211 2181 2385 2239 eaque
2409 2167 2686 2239 accepisse
2715 2171 3074 2242 agripennum
3125 2189 3300 2231 unum
3344 2192 3523 2245 vineae,
3549 2195 3643 2250 qua:
3663 2196 3726 2233 ro-

2211 2269 2369 2316 catur
2396 2258 2722 2329 liadfredus,
2752 2277 2851 2332 pro
2877 2277 2986 2333 quo
3031 2264 3190 2321 nobis
3239 2265 3588 2325 offerebantur
3626 2265 3728 2324 XIV

2209 2351 2348 2408 libre
2383 2367 2747 2409 nummorum.
2781 2354 2919 2411 lluic
2944 2371 3160 2427 quoque
3182 2358 3333 2416 dono
3353 2375 3604 2418 assensum
3631 2377 3724 2432 pre-

2209 2445 2444 2501 buerunt
2480 2445 2780 2502 Walteriua
2807 2448 2874 2504 de
2899 2448 3118 2516 Alneto,
3162 2451 3324 2522 cujus
3375 2453 3612 2511 beneficio
3630 2455 3725 2508 hanc

2211 2538 2380 2608 ipsam
2413 2538 2669 2594 vicariam
2712 2555 2874 2610 supra
2917 2543 3097 2599 dictus
3150 2543 3465 2604 Gualterius
3516 2557 3720 2611 tenuerat;

2211 2629 2417 2701 filiique
2449 2631 2565 2702 ejus
2601 2633 2934 2701 Gunhcrius,
2971 2635 3289 2707 Gauslinus,
3318 2639 3598 2696 Gualterins
3638 2655 3724 2694 cum

2208 2732 2380 2792 patre,
2405 2734 2774 2780 assenserunt.
2807 2725 3246 2799 Subscripsimus
3275 2733 3439 2788 etiam
3465 2732 3722 2803 propinquos

2209 2811 2480 2881 Walterii,
2511 2832 2713 2887 eosque
2733 2819 2825 2888 qui
2853 2835 2977 2874 cum
3006 2835 3071 2875 eo
3099 2821 3346 2891 fuerunt,
3386 2827 3582 2894 quando
3607 2835 3722 2894 sup.-r

2209 2903 2382 2962 altare
2409 2908 2581 2962 sancti
2615 2907 2762 2964 Petri
2801 2909 2962 2981 hujus
2996 2912 3072 2968 rei
3100 2929 3374 2985 guerpum
3411 2916 3592 2988 posuit,
3631 2930 3719 2969 uec-

2206 3016 2315 3056 non
2341 3010 2396 3058 et
2451 3001 2778 3058 famulorum
2826 3015 3138 3062 nostrorum
3195 3009 3442 3077 nomina,
3476 3024 3592 3080 quos
3631 3007 3720 3062 inibi

513 3099 824 3146 mercentur
843 3092 1114 3150 caelestes.
1150 3095 1321 3164 Unde,
1347 3101 1489 3156 sicut
1511 3104 1830 3160 scribuntur
1854 3108 1908 3163 in
1939 3111 2096 3167 coclo«

2210 3093 2531 3160 habuimus;
2571 3103 2631 3150 ut
2655 3096 2699 3150 si
2735 3095 2857 3166 quis
2883 3113 3119 3168 unquam
3148 3099 3279 3155 buic
3301 3100 3448 3171 operi
3475 3096 3718 3156 calumniari

513 3194 637 3236 rum
663 3179 808 3248 albo,
839 3183 911 3238 ita
937 3184 1156 3256 dignum
1196 3198 1281 3244 est
1305 3201 1362 3244 ut
1387 3207 1576 3248 eorum
1602 3197 1822 3254 nomina
1849 3201 2102 3270 apicibus

517 3272 796 3328 memoria:
815 3273 1051 3331 fidelium
1101 3279 1400 3350 tradantur,
1450 3286 1707 3354 quatinus
1751 3290 1819 3346 ab
1872 3293 2005 3363 ipsis
2035 3295 2104 3350 ad

511 3363 684 3420 Deum
713 3382 813 3437 pro
856 3367 965 3424 illis
990 3383 1208 3441 semper
1230 3383 1436 3444 oretur,
1472 3387 1533 3433 ut
1565 3379 1618 3434 in
1673 3387 2096 3444 resurrectionis

510 3456 681 3526 gloria
715 3459 856 3514 inter
880 3472 1099 3518 sanctos
1137 3466 1445 3523 resuscitati
1479 3471 1772 3541 respirent.
1805 3474 1973 3546 Igitur
2001 3494 2102 3550 ego

505 3550 830 3621 Landricus,
867 3555 1100 3612 coenobii
1153 3557 1504 3618 Carnotensis
1571 3565 1764 3634 abbas,
1815 3577 1871 3624 et
1916 3573 2102 3629 omnis

507 3644 899 3701 monachorum
930 3660 1064 3718 grex
1093 3648 1258 3705 michi
1291 3653 1642 3728 commissus,
1669 3657 1722 3713 in
1759 3658 1866 3716 bac
1898 3662 2096 3717 scedu-

509 3735 582 3796 la.
613 3735 828 3792 nomina
859 3752 1048 3794 eorum
1079 3743 1461 3800 mandavimus
1495 3763 1722 3818 ponere,
1745 3751 1838 3821 qui
1885 3752 1940 3807 in
1977 3752 2098 3811 loco

507 3827 601 3893 qui
627 3837 852 3882 vocatur
879 3827 1183 3898 Mesliacus,
1208 3845 1396 3891 sancto
1428 3834 1609 3904 Petro,
1661 3854 1762 3909 pro
1811 3841 2098 3900 animabus

508 3915 646 3982 suis,
671 3917 916 3987 proprios
939 3917 1132 3977 fundos
1161 3911 1546 3984 contulerunt.
1571 3928 1815 3998 Quorum
1858 3935 2095 4004 primum

507 4007 636 4092 poni
663 4006 924 4078 jussimus
951 4010 1322 4071 Gcrmundum
1354 4019 1740 4092 presbiterum,
1763 4026 1877 4095 qui,
1933 4027 2096 4083 babi-

510 4087 624 4153 tum
655 4100 1016 4156 monachilem
1051 4087 1377 4177 suscipiens,
1423 4120 1478 4167 et
1533 4111 1764 4170 fundum
1809 4124 1864 4172 et
1908 4118 2096 4173 omnia

506 4207 628 4263 quae
649 4193 834 4250 habuit
857 4207 1046 4253 sancto
1071 4198 1234 4255 Petro
1259 4203 1497 4273 reliquit.
1530 4205 1866 4278 Secundum,
1890 4209 2092 4268 Radul—

504 4285 646 4350 tum,
673 4295 882 4358 patrem
914 4289 1180 4346 Gualterii
1207 4296 1519 4365 monetarii,
1549 4298 1644 4369 qui
1695 4301 1936 4358 moriens
1965 4301 2092 4360 fun-

505 4379 633 4434 dum
662 4394 818 4436 suum
849 4394 1038 4440 sancto
1068 4383 1231 4442 Petro
1272 4388 1495 4445 dimisit.
1549 4391 1827 4459 Tercium,
1858 4397 2090 4452 eundem

502 4471 850 4558 Walter-ium,
881 4477 971 4544 qui
1023 4491 1162 4547 quos
1207 4481 1382 4549 potuit
1425 4497 1608 4540 emere
1649 4486 1702 4541 in
1751 4489 1941 4544 eodem
1974 4491 2091 4548 loco
2119 4502 2172 4564 ι)

498 4551 699 4646 ﬁittdos
729 4567 1096 4625 sanctoPctro
1125 4571 1345 4638 dimisit,
1369 4590 1465 4644 pro
1488 4577 1666 4632 anima
1690 4577 1781 4634 filii
1805 4581 1888 4636 sui
1915 4581 2089 4640 Gaus-

503 4657 634 4714 t'ridi
675 4657 879 4726 clerici,
923 4669 982 4715 ut
1009 4659 1124 4730 ejus
1153 4665 1583 4724 anniversarium
1636 4672 1915 4728 annuatim
1969 4675 2086 4742 fiat,

499 4767 624 4811 cum
673 4753 844 4825 signis
872 4755 1224 4823 sonantibus;
1263 4760 1492 4816 redemit
1523 4763 1687 4818 etiam
1736 4765 1894 4822 nobis
1948 4767 2089 4825 duos

499 4846 790 4914 aripennos
820 4845 992 4902 vineae
1030 4848 1084 4902 in
1129 4848 1314 4906 clauso
1357 4861 1566 4920 nostro,
1611 4853 1766 4924 juxta
1823 4857 2084 4916 Sanctum

494 4931 960 5005 Bartholomeum,
989 4953 1180 4996 versus
1209 4942 1514 5010 meridiem,
1547 4961 1644 5016 pro
1671 4949 1854 5004 anima
1905 4952 2083 5020 patrui

496 5024 582 5080 sui
612 5025 864 5096 Hatonis,
897 5038 959 5085 ut
999 5030 1228 5104 singulis
1267 5035 1428 5113 annis
1478 5035 1574 5091 fiat
1615 5038 1732 5109 ejus
1770 5041 2084 5099 anniversa-

497 5117 641 5172 rium
667 5134 793 5175 cum
845 5121 1018 5192 signis
1070 5127 1412 5184 sonantibus.
1471 5129 1755 5198 Quartum,
1787 5131 2080 5205 Herveum,

491 5218 707 5280 patrem
730 5209 1004 5270 Fulclierii
1029 5218 1277 5274 canonici
1300 5221 1470 5276 sancti
1502 5219 1747 5290 Martini,
1771 5225 1864 5294 qui
1880 5225 2079 5284 ibidem

491 5316 652 5358 suum
683 5299 908 5358 fundum
934 5305 1143 5363 duobus
1169 5311 1366 5384 modiis
1385 5315 1649 5370 sementis
1688 5325 1886 5372 sancto
1917 5316 2078 5376 Petro

489 5394 735 5466 reliquit.
765 5394 1046 5466 Quintum,
1066 5400 1390 5472 Ansoldum,
1428 5421 1551 5462 cum
1578 5406 1948 5482 Ermengarde
1978 5429 2075 5470 sua

562 5550 1042 5626 (206)7Nonnullas
1063 5553 1174 5624 jam
1205 5559 1686 5622 chartaslluberti
1722 5567 1936 5624 abbatis
1971 5572 2082 5626 edi-

488 5623 854 5710 (limus-inter
883 5639 978 5679 eas
1005 5623 1287 5709 Landrici;
1321 5633 1494 5702 deque
1535 5639 1724 5710 ordine
1748 5709 1755 5710 ί
1775 5623 2077 5710 temper—uin

483 5706 546 5764 in
563 5696 720 5769 codd.
749 5695 962 5772 turbato
993 5700 1300 5755 monuimus
1345 5695 1530 5774 supra,
1567 5709 1717 5765 initio
1745 5709 1835 5768 lib.
1872 5695 1988 5766 VII.

2211 3189 2574 3254 temptaverit,
2606 3188 2760 3255 prius
2792 3203 2822 3241 a
2852 3186 3138 3245 liminibus
3175 3203 3388 3247 sancta:
3419 3192 3503 3247 Dei
3527 3191 3720 3246 ecclesia

2205 3280 2596 3346 scquestratus,
2645 3285 2699 3332 et
2749 3278 3110 3334 anatliematis
3148 3279 3342 3351 jugulo
3390 3282 3642 3341 sauciatus.
3674 3283 3718 3331 alt
3794 3329 3795 3340 χ

2203 3383 2312 3422 uno
2341 3369 2532 3423 borum
2556 3367 2748 3424 baculo
2779 3369 3001 3424 ultionis
3033 3371 3392 3442 propellatur,
3421 3374 3514 3428 nisi
3541 3372 3718 3438 resipui:-

2203 3461 2294 3527 rit,
2321 3461 2374 3516 in
2407 3463 2618 3517 inferno
2642 3461 2903 3516 inferiori.
2934 3461 3290 3531 llajenaldus,
3315 3465 3478 3520 frater
3497 3461 3714 3520 Gttaltcrii.

2201 3552 2569 3619 Fredesindis,
2602 3553 2800 3625 conjux
2831 3554 2968 3624 ejus.
2997 3555 3285 3623 Beliardis,
3316 3574 3470 3614 soror
3517 3556 3626 3628 ejus.
3645 3553 3716 3607 liae

2192 3643 2466 3715 jenaldus,
2493 3645 2632 3702 filius
2654 3646 2790 3717 ejus.
2824 3646 3075 3711 Adelina,
3109 3647 3216 3704 filia
3269 3650 3405 3719 ejus.
3455 3648 3717 3705 Gislebertus

2201 3737 2268 3793 de
2303 3735 2625 3793 Britiniaco.
2650 3737 2944 3794 Nobiscum
2973 3756 2986 3792 :
3031 3738 3304 3812 Gerogius
3353 3750 3410 3798 et
3442 3741 3602 3804 Fulco,
3648 3737 3717 3790 fra-

2201 3835 2312 3883 tres
2365 3835 2419 3883 et
2474 3811 2754 3895 canunici;
2814 3827 3058 3887 Erardus
3111 3811 3429 3900 canonicus,
3478 3830 3715 3888 Gualtcrius

2199 3919 2554 3990 monetarius,
2582 3919 2869 3978 Gilduinus
2893 3922 3088 3994 major,
3116 3923 3405 3982 Girbcrtus
3443 3925 3608 3996 major,
3629 3919 3713 3975 Ste-

2195 4014 2408 4084 phanus
2433 4012 2636 4084 major;
2664 4013 2985 4073 Goscelinus
3012 4026 3068 4072 et
3109 4017 3439 4080 Rodbertus,
3463 4015 3710 4074 telonearii;

2201 4103 2473 4160 Guarinus
2519 4107 2711 4177 pistor,
2740 4105 3065 4175 Teodaldus,
3108 4109 3465 4176 Fulcltardus,
3495 4106 3712 4166 Aventinis.

2194 4197 2448 4266 LOI‘IIIUS,
2474 4199 2831 4269 Gislebertus,
2858 4199 3194 4270 Gunbaldus,
3246 4203 3568 4277 Oydelerius,
3611 4199 3710 4253 Latt-

2195 4292 2426 4359 rentius,
2464 4291 2760 4349 Rainaldus
2812 4309 3001 4366 agaso,
3051 4295 3429 4368 Ragenfredus
3475 4297 3535 4354 de
3573 4293 3711 4350 Reclt‘

2197 4383 2396 4439 mantis
2429 4381 2562 4439 \"illa
2590 4384 2762 4456 (207).
2793 4404 2816 4438 ι

2619 4493 3020 4570 CAPITULUM
3047 4489 3285 4556 LXXIX.

2443 4584 2524 4645 De
2553 4601 2665 4645 orto
2697 4600 2866 4662 empto
2889 4609 3046 4662 super
3073 4595 3273 4663 ﬂumen
3300 4594 3524 4649 Audur‘e.

2230 4747 2238 4750 _
2761 4683 2924 4756 (Ante
2947 4701 3001 4741 a.
3028 4685 3214 4758 1080.)

2271 4792 2291 4827 t
2326 4773 2523 4832 Notum
2567 4789 2692 4831 esse
2720 4775 2995 4843 volumus,
3044 4793 3146 4850 ego
3188 4777 3458 4836 Hubertus
3492 4773 3644 4834 abbas.
3669 4771 3707 4820 ει

2193 4882 2382 4923 omnes
2429 4866 2682 4922 monachi
2733 4868 2970 4946 ccenobii
3029 4869 3400 4939 Carnmensis,
3444 4869 3554 4939 quia
3577 4875 3700 4932 quen-

2195 4961 2318 5014 dam
2348 4970 2549 5024 ortum,
2585 4958 2639 5013 in
2677 4967 2864 5014 nostra
2907 4968 3054 5015 terra
3097 4961 3254 5032 juxta
3303 4973 3473 5020 ortum
3514 4963 3703 5014 noster

2189 5049 2378 5115 situm,
2417 5048 2665 5118 quaedam
2690 5049 2900 5117 mulier,
2927 5049 3216 5108 Roscelina
3255 5054 3482 5120 nomine,
3521 5061 3598 5120 per
3633 5037 3700 5096 XX

2187 5150 2242 5195 et
2273 5141 2506 5212 amplius
2531 5155 2724 5208 annos,
2757 5157 2788 5196 a
2824 5143 3002 5212 primo
3056 5145 3274 5202 seniore
3323 5159 3418 5203 suo
3451 5133 3698 5200 Gaust‘rido,

2188 5232 2330 5288 dotis
2355 5231 2498 5300 jure,
2531 5245 2850 5287 concessum
2883 5241 3166 5303 tenuerat;
3201 5236 3270 5294 de
3300 5251 3404 5307 quo
3432 5230 3603 5291 nullum
3627 5226 3697 5278 Ita-

2183 5324 2586 5380 buitsobolem.
2632 5323 2809 5392 Nunc,
2837 5328 3214 5402 quadrigama,
3242 5348 3272 5386 a
3322 5331 3468 5388 nobis
3511 5330 3694 5381 tanqu

2179 5419 2502 5487 peccuniam
2548 5419 2850 5490 accipiens,
2898 5421 3120 5492 reliquit
3165 5422 3534 5496 perpetualiter
3573 5409 3694 5487 possi'

2255 5569 2405 5650 (207)
2437 5565 2496 5628 In
2523 5573 2644 5650 cod.
2671 5575 2816 5650 dicto
2838 5577 3115 5648 Argenteo,
3139 5590 3262 5650 post
3281 5571 3692 5650 nominatestiupty

2184 5645 2366 5698 addita
2395 5647 2706 5700 sunthaec:
2756 5645 2944 5701 Actum
2987 5661 3063 5704 est
3105 5645 3202 5705 huc
3247 5652 3433 5707 unblt'rc
3469 5645 3681 5702 Camn»

2187 5725 2434 5786 regnante
2460 5714 2698 5788 Philippo
2724 5733 2840 5788 rege
2865 5735 3004 5775 anno
3031 5719 3136 5777 IX.
3238 5797 3247 5802 _
