3842 6308
81 374 200 433 333

78 490 364 556 deudum,
390 489 703 561 donumque
727 491 813 546 vel
833 506 1128 563 gnerpnm,
1167 505 1292 546 cum
1321 489 1560 562 presenti
1603 501 1703 546 suo
1728 503 1785 564 Α

75 582 316 639 seniore
349 582 617 646 Huberto,
647 598 858 640 necnon
881 592 940 639 et
973 583 1102 639 liliis
1132 583 1309 639 tribus
1337 597 1477 652 quos
1505 581 1696 638 habuit

75 677 152 732 de
175 675 466 743 Frodone,
495 675 695 746 quibus
723 676 891 732 etiam
921 675 1171 731 dedimus
1218 673 1562 740 munuscula,
1609 688 1697 728 su-

73 781 186 837 per
232 767 418 823 altare
448 767 818 838 apostolorum
843 767 992 823 Petri
1033 781 1089 822 et
1116 765 1271 820 Pauli
1333 765 1538 836 posuit,
1592 764 1696 821 sub

72 859 394 930 praemia
419 860 596 916 nostri
617 873 685 915 ac
715 868 1028 917 nostrorum
1053 857 1431 921 servientium,
1460 870 1695 928 quorum

74 949 319 1005 mina
351 949 788 1020 subscripsimus
819 967 835 1003 :
876 948 1206 1011 Bernartius,
1241 945 1384 1002 ﬁlius
1409 945 1688 1012 Vnimari;

86 1041 422 1112 Stephanus
469 1043 644 1114 major
692 1050 748 1098 et
795 1041 1072 1105 Salomon,
1121 1039 1294 1096 frater
1336 1039 1483 1110 ejus;
1541 1035 1694 1094 Dodo

82 1134 293 1206 major,
319 1133 666 1206 Oydelerius,
707 1133 993 1191 Alcherins
1032 1132 1363 1198 mulnarins;
1415 1130 1604 1196 Belod,
1630 1129 1693 1184 ﬁ-

84 1227 194 1284 lius
231 1227 390 1295 eius;
419 1227 785 1296 Fulcbardus,
834 1225 1134 1282 Rainaldus
1155 1239 1344 1296 agaso,
1399 1223 1691 1280 Ascelinus

92 1317 295 1390 major,
321 1317 479 1388 Hugo
499 1317 796 1385 berbellus,
852 1315 1212 1373 Gislebertus.
1250 1314 1333 1370 Ex
1364 1322 1522 1385 parte
1571 1329 1691 1368 mn-

97 1408 248 1464 lieris
281 1427 296 1463 ς
327 1407 624 1468 Walterius
658 1409 727 1466 de
775 1408 974 1464 Alneto
1017 1417 1076 1464 et
1129 1405 1416 1479 Sugerius,
1457 1419 1692 1478 quorum

96 1501 248 1576 prius
277 1501 602 1573 astipulator
625 1501 956 1558 constitutus
989 1507 1074 1557 est
1097 1498 1409 1557 soliditatis.
1445 1515 1468 1552 ι

555 1611 960 1671 CAPITULUM
987 1611 1209 1669 LXXX.

105 1721 182 1780 De
209 1723 475 1796 {oriundo
501 1725 628 1782 dato
648 1741 684 1782 α
705 1724 952 1808 Rogerio!
989 1726 1048 1781 in
1093 1723 1312 1780 Harara
1363 1721 1503 1781 Villa
1544 1721 1692 1780 Nor-

656 1907 824 1980 (Aute
849 1923 904 1966 a-.
937 1908 1121 1982 1080.)

171 2039 194 2076 ι
225 2021 423 2079 Notum
462 2035 587 2080 esse
614 2012 869 2080 omnibus
914 2023 1162 2081 ﬁdelibus
1202 2025 1462 2096 quoniam
1505 2019 1686 2098 Roge-

98 2107 231 2179 rius,
245 2109 770 2184 milesolim,postea
796 2113 1120 2178 monachus,
1144 2131 1310 2170 unum
1333 2115 1684 2183 farinarium,

99 2201 153 2258 in
181 2201 538 2270 Normannia,
564 2217 689 2258 cum
711 2210 858 2258 terra
881 2202 1040 2258 unius
1065 2205 1257 2271 aratri,
1281 2215 1471 2261 sancto
1517 2206 1684 2263 Petro

95 2277 318 2358 dimisit,
349 2297 460 2351 una
484 2309 610 2349 cum
651 2308 920 2350 consensu
947 2292 1185 2349 Eunardi
1229 2296 1584 2364 vicecomiti's,
1615 2304 1682 2355 ex

94 2386 250 2458 cujus
271 2383 535 2444 beneﬁcio
556 2387 608 2443 id
637 2388 886 2453 tenebat;
914 2395 971 2442 et
1005 2394 1104 2458 per
1152 2395 1371 2443 manum
1411 2385 1681 2458 Mainerii,

99 2476 190 2535 ﬁlii
224 2472 493 2547 Anselmi,
523 2487 690 2553 super
731 2469 908 2536 altare
952 2483 1129 2537 sancti
1171 2480 1317 2538 Petri
1370 2483 1485 2553 ipse
1541 2485 1686 2541 vice-

96 2554 282 2626 comes
303 2569 407 2627 hoc
433 2563 635 2628 donum
661 2559 834 2642 jussit
857 2571 983 2642 poni
1017 2589 1030 2625 :
1070 2579 1189 2626 erat
1211 2573 1358 2627 enim
1382 2582 1539 2629 extra
1569 2569 1680 2631 aec-

95 2658 340 2718 clesiam.
383 2661 550 2733 Cujus
580 2661 658 2718 rei
683 2671 811 2719 sunt
833 2671 1034 2718 testes:
1062 2657 1371 2718 Willelmus
1392 2661 1677 2735 Paganus;

94 2751 202 2823 lvo,
230 2753 373 2809 ﬁlius
406 2754 694 2822 Norberti;
723 2754 1019 2811 Bernerius
1044 2755 1110 2811 de
1139 2750 1422 2828 Britogilo,
1447 2757 1683 2830 Stepha-

95 2859 192 2900 nus
214 2845 286 2902 de
309 2847 626 2916 Britiniaco,
659 2843 774 2905 Odo
805 2839 1146 2920 Sanglarins,
1176 2847 1518 2907 Haitnericus
1566 2841 1677 2908 Bo-

95 2930 272 3004 biuus,
306 2929 633 2994 Gausfr'idus
652 2938 925 3005 medicus;
956 2934 1284 3005 llodbertus,
1318 2931 1492 2998 frater
1525 2933 1678 3013 ejus;

96 3022 304 3084 Guiddo
353 3029 420 3086 de
467 3029 725 3087 Mulceto.
774 3031 855 3086 Ex
892 3043 1080 3088 nostra
1129 3040 1331 3104 parte:
1383 3023 1681 3092 Rainaldus

100 3108 289 3188 major,
309 3118 621 3191 Stephanus
673 3121 877 3192 major;
910 3123 1181 3182 Hildulfus
1228 3133 1284 3180 et
1335 3123 1676 3194 Gauslridus,

739 354 974 436 'vs'rus
1011 375 1268 436 samo.
1298 374 1526 432 —LlB.
1555 372 1672 432 vn.
1709 372 2106 434 LANDRICUS
2149 377 2238 434 ET
2275 326 2674 439 nussnrus.

3261 413 3263 416 ‘
3279 385 3384 448 33‘

2249 488 2651 549 CAPITULUM
2679 492 2940 552 LXXXII.

2240 603 2315 660 De
2334 605 2529 661 uicaria
2557 607 2752 664 Abom’s
2780 607 2957 666 νίιιω.

2366 719 2528 790 (Ante
2557 719 2818 792 a.1080.)

1868 803 2098 863 tNotum
2129 807 2201 864 sit
2237 810 2492 866 omnibus
2517 824 2720 868 sanctae
2747 815 2842 870 Dei
2895 815 3154 873 aecclesize
3205 813 3382 877 fideli-

1793 897 1916 965 b'us,
1945 899 2087 972 quod
2135 901 2466 972 Gnalterius,
2510 905 2652 961 ﬁlius
2702 907 2964 976 Fledaldi,
2997 919 3052 967 et
3081 926 3222 968 uxor
3263 912 3382 983 eius

1793 985 2162 1060 Fredesin‘dis,
2210 1011 2333 1050 cum
2379 1011 2603 1052 assensu
2643 997 2910 1057 Gualterii
2965 1001 3032 1058 de
3071 1002 3286 1073 Alneto,
3312 1007 3383 1063 de

1793 1080 1948 1150 cujus
1979 1083 2112 1139 fisco
2138 1094 2278 1151 erat,
2309 1087 2452 1141 sicut
2474 1097 2630 1143 antea
2653 1087 2880 1144 dederat
2923 1091 3190 1150 Bcrardus
3220 1110 3383 1152 socer

1793 1171 1931 1243 ejus,
1962 1187 2061 1242 pro
2096 1177 2275 1230 anima
2303 1178 2474 1247 patris
2505 1193 2569 1233 ac
2599 1180 2787 1234 matris
2810 1180 3104 1253 fratrisque
3135 1183 3382 1242 Guanino

1793 1261 1844 1331 gi
1873 1262 2171 1329 interfecti,
2224 1265 2440 1322 vivente
2488 1267 2684 1325 abbate
2726 1270 3016 1339 Landrico,
3071 1279 3146 1330 ita
3190 1254 3382 1347 postea

1791 1350 2006 1407 vivente
2044 1354 2240 1410 abbate
2289 1354 2551 1422 lluberto,
2601 1359 2859 1415 vicariam
2887 1361 3095 1418 Abonis
3141 1365 3294 1422 Villae
3323 1377 3381 1422 et

1793 1442 1961 1500 totius
1988 1446 2247 1500 territorii
2271 1445 2512 1515 ejusdem
2543 1449 2703 1516 villae,
2727 1466 2851 1507 cum
2875 1453 3032 1511 alodo
3059 1453 3234 1512 Picati
3256 1456 3376 1514 Vil-

1789 1533 1946 1603 laris,
1974 1547 2167 1595 sancto
2195 1538 2358 1597 Petro
2387 1541 2640 1611 gurpivit,
2669 1542 2736 1597 de
2777 1558 2841 1599 eo
2867 1547 3013 1615 quod
3043 1546 3246 1616 injuste
3270 1549 3379 1605 sibi

1790 1639 2166 1698 usurpaverat,
2198 1639 2323 1700 post
2350 1643 2581 1687 mortem
2611 1631 2819 1704 praefati
2863 1635 3152 1710 Guanlngi.
3207 1638 3380 1710 Hujus

1790 1719 1870 1774 rei
1913 1727 2082 1776 testes
2107 1731 2234 1778 sunt
2261 1738 2278 1778 :
2328 1721 2641 1780 Gualterins
2675 1725 2742 1782 de
2777 1725 2972 1784 Alneto
3000 1738 3056 1784 et
3087 1729 3229 1787 ﬁlius
3257 1731 3380 1802 ejus

1711 1851 1763 1913 Β
1789 1809 2116 1913 Eualtertus,
2156 1811 2432 1913 [ivra-rans
2480 1813 2550 1870 d‘e
2579 1812 2818 1913 -Levois
2857 1814 3015 1883 Villa,
3066 1817 3380 1878 Gualterius

1787 1900 2148 1970 Blancardus;
2180 1901 2542 1970 Gislebertus,
2574 1902 2745 1961 frater
2781 1903 3112 1980 Beringarii;
3159 1911 3381 1968 liainal-s

1789 1993 1912 2061 dus,
1944 1993 2087 2052 ﬁlius
2131 1994 2373 2065 Hugonis
2401 1997 2468 2053 de
2516 1997 2883 2056 Reclamantis
2913 1999 3084 2070 Villa;
3133 2003 3285 2076 llugo
3313 2007 3383 2063 de

1789 2081 2396 2153 Treijone,Gunbertus
2425 2088 2493 2144 de
2536 2088 2775 2145 Raschin
2819 2090 2978 2160 Villa,
3031 2092 3382 2152 Germundus

1789 2175 1856 2230 de
1881 2174 2084 2233 Sancto
2105 2176 2319 2243 Albino,
2349 2175 2614 2250 Gerogius
2640 2180 2707 2235 de
2751 2180 3006 2238 Haimnlli
3048 2185 3215 2252 Villa,
3264 2186 3383 2242 Gil-

1786 2265 1984 2323 duinus
2026 2265 2218 2337 major,
2273 2268 2581 2339 Stephanus
2623 2268 2820 2339 major,
2871 2271 3206 2342 Bernartius,
3250 2275 3383 2330 Ful-

1785 2357 2054 2425 chardus;
2085 2357 2344 2414 Ernulfus
2396 2367 2454 2414 et
2484 2359 2798 2427 Rainaldus,
2843 2361 2987 2419 ﬁlius
3020 2363 3172 2434 ejus;
3219 2364 3378 2421 Teal-

1785 2449 1908 2515 dus,
1939 2451 2110 2506 frater
2139 2451 2384 2518 abbatis;
2421 2449 2760 2509 Gislebertus
2786 2462 2843 2510 et
2869 2453 3219 2525 Laurentius,
3261 2457 3376 2512 fra-

1787 2549 1932 2605 tres;
1965 2541 2308 2607 Adventius;
2339 2539 2656 2612 Oydelerins
2683 2551 2739 2598 et
2775 2542 3101 2608 Rodbertns,
3137 2545 3370 2614 fratres;

1783 2629 2097 2688 Gualt‘erius
2122 2633 2513 2699 etAdventius,
2541 2641 2810 2703 sartores;
2847 2634 3122 2692 Teduinus
3147 2646 3201 2693 et
3221 2638 3373 2696 Gali-

1783 2723 1926 2791 dius,
1955 2723 2192 2791 fratres;
2230 2723 2556 2780 Gausfridus
2601 2729 3010 2796 carpentarius;
3039 2727 3374 2798 Ingetliertus

1782 2825 1840 2873 et
1867 2815 2218 2884 Gausfridus.
2247 2818 2387 2874 coci.
2425 2835 2446 2870 ι

2217 2932 2618 2992 CAPITULUM
2639 2923 2908 2991 LXXXIII

1935 3026 2010 3082 De
2041 3025 2312 3097 sepultura
2341 3036 2390 3081 et
2421 3026 2622 3081 decima
2643 3026 2869 3082 Gerardi
2894 3025 2959 3081 de
2984 3025 3214 3083 Buxeto.

2348 3117 2514 3190 (Ante
2539 3135 2592 3174 a.
2624 3118 2806 3190 1080.)

98 3207 316 3278 fratres;
372 3211 734 3280 Fulchardus,
793 3214 1100 3273 Rodbertus
1129 3218 1486 3288 pelliciarins,
1531 3219 1682 3277 Gun—
1706 3199 1750 3258 (ἶ
1859 3207 2084 3264 ‘Nomm
2111 3206 2527 3278 θεεενοιυηιυεν
2555 3224 2656 3280 880
2680 3210 2952 3266 "Uberius
2979 3211 3146 3267 abbas
3177 3223 3229 3268 el
3251 3229 3373 3269 οῐηδ

98 3295 288 3357 baldus
317 3300 484 3370 ﬁlius,
515 3303 866 3374 Frotlandus,
897 3303 1182 3378 Sugerius.
1223 3324 1245 3362 ›

542 3436 945 3498 CAPITULUM
975 3439 1218 3496 LXXXI.

87 3541 334 3603 Desaltu
385 3546 844 3676 Haeticulorm‘rlt.’
869 3568 1118 3608 concesso
1169 3570 1203 3608 a
1263 3553 1567 3612 Hnimertco
1613 3557 1680 3614 de

131 3667 136 3674 .
804 3639 824 3676 ι
846 3633 1010 3676 ercto.

804 3633 1010 3680 iterato.

643 3733 810 3806 (Ante
835 3749 887 3790 a.
917 3735 1102 3808 1080.)

131 3861 182 3926 ἰ
218 3843 420 3902 Notum
457 3845 824 3918 sitomnibus,
855 3855 966 3906 tam
1000 3850 1362 3921 praesentibus
1387 3865 1554 3924 quam
1599 3851 1683 3910 fu-

91 3937 224 3995 turis
273 3939 479 3997 Christi
514 3939 784 4009 ﬁdelibus,
829 3943 1112 4014 quoniam,
1135 3940 1388 4002 Kalendis
1429 3946 1681 4021 Augusti,

92 4025 140 4111 In
169 4027 471 4090 festivitate
506 4035 682 4090 sancti
725 4033 874 4090 Petri
899 4021 1020 4106 qua:
1059 4037 1261 4093 dicitur
1312 4038 1383 4093 ad
1438 4039 1680 4108 vincula,

91 4114 432 4180 Ifaimericus
465 4123 533 4181 de
562 4125 764 4181 Virello
787 4141 953 4197 super
979 4126 1153 4183 altare
1191 4123 1380 4185 saneti’
1408 4130 1560 4187 Petri
1593 4147 1683 4188 as-

89 4204 308 4268 scitsum
339 4215 526 4287 posuit
569 4217 638 4273 de
668 4216 808 4272 saltu
864 4215 1310 4285 Monticulorum,
1351 4236 1449 4292 per
1487 4223 1683 4294 depre-

91 4306 359 4365 cationem
388 4308 653 4366 Gualterii
696 4318 1006 4382 trapezetm,
1034 4312 1126 4383 qui
1175 4313 1352 4386 ipsum
1399 4314 1595 4370 saltum
1625 4316 1680 4371 in

91 4397 220 4478 Meo
238 4402 310 4459 de
340 4403 470 4460 ﬁliis
498 4403 804 4478 Avesgandi
833 4405 1075 4473 tenebat,
1107 4405 1185 4461 illi
1223 4421 1441 4478 quoque
1463 4405 1530 4462 de
1558 4404 1684 4460 11θί-

1782 3314 1881 3356 nes
1905 3301 2154 3356 monachi
2187 3301 2374 3358 Sancti
2407 3302 2555 3358 Petri
2581 3301 2953 3369 Carnotensis,
2985 3304 3130 3375 quia,
3162 3321 3258 3376 pro
3286 3322 3373 3362 reJ

1783 3393 1960 3450 medio
2023 3394 2220 3449 animm
2272 3410 2384 3451 sua:
2437 3409 2532 3451 seu
2579 3405 2864 3466 parentum
2893 3409 3140 3462 suorum,
3181 3397 3222 3450 ll
3252 3397 3374 3454 idus

1780 3483 2029 3558 Augusti,
2052 3482 2316 3541 Girardus
2345 3485 2411 3540 de
2438 3484 2643 3540 Buxeto
2669 3499 2834 3556 super
2861 3485 3040 3540 altare
3070 3487 3246 3541 sancti
3271 3484 3374 3542 Pe-
3439 3544 3444 3550 ,

1784 3573 1852 3629 tri
1877 3574 2092 3644 publice
2121 3576 2322 3630 donum
2369 3577 2550 3645 posuit
2589 3575 2657 3630 de
2694 3573 2970 3645 sepultura
3013 3574 3208 3630 domus
3238 3591 3370 3642 suae,

1784 3664 1869 3721 vel
1897 3667 2063 3720 totius
2093 3679 2206 3721 sua:
2233 3673 2397 3732 terre,
2426 3680 2546 3735 qua:
2593 3673 2678 3720 est
2720 3666 2773 3719 in
2829 3666 3118 3734 parrochia
3174 3664 3374 3722 aneti

1780 3755 2060 3813 ecclesiae.
2095 3755 2278 3812 Dedit’
2300 3757 2490 3822 etiam,
2537 3757 2590 3810 in
2613 3747 2966 3812 dedicatione
2995 3755 3157 3828 hujus
3185 3755 3377 3815 accele-

1783 3850 1896 3917 sim,
1939 3849 2289 3904 medietatem
2328 3863 2440 3904 suae
2473 3848 2725 3915 decimae,
2775 3862 2886 3904 una
2932 3863 3056 3905 cum
3106 3863 3377 3906 consensu

1782 3941 2018 4009 lsnardi,
2045 3941 2248 3998 domini
2275 3941 2378 4006 sui,
2409 3949 2468 3996 et
2496 3939 2591 3994 lilii
2619 3939 2724 4006 sui,
2749 3939 2840 4010 qui
2891 3953 3134 4010 praesens
3162 3940 3373 4004 aderat,

1782 4043 1879 4093 seu
1901 4036 2068 4091 etiam
2098 4033 2345 4107 Gerogii,
2381 4031 2569 4090 fratris
2613 4031 2860 4104 ejusdem
2904 4031 3159 4106 Gerardi,
3208 4040 3375 4104 atque

1780 4129 2088 4196 Alberedas,
2117 4128 2311 4184 matris
2353 4125 2584 4182 lsnardi.
2631 4125 2824 4182 Testes
2867 4125 3157 4196 sepultura:
3198 4133 3370 4180 sunt:

1783 4222 2093 4294 Stephanus
2120 4220 2318 4292 major,
2361 4221 2656 4278 Botbertus
2694 4219 3046 4284 telonearins,
3098 4217 3373 4274 llubertus

1783 4314 1864 4370 de
1896 4314 2164 4372 ecclesia.
2215 4311 2478 4378 Gaudius,
2543 4309 2913 4376 Tlteodaldus,
2968 4309 3294 4366 Frotlandus
3315 4319 3374 4362 et

1782 4405 2118 4463 Gunbaldus.
2165 4406 2361 4464 Testes
2405 4412 2588 4460 autem
2643 4403 2890 4472 decimae,
2930 4418 3122 4458 omnes
3172 4403 3264 4472 qui
3301 4402 3372 4456 ad

87 4471 316 4554 'Iuerico.
347 4495 510 4554 Fecit
553 4471 742 4554 autem
793 4498 938 4555 hunc
981 4471 1289 4568 assensum,
1326 4471 1427 4571 per
1468 4506 1679 4572 partem
1713 4549 1756 4572 Ἀ
1784 4499 2176 4556 dedicationem
2211 4509 2510 4572 praesentes
2537 4497 2779 4564 fuerunt,
2809 4497 2978 4552 vicini
3009 4506 3160 4552 sunt.
3204 4514 3224 4547 ι

95 4585 295 4659 ferulae,
320 4605 418 4648 seu
448 4606 548 4663 per
573 4595 819 4647 arta'vnm
841 4583 1113 4650 manubrii
1140 4583 1295 4659 almi,
1318 4595 1374 4650 in
1401 4591 1680 4665 presentia

97 4673 316 4737 Iluberti
344 4682 561 4739 abbatis
587 4699 651 4740 ac
683 4685 857 4742 tocius
883 4685 1340 4758 congregationis,
1384 4684 1682 4741 testiﬁcan-

103 4768 239 4828 tibus
284 4773 370 4830 his
399 4789 633 4844 quorum
681 4777 902 4832 nomina
956 4776 1420 4848 subscripsimus:
1452 4774 1682 4832 Fulche—

106 4854 230 4931 rius,
262 4865 404 4923 ﬁlius
444 4861 707 4935 Gerardi;
750 4865 1061 4926 Gualterius
1101 4876 1395 4939 trapezeta,
1449 4869 1540 4938 qui
1575 4866 1683 4922 sal—

111 4961 216 5007 tum
236 4955 400 5022 dedit,
433 4971 558 5012 cum
590 4957 844 5014 omnibus
867 4958 1204 5030 appendiciis
1231 4955 1380 5022 suis;
1419 4955 1682 5011 Bibalttus

119 5043 449 5116 d'eFruino;
496 5047 763 5117 Salvisns,
795 5049 937 5104 ﬁlius
991 5049 1214 5116 Odonis,
1248 5048 1555 5119 ancipitrix.
1603 5046 1684 5102 Ex

125 5129 284 5197 nostra
311 5150 464 5214 parte
493 5161 507 5198 :
537 5142 866 5200 Frotlandus
885 5153 942 5198 et
970 5142 1309 5208 Guubaldus,
1342 5143 1487 5199 ﬁlius
1527 5141 1678 5212 ejus;

131 5223 456 5302 Fulchardus;
499 5235 806 5308 sugerius;
843 5234 1182 5292 Gislebertus
1230 5246 1286 5293 et
1334 5234 1681 5300 Laurentius,

138 5324 323 5394 fratres;
390 5311 732 5394 Tcscelinus,
798 5327 944 5385 ﬁlius
1008 5325 1340 5399 Hilttegarii;
1399 5325 1684 5392 Martinus,

145 5411 440 5484 Roscelinus';
471 5419 802 5485 Radbertus,
839 5417 986 5474 ﬁlius
1023 5412 1337 5484 Gausfridi;
1371 5414 1684 5488 Stephanus

147 5499 186 5562 et
201 5506 450 5576 Salomon,
477 5507 710 5575 fratres;
739 5509 1072 5576 Adelandus,
1118 5509 1414 5566 Botbertus
1439 5506 1686 5578 pellicia-

154 5604 249 5658 ritn.
265 5581 484 5661 lluic‘rei
503 5601 1044 5668 'assensitVulfetius,
1065 5601 1208 5659 ﬁlius
1231 5599 1546 5668 Haimerici,
1563 5597 1686 5654 inde

160 5694 298 5752 habens
324 5706 540 5753 scutum
560 5709 731 5752 unum
765 5693 820 5758 Χ,
841 5693 1162 5752 solidorum.
1194 5713 1214 5748 ι

2217 4607 2617 4668 CAPITULUM
2645 4607 2934 4666 LXXXIV.

2178 4699 2258 4757 De
2284 4703 2422 4756 dono
2447 4700 2714 4757 Fulcandt’
2737 4701 2802 4757 de
2826 4699 2982 4755 Arro.

2353 4795 2512 4865 (Ante
2534 4811 2585 4849 a.
2625 4793 2805 4866 1080.)

1874 4907 1893 4942 ι
1923 4886 1980 4944 In
2004 4887 2224 4944 nomine
2248 4898 2450 4943 sanctae
2470 4895 2528 4942 et
2552 4888 2839 4943 individua:
2862 4883 3170 4950 Trinitatis,
3195 4881 3375 4938 Patris

1784 4975 1842 5038 et
1865 4971 1989 5038 Filii
2031 4987 2089 5039 et
2136 4981 2376 5054 Spiritus
2414 4979 2622 5036 Sancti.
2669 4980 2781 5052 Ego
2813 4977 3122 5036 Fulcandus
3184 4984 3375 5032 notum

1785 5088 1906 5131 esse
1930 5072 2059 5128 volo
2084 5074 2338 5129 omnibus
2365 5071 2633 5138 ﬁdelibus,
2662 5078 2771 5126 tam
2796 5071 3156 5142 praesentibus
3202 5079 3371 5142 quant

1786 5167 2009 5235 futuris,
2046 5165 2406 5222 annuentibus
2431 5163 2666 5219 dominis
2706 5163 2860 5228 meis,
2903 5160 3194 5219 Gansfrido
3225 5162 3375 5218 vide-

1785 5259 1915 5315 licet
1941 5267 2106 5330 atque
2133 5255 2446 5322 Guillelmo,
2469 5254 2587 5324 ejus
2626 5255 2895 5326 privigno,
2925 5263 3131 5309 necnon
3172 5265 3228 5311 et
3257 5253 3375 5310 Ma-

1787 5349 1954 5415 bilde,
1989 5359 2167 5405 matre
2193 5345 2488 5411 Guillelmi,
2519 5354 2708 5402 sancto
2761 5345 2923 5400 Petro
2960 5345 3195 5402 cmnobii
3241 5346 3377 5402 Car-

1787 5441 2036 5498 notensis
2080 5441 2419 5497 concessisse
2473 5440 2697 5496 terciam
2743 5447 2958 5510 partem
3011 5439 3271 5495 accclesize
3307 5439 3375 5495 de

1786 5535 1950 5601 Arro,
1981 5548 2105 5591 cum
2138 5543 2282 5589 terra
2314 5524 2525 5599 altaris,
2568 5519 2730 5603 quam
2786 5531 3036 5588 solebant
3086 5532 3374 5603 presbiteri

1789 5635 2000 5691 tenere,
2031 5633 2086 5680 et
2114 5623 2460 5679 medietatem
2499 5621 2902 5680 olferendarum
2959 5621 3050 5678 llll
3087 5621 3372 5686 festarum,

1789 5731 1954 5787 quam
1979 5714 2142 5770 michi
2173 5713 2510 5781 retinebam;
2545 5721 2859 5786 terramque
2876 5714 3036 5770 unius
3060 5710 3250 5778 aratri,
3273 5723 3376 5772 per

1792 5813 1898 5869 tria
1926 5819 2165 5882 tempora
2199 5811 2348 5880 anui,
2395 5807 2487 5867 ubi
2532 5808 2786 5892 monachi
2845 5806 3176 5894 aspexerint,
3207 5812 3375 5875 atque
