3890 6302
510 389 614 426 ῧῡὶ)

1439 363 1637 419 PAULI
1680 355 1737 418 S.
1781 358 1986 417 PETRI
2024 355 2504 417 CARNOTENSIS
2543 355 2849 416 MONACH!
3663 365 3752 424 336‘

507 491 642 544 duos
668 487 996 558 agripennos
1031 484 1205 557 prati;
1255 484 1384 538 item
1421 479 1482 535 Vl
1512 478 1764 534 denarios
1808 477 1877 533 de
1922 490 2088 533 censu
2120 487 2166 543 Α
2195 468 2538 530 subscribere
2568 475 2901 530 curavimus.
2931 473 3065 528 Cum
3107 470 3224 544 ipso
3258 470 3744 545 Hugonc‘fuerunt:

506 580 803 635 molendini
853 577 1102 644 Odonis;
1146 578 1274 632 item
1308 573 1641 646 sepulturam
1693 567 1781 624 Illl
1835 568 2092 624 denario-

505 686 652 734 rum,
689 669 900 724 scilicet
945 682 1239 737 puerorum
1284 665 1621 727 albatorum;
1674 661 1803 715 item
1855 657 2094 727 sepultu-

505 776 620 829 ram
657 769 825 814 totam
848 758 913 813 de
935 758 1159 823 aneto,
1186 771 1306 825 quae
1325 764 1408 810 est
1437 763 1579 808 terra
1633 750 1808 806 sancti
1840 748 2008 814 Petri,
2040 755 2096 803 et

507 855 848 932 medietatem
879 851 1126 908 arcbadii
1164 851 1336 921 ipsius
1387 847 1674 930 aieclesize;
1725 845 1857 901 item
1891 844 2116 900 medie-v

505 957 670 1008 tatem
697 945 974 1018 sepulture
1001 945 1164 1000 totius
1187 943 1309 998 atrii
1332 941 1476 1014 quod
1502 938 1802 996 inhabitari
1828 937 2090 1004 fecerint;

503 1039 632 1093 item
666 1038 1011 1100 medietatem
1067 1049 1266 1092 census
1308 1045 1363 1090 et
1390 1034 1558 1102 furni,
1617 1034 1767 1100 atrii,
1799 1047 2011 1090 necnon
2041 1039 2096 1088 et

501 1128 680 1184 uitinis
701 1127 1103 1184 consuetudinis
1129 1141 1250 1197 quae
1274 1127 1512 1181 humana
1539 1123 1876 1180 consuetudo
1894 1124 2090 1195 exigit.

502 1222 756 1278 Concedo
782 1221 942 1277 etiam
971 1219 1237 1276 decimam
1268 1219 1335 1275 de
1361 1217 1658 1282 Buxedulo,
1685 1233 1846 1288 quam
1878 1232 1945 1272 ex
1975 1231 2095 1272 meo

499 1314 767 1370 beneﬁcio
802 1314 1018 1370 videtur
1049 1322 1259 1378 tenere,
1314 1311 1359 1368 si
1406 1310 1550 1367 forte
1604 1309 1858 1366 monachi
1909 1309 1978 1364 ab
2027 1322 2096 1365 eo

500 1404 792 1475 aliquando
837 1403 1116 1476 potuerint
1167 1417 1373 1460 emere.
1421 1403 1620 1458 Actum
1651 1411 1734 1457 est
1779 1402 1831 1456 in
1873 1400 2092 1472 Capella

503 1497 699 1569 Regia,
749 1508 1016 1568 regnante
1047 1511 1173 1567 rege
1202 1496 1476 1566 Philippo,
1509 1502 1849 1565 gubernante
1897 1495 2116 1550 abbate

499 1585 742 1641 lluberto
765 1587 1073 1642 emnobium
1105 1587 1278 1642 sancti
1305 1585 1474 1652 Petri,
1499 1595 1664 1655 atque
1695 1585 1820 1640 huic
1852 1585 1929 1640 rei
1961 1585 2095 1642 insi-

501 1689 681 1734 stente
733 1677 975 1734 llubcrto
1014 1678 1307 1743 monacho»,
1360 1677 1695 1749 praenomine
1747 1676 1988 1744 Querco,
2037 1685 2094 1734 et

498 1781 673 1826 matre
713 1787 831 1825 mea
866 1769 1119 1826 Sttﬂlcite.
1165 1770 1336 1838 Quam
1393 1770 1697 1842 largitionis
1743 1769 2089 1824 donationem

2196 565 2475 638 Girogius,
2496 564 2761 637 patruelis
2799 564 2946 633 ejus;
2982 564 3113 620 item
3140 562 3400 635 Cirogius
3422 566 3491 621 dc
3531 565 3749 631 llaimullt
3779 556 3794 638 l

2197 655 2358 726 Villa,
2391 657 2690 713 Herbertus
2715 656 3102 725 Corbonensis,
3125 655 3405 729 Siguinus.
3441 655 3710 717 Nobiscum
3737 708 3748 720 .

2198 749 2508 822 Stephanus
2530 749 2792 806 Gualoius
2814 758 2867 806 et
2895 749 3038 806 ﬁlius
3059 750 3180 822 ejus
3207 750 3533 815 Adventius,
3555 753 3753 823 Stepha.

2197 859 2300 900 nus
2327 842 2524 912 major,
2577 841 2926 914 Oydelerius;
2982 841 3261 899 Teduinus
3291 851 3348 899 et
3381 843 3640 912 Gaudius,
3662 846 3752 901 fra-

2196 945 2343 1002 tres;
2418 935 2756 1002 Gunbaldus,
2837 932 3188 999 Laurentius;
3244 933 3596 1000 lsembertus,
3639 935 3754 996 ﬁlius

2196 1017 2509 1095 Goscelini;
2584 1025 2960 1094 Fulchardus;
3041 1025 3302 1083 Emulfus
3360 1037 3416 1082 et
3469 1024 3754 1099 Rainaldus,

2196 1121 2343 1178 ﬁlius
2374 1118 2524 1190 ejus;
2568 1119 2898 1186 Rodbertus,
2926 1119 3126 1175 fratrer
3162 1115 3466 1176 Frodelini.
3499 1135 3521 1172 ι

2621 1211 3021 1270 CAPITULUM
3062 1209 3354 1268 LXXXVI.

2462 1307 2539 1364 De
2558 1308 2721 1364 vineis
2738 1325 2867 1370 quas
2892 1309 3014 1363 emit
3037 1306 3200 1362 Berta
3220 1306 3510 1363 comitium

2770 1402 2860 1473 (12
2889 1402 3016 1456 maii
3052 1399 3239 1472 1069.)

2272 1512 2292 1546 ι
2319 1493 2516 1551 Notum
2571 1493 2645 1549 sit
2687 1494 2963 1561 omnibus,
3002 1495 3145 1565 quod
3177 1495 3441 1566 quasdam
3465 1494 3641 1551 vineas
3668 1494 3756 1552 κη.

2204 1587 2410 1652 dulfus,
2462 1589 2801 1658 praenomine
2827 1586 3104 1652 Calculus,
3145 1587 3199 1641 in
3246 1587 3522 1643 territorio
3549 1591 3758 1658 comitis,

2206 1695 2273 1735 ex
2310 1679 2578 1736 beneﬁcio
2610 1689 2798 1734 nostro
2826 1687 3041 1746 tenens,
3077 1679 3363 1735 nobiscum
3398 1679 3762 1738 tradicrntibus

2194 1772 2412 1828 comitis
2439 1771 2700 1828 Tedbaldi
2738 1771 2937 1836 sorori,
2985 1770 3208 1827 nomine
3261 1770 3424 1827 Berte
3451 1772 3620 1843 (208),
3652 1789 3760 1828 ven-

497 1864 644 1919 volui
675 1864 857 1926 facere
887 1878 987 1932 pro
1031 1864 1213 1917 anima
1243 1863 1416 1932 patris
1452 1863 1554 1918 mei
1609 1871 1664 1917 et
1691 1863 1882 1918 matris
1931 1877 2086 1928 mete,
2121 1835 2165 1895 Β
2194 1866 2322 1920 dere
2340 1862 2535 1916 voluit.
2561 1862 2786 1928 Verum,
2809 1862 2933 1933 quia
2960 1862 3042 1917 fas
3070 1878 3176 1919 non
3202 1874 3342 1927 erat,
3372 1861 3508 1917 adiit
3529 1862 3757 1920 Landrici

499 1971 708 2011 necnon
735 1971 832 2026 pro
854 1955 1028 2010 salute
1057 1957 1272 2027 propria
1311 1967 1367 2011 et
1386 1954 1634 2027 conjugis
1662 1967 1826 2025 atque
1853 1955 2088 2010 liliorum

499 2057 553 2102 et
576 2046 819 2103 ﬁliarum
847 2063 1123 2114 mearum,
1147 2050 1261 2104 sive
1309 2048 1552 2103 omnium
1607 2058 1895 2118 parentum
1943 2062 2090 2103 meo-

499 2154 640 2193 rum.
689 2139 788 2194 Cui
836 2140 1112 2196 donationi
1162 2141 1208 2195 si
1255 2140 1450 2210 aliquis
1505 2141 1782 2196 contraire
1835 2140 2088 2207 voluerit,

499 2227 628 2284 CCC
651 2228 821 2285 libras
849 2230 966 2285 auri
993 2232 1290 2302 persolvat,
1316 2241 1370 2287 et
1408 2231 1657 2287 voluntas
1680 2230 1797 2300 ejus
1840 2231 2088 2288 inefﬁcax

469 2331 808 2390 _remaneat;
851 2331 1038 2394 atque,
1081 2324 1186 2380 nisi
1239 2325 1305 2378 ad
1358 2325 1800 2380 emendationem
1855 2325 2086 2392 venerit,

493 2413 673 2482 pomis
697 2413 916 2482 inferni,
943 2430 1067 2472 cum
1099 2415 1235 2471 .luda
1271 2417 1567 2485 proditore,
1617 2416 1910 2486 subjaeeat.
1942 2417 2086 2474 Sub-

503 2505 824 2575 scripsimus
873 2507 1040 2562 etiam
1106 2507 1322 2562 nomina
1369 2508 1588 2564 testium
1629 2508 1720 2578 qui
1746 2522 1812 2563 ex
1859 2518 2098 2580 utraque

491 2605 650 2664 parte
689 2597 910 2654 luerunt
966 2609 1134 2656 testes
1180 2601 1492 2658 donationis
1541 2601 1720 2673 hujus.
1768 2603 2085 2672 llerbertns,

492 2686 665 2742 frater
714 2688 991 2757 Fulcaldi,
1053 2690 1310 2748 ﬁrmavit.
1373 2693 1610 2759 Suﬁitia,
1656 2703 1830 2750 mater
1873 2710 2085 2752 eorum.

410 2778 416 2784 ’
491 2778 799 2846 Fulcaldus,
835 2781 997 2852 hujus
1031 2783 1155 2838 doni
1189 2783 1433 2856 largitor.
1489 2784 1726 2853 Lizinia,
1755 2801 1893 2842 uxor
1951 2786 2087 2857 ejus.

491 2871 728 2926 Joannes
757 2881 811 2926 et
833 2872 1100 2930 Rotrocus
1128 2885 1184 2930 et
1215 2875 1536 2942 llerbertus,
1569 2878 1664 2932 ﬁlii
1689 2877 1824 2948 ejus.
1852 2878 2090 2935 Milesiu-

493 2965 596 3029 dis,
638 2965 742 3019 ﬁlia
768 2965 904 3035 ejus.
929 2967 1306 3040 Aremburgis,
1337 2985 1496 3026 soror
1519 2971 1662 3040 ejus.
1719 2971 1959 3042 llugonis
1984 2972 2084 3027 Pa-

492 3058 710 3113 lestelli.
737 3058 1023 3116 Durandus
1054 3063 1346 3131 presbiter,
1391 3063 1732 3119 Lambertus.
1756 3066 1892 3120 (ldo.
1921 3066 2092 3121 Asce-

495 3151 659 3206 linus.
706 3150 1037 3209 llernardus.
1108 3153 1184 3208 Ex
1245 3165 1431 3210 nostra
1479 3165 1673 3226 parte:
1735 3156 2081 3226 llermoinus,
2112 3189 2157 3252 Ο

494 3241 671 3311 major
700 3241 852 3297 Bosci
889 3241 1082 3309 Medii;
1121 3245 1418 3302 llerbertus
1455 3246 1621 3302 Canis
1656 3247 1941 3312 Parvulos,
1991 3251 2085 3304 Er-

494 3333 796 3401 ttaudcllus,
823 3334 1130 3403 Anstasitts,
1157 3338 1467 3404 Guarinus;
1500 3338 1755 3406 Lorinus,
1779 3339 1922 3396 ﬁlius
1942 3340 2086 3396 Gua-

497 3426 664 3491 lonis;
696 3425 991 3483 Rainaldus
1005 3428 1071 3484 de
1097 3427 1299 3486 Sancto
1328 3429 1598 3485 Romano.
1634 3449 1654 3484 ι

933 3519 1333 3577 CAPITULUM
1375 3522 1637 3578 LXXXV.

692 3610 766 3665 De
796 3612 993 3666 vicaria
1013 3611 1211 3666 Abonis
1253 3612 1399 3668 Villa:
1426 3615 1549 3670 (lata
1573 3633 1606 3670 α
1635 3614 1892 3674 Fulcone.

1062 3713 1224 3784 (Ante
1248 3731 1300 3770 a.
1330 3715 1512 3787 1080.)

569 3821 588 3854 ι
656 3802 868 3861 Sanctae
910 3804 1172 3861 aecclcsim
1217 3806 1490 3873 ﬁdelibus,
1543 3819 1651 3864 tam
1722 3811 2085 3881 praesentibus

492 3911 656 3964 quam
714 3895 932 3964 futuris,
967 3905 1152 3952 notum
1194 3913 1315 3953 esse
1349 3898 1617 3966 volumus,
1665 3917 1767 3971 ego
1813 3901 2084 3960 llubertus

494 3987 662 4040 abbas
688 3988 961 4058 indignus,
993 3998 1051 4043 et
1079 3989 1257 4044 omnis
1289 3993 1640 4063 congregatio
1691 3995 2084 4050 monachorum

492 4083 728 4136 coenobii
760 4083 938 4138 sancti
977 4082 1146 4149 Petri,
1195 4084 1454 4154 quoniam
1509 4086 1732 4155 quidam
1772 4087 1953 4153 miles,
1986 4103 2084 4144 no-

492 4172 641 4226 mine
663 4172 848 4238 Fnlco,
879 4173 1140 4240 moriens,
1179 4175 1397 4230 vivente
1425 4177 1621 4232 abbate
1656 4174 1944 4239 Landrico,
1976 4193 2082 4233 una

496 4281 620 4319 eum
647 4282 915 4323 ettnsensu
952 4266 1185 4322 ﬁliorum
1234 4283 1478 4331 suorum,
1519 4267 1760 4339 llugonis
1789 4269 2003 4325 scilicet
2027 4279 2084 4325 et

490 4356 740 4424 Guarini,
767 4360 943 4415 adhuc
970 4359 1230 4431 puerulis,
1259 4370 1314 4416 et
1334 4359 1597 4416 Richildis
1620 4361 1848 4430 sororis,
1867 4361 2085 4418 vicaria:

394 4456 398 4459 ’
491 4451 861 4516 medietatem,
894 4468 1055 4520 quam
1097 4451 1334 4507 habebat
1383 4452 1438 4506 in
1469 4452 1678 4508 Abonis
1703 4449 1864 4520 Villa,
1891 4465 2081 4510 sancto

492 4541 652 4598 Petro
678 4543 920 4612 apostolo
951 4558 1014 4598 ac
1061 4544 1345 4600 monachis
1376 4543 1478 4600 sibi
1534 4543 1928 4600 famulantibus
1953 4562 2081 4602 con-
2113 4543 2159 4599 D

493 4635 732 4688 cedendo
749 4635 954 4700 tribuit,
977 4652 1076 4706 pro
1100 4638 1340 4692 remedio
1356 4638 1550 4692 animae
1571 4653 1682 4692 sua:
1703 4648 1758 4693 et
1777 4638 2080 4694 animarum

495 4736 776 4792 parentum
807 4742 1030 4782 suorum
1057 4740 1222 4800 atque
1268 4728 1642 4784 incolumitate
1673 4728 1942 4796 ﬁliorum;
1975 4731 2082 4785 do-

495 4831 735 4887 nttmque
766 4832 932 4886 super
969 4819 1145 4876 altare
1177 4821 1354 4876 sancti
1379 4819 1529 4875 Petri
1561 4821 1730 4888 misit,
1761 4836 1859 4892 per
1885 4837 2079 4877 manus

493 4907 729 4962 ﬁliorum
761 4917 815 4963 et
847 4909 1274 4981 propinquorum
1306 4927 1550 4966 suorum.
1579 4911 1710 4967 Post
1737 4912 1894 4982 cujus
1925 4929 2078 4970 mor-

494 5011 627 5068 tem,
655 5001 795 5057 ﬁlius
819 5006 937 5073 ejus
961 5001 1134 5074 Hugo,
1154 5001 1266 5074 jam
1291 5004 1528 5071 adultus,
1558 5006 1854 5075 cupiditate
1881 5007 2078 5073 victus,

489 5095 793 5168 postposito
816 5093 1438 5165 donopatris.vicariam
1479 5097 1706 5163 invasit;
1750 5099 2080 5164 sed,anobis

493 5196 677 5252 postea
705 5184 854 5240 XXX
881 5202 1223 5243 nummorum
1261 5189 1448 5246 solidis
1502 5193 1772 5262 acceptis,
1797 5193 2078 5260 vicariam,

495 5291 654 5340 quam
694 5276 892 5344 injuste
920 5275 1222 5342 invaserat,
1255 5277 1498 5350 reliquit,
1529 5295 1925 5351 guerpumque,
1954 5297 2077 5335 cum

496 5364 661 5418 t‘mtre
692 5380 792 5420 suo
815 5361 1077 5432 Guarino,
1102 5382 1266 5438 super
1289 5368 1464 5424 altare
1484 5370 1659 5426 sancti
1685 5370 1830 5425 Petri
1865 5369 2080 5442 publice

495 5457 691 5523 posuit,
745 5457 847 5514 sub
903 5459 1212 5516 testimonio
1276 5461 1472 5517 horum
1544 5477 1781 5533 quorum
1855 5463 2076 5517 nomina

566 5591 712 5665 (208)
758 5593 981 5660 Berttta,
1012 5611 1151 5651 uxor
1188 5599 1404 5654 comitis
1452 5597 1770 5664 Britanniae,
1821 5595 1983 5650 Alani
2018 5595 2075 5660 γ,

496 5676 756 5732 sororque
804 5665 1096 5722 Thcobaldi
1145 5668 1231 5733 111,
1265 5667 1620 5724 Carnotensis
1673 5667 2080 5734 comitis,.ltapc

496 5735 734 5793 charum
761 5738 907 5791 dedit
936 5752 1078 5791 anno
1103 5753 1211 5808 quo
1233 5737 1532 5793 Landricus
1553 5740 1720 5795 abbas
1750 5750 1802 5794 et
1833 5736 2079 5793 Rodber-

497 5814 579 5858 tus
611 5809 894 5879 εξίδρωιιιιδ
928 5808 1202 5873 obierunt,
1230 5809 1553 5879 eodemque,
1583 5823 1685 5864 nec
1718 5820 1898 5866 tamen
1923 5823 2077 5866 com-

2191 1955 2401 2012 abbatis
2427 1954 2772 2027 praesentiam
2801 1954 3078 2011 coutitissa
3100 1995 3115 2020 ,
3146 1962 3206 2010 ut
3230 1969 3295 2010 eo
3325 1963 3487 2026 pacto
3515 1955 3614 2010 sibi
3643 1971 3760 2011 con-

2191 2051 2465 2112 cederent,
2500 2057 2578 2113 ttt,
2610 2047 2848 2117 quandiu
2880 2046 3112 2112 viveret,
3140 2061 3234 2103 eas
3279 2055 3514 2112 teneret,
3545 2063 3624 2113 ac,
3657 2058 3762 2116 post

2191 2147 2424 2192 mortem
2452 2138 2590 2208 ejus,
2627 2137 2785 2192 nobis
2808 2137 3129 2192 dimitteret.
3159 2136 3312 2204 Quod
3340 2150 3559 2207 pactum
3593 2149 3759 2206 postea

2190 2239 2316 2283 ante
2363 2227 2586 2283 fratrem
2638 2243 2795 2284 suum
2840 2226 3097 2282 comitem
3143 2226 3467 2282 Tetbaldum
3516 2240 3760 2297 recogno-

2189 2334 2371 2385 scens,
2425 2313 2480 2374 et
2519 2319 2655 2389 jam,
2685 2334 2783 2390 per
2837 2319 3276 2390 deprecationem
3305 2319 3548 2390 ejusdem
3574 2320 3762 2387 fratris,

2192 2409 2453 2476 ﬁrmavit,
2483 2425 2582 2480 pro
2614 2409 2793 2462 anima
2845 2408 3042 2478 patris,
3090 2407 3304 2473 matris,
3333 2407 3520 2464 fratris
3565 2418 3617 2464 et
3643 2423 3764 2476 suat,

2188 2498 2275 2554 llll
2300 2499 2422 2554 idus
2451 2498 2602 2564 maii,
2636 2498 2996 2569 praesentibus
3036 2497 3122 2554 bis
3161 2516 3176 2553 :
3217 2495 3566 2554 Gualeranno
3595 2516 3766 2554 mona-

2188 2593 2314 2658 cho,
2344 2589 2571 2647 Otberto
2595 2590 2885 2657 monacho,
2916 2589 3214 2646 Causfrido
3244 2591 3311 2646 de
3345 2590 3531 2648 Calido
3559 2591 3764 2656 Monte;

2189 2683 2442 2747 Cirardo,
2486 2697 2784 2752 coquorum
2841 2681 3133 2753 magistro;
3186 2680 3419 2738 Radulfo
3468 2686 3764 2754 prmposito.

2188 2774 2382 2829 Actum
2414 2773 2666 2829 Carnutis
2693 2773 2922 2844 publice,
2961 2773 3105 2828 inter
3137 2774 3329 2829 turrim
3359 2783 3416 2830 et
3443 2786 3651 2847 portam
3681 2777 3762 2831 Ci-

2189 2879 2462 2920 nerosam.
2499 2863 2551 2917 in
2581 2879 2798 2918 camera
2845 2863 3161 2931 comitissae,
3191 2864 3256 2918 de
3308 2879 3415 2935 qua
3455 2880 3632 2921 sermo
3657 2876 3762 2933 est;

2189 2971 2444 3026 eo_anno
2500 2971 2608 3026 quo
2668 2954 2975 3009 Rodbertus
3031 2969 3258 3026 peregre
3295 2957 3584 3028 episcopus
3605 2958 3759 3024 obiit;

2193 3061 2318 3107 tunc
2347 3052 2510 3108 etiam
2536 3053 2656 3107 sine
2687 3053 2940 3122 episc0p0
2970 3054 3124 3120 urbe,
3153 3061 3208 3108 et
3238 3052 3368 3109 dum
3409 3054 3616 3111 viveret
3662 3055 3769 3110 llu-

2188 3146 2397 3213 bertus,
2429 3147 2597 3202 abbas
2624 3163 2650 3198 a
2677 3145 2835 3201 nobis
2856 3146 3083 3201 electus.
3125 3165 3144 3198 ι

2259 3236 2529 3293 Ponenda:
2585 3245 2713 3291 sunt
2789 3237 2880 3291 hic
2954 3236 3136 3291 domni
3219 3235 3446 3293 Huberti
3501 3249 3770 3294 cartarnm

2186 3337 2366 3395 metae,
2402 3328 2681 3398 quoniam,
2710 3329 2878 3382 flante
2910 3339 3074 3385 vento
3106 3328 3383 3398 nequitia},
3417 3339 3474 3382 et
3499 3340 3774 3399 quatiente

2186 3421 2496 3476 dolositatis
2529 3421 2770 3488 turbine,
2817 3421 2936 3478 fere
2980 3437 3172 3478 omnes
3199 3420 3284 3476 sui
3333 3421 3403 3475 ab
3429 3435 3496 3475 eo
3526 3422 3770 3485 alienati,

2187 3511 2551 3568 inextricabili
2579 3512 2723 3568 nodo
2752 3511 3133 3576 constrictum,
3161 3511 3229 3566 ab
3267 3512 3475 3566 honore
3509 3511 3770 3568 violente!

2183 3606 2408 3671 eitiunt;
2475 3614 2638 3673 atque
2679 3603 3037 3659 Teodericum
3095 3602 3246 3675 (209)
3300 3603 3775 3666 Vindocinensem,

2185 3695 2305 3751 loco
2339 3694 2478 3766 ejus,
2507 3696 2574 3748 ab
2599 3693 2830 3748 Art-atde
2852 3691 3101 3764 praesule,
3134 3691 3324 3758 velint,
3363 3691 3563 3759 nolint,
3600 3691 3778 3747 susci-

2183 3789 2362 3860 piunt.
2395 3787 2496 3855 Qui
2521 3788 2695 3842 solum
2741 3785 2944 3858 regula:
2993 3787 3238 3858 vigorem
3289 3785 3558 3852 retinens,
3596 3795 3778 3840 exter-

2185 3881 2416 3939 minavit
2469 3881 2733 3953 plurimos
2763 3895 2954 3936 eorum
2993 3881 3086 3950 qui
3153 3887 3556 3935 antecessorem
3617 3892 3778 3934 suum

2185 3974 2434 4033 fecerant
2488 3977 2786 4030 extorrem.
2839 3973 2939 4029 llic
2987 3972 3241 4043 denique,
3281 3972 3332 4026 in
3370 3987 3470 4029 suo
3498 3985 3611 4043 quo
3643 3969 3779 4025 visit

2187 4077 2448 4139 tempore,
2479 4069 2533 4122 in
2575 4068 2780 4124 exteris
2835 4067 2999 4122 rebus
3029 4066 3258 4121 multum
3290 4067 3424 4122 ebes
3444 4105 3460 4132 ,
3491 4065 3584 4120 vix
3615 4078 3783 4118 uuam

2185 4156 2638 4227 cartulamnsque
2663 4171 2822 4221 nunc,
2851 4157 3009 4212 nobis
3031 4157 3214 4210 minus
3238 4158 3563 4226 prolicnam,
3599 4162 3784 4226 poste-

2184 4251 2263 4308 ris
2317 4249 2559 4321 reliquit.
2605 4249 2720 4316 Qua
2779 4249 3005 4318 scripta,
3038 4260 3315 4304 vertcmus
3363 4245 3548 4303 stilum
3580 4247 3654 4299 ad
3689 4257 3786 4299 eas

2183 4357 2344 4414 quas,
2401 4343 2527 4397 dum
2572 4340 2792 4413 penduli
2833 4351 3018 4396 essent
3075 4339 3331 4395 monachi
3377 4338 3496 4396 sine
3555 4337 3783 4401 abbate,

2183 4437 2489 4494 ediderunt.

2583 4539 2697 4581 CA.
2718 4520 2985 4579 [TULUM
3021 4519 3332 4578 LXXXVII.

2416 4622 2496 4678 De
2521 4620 2758 4678 (ecclesia
2787 4631 2984 4674 sanctw
3016 4617 3206 4673 Maria:
3237 4617 3302 4671 de
3335 4614 3546 4689 Alogia.

2785 4714 2964 4785 (Anno
2993 4711 3179 4783 1069.)

2258 4829 2278 4863 ι
2313 4810 2372 4866 in
2403 4811 2625 4867 nomine
2672 4817 2877 4866 sanctae
2902 4815 2958 4861 et
2987 4804 3284 4860 individuae
3324 4801 3649 4870 Trinitatis,
3681 4801 3796 4858 Pa-

2183 4906 2282 4962 tris
2309 4914 2365 4962 et
2393 4904 2514 4961 Filii
2555 4913 2610 4960 et
2649 4902 2886 4971 Spiritus
2935 4897 3133 4960 sancti,
3162 4895 3254 4967 qui
3291 4911 3434 4954 unus
3471 4906 3557 4952 est
3590 4911 3794 4952 essen-

2185 4997 2386 5054 tialiter
2414 5005 2470 5052 et
2497 4996 2668 5050 trinus
2710 4989 3103 5062 potentialiter.
3135 4984 3333 5042 Notum
3373 5003 3494 5044 esse
3519 4987 3798 5044 volumus

2181 5090 2393 5145 cunctis
2438 5094 2639 5143 sanctae
2671 5083 2765 5138 Dei
2807 5083 3072 5139 aacclesiaa
3107 5083 3380 5147 ﬁdelibus,
3406 5089 3518 5136 tam
3547 5094 3797 5150 preseno

2184 5182 2326 5238 tibus
2354 5195 2518 5251 quam
2541 5176 2763 5244 futuris,
2792 5192 2892 5249 ego
2931 5175 3288 5243 Teodericus,
3328 5169 3570 5232 coenobii
3605 5171 3799 5230 sancti

2181 5275 2330 5330 Petri
2361 5271 2718 5330 Carnotensis
2749 5268 2941 5337 abbas,
2965 5267 3257 5340 omnisque
3283 5265 3650 5338 congregatio
3681 5281 3802 5319 mo-

2182 5368 2483 5423 nachorum
2514 5363 2601 5420 cui
2631 5376 2857 5436 preesse
2880 5361 3097 5428 videor,
3128 5359 3390 5432 quoniam
3419 5355 3800 5421 Gualterius,

2181 5456 2517 5531 praenomine
2542 5454 2751 5522 Infans,
2779 5461 2976 5511 sancto
3015 5451 3180 5508 Petro
3221 5447 3606 5522 apostolorum
3646 5448 3805 5520 priu-

2181 5594 2348 5667 pleto,
2371 5608 2481 5667 quo
2504 5590 2782 5667 Hubertus
2797 5587 3220 5667 'abba§_el_ectt_ts
3247 5595 3351 5654 est,
3448 5601 3499 5644 e.
3533 5583 3727 5667 £069.

2213 5704 2226 5718 .
2251 5655 2407 5737 (209}
2438 5664 2706 5737 Aucto‘res
2741 5660 2883 5737 Gell.
2938 5660 3138 5737 Christ.
3168 5660 3313 5737 hunc
3367 5655 3803 5737 Theodericum

2183 5730 2324 5796 inter
2342 5730 2569 5795 abbates
2597 5733 2787 5792 Sancti
2817 5731 2964 5791 Petri
2987 5746 3093 5790 non
3125 5730 3549 5789 inscripserunt.
