3842 6308
59 445 150 502 337

670 441 900 501 VETUS
939 443 1200 504 AGANO.
1239 471 1312 487 —-
1339 440 1469 500 LIB.
1515 436 1626 495 VII.
1666 436 2061 498 LANDRICUS
2103 441 2190 498 ET
2229 441 2623 500 HUBERTUS.

3196 413 3304 490 35's

61 561 174 632 cipi,
195 573 286 630 pro
307 573 490 614 an.ma
515 573 608 614 sua
635 569 692 614 et
721 561 969 632 conjugis
996 575 1061 616 ac
1115 567 1405 631 parentum
1433 557 1608 614 domi-
1641 557 1688 617 Δ
1719 559 1866 614 tione
1887 559 2088 630 precii;
2122 559 2462 631 habeantque
2491 563 2662 616 altare
2681 557 3048 615 etoll'erendas
3077 570 3174 626 per
3197 554 3306 612 cir-

61 664 336 722 uorumque
380 665 627 714 suorum,
677 651 1062 726 presbiteriutn
1094 649 1357 708 tecclesia:
1402 658 1604 706 sach

58 743 235 807 Maria,
249 757 366 810 quae
387 757 495 796 non
517 740 671 810 longe
688 741 793 798 sita
809 723 894 798 est
918 758 950 800 a
974 741 1198 816 (lumine
1218 739 1422 812 Alogiaa
1451 723 1613 806 villas,

57 844 103 890 et
128 848 276 889 omne
298 834 554 904 quicquid
576 835 642 888 ad
668 837 842 906 ipsqu
911 834 1293 906 presbiterium
1342 835 1616 906 pertinere

57 927 294 992 noscitur,
319 935 428 980 tam
461 927 514 982 in
543 927 711 984 altare
733 943 896 998 quam
944 928 996 984 in
1026 927 1340 996 ol'l'erendis,
1370 925 1617 998 sepultu-

57 1019 140 1082 ris,
173 1017 412 1082 decimis,
451 1018 571 1089 jure
599 1029 862 1090 perpetuo
907 1019 1200 1088 concessit,
1227 1028 1289 1075 ut
1317 1019 1617 1076 habeamus

57 1117 196 1177 atque
219 1108 333 1162 sine
356 1107 464 1163 ulla
497 1109 924 1168 contradictione
969 1111 1365 1180 possideamus.
1407 1110 1618 1166 Donum

58 1196 212 1265 ilaque
239 1195 394 1267 hujus
435 1197 764 1270 largitionis,
806 1216 906 1271 per
943 1216 1224 1262 assensum
1264 1202 1476 1258 domnae
1507 1213 1620 1255 sua:

57 1289 296 1358 Ilahildae,
332 1291 402 1346 de
423 1307 532 1362 qua
565 1292 618 1347 id
649 1291 972 1350 benelicium
997 1294 1239 1358 tenebat,
1263 1309 1427 1364 super
1447 1292 1620 1349 altare

58 1381 206 1436 sancti
249 1379 480 1438 Romani
525 1385 766 1439 martiris
815 1385 1020 1456 posuit,
1067 1386 1157 1455 qui
1201 1400 1310 1440 non
1371 1387 1526 1456 longe
1586 1399 1618 1439 a

57 1473 225 1528 Braiao
252 1484 436 1530 castro
473 1475 719 1546 apostolo
739 1477 1002 1548 quaeritur
1028 1485 1086 1533 et
1108 1487 1419 1533 veneratur.
1450 1475 1620 1542 Cujus

59 1566 175 1620 ﬁlius
193 1565 502 1624 Gualterius
542 1569 776 1624 clericus
825 1569 1078 1627 Carnotis
1128 1579 1317 1641 postea
1369 1568 1524 1633 abiit,
1563 1579 1620 1625 et

57 1674 110 1713 ex
130 1659 302 1713 eadem
332 1675 390 1714 re
424 1660 628 1716 donum
652 1675 816 1731 super
838 1661 1011 1716 altare
1037 1661 1210 1716 sancti
1240 1659 1388 1715 Petri
1408 1659 1619 1730 posuit;

61 1752 258 1821 indeque
279 1751 427 1806 XXX
459 1752 664 1808 solidos
685 1768 1028 1808 nummorum
1057 1770 1086 1808 a
1123 1753 1280 1810 nobis
1303 1751 1527 1822 recepit,
1557 1765 1623 1807 ac

61 1845 191 1897 matri
216 1858 323 1899 sua:
357 1845 397 1900 γ
429 1844 638 1903 solidos
681 1845 734 1900 in
773 1862 880 1900 uno
911 1845 1168 1902 mantello
1196 1855 1380 1916 empto
1406 1843 1618 1900 detulit.

59 1935 200 2001 Quam
241 1937 595 1993 donationem
644 1938 891 2009 quisquis
944 1937 1226 1993 retrahere
1271 1909 1502 1991 voluerit
1555 1935 1624 1992 ab
1652 1909 1699 1972 Β

59 2025 274 2082 cuiuihus
302 2029 516 2084 sanctis
540 2027 632 2084 Dei
671 2029 1194 2094 excommunicatus,
1223 2043 1346 2083 cum
1373 2026 1625 2082 oumihus

61 2117 238 2172 Domini
261 2119 718 2190 cruciﬁgentibus
756 2129 962 2177 etcum
996 2118 1134 2175 Juda
1182 2119 1482 2192 proditore,
1520 2117 1626 2173 nisi

61 2211 329 2282 resipuerit,
355 2214 408 2267 in
440 2213 662 2270 inferno
692 2223 904 2284 pereat.
927 2214 1120 2270 Actum
1146 2223 1232 2270 est
1261 2214 1364 2269 hoe
1388 2212 1624 2284 publice,

60 2303 219 2372 brajao
245 2316 448 2371 castro,
485 2307 635 2361 intra
682 2307 938 2364 horreum
967 2306 1152 2364 Sancti
1197 2306 1451 2373 Romani,
1481 2319 1626 2361 anno

61 2410 177 2450 nouo
201 2396 334 2466 regis
360 2396 624 2467 Philippi,
651 2398 1027 2454 assistentibus
1053 2397 1137 2453 his
1156 2412 1387 2468 quorum
1410 2395 1628 2450 nomina

63 2485 445 2562 subscripsimus
477 2505 500 2544 :
535 2488 812 2546 Bernardo
874 2489 942 2545 de
987 2488 1180 2554 Buslo;
1233 2487 1505 2545 Landrico
1562 2487 1629 2541 de

63 2576 262 2636 'l‘oriello
309 2590 366 2638 et
407 2581 628 2647 Orione,
678 2582 851 2637 fratre
896 2598 1026 2648 suo;
1073 2581 1352 2638 Gualterio
1398 2581 1625 2648 Infante,

62 2671 136 2739 qui
178 2673 308 2729 hanc
365 2675 730 2730 donationem
788 2675 948 2741 fecit;
1017 2673 1251 2731 Radulfo
1299 2674 1626 2746 prteposiloi

62 2759 333 2828 Gansfrido,
382 2765 654 2833 Raiardo,
696 2765 959 2821 Rainaldo
983 2763 1292 2822 forestario.
1335 2767 1411 2822 Ex
1442 2774 1626 2821 nostra

63 2861 188 2918 parte
231 2871 244 2907 :
289 2855 571 2910 Girvardo
611 2857 840 2928 majore,
889 2857 1186 2916 Laurentio
1258 2856 1631 2923 cuhiculario;

63 2941 318 3014 Bernardo,
350 2947 462 3002 ﬁlio
503 2947 779 3014 Vulmari;
811 2948 1119 3005 Frollando.
1166 2969 1184 3002 ι

424 3041 840 3098 CAPITULUM
880 3041 1211 3100 LXXXVIII.

67 3133 126 3188 De
147 3124 408 3205 juniorotu
443 3137 709 3194 ecclesiis
739 3141 909 3194 sancti
935 3137 1154 3196 Leobini
1179 3137 1627 3197 Castridunensis.

601 3230 763 3299 (Ante
785 3248 836 3286 a.
871 3230 1060 3304 1080.)

1717 652 1901 708 culum
1935 653 2086 730 anui,
2116 663 2304 722 preter,
2345 662 2582 723 quatuor
2610 651 2798 716 festas,
2853 651 2906 704 in
2935 649 3134 721 quibus
3169 651 3304 706 duas

1713 754 1899 817 partes
1928 745 2218 804 oﬂ'erendae
2236 746 2412 802 adhuc
2443 747 2493 801 in
2521 745 2724 802 nostris
2760 743 2950 799 usibus
2983 741 3300 797 retinemus.

1717 837 2054 895 Dimittimus
2090 840 2253 894 etiam
2279 838 2631 896 calumniam
2673 834 2935 892 accelesiae
2976 831 3155 888 sancti
3196 829 3305 884 Ro-

1717 934 1887 1000 mani,
1931 948 2051 1004 quae
2102 941 2187 989 est
2228 932 2370 988 ultra
2395 931 2615 988 lluvium
2640 945 2802 1000 supra
2830 935 3220 988 memoratum,
3246 934 3312 978 ut

1719 1023 1904 1080 nullus
1958 1030 2268 1080 nostrorum
2312 1022 2570 1078 heredum
2623 1020 2916 1091 quicquam
2961 1015 3160 1070 audeat
3206 1028 3308 1068 un-

1718 1129 1881 1185 quam
1909 1115 2126 1182 exigere
2159 1112 2228 1166 ab
2253 1126 2338 1176 ea,
2358 1111 2450 1166 sed
2478 1126 2601 1166 eam
2631 1105 2882 1166 monachi
2906 1122 2972 1163 ex
2999 1115 3111 1162 toto
3135 1103 3313 1176 possi-

1720 1207 1910 1278 deant,
1959 1204 2230 1262 mdilicent
2277 1215 2334 1260 et
2380 1219 2573 1260 secure
2616 1202 2872 1259 habeant.
2925 1197 3093 1269 llujus
3124 1204 3310 1252 autem

1715 1298 2034 1356 donationis
2051 1305 2260 1354 cartam
2288 1294 2824 1362 uostram,videlicet
2866 1291 3112 1360 jussioue
3176 1287 3310 1342 scri-

1717 1399 1897 1460 ptam,
1915 1389 2161 1443 manilius
2174 1387 2386 1464 nostris
2413 1385 2822 1454 nominibusque
2846 1377 3201 1437 corroborari
3219 1393 3313 1433 ιὀε

1719 1481 1944 1545 luimus,
1974 1487 2033 1533 ut
2053 1492 2267 1548 semper
2289 1476 2542 1535 inviolata
2578 1487 2634 1532 et
2665 1473 2982 1530 ineouvulsa
3007 1482 3228 1528 manere
3255 1467 3316 1524 in

1719 1569 1905 1630 secula
1929 1569 2131 1629 valeat.
2161 1587 2180 1621 ι

2142 1657 2544 1717 CAPITULUM
2591 1655 2882 1714 LXXXIX.

1865 1755 1947 1812 De
1979 1753 2200 1812 ecclesia
2226 1754 2397 1810 sancti
2435 1751 2652 1807 Leobini
2682 1751 2855 1806 Castri
2889 1749 3178 1806 Duuensis.

2281 1847 2445 1917 (Ante
2484 1862 2537 1901 a.
2569 1845 2762 1913 £080.):

1803 1958 1824 1994 ι
1861 1938 2118 1996 Terrenm
2143 1936 2374 2003 divitiae,
2423 1935 2566 1992 sicut
2587 1948 2796 2000 earum,
2825 1947 2927 2004 pro
2953 1929 3112 1988 Iibitu
3134 1927 3316 1985 carnis

1726 2049 1792 2091 ac
1821 2032 2217 2090 desideriorum
2260 2029 2413 2096 luxu,
2440 2026 2838 2101 proﬂigatores,
2872 2024 2942 2081 ad
2978 2021 3320 2080 inferuerunt

1727 2141 1947 2195 poenas;
1981 2124 2080 2191 sic,
2131 2138 2230 2194 pro
2260 2121 2357 2178 Dei
2403 2131 2630 2184 amore;
2669 2117 2760 2189 qui
2808 2131 2904 2173 eas
2949 2111 3324 2185 indigentibus

1727 2215 2052 2286 largiuntur,
2081 2215 2147 2271 ad
2172 2223 2375 2270 aeterna
2401 2212 2675 2268 deducunt
2713 2208 2945 2280 premia.
2973 2205 3319 2277 QuaprOpler

1725 2323 1830 2377 ego
1855 2307 2182 2373 Willelmus,
2243 2305 2466 2362 honoris
2506 2303 2710 2372 Alogite
2755 2300 3028 2365 dominus,
3057 2305 3317 2370 quantum

1727 2401 1797 2457 ad
1832 2401 2001 2458 seculi
2027 2401 2346 2471 dignitatem
2393 2397 2614 2462 attinet,
2641 2395 2822 2451 clarus
2848 2391 3066 2463 quidem
3097 2402 3322 2459 genere,

1729 2497 1826 2553 sed
1853 2511 2024 2566 pravo
2051 2496 2420 2566 perobscurus
2465 2505 2654 2561 opere,
2695 2487 2840 2543 inter
2868 2482 3028 2551 hujus
3050 2480 3318 2550 noctivagi

1728 2589 1994 2662 procellas
2042 2587 2230 2650 seculi,
2277 2585 2447 2640 armis
2499 2581 2826 2654 praecinctus
2876 2573 3204 2632 militaribus
3253 2587 3321 2626 ac

1729 2678 2017 2737 mundanis
2037 2677 2311 2748 inplicitus
2334 2673 2562 2746 negotiis
2575 2688 2596 2738 ;-
2615 2670 2740 2726 dum
2771 2680 2984 2738 nequeo
3000 2663 3138 2720 meis
3158 2662 3324 2718 meri-

1729 2775 1823 2840 tis,
1854 2787 1975 2843 quae
2005 2784 2173 2842 parva
2202 2768 2285 2826 vel
2309 2768 2498 2838 pocius
2540 2763 2688 2820 nulla
2729 2769 2875 2824 sunt,
2907 2753 3324 2815 innumerabilia

1733 2878 1856 2934 quae
1871 2861 2122 2918 commisi
2146 2857 2353 2914 diluere
2366 2848 2994 2920 faciuora,donariorum
3017 2850 3323 2916 pertempto

1732 2954 2110 3028 largitionibus
2129 2953 2418 3008 redimere.
2434 2947 2587 3008 Unde
2611 2955 2790 3003 ratum
2812 2942 2930 2998 fore
2949 2939 3075 2996 duxi
3107 2939 3332 2998 beatum

1729 3053 1976 3115 Petrum,
2018 3046 2390 3119 apostolorum
2419 3042 2753 3116 principem,
2787 3036 2877 3103 cui
2923 3033 3183 3092 Dominus
3211 3045 3326 3086 sum

1729 3143 1996 3202 meclesia:
2019 3156 2207 3198 curam
2232 3137 2510 3196 commisit
2552 3143 2718 3204 atque
2749 3128 2944 3202 ligandi
2971 3122 3334 3193 solvendique

1658 3259 1705 3324 ρ
1735 3236 1949 3293 animas
1998 3239 2320 3306 potestatem
2379 3226 2637 3292 contulit,
2684 3220 3324 3324 michi.inter‘cesso’rem

130 3339 146 3373 ι
177 3321 502 3380 Christiana:
528 3323 810 3397 religionis
829 3323 1022 3380 obtimi
1053 3323 1155 3380 viri
1185 3325 1476 3398 quondam,
1499 3325 1628 3381 dum
1659 3304 1705 3324 U
1734 3326 1950 3391 ascisci‘,
1979 3304 2211 3394 eumque
2237 3336 2306 3377 ex
2356 3319 2520 3380 rebus
2559 3313 2792 3387 propriis
2827 3304 3321 3380 placabilem-(ieci.

67 3415 281 3472 ciuilibus
301 3417 574 3473 ﬂorerent
613 3417 806 3489 copiis,
831 3427 888 3474 et
909 3417 1204 3484 ecclesias,
1227 3417 1388 3490 longe
1413 3418 1636 3489 lateque

68 3521 142 3573 per
161 3510 334 3565 orbem
365 3512 420 3568 in
469 3512 690 3567 honore
730 3509 826 3568 Dei
864 3523 1026 3585 atque
1065 3521 1378 3570 sanctorum
1421 3522 1635 3570 sancta-

69 3613 116 3652 ru
125 3617 261 3669 tuque
276 3602 563 3658 memoriis
575 3603 828 3660 nobiliter
845 3611 1206 3670 constructas,
1225 3603 1635 3676 religiosissime

68 3691 292 3756 colerent,
334 3707 428 3748 eas
453 3693 694 3750 diversis
736 3695 1088 3751 denariorum
1129 3695 1299 3752 titulis
1328 3695 1632 3768 insignitas,

71 3781 366 3854 locupletare
417 3787 747 3855 voluerunt;
796 3803 1030 3859 quorum
1070 3787 1354 3862 privilegia
1399 3788 1452 3844 in
1503 3787 1636 3858 ipsis

71 3878 313 3945 ecclesiis,
342 3897 448 3936 una
507 3895 629 3936 cum
675 3895 864 3938 eorum
915 3880 1218 3946 memoriis,
1261 3889 1550 3938 servantur
1580 3887 1638 3936 et

71 3971 418 4041 servabuntur,
455 3971 688 4030 Christo
711 3971 944 4028 Domino
971 3981 1266 4030 annuente.
1299 3972 1486 4042 Itaque
1512 3985 1634 4042 ego,

71 4063 291 4124 Alberlus
325 4067 579 4133 nomine,
609 4063 853 4136 Hugonis
893 4073 1098 4122 sanctae
1130 4063 1392 4121 mcclesiae
1431 4063 1638 4120 Carno-

74 4157 214 4212 tensis
236 4157 591 4222 vicedomini,
639 4154 804 4222 ﬁlius,
835 4164 1024 4212 notum
1049 4169 1172 4212 esse
1197 4154 1322 4210 volo
1361 4163 1472 4210 tam
1497 4169 1638 4226 prte-

79 4251 290 4306 sentibus
316 4267 486 4323 quam
530 4249 752 4316 futuris,
791 4249 929 4306 meis
967 4247 1176 4306 scilicet
1205 4247 1636 4313 successoribus,

79 4338 130 4392 de
151 4341 381 4400 ecclesia
401 4341 587 4399 sancti
609 4341 857 4407 Leobini,
881 4355 1010 4412 quas
1023 4341 1078 4397 in
1106 4339 1310 4398 Braiao.
1331 4348 1512 4397 castro
1548 4355 1640 4394 su-

77 4447 155 4499 pcr
173 4435 383 4491 lluvium
451 4436 691 4495 Osanna
734 4434 960 4492 fundata
1009 4442 1244 4499 est,eta
1277 4434 1476 4490 domno
1518 4447 1644 4488 meo

77 4520 338 4594 Willelmo,
364 4527 554 4600 ipsius.
579 4527 745 4584 castri
772 4527 1019 4594 domino,
1043 4542 1169 4585 cum
1205 4526 1330 4594 aliis
1367 4528 1530 4582 rebus
1560 4533 1641 4580 te-

1737 3419 1832 3476 Sic
1888 3418 2036 3474 enim
2064 3413 2279 3472 Domini
2331 3409 2504 3468 nostri
2543 3404 2857 3479 praecipitur
2889 3399 3102 3470 eulogio
3125 3412 3144 3450 :
3171 3397 3338 3462 Date,

1735 3509 1937 3582 inquit,
1979 3517 2028 3564 et
2089 3506 2306 3562 dabitur
2341 3502 2516 3566 vobis;
2569 3507 2626 3555 et
2661 3497 2768 3552 alio
2824 3493 2880 3550 in
2930 3491 3050 3548 loco
3076 3503 3092 3544 :
3122 3486 3324 3550 Facite,

1735 3601 1933 3673 inquit,
1963 3599 2106 3658 vobis
2159 3597 2356 3652 amicos
2420 3593 2486 3648 de
2539 3592 2844 3647 mammona
2897 3581 3216 3673 iniquitatis,
3261 3586 3328 3673 in

1735 3666 1856 3752 cunt
1900 3666 2218 3761 defeceritis,
2257 3685 2509 3754 recipiant
2533 3697 2620 3736 vos
2650 3680 2706 3734 in
2745 3685 2942 3733 mtcrna
2963 3666 3328 3728 tabernacula.

1735 3786 1943 3856 Itaque,
1965 3788 2237 3836 annuente
2263 3773 2560 3832 venerabili
2595 3778 2770 3826 matre
2791 3781 2914 3823 mea
2946 3761 3202 3825 Mahilde,
3220 3773 3334 3824 una

1737 3851 2170 3935 cumkarissima
2197 3867 2422 3939 conjuge
2451 3862 2767 3924 Eustachia,
2793 3874 2890 3916 seu
2913 3855 3100 3914 liberis
3126 3851 3332 3910 nostris

1737 3969 1916 4025 adhuc
1973 3963 2278 4026 infantulis,
2340 3959 2564 4030 llugone
2607 3971 2675 4013 ac
2709 3951 3032 4015 .Willelmo;
3089 3961 3189 4017 pro
3243 3959 3334 4000 re-

1738 4059 2050 4131 demptione
2080 4055 2299 4127 quidem
2330 4052 2636 4106 animarum
2665 4053 3077 4100 antecessorum
3111 4043 3330 4091 nostro-

1739 4126 1886 4219 rum,
1907 4126 2116 4208 necnon
2157 4156 2212 4203 et
2237 4160 2335 4217 pro
2365 4153 2548 4198 nostra
2597 4135 2992 4197 incolomitate,
3023 4126 3332 4186 concedens

1739 4247 1883 4304 dono
1910 4253 1967 4302 et
1995 4243 2208 4299 donans
2248 4235 2494 4293 concedo
2536 4231 2694 4286 beato
2757 4226 2918 4282 Petro
2939 4219 3211 4294 apostolo,
3260 4231 3334 4274 ac~

1741 4341 1859 4410 ejus
1879 4335 2161 4394 monachis
2186 4330 2290 4388 sibi
2311 4323 2629 4384 normaliter
2645 4314 3039 4410 famulantibus
3065 4312 3119 4367 in
3139 4323 3326 4410 emno-

1733 4398 1834 4487 .bio
1857 4427 2001 4500 quod
2033 4439 2140 4480 non
2177 4421 2333 4491 longe
2363 4432 2394 4472 a
2431 4405 3055 4500 mmnibusCarnotine
3077 4399 3229 4500 urbis
3259 4398 3334 4451 si-

1744 4490 1988 4582 tum'est,
2012 4490 2320 4570 tecclesiam
2345 4505 2561 4564 scilicet
2587 4497 2892 4558 beatissimi
2928 4490 3157 4552 Leohini
3197 4505 3344 4560 cons

78 4632 186 4678 nere
579 4582 717 4695 ipsa,
765 4582 1018 4693 imm“;
1055 4582 1494 4679 ‘cumconsensu
1531 4620 1638 4678 mei
1668 4608 1718 4670 D
1745 4609 1970 4669 iessoris
1997 4615 2050 4662 et
2087 4601 2327 4695 episcopi
2361 4597 2634 4695 praedicta:
2678 4592 2881 4695 urbis:
2904 4582 3334 4695 ριιωξοοιεεξει,

76 4714 316 4773 carissimi
339 4717 534 4778 (ratris
560 4715 781 4772 nomine
808 4713 1082 4780 Guerriei,
1121 4714 1212 4784 qui
1239 4728 1383 4768 nunc
1408 4722 1493 4768 est
1516 4721 1641 4784 post

79 4807 223 4871 patris
239 4808 340 4863 mei
366 4816 628 4874 mortem,
647 4807 1042 4874 vicodomiuus,
1066 4806 1399 4878 junioratum
1421 4805 1642 4876 quidem

79 4905 246 4954 sancto
261 4898 529 4972 Petro,a,c
548 4901 830 4958 monachis
857 4899 960 4957 sibi
974 4895 1360 4953 inmutantibus
1373 4897 1426 4952 in
1461 4911 1643 4953 emno-

80 4986 154 5042 bio
172 4991 347 5061 ipsius,
379 4995 530 5065 quod
563 4995 822 5050 decenter
849 4992 906 5048 in
937 4989 1199 5046 suburbio
1231 4989 1396 5044 situm
1437 4997 1524 5044 est
1554 5002 1644 5043 su.-

83 5083 312 5149 pradictm
337 5086 601 5152 civitatis,
635 5085 944 5142 concedens
971 5098 1154 5139 annuo
1171 5091 1226 5139 et
1249 5096 1495 5138 annuens
1513 5097 1646 5136 cou-

83 5174 311 5242 cedendo,
341 5190 442 5246 pro
463 5175 747 5232 animabus
773 5183 1058 5248 parentum
1079 5181 1406 5236 nostrorum,
1433 5187 1644 5228 necnon

85 5270 132 5318 el.
143 5279 228 5336 pro
241 5266 414 5328 salute
440 5275 552 5324 tam
565 5269 685 5338 ,mei
713 5281 875 5337 quam
897 5262 1502 5322 iratrisantenominati.
1515 5277 1644 5334 pcr-

85 5360 342 5426 petualiter
371 5362 612 5420 concedo
639 5379 654 5416 :
683 5375 750 5417 ea
795 5359 1004 5417 scilicet
1047 5357 1191 5430 lege,
1243 5365 1303 5412 ut
1354 5354 1645 5428 presbiteri

89 5446 236 5519 ipsius
262 5453 524 5512 ecclesiis
550 5467 653 5512 nec
681 5466 713 5509 a
740 5464 828 5509 me
872 5464 975 5507 nec
999 5463 1034 5505 a
1063 5447 1202 5505 meis
1237 5444 1650 5504 successoribus

89 5539 180 5598 ullo
205 5545 359 5602 modo
403 5546 767 5613 dominentur,
813 5552 904 5600 set
945 5540 1016 5598 ab
1055 5539 1198 5611 ipsis.
1228 5536 1532 5600 monachis,
1577 5536 1648 5593 ab

91 5632 178 5692 hac
194 5637 274 5695 die
296 5638 350 5696 in
389 5650 572 5708 antea,
620 5641 909 5697 mittantur
943 5638 998 5693 in
1029 5635 1145 5707 ipsa
1175 5634 1448 5699 mcclesia,
1470 5631 1645 5688 domi-

93 5737 265 5785 nentur
286 5738 342 5787 et
378 5729 682 5800 ejiciantur,
725 5730 771 5787 si
817 5729 960 5788 forte
1009 5737 1340 5786 mereantur.
1399 5723 1649 5781 Habeant

95 5823 252 5876 tamen
271 5837 301 5876 a
326 5824 483 5881 nobis
505 5825 572 5882 de
597 5824 807 5884 decima
831 5821 1092 5882 melesize
1134 5837 1296 5893 quam
1328 5819 1647 5878 retinemus.

97 5919 178 5977 νοτ
197 5913 417 5986 singulos
443 5931 624 5984 annos,
653 5918 786 5975 duos
814 5917 1022 5974 modius
1063 5914 1246 5980 tritici,
1280 5914 1395 5968 sine
1425 5911 1530 5965 ulla
1557 5911 1648 5963 da-

1743 4718 1774 4758 a
1807 4713 1990 4773 prisco
2016 4705 2280 4764 tempore,
2313 4689 2456 4746 intra
2476 4686 2676 4742 vallum
2707 4681 2884 4740 Castri
2912 4678 3050 4735 Duni
3078 4676 3338 4731 decenter

1743 4765 2062 4852 constructa
2113 4787 2349 4850 videtur,
2403 4793 2572 4852 atque
2606 4795 2636 4834 a
2667 4776 2913 4849 patribus
2960 4770 3187 4852 nostris,
3211 4765 3337 4836 jure

1744 4882 2104 4945 hereditario,
2145 4892 2396 4951 possessa
2439 4884 2542 4932 est.
2595 4874 2672 4932 De
2727 4887 2832 4939 qua
2881 4869 3081 4924 donum
3121 4876 3338 4933 quoque

1743 4993 1909 5050 super
1959 4976 2133 5048 ipsius
2174 4970 2407 5045 apostoli
2462 4968 2634 5024 altare
2691 4963 2804 5020 Vlll
2851 4963 2972 5019 idus
3017 4955 3333 5050 Deceubris,

1747 5048 1932 5142 posui,
1949 5083 2072 5124 cum
2115 5063 2352 5120 ﬁdelium
2381 5073 2624 5115 meorum
2655 5069 2903 5120 assensu,
2927 5051 3018 5124 qui
3043 5062 3170 5122 tunc
3195 5048 3335 5118 Car-

1743 5137 1895 5220 notis
1922 5167 2080 5214 erant
2109 5167 2348 5215 mecum,
2388 5162 2624 5220 quorum
2674 5145 2894 5202 nomina
2946 5144 3000 5198 in
3033 5141 3142 5197 line
3173 5137 3335 5212 hujus

1747 5253 1936 5324 scripti
1967 5250 2292 5308 notavimus.
2347 5242 2601 5300 Habeant
2621 5253 2773 5310 ergo,
2805 5253 2872 5294 ex
2912 5239 3016 5295 hac
3042 5235 3208 5294 die‘in
3238 5251 3336 5292 an-

1751 5361 1854 5406 tea.
1875 5345 2108 5417 jureque
2136 5337 2466 5396 hereditario
2502 5331 2797 5404 supradicti
2833 5329 3084 5386 monachi
3105 5329 3333 5385 eandem

1750 5438 2051 5498 acclesiam
2071 5432 2407 5506 possideant,
2430 5443 2553 5484 cum
2569 5426 2714 5482 omni
2731 5435 2924 5481 ornatu
2937 5423 3052 5493 ejus
3066 5421 3148 5477 vel
3174 5421 3340 5480 rebus

1749 5529 2026 5595 omnibus,
2052 5535 2163 5580 tam
2199 5523 2346 5580 intus
2375 5534 2540 5592 quam
2581 5517 2736 5583 l'oris,
2765 5515 2831 5570 ad
2868 5517 3040 5587 ipsam
3065 5512 3338 5583 pertinent.-

1752 5625 1918 5689 tibus,
1967 5631 2085 5690 quae
2128 5614 2382 5673 videlicet
2430 5613 2486 5669 in
2538 5626 2662 5668 meo
2717 5608 2963 5666 dominio
3014 5603 3339 5660 videbantur

1753 5730 1895 5774 esse.
1953 5709 2205 5768 Concedo
2275 5708 2474 5774 etiam,
2517 5704 2672 5774 juxta
2729 5701 2958 5758 eandem
3013 5691 3336 5753 mcclesiam,

1755 5824 1912 5870 areas
1935 5822 2056 5878 quas
2091 5804 2350 5861 dicuntur
2398 5799 2644 5864 Amulli;
2704 5809 2914 5858 necnon
2968 5801 3021 5846 et
3068 5788 3338 5842 Bovoncut

1757 5904 2276 5968 nui!itc1n,€unisuc
2309 5879 2700 5961 feic,lq'.:7:«.l'ad
2754 5886 3118 5952 supradictuu
3153 5879 3338 5928 mccler
