3890 6302
552 437 657 499 359

1483 437 1692 501 PAULI
1729 437 1789 497 S.
1826 437 2035 496 PETRI
2058 435 2539 499 CARNOTENSIS
2574 427 2885 498 MONACHI
3688 443 3773 502 350

548 569 685 611 siam
721 520 993 627 pertinere
1026 556 1290 612 neseitur.
1338 553 1398 614 Si
1430 561 1609 611 tamen
1640 553 1757 623 ipse
1785 560 2005 610 vertere
2030 566 2123 607 vo-
2155 555 2210 616 Α
2234 549 2509 607 struendis
2538 546 2767 604 oﬁicinis
2789 544 3202 611 monachorum,
3235 553 3290 603 et
3315 544 3530 602 hortum
3555 561 3771 618 ptantan-

549 647 732 717 luerit,
761 648 1001 705 decimas
1037 650 1269 719 denique
1312 655 1475 718 atque
1518 659 1717 702 census
1744 645 1812 701 ad
1860 646 2129 715 prefatam

548 737 850 794 tecclesiam
875 738 1206 809 pertinentes
1265 735 1441 791 libens
1475 733 1734 801 concedo,
1776 742 1838 788 ut
1874 748 1905 789 a
1941 748 2134 788 mona-

551 829 699 896 chis,
730 828 815 885 vel
844 828 1095 901 precario
1134 827 1218 882 vel
1261 827 1469 899 precio,
1510 825 1848 883 redimantur
1884 825 1952 879 ab
1996 824 2128 895 ipsis

546 922 811 980 militibus
836 924 929 995 qui
955 937 1019 979 ex
1046 930 1232 978 nostro
1246 919 1513 977 beneﬁcio
1542 919 1799 974 videntur
1829 917 2125 987 possidere.

545 1017 673 1072 llaec
694 1017 839 1075 enim
863 1017 1044 1072 omnia
1071 1015 1362 1087 perexigua
1388 1021 1516 1070 sunt
1547 1030 1561 1067 :
1590 1021 1808 1088 terrena
1829 1010 1974 1065 enim
2001 1017 2128 1065 sunt

542 1114 708 1175 atque
751 1107 1077 1173 transitura;
1110 1104 1351 1161 caelestia
1387 1118 1603 1175 quoque
1632 1101 1721 1158 vel
1754 1109 1960 1157 aeterna
1987 1099 2124 1158 emi-

544 1199 797 1253 nentiora
827 1206 883 1253 et
914 1196 1127 1268 potiora
1161 1205 1313 1265 sunt,
1353 1211 1492 1266 qum,
1519 1193 1737 1249 Christo
1762 1191 1999 1262 presule,
2028 1205 2128 1261 pro

544 1291 634 1345 bis
680 1289 929 1345 miminis
976 1289 1031 1345 in
1061 1289 1245 1345 futuro
1273 1287 1617 1357 recipiemus.
1645 1284 1857 1341 Profuit
1883 1284 2028 1340 enim
2048 1282 2149 1372 vi:

539 1385 680 1452 dirae,
720 1385 787 1439 de
842 1399 949 1453 qua
992 1382 1210 1459 legitur,
1251 1380 1395 1450 quod
1434 1380 1488 1435 in
1538 1377 1741 1449 templo
1793 1375 1988 1433 obtulit
2019 1376 2127 1432 duo

539 1475 775 1543 minuta;
808 1473 1013 1545 profuit
1041 1484 1096 1529 et
1130 1472 1282 1528 danti
1310 1487 1463 1543 aqua:
1495 1470 1709 1541 frigidae
1748 1468 1910 1525 calix.
1946 1466 2125 1537 Hujus

538 1582 670 1638 ergo
716 1566 1019 1641 largitionis
1062 1567 1297 1631 donum,
1333 1571 1393 1618 ut
1419 1563 1632 1618 ﬁrmum
1658 1570 1713 1619 et
1744 1560 2123 1617 inconvulsum

536 1666 877 1727 permaneat,
912 1646 1068 1727 signo
1101 1653 1301 1721 crucis,
1326 1651 1578 1708 manibus
1605 1644 1867 1723 propriis,
1895 1649 2123 1706 ﬁrmare

540 1746 753 1815 censui,
783 1760 1138 1817 meorumque
1176 1744 1415 1801 ﬁdelium
1473 1743 1723 1800 manibus
1750 1740 2001 1814 'propriis
2028 1741 2125 1796 ﬁr-

545 1839 804 1895 mandum
831 1837 1050 1904 tradidi,
1066 1852 1294 1908 quorum
1308 1835 1469 1892 etiam
1496 1835 1712 1890 nomina
1730 1832 2121 1917 subterscripta

546 1930 921 1989 inveniuntur.
958 1928 1112 1998 Quod
1141 1930 1185 1986 si
1215 1930 1337 2000 quis
1372 1928 1659 2000 aliquando
1693 1927 1823 1983 huic
1849 1922 1981 1982 mea:
2009 1927 2115 1981 lar-

547 2020 761 2107 gitioni,
814 2021 1015 2077 diaboli
1066 2021 1350 2087 instinctu,
1399 2019 1675 2076 contraire
1726 2019 1877 2075 nisus
1932 2018 2122 2084 fuerit,

537 2112 647 2167 nisi
685 2111 795 2169 cito
828 2113 1135 2183 resipuerit,
1172 2111 1603 2183 presumptionis
1638 2126 1750 2166 sua:
1791 2109 2001 2166 veniam
2027 2125 2125 2180 pe-

538 2216 685 2271 tens,
745 2219 866 2261 cum
930 2205 1144 2260 Dathan
1180 2214 1242 2261 'et
1289 2205 1516 2271 Abiron,
1579 2220 1717 2275 quos
1768 2213 1913 2260 terra
1973 2205 2126 2261 vivos

536 2294 850 2373 absorbuit,
873 2311 997 2351 cum
1022 2295 1253 2362 Herode,
1285 2296 1633 2352 innocentum
1667 2296 1953 2365 laniatore,
1998 2310 2123 2351 cum

535 2386 679 2443 Juda
729 2389 1029 2459 proditore,
1060 2400 1115 2444 et
1137 2404 1260 2444 cum
1298 2389 1383 2444 his
1411 2389 1501 2458 qui
1527 2389 1805 2444 Christum
1837 2388 2123 2443 Dominum

535 2478 946 2545 cruciﬁxerunt,
985 2482 1041 2534 in
1092 2479 1306 2534 inferno
1362 2490 1562 2544 trusus,
1607 2495 1796 2548 poenas
1844 2480 1987 2546 luat;
2031 2480 2124 2536 ubi

537 2568 734 2637 anguis
761 2569 983 2639 gulosus
1010 2584 1118 2624 non
1149 2569 1403 2634 moritur,
1439 2584 1543 2623 nec
1572 2584 1740 2625 vorax
1772 2569 1913 2639 ignis
1941 2570 2123 2624 estin.

536 2659 739 2725 guitur,
775 2674 876 2716 nec
901 2660 1105 2715 umbrae
1148 2660 1341 2715 mortis
1378 2662 1594 2723 desunt,
1636 2674 1736 2714 nec
1765 2661 1941 2728 caligo
1974 2671 2127 2715 tene.-

535 2751 783 2806 lirarum.
836 2749 895 2806 S.
948 2751 1220 2817 Mahildis,
1284 2753 1479 2807 matris
1517 2752 1797 2807 Willehni.
1845 2751 1905 2807 S.
1955 2753 2126 2823 ipsius

534 2842 819 2900 Willelmi.
846 2844 1168 2910 Eustachiai,
1192 2843 1439 2915 conjugis
1467 2845 1603 2914 ejus.
1635 2845 1692 2898 S.
1725 2844 1963 2899 ﬁliorum
1985 2845 2121 2913 ejus,

533 2935 783 3007 Hugonis
820 2946 875 2993 et
897 2938 1175 2994 Willelmi.
1224 2939 1283 2994 S.
1316 2940 1576 2996 Willelmi
1607 2939 1674 2994 de
1705 2938 1888 2994 Monte
1920 2939 2124 2996 Boonet

538 3028 843 3088 Gausfridi.
872 3030 1109 3087 Warini.
1161 3032 1444 3093 Osmundi.
1483 3034 1795 3089 Guarnerii.
1844 3033 2122 3091 Anisardi.

532 3121 805 3194 Hugonis,
838 3121 936 3177 ﬁlii
988 3123 1309 3180 Burchardi.
1366 3124 1639 3191 Bainaldi,
1698 3124 1793 3180 ﬁlii
1824 3123 2121 3181 Gausfridi.

533 3216 778 3284 Radulﬁ,
836 3215 933 3272 ﬁlii
984 3217 1267 3274 Willelmi.
1325 3218 1605 3276 Gausfridi
1653 3218 1722 3274 de
1779 3217 2119 3275 Salmeredo.

532 3305 741 3365 Odonis
767 3309 1040 3367 Cratonis.
1072 3310 1334 3367 Willelmi
1384 3313 1453 3368 de
1483 3311 1667 3368 Monte
1714 3311 1966 3367 Mirabili.
2020 3311 2121 3369 Gi—

530 3401 686 3455 rardi
721 3401 979 3458 Brunelli.
1004 3402 1286 3459 Willelmi.
1318 3403 1581 3460 Bernerii.
1612 3404 1880 3460 Gauslini.
1906 3403 2121 3476 Helgot.

2233 639 2317 695 dis
2345 637 2636 693 arboribus
2659 644 2719 691 et
2768 635 2972 703 herbis,
3002 646 3057 691 et
3099 644 3300 692 terram
3329 636 3497 691 aratri
3523 637 3704 709 unius;
3729 654 3773 698 et

2230 728 2602 786 molendinum
2646 726 2848 799 Spinae,
2877 735 2934 783 et
2977 726 3257 787 dimidiam
3290 729 3561 783 elusuram
3603 729 3771 799 vineae;

2230 828 2288 875 et
2313 818 2573 889 quicquid
2604 818 2918 875 hominibus
2965 818 3168 874 nostris
3202 834 3268 874 ex
3304 819 3497 874 eodem
3520 812 3777 880 'beneﬁcio

2231 909 2429 965 addere
2448 909 2732 979 placuerit,
2759 909 3067 966 annuimus.
3100 910 3288 966 Testes
3316 910 3479 981 hujus
3503 911 3775 974 donationis

2229 1011 2359 1058 sunt
2388 1002 2460 1056 hii
2488 1020 2503 1056 :
2529 1002 2886 1073 lngelrannus
2910 1002 3166 1071 decanus,
3209 1004 3515 1061 Adelardus
3541 1007 3775 1065 subdeca-

2227 1084 2357 1158 nus,
2390 1092 2677 1149 Ascelinus
2705 1092 2911 1161 Britto;
2953 1092 3315 1162 Gausbertus,
3353 1097 3610 1168 magister
3629 1102 3772 1170 scole;

2227 1181 2523 1240 Bernerius
2570 1184 2888 1252 canonicos,
2931 1185 3196 1256 Gerogius
3230 1188 3777 1256 canonicus;Fulche.

2227 1271 2363 1337 rius,
2396 1271 2540 1329 ﬁlius
2572 1272 2876 1341 Nivelonis;
2908 1274 3200 1331 Gauslinus
3249 1278 3315 1331 de
3339 1277 3556 1347 Leugis,
3589 1289 3640 1334 et
3660 1280 3778 1340 ﬁlius

2226 1360 2343 1430 ejus
2364 1361 2684 1430 Gausliaus;
2718 1362 3199 1434 Bainaldus,ﬁlius
3224 1368 3471 1436 Flealdi;
3497 1368 3774 1443 Ganslinus,

2226 1454 2369 1515 ﬁlius
2388 1455 2661 1511 Gausfridi
2682 1473 2698 1522 ;
2735 1457 3070 1528 lngenulfus,
3093 1459 3237 1516 ﬁlius
3258 1460 3512 1530 Norbcti;
3539 1464 3775 1524 Ansoldus

2225 1546 2294 1602 de
2318 1546 2563 1619 Mungeri
2597 1547 2731 1607 Villa
2766 1549 2939 1620 (2H).
2969 1570 2990 1603 ι

2738 1663 3136 1730 CAPITULUM
3174 1665 3311 1730 XCI.

2223 1753 2302 1810 De
2329 1756 2525 1829 vicaria
2577 1753 2779 1829 [monis
2840 1755 3013 1823 Villw,
3067 1766 3115 1812 et
3165 1758 3228 1829 de
3268 1756 3542 1814 calumnia
3583 1760 3779 1829 deorum

2294 1827 2701 1899 agripennorum
2721 1828 2884 1881 vincte
2914 1842 3033 1892 quia
3072 1838 3147 1883 est
3165 1828 3327 1899 juxta
3365 1830 3622 1886 Sanctum
3665 1827 3777 1889 Βατὲ

2156 1902 2199 1957 Β
2295 1897 2633 1959 tliolomettm.

2784 1987 2877 2059 (26
2915 2003 3041 2043 nov.
3072 1989 3266 2062 1077.;

2303 2096 2323 2132 ι
2363 2079 2645 2146 Omnibus,
2672 2087 2781 2135 tam
2811 2081 3156 2150 presentibus
3173 2097 3337 2153 quam
3360 2082 3583 2152 futuris,
3606 2098 3780 2144 sancta:

2226 2169 2321 2225 Dei
2351 2171 2614 2227 mcelesiie
2661 2170 2935 2238 ﬁdelibus,
2984 2187 3088 2230 nos
3133 2175 3388 2233 monachi
3442 2178 3615 2233 sancti
3656 2178 3777 2236 Petri

2226 2260 2581 2319 Carnotensis
2609 2263 2866 2327 ctenobii,
2897 2272 3086 2319 notum
3115 2279 3239 2321 esse
3271 2265 3541 2335 volumus,
3582 2268 3631 2323 in
3661 2285 3782 2327 anno

2227 2354 2447 2423 quidem
2492 2370 2599 2424 quo
2648 2354 2821 2410 nostri
2868 2354 3103 2408 cmnobii
3155 2356 3465 2428 ediumque'
3498 2370 3779 2415 nostrarum

2228 2454 2367 2500 tecta
2389 2461 2553 2501 vorax
2578 2450 2976 2518 cunsumpserit
2998 2449 3307 2518 ﬂamma,“
3323 2467 3541 2523 quoque
3555 2451 3781 2508 kalendas

2227 2538 2513 2594 Decembr.
2542 2539 2715 2611 (212),
2742 2543 2885 2612 quod
2911 2543 3533 2615 Ilobertus,preuomine
3554 2544 3779 2609 Aculeus,

2226 2631 2486 2691 vicariam
2515 2643 2716 2693 nostras
2745 2642 2904 2689 terra;
2930 2636 2997 2693 de
3017 2635 3217 2692 lmonis
3240 2636 3395 2703 Villa,
3429 2651 3590 2707 quam
3613 2637 3783 2707 injuste

2229 2725 2559 2795 possidebat,
2584 2736 2774 2781 sancto
2810 2725 2971 2789 Petro
2992 2729 3607 2800 dimisit,guerpnmque
3637 2744 3777 2799 super

2227 2812 2401 2876 altare
2453 2813 2571 2882 ejus
2620 2815 2836 2884 publice
2891 2818 3100 2886 posuit;
3134 2817 3464 2873 calumniam
3515 2833 3715 2889 quoque
3746 2817 3779 2875 ll

2226 2906 2558 2976 agripennos
2585 2907 2779 2975 vineae,
2808 2909 2899 2978 qui
2918 2909 3074 2978 juxta
3104 2908 3290 2965 Sancti
3328 2909 3657 2967 Bartolomei
3678 2921 3784 2968 sunt

2229 2997 2580 3065 cimiterium,
2624 2998 2679 3065 in
2708 3000 2887 3070 capite
2920 3001 3130 3057 scilicet
3160 3002 3334 3065 nostri
3361 3002 3557 3070 clausi,
3584 3005 3780 3059 missam

2227 3087 2379 3159 fecit,
2410 3090 2536 3151 inde
2569 3090 2801 3145 fratrum
2823 3092 3099 3148 orationes
3121 3094 3393 3164 accipiens
3421 3105 3584 3165 atque
3608 3110 3782 3166 equum

2228 3196 2420 3246 unum,
2450 3180 2517 3235 Vl
2548 3181 2718 3237 libras
2748 3183 3039 3251 valentem.
3084 3185 3273 3249 Adfuit
3297 3201 3421 3243 cum
3448 3202 3518 3243 eo
3536 3188 3783 3244 Ansoldus

2150 3242 2197 3306 ο
2226 3274 2294 3331 de
2343 3242 2605 3348 Mnngerii
2643 3242 2809 3341 Villa;
2866 3242 3162 3332 nnnnotn
3211 3287 3268 3333 et
3314 3242 3503 3335 frater
3521 3242 3782 3348 ejus,ﬁlii

2223 3362 2494 3419 Walterii.
2543 3364 2835 3421 Nobiscum
2882 3382 3009 3425 vero
3037 3369 3368 3427 Laurentius
3410 3372 3785 3437 cubicularius,

2223 3453 2492 3511 Laurinus
2551 3473 2746 3529 agaso;
2798 3458 3040 3517 Gaudius
3106 3471 3162 3517 et
3226 3462 3529 3532 Teduinus,
3574 3466 3785 3536 fratres;

2225 3549 2533 3621 Stephanus
2569 3552 2761 3622 major,
2787 3564 2840 3608 et
2863 3554 3068 3609 caeteri.
3108 3574 3127 3609 ι

2723 3664 3124 3723 CAPITULO“
3165 3666 3322 3724 XCII.

2571 3758 2648 3817 De
2677 3758 2895 3825 ecclesia
2936 3758 3234 3830 Superioris
3264 3761 3437 3819 Croti.

2776 3850 2953 3923 (Circa
2992 3867 3046 3907 a.
3076 3852 3263 3925 1080.)

2302 3959 2327 4000 ι
2355 3941 2552 4006 Notum
2592 3956 2714 4000 esse
2740 3943 2988 4001 volumus
3016 3960 3118 4010 nos
3165 3946 3423 4013 monachi
3448 3951 3627 4009 sancti
3658 3950 3783 4008 Petri

2226 4037 2461 4093 cmnobii
2504 4034 2859 4094 Carnotensis
2902 4039 3117 4096 cunctis
3169 4050 3377 4098 sancite
3426 4043 3522 4100 Dei
3548 4045 3786 4102 :ecclesiaa

2226 4127 2515 4197 ﬁdelibus,
2566 4143 2597 4183 a
2676 4130 2963 4186 monachis
3040 4132 3220 4189 sancti
3296 4131 3515 4190 Martini
3587 4135 3785 4207 Majoris

2227 4220 2539 4278 Monasterii
2609 4223 2903 4295 quamdam
2963 4223 3289 4294 mcclesiam,
3352 4227 3516 4283 sitam
3553 4229 3604 4283 in
3630 4226 3778 4284 Croto

2227 4316 2496 4386 superiori
2547 4330 2711 4388 super
2759 4316 2985 4375 ﬂuvium
3042 4320 3302 4388 Audurm,
3364 4322 3496 4378 olim
3556 4333 3777 4395 emptam

2229 4404 2396 4462 fuisse
2438 4408 2507 4463 ab
2586 4404 2783 4463 abbate
2834 4407 3129 4478 Landrico,
3185 4411 3498 4469 faventibus
3548 4412 3788 4468 fratribus

533 3489 808 3559 Walterii,
858 3493 955 3549 ﬁlii
1001 3493 1329 3550 Burchardi.
1378 3493 1675 3564 Hildegarii
1727 3494 2120 3552 archidiaconi.

528 3574 795 3640 Rainaldi
837 3585 1050 3642 decani.
1108 3586 1300 3642 Vitalis
1356 3588 1668 3657 presbiteri.
1745 3587 2008 3643 Bernardi
2056 3588 2123 3645 de

528 3673 717 3731 Buslo.
767 3675 980 3733 Radulﬁ
1030 3676 1213 3733 Nothi.
1265 3677 1526 3735 Landrici
1578 3678 1644 3735 de
1688 3676 1967 3751 Toriellis.
2006 3678 2125 3738 Odo

527 3763 766 3831 Badulﬁ.
791 3764 1089 3836 Gausfridi.
1115 3767 1346 3825 Letaldi.
1384 3789 1404 3824 θ
2106 3770 2107 3773 “

1058 3860 1461 3917 CAPITULUM
1501 3861 1613 3919 XC'.

975 3949 1052 4006 De
1078 3951 1297 4007 ecclesia
1329 3950 1567 4007 Treionis
1602 3951 1720 4011 uici.

1106 4044 1269 4117 (Ante
1293 4060 1342 4100 a.
1374 4044 1565 4116 tosti.)

614 4153 634 4190 ι
657 4124 1190 4209 Salomon,_monens
1209 4153 1426 4195 omnem
1446 4140 1719 4203 hominem
1733 4154 1919 4196 curam
1932 4141 2127 4198 animae

538 4242 676 4295 suae,
702 4230 829 4295 dum
866 4230 1021 4294 vivit,
1061 4230 1264 4287 habere
1297 4251 1310 4287 :
1344 4234 1720 4305 Quodcumque
1750 4244 1915 4305 potest
1938 4252 2126 4291 manus

531 4331 648 4390 tua,
673 4321 769 4388 ait,
796 4322 990 4391 facere,
1017 4323 1277 4379 instanter
1306 4341 1556 4396 operare;
1582 4329 1707 4398 quia
1740 4344 1832 4382 nec
1857 4344 2010 4398 opus,
2035 4346 2126 4385 nec

532 4418 709 4487 ratio,
733 4434 826 4487 nec
848 4419 1106 4493 sapientia
1145 4420 1242 4474 erit
1290 4422 1432 4491 apud
1460 4423 1681 4493 inferos,
1732 4441 1834 4494 quo
1862 4435 1919 4479 tu
1948 4441 2129 4496 prope-

530 4522 622 4558 τηε
680 4505 849 4577 (910),
904 4506 1058 4563 unde
1111 4523 1212 4579 ego
1260 4508 1574 4579 wemicus,
1624 4527 1745 4568 cum
1788 4512 1960 4575 {mue
2007 4530 2127 4571 meo
2228 4496 2297 4553 de
2339 4514 2571 4569 quorum
2640 4501 2970 4571 patrimonio
3043 4501 3245 4571 fuerat,
3292 4506 3524 4562 Arraldo
3574 4506 3786 4570 scilicet,

530 4598 781 4664 Alberto,
842 4608 1023 4655 votum
1079 4592 1251 4671 patris
1305 4605 1477 4660 nostri
1507 4606 1685 4681 quod,
1713 4607 1841 4661 dum
1890 4607 2119 4675 viveret,

2235 4592 2500 4649 Richardo
2576 4602 2630 4650 et
2670 4594 2991 4663 Bernardo,
3042 4598 3135 4666 qui
3200 4598 3341 4659 hanc
3396 4599 3566 4668 ipsam
3609 4606 3785 4656 sancto

531 4690 750 4748 solvere
783 4692 1098 4761 induciavit,
1131 4692 1251 4748 vice
1301 4695 1470 4765 ipsius
1512 4697 1880 4767 perﬁcientcs,
1936 4709 2124 4755 sancto

2235 4683 2461 4742 Martino
2512 4686 2886 4753 vendiderant,
2937 4686 3243 4744 faventibus
3288 4690 3503 4745 domuis
3539 4691 3606 4746 de
3651 4703 3771 4761 quo-

530 4781 696 4840 Pctro
707 4768 1384 4847 contradimusmcclesiam
1398 4789 1668 4857 Treionis,
1683 4807 1804 4862 qua:
1818 4792 2029 4847 titulata
2045 4802 2124 4847 est

2235 4795 2352 4835 rum
2428 4778 2691 4835 beneﬁcio
2760 4790 2871 4836 tres
2942 4780 3243 4850 supradicti
3334 4781 3537 4843 fratres
3612 4794 3781 4838 tenue-

531 4879 636 4934 snb
692 4880 895 4935 honore
947 4884 1119 4953 sancti
1172 4883 1265 4939 Dei
1346 4884 1658 4957 genitricis,
1726 4900 1827 4956 pro
1883 4884 2124 4940 remedio

2235 4879 2372 4926 rant.
2432 4870 2651 4938 Verum,
2694 4872 2820 4941 quia
2883 4880 3177 4943 paupertas
3239 4888 3455 4945 semper
3510 4875 3782 4930 claudicat.

532 4968 773 5038 ejusdem
807 4972 977 5041 patris
1021 4974 1213 5041 nostri,
1260 4985 1316 5030 et
1355 4960 1765 5031 antecesserunt
1808 4985 2122 5031 nostrorum

2235 4964 2487 5033 Arraldus
2532 4979 2763 5034 persepe
2809 4965 3018 5021 reditus
3064 4968 3323 5023 ecclesiae
3375 4969 3428 5023 in
3460 4970 3569 5023 suis
3599 4966 3787 5027 usibus,

535 5072 699 5131 atque
726 5072 1065 5120 nostrarum.
1098 5065 1272 5135 Quam
1297 5067 1424 5137 quia
1455 5066 1683 5123 liberam
1713 5067 1782 5122 ab
1810 5066 1957 5121 omni
1985 5081 2124 5137 pon-

2235 5055 2404 5111 victus
2443 5054 2644 5125 inopia,
2700 5063 2755 5110 et
2791 5055 2949 5112 nobis
2996 5055 3183 5112 invitis
3240 5056 3531 5121 retinebat,
3566 5055 3789 5111 obiciens

533 5153 731 5227 tiﬁcali,
753 5158 1035 5215 exactione
1060 5150 1420 5230 possedimus,
1455 5168 1683 5230 excepta
1710 5159 1986 5214 crismatis
2004 5145 2123 5214 ida-

2235 5145 2283 5201 in
2307 5145 2667 5201 conventione
2695 5144 2815 5201 fore
2858 5146 3087 5202 eandem
3129 5146 3431 5202 mcclesiam
3487 5156 3725 5202 cemento
3744 5152 3791 5196 et

532 5243 685 5297 tione
714 5253 769 5299 et
794 5245 1057 5313 περιθείς»
1085 5250 1552 5315 reconciliatione,
1585 5250 1661 5304 ita
1690 5249 1880 5318 etiam,
1913 5254 2124 5307 remoto
2225 5237 2404 5307 lapide
2428 5253 2458 5293 a
2482 5238 2637 5295 nobis
2660 5239 2859 5294 debere
2880 5238 3022 5295 ﬁeri.
3061 5239 3427 5311 Quapropter.
3466 5240 3649 5295 multis
3672 5237 3792 5293 viciv

537 5333 927 5403 impedimento
987 5340 1173 5405 talium
1229 5343 1594 5412 negotiorum,
1637 5352 1830 5398 sancto
1878 5343 2037 5398 Petro
2067 5353 2124 5400 et

2235 5333 2327 5385 bus
2351 5345 2382 5384 a
2421 5331 2578 5386 nobis
2606 5332 3111 5387 excommunicatus
3157 5340 3327 5403 atque
3355 5333 3572 5399 iterum,
3623 5329 3791 5401 specie

537 5420 742 5489 abbati,
770 5424 1138 5499 fratribusque
1171 5431 1300 5486 inibi
1334 5432 1446 5486 Deo
1476 5432 1867 5498 servientibus,
1892 5432 2121 5489 liberam

2235 5432 2384 5479 lenus
2412 5424 2878 5494 usurpatis'rebus
2912 5424 3174 5492 dimissis,
3219 5425 3538 5491 absolutus;
3574 5425 3790 5485 tandem.

536 5512 876 5575 Itribuiinus.
934 5519 1165 5590 Insuper
1233 5522 1399 5578 etiam
1434 5524 1699 5579 adicimus
1748 5524 1949 5579 curtim
1998 5539 2122 5579 con-
2224 5521 2454 5592 sapienti
2493 5535 2624 5579 usus
2660 5520 2908 5589 consilio,
2950 5522 3007 5577 in
3045 5536 3168 5578 sese
3206 5536 3479 5591 reversus,
3509 5524 3577 5578 ad
3616 5519 3789 5576 limina

604 5650 751 5723 (210)
784 5654 954 5721 Eccl.,
982 5674 1058 5717 ix.
1087 5658 1175 5719 10.

611 5722 1101 5806 (illljSeqtiuntur
1129 5730 1181 5783 in
1229 5730 1331 5791 hoc
1356 5729 1476 5799 cod.
1496 5729 1539 5806 β
1566 5729 1768 5806 charta:
1799 5732 1917 5786 duae
1942 5731 2009 5788 de
2034 5732 2118 5806 vi:

536 5795 946 5931 gfiiiggilittanis
971 5799 1144 5865 γιιιω,
1173 5816 1308 5869 quas
1329 5795 1578 5871 superius
1604 5795 1891 5869 edidimus,
1924 5817 1977 5873 p.
2011 5803 2117 5860 194

2296 5658 2444 5732 (212)
2475 5660 2629 5728 Quod
2654 5660 3061 5725 incendium,ut
3090 5659 3580 5732 dicetur-inferius,
3604 5673 3653 5712 c.
3680 5654 3793 5732 tot,

2226 5729 2533 5803 incidit'_in
2562 5745 2760 5784 annum
2789 5732 3055 5803 primum
3108 5729 3407 5803 Gausfridi,
3457 5729 3791 5803 Carnotensis

2225 5800 2496 5883 episcopi;
2524 5801 2574 5854 in
2598 5799 2896 5883 secundum
2922 5812 3103 5883 autem
3141 5810 3267 5858 ante
3292 5801 3574 5858 Eustachii
3597 5799 3795 5859 abbatis

2227 5872 2569 5937 electionem,
2597 5872 2647 5931 ἰ.Δ
2667 5885 2717 5927 e.
2741 5872 2799 5929 in
2830 5886 2883 5927 a.
2926 5872 3087 5929 lOTI.
