3842 6308
108 395 194 452 δυ
761 390 989 449 VETUS
1018 392 1272 452 ACANO.
1314 426 1382 437 —
1408 393 1537 450 LIB.
1580 391 1686 446 VII.
1727 385 2118 448 LANDRICUS
2151 384 2239 443 ET
2283 383 2679 442 HUBEBTUS.

3251 390 3360 446 542

108 507 265 566 sancti
295 507 444 563 Petri
468 505 636 572 venit,
689 520 812 563 cum
857 509 1111 580 conjuge,
1145 510 1363 566 nomine
1410 507 1669 572 Adelida,
1700 509 1750 570 Α
1780 503 1942 576 Ilugo.
1976 501 2286 566 Drocensis,
2339 499 2718 573 patrocinante
2746 499 2986 556 Iluberto
3032 501 3230 560 abbate
3259 505 3361 562 hoc

109 610 156 654 et
186 599 282 652 ﬁlia
308 597 623 665 Badehilde,
661 609 788 655 ante
813 600 991 658 altare
1018 601 1086 657 de
1113 601 1436 660 commissis.
1454 600 1672 676 veniam

109 691 272 760 paciil,
295 705 359 745 ac
404 689 472 744 de
496 690 609 760 ipsa
641 691 888 750 ecclesia
935 693 1134 749 donum
1165 709 1329 764 super
1362 693 1535 750 altare
1578 708 1676 762 po-

107 782 230 844 suit;
269 779 370 835 sub
409 781 636 836 verbum
672 797 769 852 pro
805 783 1040 838 missivis
1063 783 1249 840 dicens
1287 766 1670 854 sentioquam,

108 874 165 925 ab
197 871 281 926 illo
312 871 400 925 die
447 870 504 925 in
561 879 740 938 antea,
787 872 1024 942 aliquam
1064 872 1392 936 calumniam
1471 872 1674 930 inferre

108 963 242 1016 tiubis
267 961 332 1017 de
357 976 446 1027 ea,
479 977 657 1034 neque
683 978 742 1019 se
765 962 932 1028 ullam
969 964 1414 1020 consuetudinem
1461 964 1675 1019 habitu-

108 1069 212 1108 rum
236 1054 286 1108 in
308 1068 370 1108 ea
400 1067 584 1124 neque
605 1055 660 1116 in
677 1065 819 1110 terra
846 1053 914 1110 ad
933 1069 1057 1110 eum
1077 1055 1470 1125 pertinentem;
1499 1068 1675 1125 neque

106 1150 163 1201 de
191 1146 415 1202 annonis
446 1162 572 1222 qua:
600 1147 654 1203 in
675 1146 919 1204 meclesia
948 1150 1195 1219 ponende
1227 1156 1355 1203 sunt
1382 1147 1672 1202 molturam

110 1239 273 1306 ullam,
294 1237 441 1293 sicut
485 1239 644 1309 prius
692 1238 948 1305 faciebat,
984 1255 1084 1294 nec
1131 1237 1356 1293 omnino
1384 1237 1544 1292 aliam
1582 1236 1676 1292 ali-

106 1345 246 1398 quam
283 1345 398 1387 rem
433 1341 830 1401 accepturum;
881 1329 977 1388 sed
1004 1330 1130 1386 ideo
1159 1330 1230 1385 ita
1273 1329 1498 1394 liberam
1525 1329 1675 1384 dcitt-

107 1435 218 1492 ceps
240 1435 269 1476 a
293 1421 450 1476 nobis
480 1421 778 1492 abendam,
816 1429 876 1476 ut
904 1421 1206 1482 :ccclesiam
1256 1423 1428 1476 sancti
1454 1421 1673 1493 Georgii

105 1525 151 1566 et
199 1511 498 1569 ecclesiam
546 1513 724 1569 sancti
757 1513 922 1570 Cirici
972 1514 1039 1569 de
1093 1513 1292 1578 Aoeto,
1340 1513 1513 1584 Quam
1563 1529 1675 1569 rem

108 1610 274 1672 postea
309 1619 559 1659 annuere
583 1604 714 1661 fecit
751 1604 880 1662 [iliis
909 1605 1040 1668 suis,
1068 1604 1349 1666 Gualterio
1384 1606 1594 1663 scilicet
1622 1616 1678 1662 et

106 1694 408 1764 Cisleherto,
443 1697 573 1753 tiliae
596 1714 812 1771 quoque
858 1700 1075 1756 minori.
1117 1699 1398 1764 Milesinde
1431 1703 1674 1760 nomine.

109 1789 278 1844 Actum
307 1799 390 1846 est
434 1789 694 1848 Carnutis
732 1792 965 1864 publice,
1000 1793 1042 1849 γ
1069 1792 1328 1850 kalendas
1365 1793 1531 1855 Junii.
1562 1793 1676 1850 Pla-

107 1882 202 1936 cuit
255 1897 471 1954 quoque
521 1885 747 1941 nomina
802 1900 992 1942 eorum
1050 1887 1396 1945 subscribere
1447 1889 1540 1959 qui
1607 1905 1672 1952 ex

109 1981 314 2050 utraque
375 1982 535 2044 parte
598 1973 818 2032 fuerunt
883 1988 1222 2049 praesentes:
1287 1977 1672 2049 Marcuardqs;

108 2063 386 2120 tiualterius
409 2075 466 2122 et
503 2065 783 2136 Albertus,
819 2066 1052 2136 fratres;
1085 2063 1416 2140 Walterius,
1443 2071 1676 2128 Blancus

109 2153 300 2212 Oculus.
325 2156 404 2220 E3
433 2168 626 2219 nostra
649 2171 840 2231 pater:
866 2159 1156 2218 Gilduiuus
1176 2161 1365 2232 major,
1381 2161 1676 2221 Waltcrius

109 2248 332 2318 clericus,
387 2250 686 2309 Richerius
717 2251 914 2323 major,
947 2252 1260 2325 Stephanus
1306 2254 1500 2324 major,
1529 2255 1676 2312 Lau-

111 2339 312 2408 rentius,
361 2340 732 2410 Gislebertus,
787 2344 1110 2413 Adventius,
1164 2344 1504 2418 Oydelcrius,
1543 2345 1678 2404 Ilot-

109 2430 272 2490 hortus
313 2435 812 2505 nosocbomiarius,
861 2436 1145 2506 Radulfus,
1184 2436 1489 2503 Cilduinus,
1526 2437 1673 2496 Gau-

111 2522 228 2586 dius.
263 2543 282 2583 ι

567 2617 970 2680 CAPITULUM
1008 2618 1187 2681 XCIIL

169 2703 237 2766 Dr
275 2710 501 2784 quinque
555 2713 688 2768 olcis
714 2714 1071 2784 tumentis
1103 2724 1286 2769 sancto
1332 2709 1493 2769 Petro
1547 2714 1602 2768 in

703 2781 1050 2843 Nantilfiaco.

658 2875 822 2955 (Ante
847 2894 902 2932 a.
935 2876 1120 2948 1080.)

180 2987 427 3048 r0mnes
477 2991 630 3048 scire
682 2992 931 3050 volumus
980 2993 1071 3064 qui
1134 2994 1233 3050 has
1290 3004 1499 3051 litteras
1552 3003 1678 3050 sunt

119 3074 304 3148 lecturi,
331 3082 598 3151 quoniam
652 3083 784 3138 adiit
810 3084 1030 3154 quidam
1065 3084 1243 3151 miles,
1284 3087 1504 3141 nomine
1534 3085 1675 3141 Iler-

121 3159 292 3232 luiuus,
321 3165 530 3222 habens
561 3181 752 3222 secum
803 3167 1176 3224 Gcrmundum
1209 3170 1277 3227 de
1312 3170 1674 3229 Raschiniaco

119 3267 158 3304 et
181 3253 513 3314 lsenbardum
537 3259 873 3328 armigerum
897 3276 1077 3329 suum,
1100 3263 1276 3318 sancti
1299 3261 1446 3319 Petri
1468 3263 1678 3320 scilicet

121 3346 434 3406 Carnoteusis
488 3349 729 3406 ρωποι)Ῐί
802 3351 1130 3417 monachos;
1199 3362 1392 3424 petens
1461 3353 1532 3409 ab
1599 3353 1679 3410 eis

120 3439 391 3497 Orationum
438 3441 733 3515 suffragia,
784 3450 845 3497 ut
891 3443 961 3498 ab
991 3442 1080 3498 illa
1111 3443 1200 3500 die
1242 3442 1297 3499 in
1327 3453 1511 3510 antea,
1551 3458 1675 3498 eum

126 3528 234 3597 ipsis
275 3533 552 3590 monachis
583 3548 773 3589 earum
801 3533 1075 3606 particeps
1113 3533 1290 3600 ﬂeret,
1321 3533 1366 3590 ν
1387 3533 1537 3590 oleas
1569 3543 1678 3591 ter-

124 3635 307 3685 πωπω]
335 3625 490 3697 longe
519 3629 596 3682 ab
626 3627 854 3683 ecclesia
884 3627 1058 3682 sancti
1089 3625 1233 3683 Petri
1259 3627 1311 3682 in
1331 3626 1676 3698 Nantilliaco,

124 3717 479 3786 perpetualiter
543 3719 902 3775 concedendo
971 3727 1164 3780 sancto
1217 3718 1380 3780 Petro
1431 3720 1676 3776 donavit.

123 3802 266 3871 Cujus
313 3815 468 3864 terra:
521 3809 728 3870 donum
760 3825 926 3880 super
965 3799 1137 3866 altare
1184 3811 1355 3883 ipsius
1382 3812 1584 3882 posuit,
1623 3811 1677 3872 in

124 3895 316 3956 uetabas
357 3900 735 3972 apostolorum
781 3901 1035 3957 videlicet
1088 3901 1236 3958 Petri
1283 3912 1341 3958 et
1386 3903 1567 3971 Pauli;
1610 3918 1678 3960 eo

125 3988 308 4054 quidem
336 3999 547 4060 tenore,
571 3999 656 4060 ut,
685 3993 827 4052 sicut
855 3992 971 4062 ipse
995 3993 1064 4049 ab
1092 3994 1534 4052 antecessoribus
1557 3994 1673 4050 suis

125 4074 247 4145 ipsas
269 4078 310 4135 γ
345 4081 492 4140 oleas
523 4083 698 4146 libere
730 4093 999 4147 tenuerat,
1051 4085 1124 4138 ita
1154 4095 1207 4140 et
1235 4085 1533 4157 supradicti
1566 4101 1679 4141 mo-

127 4173 282 4239 nachi,
307 4175 511 4247 absque
542 4175 705 4232 ullius
733 4177 969 4240 hominis
993 4177 1384 4249 inquietudine,
1417 4177 1678 4246 habeant,

126 4263 427 4338 possideant,
452 4267 715 4337 incolent,
741 4268 828 4325 vel
857 4268 1112 4346 quicquid
1137 4269 1260 4326 inde
1288 4269 1468 4330 facere
1493 4271 1679 4328 volue-

129 4353 219 4408 rint
241 4357 450 4417 faciant.
503 4361 574 4424 Si,
616 4361 740 4432 quis
769 4369 952 4418 autem
1007 4377 1231 4418 suorum
1281 4363 1540 4420 heredum
1593 4365 1679 4422 vel

129 4441 246 4501 alius
271 4447 458 4522 aliquis
494 4449 660 4523 hujus
692 4467 807 4510 sua:
849 4450 1155 4524 largitionis
1175 4452 1375 4514 donum
1401 4455 1678 4512 contraire

128 4533 347 4606 voluerit,
372 4558 494 4600 cum
527 4544 741 4610 Dathan
789 4553 846 4606 et
891 4544 1120 4610 Abiron,
1170 4545 1576 4604 damnationem
1623 4547 1678 4603 in
1714 4552 1760 4609 D

129 4622 311 4687 inferno
339 4636 590 4708 accipiat,
619 4637 723 4694 nisi
771 4637 1060 4708 resipuerit
1087 4647 1143 4693 et
1174 4637 1242 4698 ad
1285 4637 1678 4696 satisfactionis

133 4724 392 4781 remedium
413 4727 740 4801 confugerit.
763 4729 958 4791 Testes
978 4745 1047 4790 ex
1068 4740 1252 4790 nostra
1280 4740 1437 4802 parte
1458 4731 1680 4788 fuerunt

135 4807 195 4872 hii
223 4832 236 4867 :
266 4815 588 4878 Gausfri'dus
612 4821 1117 4890 cacus,_.lohannes
1159 4823 1393 4894 ianitor;
1436 4823 1679 4883 Ilcrveus

137 4913 182 4958 et
205 4906 489 4980 Durandus,
521 4915 695 4983 fabri;
730 4914 1028 4982 Teduinus,
1058 4915 1298 4973 Gaudius
1342 4925 1400 4972 et
1443 4915 1678 4973 llardui-

139 5007 240 5061 nus,
297 4999 516 5072 fratres;
574 5005 898 5064 Laurentius
951 5007 1355 5075 cubicularius,
1406 5009 1680 5068 Laurinus

140 5088 318 5238 alii?
379 5096 672 5158 Adventius
721 5099 968 5172 Sophia,
1015 5100 1419 5174 Engelbaudus,
1496 5102 1682 5161 Gisle-.

197 5193 216 5228 r
282 5196 309 5234 ·.
343 5200 361 5235 ι

197 5186 309 5236 rtus.
343 5200 361 5235 ι

579 5280 978 5347 CAPITULUM
1015 5281 1210 5347 XCIV...

420 5367 515 5428 Die
541 5371 776 5427 (ecclesia
817 5373 1152 5444 Speltereolt's
1183 5373 1340 5429 rillw.

653 5462 815 5529 (Ante
842 5478 894 5517 a.
925 5463 1110 5534 roso.)

210 5560 232 5595 ι
263 5544 318 5602 lu
339 5546 438 5606 Dei
453 5562 512 5608 et
548 5554 760 5611 Domini
790 5556 962 5610 nostri
989 5553 1162 5611 Jhesu
1198 5555 1418 5612 Christi
1436 5555 1676 5614 nomine.

154 5631 313 5694 Omnis
335 5645 706 5702 monachorum
735 5647 1084 5718 congregatio
1111 5647 1284 5703 sancti
1315 5647 1461 5706 Petri
1489 5661 1678 5704 cano-

156 5727 212 5780 hii
239 5729 582 5806 Carnoteusis,
621 5751 806 5798 notum
828 5754 951 5796 esse
978 5739 1224 5796 volumus
1249 5741 1501 5799 omnibus
1523 5741 1680 5798 Chri-

157 5821 309 5881 sti-une
337 5827 447 5888 ﬁdei
478 5834 799 5904 cultoribus,
817 5834 960 5908 quod
989 5833 1205 5906 quidam
1240 5834 1421 5902 miles,
1457 5834 1678 5892 nomine

1747 595 2103 668 coenobium,
2135 593 2482 674 medietatem
2515 590 2773 648 :ecclesia:
2801 591 2867 647 de
2898 591 3214 662 Spelterolis
3234 595 3359 650 villa

1774 698 1830 744 et
1849 698 2049 745 terram
2064 687 2227 743 duum
2254 687 2414 742 boum
2439 692 2629 741 sancto
2651 683 2812 739 Petro
2837 683 3066 752 dederit,
3094 687 3360 757 recipiens

1773 794 1804 835 a
1835 779 1992 834 nobis
2024 779 2533 849 reemupensatione
2583 776 2863 834 orationes
2896 778 3127 834 fratrum
3160 789 3216 835 et
3250 779 3356 834 alia

1775 871 2165 926 misericordia:
2194 886 2382 940 Opera.
2438 871 2566 939 Sed,
2606 873 2734 943 quia
2764 887 2853 928 res
2895 872 3051 927 nobis
3084 881 3210 928 tunc
3240 886 3359 927 mo-

1775 964 1893 1018 dica
1926 973 1980 1019 et
2011 961 2344 1022 infructuosa
2379 964 2492 1019 visa
2541 973 2645 1026 est,
2674 973 2729 1018 et
2765 963 2859 1018 titii
2889 962 3116 1034 predicti
3170 960 3359 1022 militis

1776 1053 2256 1111 Calumniabantur
2279 1068 2422 1118 eam,
2455 1055 2681 1110 minime
2705 1054 2805 1110 fuit
2836 1069 2868 1108 a
2896 1055 3051 1111 nobis
3083 1068 3355 1125 possessa.

1775 1145 1906 1202 Post
1938 1144 2164 1201 multum
2195 1156 2380 1202 autem
2409 1147 2689 1216 temporis,
2726 1145 2984 1218 praefatus
3011 1145 3166 1202 miles
3187 1143 3357 1202 edici-

1779 1246 1867 1291 tur
1883 1235 2181 1291 monachus
2205 1235 2256 1290 in
2276 1234 2614 1305 Burguliensi
2632 1236 2903 1302 coenobio,
2927 1246 2980 1292 et
3004 1235 3127 1291 inde
3150 1244 3357 1306 postea,

1779 1328 1980 1382 visendi
2018 1328 2215 1397 gratia,
2254 1328 2320 1381 ad
2370 1344 2467 1383 nos
2494 1329 2732 1393 rediens,
2761 1329 3202 1386 incommoditate
3232 1342 3358 1382 cor—

1776 1421 1924 1490 puris
1949 1420 2190 1490 graviter
2221 1426 2422 1488 tactus,
2449 1419 2588 1490 apud
2618 1436 2717 1476 nos
2742 1411 2897 1477 obiit.
2929 1417 3095 1487 Cujus
3121 1419 3360 1474 animam

1778 1507 1904 1563 dum
1945 1506 2181 1572 Christo.
2208 1521 2289 1571 ex,
2307 1520 2460 1562 more
2503 1507 3113 1573 commendavissemus,
3147 1505 3360 1577 glebam

1777 1597 2046 1669 corporis.
2095 1611 2222 1656 cum
2277 1595 2542 1654 fratribus
2585 1598 2808 1665 nostris,
2865 1612 3110 1670 congruo
3153 1597 3362 1657 honoro,

1779 1688 2145 1760 sepelivimus.
2208 1685 2358 1768 Uxor
2410 1702 2628 1758 quoque
2681 1685 2825 1756 ejus,
2881 1687 3103 1746 nomine
3155 1685 3359 1752 Olisia.

1779 1794 1942 1852 quam
1996 1779 2296 1851 reliquerat
2351 1780 2404 1834 in
2446 1778 2629 1837 seculo
2681 1794 2805 1838 cum
2862 1775 3010 1843 Iiliis,
3061 1775 3362 1832 Gausbertn

1707 1854 1988 1931 B'scilicet
2019 1881 2186 1943 atque
2235 1870 2502 1936 Guarino,
2557 1867 2756 1925 ibidem
2810 1867 3006 1923 adfuit.
3050 1867 3152 1934 Qui
3203 1865 3366 1927 simul

1776 1979 1901 2022 cum
1953 1974 2151 2031 matre,
2207 1971 2333 2034 post
2383 1961 2756 2018 humationem
2796 1961 3000 2033 patris,
3030 1967 3158 2015 ante
3193 1958 3368 2016 altare

1777 2056 2147 2128 apostolorum
2179 2054 2325 2115 Petri
2358 2062 2413 2110 et
2460 2042 2613 2109 Pauli
2671 2059 3046 2123 properantes,
3081 2048 3368 2122 praefatam

1776 2148 2062 2205 ecclesiam
2083 2163 2206 2203 cum
2235 2147 2374 2202 atrio
2395 2153 2450 2199 et
2475 2145 2764 2199 medietate
2792 2142 3036 2208 deeimze,
3062 2157 3161 2212 pro
3181 2142 3364 2208 anima

1777 2238 1974 2310 patris,
2012 2237 2131 2309 pari
2180 2246 2307 2297 veto
2358 2235 2574 2307 publice
2625 2233 2993 2300 contulerunt;
3053 2242 3368 2304 terramque

1779 2333 1940 2390 unius
1969 2331 2136 2398 artri;
2171 2345 2238 2386 ac
2280 2330 2482 2385 donum
2515 2342 2678 2396 super
2707 2326 2880 2386 altare
2904 2333 3224 2397 posuerunt,
3256 2325 3363 2388 im,—

1777 2435 2068 2498 precantes
2110 2422 2283 2478 Anna)
2331 2430 2388 2477 et
2434 2421 2675 2491 Caiplue,
2728 2419 2955 2474 Ananiae
3001 2425 3058 2473 et
3113 2415 3371 2487 Saphiras

1776 2514 2219 2580 maledictioucm
2251 2511 2503 2570 omnibus
2543 2509 2967 2582 refragatoribus
3002 2506 3164 2578 hujus
3191 2504 3362 2578 largis

1781 2609 1962 2666 tionis.
2006 2626 2026 2660 ο

2271 2673 2670 2733 CAPITULUM
2703 2673 2860 2730 XCV.

1875 2769 1950 2826 De
1972 2769 2128 2826 alodo
2155 2770 2285 2824 dato
2317 2788 2348 2822 α
2387 2767 2690 2822 Hoimerico
2721 2767 2784 2820 de
2817 2764 3072 2819 Vibrume
3099 2761 3268 2835 Lupo.

2219 2842 2398 2912 (Anno
2430 2839 2561 2895 lOSI
2595 2838 2712 2893 sive
2736 2836 2920 2904 I082.)

1856 2956 1874 2992 ι
1930 2953 1984 2992 .n
2032 2933 2234 2992 Christi
2273 2931 2511 2988 nomine.
2544 2930 2658 3000 Ego
2703 2927 2968 2985 Girardus
3023 2927 3196 2998 prior,
3243 2940 3367 2980 cum

1779 3031 2035 3092 omnibus
2074 3027 2341 3083 fratribus
2376 3023 2612 3080 (-(enobii
2664 3021 2838 3077 sancti
2886 3018 3032 3080 Petri
3065 3018 3370 3074 Carnoteu-

1780 3125 1877 3189 sis,
1910 3134 2096 3178 notum
2127 3135 2247 3176 esse
2273 3118 2522 3174 volumus
2570 3115 2787 3172 cunctis
2835 3112 3243 3170 successoribus
3272 3126 3371 3166 no-

1703 3202 1749 3266 C
1782 3215 1934 3279 stris,
1966 3215 2108 3284 quod
2157 3228 2220 3268 ea
2273 3217 2596 3281 tempestate
2628 3223 2732 3280 qua
2766 3210 2996 3264 domnus
3043 3202 3370 3260 Eustachius

1781 3308 1952 3362 abbas
2010 3306 2192 3360 Romae
2240 3304 2582 3368 morabatur,
2624 3316 2748 3355 cum
2800 3297 3090 3354 Gausfrido
3115 3295 3371 3364 epis‘cOpo

1781 3409 1946 3469 atque
1973 3395 2333 3452 Parisiacensi
2360 3396 2636 3466 episeopo,
2666 3403 2726 3447 ut
2768 3390 2973 3461 pariter
3018 3385 3372 3444 ostenderent

1781 3491 1980 3561 injuste
2008 3486 2276 3559 prolatam
2314 3499 2438 3540 esse
2479 3477 3107 3539 excommunicationem
3155 3474 3209 3528 in
3241 3488 3372 3531 cono

1781 3583 1907 3640 cilio
1934 3577 2280 3636 Exoduuensi
2332 3576 2402 3631 ab
2440 3575 2696 3646 episeopo
2729 3569 2918 3627 Diensi
2945 3567 3172 3640 llugone
3207 3580 3374 3638 super

1781 3669 2132 3729 Gausfridum
2176 3664 2596 3722 Carnoteusium
2652 3660 2959 3731 praesulem,
3013 3655 3261 3712 videlicet
3313 3655 3372 3710 in

1782 3759 2072 3834 prtesentia
2129 3755 2316 3812 domui
2363 3751 2614 3824 Gregorii
2666 3766 2818 3823 papae
2849 3749 2956 3814 VII,
3009 3763 3170 3821 quem
3203 3746 3370 3804 etiam

1783 3859 1912 3909 tunc
1942 3849 2236 3906 Hainrieus
2259 3845 2577 3916 imperator,
2611 3858 2738 3900 cum
2783 3841 3103 3898 Alamannis
3145 3848 3201 3896 et
3223 3838 3370 3894 Lan-

1781 3942 2057 4019 gobardis,
2087 3940 2426 4004 debellabat;
2455 3953 2540 4003 ea,
2572 3936 2826 4007 inquam,
2854 3939 3198 4004 tempestate,
3243 3931 3370 4002 qui-

1781 4038 1907 4094 dam
1956 4033 2137 4098 miles,
2171 4029 2438 4088 vocabulo
2490 4027 2831 4082 llaimericus
2863 4024 3091 4081 Vibrans
3129 4022 3366 4093 Lupum,

1781 4125 2029 4198 corporis
2059 4123 2381 4180 infirmitate
2422 4120 2680 4176 laborans
2718 4133 2826 4198 qua
2857 4124 2909 4172 et
2959 4113 3120 4179 obiit,
3165 4123 3225 4167 ut
3246 4126 3374 4168 eva-

1782 4221 1936 4276 deret
1957 4216 2156 4275 inferni
2189 4230 2400 4290 prunas,
2451 4210 2755 4268 monachus
2806 4207 2949 4280 apud
2977 4221 3076 4263 nos
3103 4203 3368 4270 edicitur;

1784 4313 1981 4370 fundos
2002 4327 2140 4384 quos
2151 4309 2277 4382 jure
2297 4305 2630 4365 hereditario
2652 4300 2986 4376 possidebat,
3005 4297 3166 4371 juxta
3191 4298 3370 4354 locum

1747 4439 1752 4445 -
1782 4407 1875 4478 qui
1910 4405 2229 4460 Miseriacus
2253 4410 2505 4465 vocatur,
2533 4413 2659 4454 cum
2684 4395 2862 4476 tribus
2890 4391 3156 4451 militibus
3188 4391 3278 4462 qui
3303 4405 3372 4446 ex

1784 4506 1943 4569 parte
1970 4498 2118 4552 fundi
2167 4495 2339 4567 ipsius
2369 4491 2532 4548 levati
2577 4498 2756 4558 erant,
2793 4504 2902 4545 una
2933 4503 3058 4544 cum
3098 4498 3373 4542 consensu

1787 4589 1880 4645 lilii
1912 4589 1994 4644 sui
2018 4587 2238 4655 Pagani,
2261 4594 2452 4640 sancto
2478 4583 2652 4638 Petro
2670 4590 2728 4637 et
2757 4580 2914 4636 nobis
2939 4578 3174 4649 reliquit.
3204 4574 3373 4643 Cujus

1785 4682 1934 4738 fundi
1957 4683 2157 4736 donum
2183 4679 2326 4733 Illius
2346 4677 2464 4748 ejus
2492 4691 2657 4746 super
2685 4675 2863 4729 altare
2889 4681 3203 4730 sanctorum
3233 4685 3368 4740 apo-

1783 4774 2050 4832 stolorum
2098 4772 2243 4827 Petri
2270 4781 2326 4828 et
2352 4770 2503 4826 Pauli
2541 4769 2754 4841 publice
2784 4767 2986 4840 posuit,
3016 4766 3141 4820 inde
3169 4763 3368 4820 ibidem

1783 4867 2062 4930 orationes
2087 4865 2314 4920 fratrum
2331 4863 2620 4934 recipiens.
2649 4860 2746 4918 Cui
2767 4861 2910 4916 dono
2931 4859 2974 4914 si
2998 4858 3121 4928 quis
3146 4857 3368 4926 inquam

1785 4958 2062 5018 contraire
2108 4955 2488 5028 temptaverit,
2530 4953 2634 5010 nisi
2687 4950 3020 5023 resipuerit,
3075 4947 3370 5008 anathema

1783 5059 1872 5106 sn.
1921 5067 1941 5102 ,
2269 5115 2670 5174 CAPITULUM
2712 5113 2893 5170 XCVI.

1785 5209 1862 5267 De
1909 5208 2066 5264 alodo
2101 5209 2222 5263 dato
2254 5223 2286 5261 (ι
2325 5205 2758 5329 Balduingjutra
2792 5203 3027 5276 Burgum
3066 5202 3379 5259 Caruott'nw

2496 5293 2558 5329 ur
2594 5293 2657 5329 ιδ.

2496 5293 2657 5330 urots.

2496 5293 2657 5336 urms.

2352 5372 2516 5442 (Ante
2558 5387 2611 5424 a.
2653 5368 2834 5436 I080.)

1859 5488 1883 5523 ι
1929 5468 1987 5524 In
2020 5461 2240 5524 nomine
2269 5473 2472 5520 sancta:
2514 5471 2570 5518 et
2617 5462 2909 5517 individua:
2949 5459 3252 5519 Trinitatis.
3294 5458 3368 5516 Ut
3467 5501 3474 5508 ι

1781 5569 2078 5633 praesentes
2107 5572 2216 5613 non
2253 5555 2512 5610 amittant
2538 5563 2594 5610 et
2624 5553 2790 5608 futuri
2823 5553 3022 5619 sciant,
3081 5551 3184 5607 hoc
3229 5549 3367 5606 seri-

1783 5663 1934 5724 ptum
1984 5653 2038 5708 in
2085 5647 2304 5707 scriniis
2354 5649 2560 5704 nostris
2604 5647 2995 5704 reservabltur.
3054 5644 3189 5700 Nam
3234 5643 3371 5700 adiit

1781 5741 2127 5813 praesentiam
2183 5747 2468 5803 nostram,
2520 5739 2912 5800 monachorum
2982 5734 3156 5794 sancti
3220 5733 3374 5798 Petri

1783 5834 2131 5894 Curnotensis
2157 5831 2414 5901 cmnobii,
2447 5831 2666 5902 quidam
2713 5829 2892 5896 miles,
2946 5828 3244 5888 Balduiuus
3267 5841 3366 5886 no-
