3890 6302
500 321 606 385 363

1391 315 1600 374 PAULI
1638 314 1693 370 S.
1733 314 1938 370 PETRI
1977 311 2462 397 CARNOTENSIS
2499 312 2810 373 MONACHI
3641 313 3727 370 ΞΗ

497 433 666 501 mine,
693 447 929 505 poscens
956 432 1277 506 suppliciter
1321 433 1575 502 quatinus
1600 447 1727 488 eum
1775 429 2079 488 faceremus
2105 431 2156 493 Α
2183 431 2540 501 praesentibus
2568 446 2732 502 quam
2779 429 2994 498 futuris,
3041 443 3145 500 ego
3184 428 3505 496 Landricus,
3554 432 3732 490 militia

493 527 861 594 monachum;
892 527 1037 598 quod
1069 526 1383 582 annuimus.
1433 525 1500 581 Et
1543 531 1766 597 propter
1794 523 1898 580 hoc
1934 521 2082 578 dedit

495 629 686 677 sancto
712 620 876 676 Petro
905 629 962 676 et
987 619 1162 684 nobis,
1196 619 1539 689 exemptioue
1586 633 1716 684 sua,
1768 625 1972 673 terram
2023 614 2079 670 in

493 727 601 782 qua
631 711 902 780 quondam
934 710 1086 766 fuere
1121 709 1316 776 vineae,
1349 709 1593 764 etmodo
1637 715 1765 763 sunt
1795 707 1850 762 iu
1897 719 1960 759 ea
1989 717 2081 759 or-

496 803 596 858 tuli
635 803 995 868 plurimorum
1037 803 1352 867 hominum;
1404 808 1459 856 et
1491 801 1666 856 reddit
1702 799 1756 854 in
1793 813 1958 855 censu
1984 795 2078 853 VII

493 895 698 952 solidos
719 903 775 952 et
803 894 852 950 X
881 894 1157 960 denarios,
1184 894 1238 949 in
1271 893 1447 949 sancti
1491 891 1720 963 Remigii
1748 890 2075 956 festivitate;

491 998 547 1046 et
595 1000 681 1046 est
715 989 992 1046 liberrima
1035 989 1104 1045 ab
1151 988 1300 1044 omni
1352 987 1582 1051 vicaria,
1631 994 1687 1041 et
1716 985 1785 1040 ab
1816 984 1962 1040 omni
1985 999 2078 1040 ca-

490 1082 696 1152 ptione,
718 1091 773 1137 et
797 1081 866 1137 ab
889 1080 1141 1137 omnibus
1166 1078 1670 1136 consuetudinibus.
1696 1076 1850 1145 Quod
1873 1073 2077 1130 factum

490 1171 800 1234 annuerant
848 1189 985 1230 uxor
1036 1171 1154 1242 ejus
1203 1181 1261 1229 et
1304 1171 1470 1227 ﬁlius.
1504 1170 1575 1226 Et
1613 1178 1675 1226 ut
1720 1166 2079 1224 libentissime

492 1266 845 1330 assentirent,
873 1263 1124 1319 dedimus
1149 1263 1252 1330 eis,
1281 1277 1347 1318 ex
1378 1269 1592 1326 nostro,
1621 1260 1727 1315 tria
1758 1258 1937 1314 modia
1965 1255 2078 1311 fru-

486 1357 657 1421 menti
690 1365 747 1412 et
782 1356 888 1412 duo
933 1356 1118 1422 modia
1145 1372 1352 1412 avenae.
1396 1356 1464 1411 Et
1494 1356 1609 1427 ipse
1656 1353 1954 1410 Balduinus
1982 1351 2080 1407 de-

483 1455 738 1518 precatus
763 1456 868 1511 est,
904 1457 988 1513 ut,
1026 1447 1071 1502 si
1103 1446 1226 1517 quis
1252 1446 1649 1518 calumpniator
1678 1461 1743 1500 ex
1773 1445 1875 1500 hoc
1908 1442 2072 1510 foret,

485 1537 997 1594 excommunicatus
1025 1551 1091 1592 ex
1141 1536 1250 1593 Deo
1286 1546 1342 1592 et
1384 1546 1573 1592 sancto
1612 1535 1777 1591 Petro
1812 1533 1974 1594 foret.
2005 1537 2076 1594 Ut

484 1637 667 1682 autem
701 1628 910 1684 ﬁrmior
934 1629 1052 1685 haec
1079 1643 1168 1684 res
1198 1637 1368 1695 esset,
1395 1637 1564 1688 testes
1587 1628 1748 1699 hujus
1777 1627 1858 1683 rei
1895 1628 1986 1684 hic
2007 1642 2074 1685 ex

484 1735 585 1774 sua
633 1731 685 1776 et
727 1729 919 1776 nostra
959 1721 1371 1779 subnotavimus
1417 1729 1613 1792 parte:
1648 1720 2069 1791 Ermengardis,

484 1825 630 1866 uxor
668 1809 948 1875 Balduiui;
980 1812 1153 1884 Ilugo,
1202 1814 1344 1870 ﬁlius
1385 1782 1698 1879 amborum;
1735 1782 2070 1883 lugevuulfus,
2103 1782 2150 1843 Β

484 1901 764 1969 Othertus,
795 1903 1130 1972 Willelmus;
1186 1906 1522 1975 Hamelinus,
1573 1905 1714 1962 ﬁlius
1743 1903 2070 1960 Ilerbranni.

484 1991 564 2047 De
596 2001 782 2048 nostra
837 2004 1035 2065 parte:
1077 1995 1414 2053 Guaruerius
1470 1995 1663 2066 major,
1696 1995 1971 2052 Guarinus
2019 2005 2074 2052 et

483 2082 783 2154 Laurinua,
813 2089 1089 2159 artoc0pi;
1135 2087 1464 2145 Laurentius
1488 2099 1545 2146 et
1571 2089 1931 2151 Cislcbertus,
1964 2090 2077 2146 fra-

480 2183 628 2241 tres;
657 2174 967 2232 Gualterius
989 2187 1044 2232 et
1077 2179 1404 2246 Adventius,
1437 2189 1710 2245 sartores;
1742 2177 2071 2244 Josceliuus,

480 2258 632 2316 ﬁlius
679 2260 958 2332 Gilduini;
1007 2263 1273 2320 Arroldus
1321 2280 1516 2338 agaso;
1570 2263 1868 2334 ιωααιτυε,
1928 2263 2074 2321 filius

479 2349 777 2425 llildegarii
805 2355 1055 2426 portarii.
1094 2376 1114 2409 ι

950 2448 1352 2507 CAPITULUM
1388 2451 1593 2506 XCVII.

482 2536 565 2592 De
603 2547 744 2594 terra
777 2539 908 2606 datq
953 2559 986 2596 a
1043 2543 1316 2599 Roscelino
1361 2546 1418 2599 in
1480 2543 1748 2601 Pendeute
1796 2546 2049 2601 l’ediculo

1050 2636 1215 2706 (Ante
1247 2652 1297 2692 a.
1330 2637 1516 2708 4080.)

556 2740 575 2775 ε
622 2721 818 2780 Notum
847 2741 970 2784 esse
998 2728 1246 2783 volumus
1277 2738 1382 2784 tam
1401 2732 1686 2798 praesentis
1715 2745 1875 2801 quam
1905 2730 2071 2787 futuri

413 2856 418 2862 .
472 2814 559 2868 cvi
618 2813 821 2872 Christi
871 2816 1146 2885 ﬁdelibus,
1200 2836 1302 2876 nos
1363 2821 1612 2876 monachi
1665 2821 1854 2876 Sancti
1899 2820 2070 2888 Petri,

471 2905 738 2974 quoniam
771 2915 974 2964 terram
1005 2909 1301 2966 Pendeutis
1329 2910 1595 2976 Pediculi,
1624 2911 1678 2973 in
1708 2913 2073 2974 conversione

471 2998 756 3058 lloscelinl
793 3004 1069 3070 monachi,
1095 3004 1264 3060 frater
1284 3004 1401 3074 ejus
1428 3004 1696 3077 Gerogius
1720 3007 2070 3077 medietatem

2182 523 2420 580 seculari
2441 523 2678 589 deditus,
2707 539 2815 578 una
2841 537 2965 578 cum
2991 538 3161 578 uxore
3189 536 3333 589 mea,
3360 520 3619 577 Ermelina
3649 540 3729 579 no-

2179 618 2348 686 mine,
2381 625 2436 673 et
2476 616 2701 690 Hugone
2731 615 2842 672 ﬁlio
2876 631 2998 672 meo
3035 616 3422 686 primogenita,
3451 615 3557 670 Deo
3578 618 3730 673 omnia

2178 711 2388 783 potenti
2425 719 2482 767 et
2507 711 2669 768 beato
2716 710 2880 767 Petro
2903 711 3272 782 apostolorum
3313 709 3565 781 principi,
3590 709 3735 768 ﬁlium

2159 820 2359 862 meum
2384 805 2497 877 jam
2527 815 2799 870 octonem,
2834 804 3123 860 Ernaldum
3155 803 3399 869 nomine,
3426 805 3730 876 mancipans,

2181 897 2339 952 trado
2371 897 2424 950 in
2454 897 2708 953 cmuobio
2737 897 3036 968 supradicti
3078 896 3448 968 apostolorum
3479 898 3729 971 principis,

2178 999 2240 1045 ut
2277 989 2346 1046 ibi
2379 989 2583 1046 serviat
2623 1005 2816 1047 omnes
2861 991 2982 1046 dies
3025 991 3149 1045 vitae
3183 1006 3295 1046 sua:
3323 989 3432 1044 Deo
3459 998 3513 1045 et
3559 995 3734 1050 sanctis

2178 1081 2315 1152 ejus,
2341 1099 2405 1140 ac
2433 1099 2532 1156 pro
2557 1084 2714 1140 nobis
2733 1093 2790 1141 et
2808 1083 3061 1140 omnibus
3082 1083 3175 1140 Dei
3201 1083 3450 1139 ﬁdelibus
3472 1082 3557 1139 die
3575 1094 3733 1152 noctu-

2180 1189 2290 1250 que
2320 1190 2512 1246 preces
2561 1174 2776 1231 fundat.
2825 1175 2934 1231 Pro
2986 1189 3094 1246 quo
3138 1173 3370 1245 praefato
3397 1172 3618 1229 cenobio
3645 1183 3732 1231 tra-

2177 1267 2376 1333 dendo,
2421 1267 2791 1333 concedimus,
2848 1265 2905 1322 in
2942 1265 3061 1328 loco
3111 1265 3203 1336 qui
3238 1271 3467 1320 vocatur
3504 1263 3729 1332 Baliolus,

2179 1369 2383 1416 terram
2438 1361 2602 1415 duum
2657 1359 2997 1425 animalium,
3049 1373 3170 1414 cum
3219 1372 3433 1413 mansa.
3482 1354 3578 1412 Cui
3614 1359 3733 1418 dono

2179 1451 2428 1506 addimus
2473 1458 2721 1520 quartam
2777 1457 2986 1520 partem
3038 1445 3323 1502 brennadii
3356 1445 3500 1515 quod
3535 1458 3730 1507 actenus

2175 1541 2469 1608 habuimus
2513 1541 2568 1596 in
2603 1541 2726 1596 vico
2756 1539 2943 1596 Sancti
2974 1541 3231 1606 Romani,
3265 1540 3422 1611 juxta
3449 1540 3634 1599 Braiao
3658 1559 3730 1600 ca-

2177 1645 2370 1700 strum,
2402 1643 2462 1690 ut
2504 1634 2572 1692 ab
2600 1634 2704 1695 hac
2729 1633 2820 1690 die
2849 1641 2905 1690 et
2952 1633 3210 1706 deinceps
3246 1635 3481 1690 habeant
3510 1636 3734 1694 monachi

2177 1726 2478 1800 supradicti
2527 1726 2770 1783 cmuoliii
2821 1733 2878 1781 et
2935 1724 2989 1780 in
3047 1734 3372 1797 perpetuum
3423 1726 3728 1796 possideant.

2177 1818 2538 1875 Concedimus
2561 1818 2727 1874 etiam
2747 1816 3081 1888 junioratum
3101 1817 3362 1873 {ecclesiae
3384 1817 3564 1872 domui
3585 1815 3730 1885 Petri,

2175 1914 2317 1970 sicut
2367 1912 2668 1968 Bainaldus
2722 1910 2961 1967 decanus
2994 1919 3181 1965 tenere
3225 1896 3462 1976 videtur,
3491 1919 3543 1965 et
3575 1909 3730 1966 omnia

2176 2022 2297 2078 quae
2323 2006 2389 2061 de
2414 2007 2570 2062 nobis
2598 2005 2840 2076 possidet
2873 2004 2925 2058 in
2956 2004 3072 2075 ipsa
3105 2003 3253 2058 villa.
3288 2003 3548 2059 Volumus
3569 2012 3732 2069 autem

2174 2105 2318 2162 hanc
2353 2104 2662 2176 largitionis
2708 2112 2908 2157 nostra:
2937 2101 3202 2157 cartulam
3251 2100 3503 2155 manibus
3554 2101 3732 2156 nostris

2175 2197 2536 2253 corroborare
2581 2202 2636 2250 et
2665 2193 2945 2250 salutifere
2979 2193 3159 2248 crucis
3188 2189 3401 2265 signum
3430 2193 3730 2263 imprimere,

2174 2297 2236 2343 ut
2263 2288 2392 2343 nulli
2422 2303 2662 2358 unquam
2692 2285 3013 2356 refragatori
3037 2285 3108 2340 sit
3132 2285 3214 2340 fas
3236 2285 3302 2339 ad
3332 2285 3476 2339 hanc
3495 2284 3730 2354 aspirare.

2174 2379 2216 2449 ἰ·
2243 2378 2515 2436 Laudrici.
2551 2378 2608 2434 S.
2638 2375 2947 2432 Ermelinre.
2976 2374 3237 2447 llugouis.
3267 2372 3519 2442 Raiualdi
3542 2374 3730 2440 decaui.

2175 2469 2378 2527 Odonis
2406 2469 2575 2543 (an).
2612 2489 2632 2523 ι

2659 2546 3062 2606 CAPITULUM
3097 2545 3277 2603 XCIX.

2441 2640 2516 2696 De
2546 2639 2699 2697 rebus
2728 2641 2868 2694 datis
2896 2655 2991 2708 pro
3040 2637 3262 2708 Hugone
3303 2652 3486 2708 puero.

2741 2730 2906 2802 (Ante
2931 2745 2981 2784 a.
3012 2728 3196 2795 1080.)

2252 2841 2272 2875 α
2303 2823 2361 2878 In
2384 2823 2605 2878 nomine
2626 2830 2826 2878 sanctae
2854 2831 2910 2876 et
2934 2821 3226 2876 individuae
3246 2817 3553 2883 Trinitatis,
3573 2815 3732 2871 Patris

2173 2925 2228 2972 et
2250 2915 2372 2971 Filii
2414 2924 2469 2970 et
2520 2915 2755 2986 Spiritus
2797 2915 2989 2970 sancti.
3034 2913 3229 2969 Notum
3261 2927 3383 2974 esse
3406 2910 3526 2966 volo
3549 2910 3740 2967 cunctis

2174 3006 2446 3074 ﬁdelibus,
2481 3015 2592 3060 tam
2639 3006 3000 3077 praesentibus
3030 3019 3192 3074 quam
3243 3002 3473 3068 futuris,
3501 3000 3622 3072 quia
3651 3015 3735 3070 ego

473 3093 700 3162 quidem
751 3104 942 3152 sancto
989 3097 1152 3154 Petro
1195 3097 1345 3153 dedit
1397 3099 1452 3153 in
1494 3075 1782 3169 stipendiis
1813 3075 2065 3168 fratrum,
2096 3131 2141 3194 Ο
2174 3095 2530 3168 Hildegardis,
2601 3075 2937 3166 prmnomine
3001 3095 3270 3194 Franca,‘
3296 3093 3564 3164 quondam
3614 3105 3733 3145 uxor

471 3199 574 3262 per
613 3201 898 3246 assensum
949 3189 1226 3249 Teudonis
1277 3192 1373 3264 qui
1427 3193 1846 3264 cognominatur
1892 3193 2067 3264 Caput

474 3275 654 3350 Ferri,
682 3280 770 3340 eui
812 3283 1094 3342 animatim
1129 3284 1196 3340 de
1226 3294 1383 3355 parte
1414 3294 1596 3342 nostra
1645 3287 1914 3346 debentur
1935 3285 2068 3340 duo-

475 3376 652 3429 decim
684 3377 892 3432 nummi
947 3378 1000 3432 in
1047 3391 1248 3444 censu;
1297 3385 1484 3447 postea
1535 3392 1662 3432 vero
1701 3378 1814 3448 ipsa
1861 3388 2004 3433 terra
2035 3393 2065 3443 a

474 3460 788 3530 Fulcherio,
822 3463 932 3520 ﬁlio
957 3464 1200 3532 Girardi,
1224 3473 1278 3520 et
1300 3479 1329 3518 a
1363 3463 1598 3536 Gerogio
1625 3467 1691 3522 de
1715 3466 1895 3522 Curba
1928 3465 2066 3522 Villa

475 3553 777 3614 ambitione
833 3563 917 3610 est
969 3556 1180 3619 invasa,
1217 3556 1286 3610 de
1338 3570 1568 3627 quorum
1620 3571 1739 3612 esse
1783 3557 2069 3612 videbatur

472 3640 758 3699 beneﬁcio.
789 3642 996 3712 Quibus
1026 3655 1085 3700 ut
1115 3660 1398 3705 assensum
1423 3646 1746 3716 praeberent,
1776 3647 2068 3704 Fulcherio

474 3734 696 3802 quidem
731 3736 1128 3806 quinquaginta
1158 3752 1505 3792 nummorum
1555 3737 1756 3794 solidos
1795 3739 2064 3806 dedimus,

475 3832 532 3884 ct
579 3824 813 3897 Gerogio
844 3827 1028 3896 XXX;
1081 3838 1243 3899 atque
1292 3829 1390 3900 ipsi
1441 3844 1606 3900 super
1659 3829 1831 3884 altare
1891 3831 2067 3898 sancti

473 3914 624 3971 Petri
657 3933 922 3989 guerpum
955 3931 1241 3990 ponentes,
1285 3922 1514 3976 eandem
1555 3932 1754 3976 terram
1785 3922 2069 3992 possiden-

477 4008 603 4062 dam
635 4020 1055 4075 concesserunt,
1088 4019 1296 4065 tantum
1329 4021 1386 4066 ut
1442 4013 1495 4067 in
1541 4011 1842 4070 festivitate
1889 4014 2068 4081 sancti

475 4098 712 4190 llemigii
747 4116 943 4160 census
968 4102 1264 4173 praedictus
1299 4104 1579 4160 reddatur.
1619 4105 1816 4159 Actum
1853 4115 1937 4162 est
1965 4106 2069 4163 hoc

476 4191 534 4254 in
567 4192 812 4249 zecclesia
859 4197 1032 4254 sancti
1068 4195 1216 4252 Petri
1251 4195 1490 4266 publice,
1519 4197 1830 4257 videntibus
1870 4207 1926 4254 et
1970 4215 2068 4254 au-

479 4285 755 4342 dientibus
786 4288 872 4344 his
912 4304 1145 4360 quorum
1171 4291 1392 4344 nomina
1423 4289 1836 4350 subnotavimus
1861 4309 1876 4346 :
1904 4291 2073 4366 αυλις,

480 4379 621 4438 ιιινῑο
651 4382 979 4446 monetario,
1008 4380 1243 4452 Gerogio
1285 4381 1511 4447 clerico,
1550 4379 1825 4452 Stephano
1849 4383 2066 4452 majori,

2173 3188 2454 3258 cujusdam
2514 3187 2726 3256 militis,
2788 3187 3053 3243 vocabulo
3095 3183 3372 3241 Gausl'ridi
3432 3183 3612 3256 Nigri,
3658 3183 3734 3253 qui

2169 3295 2434 3352 spernens
2458 3281 2638 3337 omnia
2667 3278 2828 3349 hujus
2852 3278 3019 3335 seculi
3063 3278 3267 3335 caduca
3299 3286 3462 3346 atque
3494 3276 3733 3346 peritura,

2170 3373 2283 3428 Deo
2341 3373 2533 3428 devote
2586 3373 2940 3438 militaturus,
3001 3372 3053 3426 in
3111 3380 3464 3427 sacrosancto
3511 3370 3735 3430 coenobio

2168 3461 2315 3518 beati
2373 3462 2602 3532 apostoli
2638 3462 2783 3516 Petri
2815 3461 3165 3517 Caruoteusis
3193 3461 3482 3515 militarem
3525 3458 3734 3513 balteum

2171 3554 2435 3624 deposuit,
2464 3563 2540 3616 et,
2569 3551 2870 3607 secundum
2903 3551 3111 3605 Domini
3143 3559 3505 3623 praeceptum,
3535 3559 3742 3603 uxorem

2169 3654 2226 3702 et
2275 3646 2434 3712 ﬁlios,
2488 3659 2671 3715 agros,
2719 3647 2910 3702 domos
2960 3653 3016 3698 et
3070 3645 3253 3699 omnia
3307 3657 3427 3712 qum
3474 3639 3659 3696 habuit
3691 3637 3734 3692 in

2170 3738 2374 3795 mundo
2428 3739 2782 3809 relinquens,
2857 3736 3179 3792 obedientire
3252 3734 3532 3806 gressibus
3584 3733 3740 3803 ipsum.

2170 3832 2446 3891 Christum
2459 3847 2716 3904 sequens,
2739 3831 2805 3886 ad
2828 3819 3031 3886 etheris
3053 3828 3233 3883 aulam
3258 3824 3478 3882 anhelat
3507 3825 3742 3894 tendere;

2170 3926 2250 3981 sic
2274 3926 2456 3993 itaque
2486 3925 2552 3979 ab
2583 3939 2648 3978 eo
2683 3922 2922 3985 viduata,
2947 3919 3084 3974 duos
3113 3917 3270 3981 ﬁlios,
3304 3930 3440 3987 quos
3474 3915 3523 3970 ei
3550 3912 3736 3984 peperi,

2171 4015 2297 4071 dum
2337 4025 2471 4070 tetas
2494 4014 2549 4069 in
2579 4013 2958 4069 adolescentiae
2977 4011 3109 4065 flore
3133 4010 3487 4080 proveheret,
3509 4007 3746 4077 orbatam.

2176 4107 2330 4179 (215)
2361 4106 2669 4178 incognitas
2715 4116 2892 4160 terras
2931 4102 3142 4174 Apulia:
3185 4101 3482 4165 adeuntes;
3529 4111 3745 4170 quorum

2170 4217 2335 4268 unus,
2367 4200 2536 4256 Fulco
2564 4199 2808 4266 nomine,
2843 4198 2910 4253 de
2943 4195 3180 4267 quadam
3207 4193 3384 4265 puella
3429 4192 3598 4246 ﬁlium
3641 4203 3743 4260 par-

2170 4295 2355 4350 vulum
2382 4296 2610 4350 eundem
2649 4293 2704 4348 in
2760 4292 2917 4348 cunis
2957 4290 3121 4345 michi
3173 4287 3399 4351 dimisit,
3430 4301 3591 4356 quem
3637 4284 3741 4338 loco

2172 4387 2265 4443 lilii
2296 4397 2481 4444 tenere
2508 4387 2775 4450 nutriens,
2803 4385 2855 4440 in
2901 4383 3098 4454 puerili
3140 4391 3300 4438 :etate
3330 4380 3503 4436 sacris
3538 4379 3742 4433 inbuen-

477 4470 706 4534 Aruulfo
768 4472 939 4539 Rufo;
995 4473 1340 4540 Fulchardo;
1403 4472 1696 4544 Stephano,
1746 4475 1984 4538 Avenlio
2015 4484 2070 4530 ει
2098 4481 2148 4542 D
2175 4482 2301 4537 dum
2330 4479 2528 4536 litteris
2559 4479 2791 4545 tradidi;
2826 4477 3146 4543 deindejam
3169 4483 3456 4530 octennem
3487 4470 3541 4526 in
3572 4483 3743 4542 supra-

477 4564 800 4632 ]..mreutio,
851 4565 1143 4633 fratribus;
1196 4565 1452 4623 Ascelino
1504 4566 1743 4635 majore;
1798 4568 2068 4642 Teduino,

477 4653 692 4711 Caudio
725 4666 780 4712 et
807 4655 1115 4723 Harduiuo,
1141 4656 1440 4726 fratribus;
1479 4658 1779 4722 Willel-mo.
1809 4661 2068 4728 Arraldo,

477 4747 793 4821 Ilildegario
810 4757 866 4805 et
891 4748 1143 4812 Radulfo,
1176 4749 1286 4803 ﬁlio
1313 4750 1432 4819 ejus
1457 4750 1627 4821 (2H5).
1668 4771 1690 4811 ι

940 4839 1342 4897 CAPITULUM
1382 4831 1609 4897 XCVIII.

703 5005 706 5008 ἢ
769 4931 843 4999 De
867 4932 1019 4988 rebus
1044 4932 1184 4987 datis
1211 4949 1308 5002 pro
1338 4931 1572 4989 Ernaldo
1601 4953 1781 5005 puero.

1050 5023 1213 5094 (Ante
1233 5039 1287 5080 a.
1324 5013 1504 5094 1080.)
2071 5090 2073 5092 η

561 5132 578 5164 ι
626 5112 684 5166 In
715 5113 937 5167 nomine
979 5123 1184 5170 sanctae
1228 5124 1282 5170 et
1311 5115 1603 5172 individua:
1627 5117 1931 5187 Trinitatis,
1961 5122 2071 5178 sei-

481 5204 611 5261 Iicct
638 5205 816 5260 Patris
845 5215 898 5262 et
936 5204 1079 5262 Filii'
1108 5216 1162 5262 et
1197 5206 1433 5277 Spiritus
1471 5208 1676 5266 Sancti.
1727 5210 1922 5266 Notum
1949 5228 2071 5268 esse

481 5298 610 5356 volo
636 5297 890 5353 omnibus
936 5309 1140 5354 sancta:
1199 5298 1294 5366 Dei
1340 5300 1601 5363 (ecclesia!
1650 5301 1919 5369 ﬁdelibus,
1960 5312 2070 5367 tam

559 5476 710 5548 (213)
728 5475 949 5548 γϐιιίιτιίι
983 5492 1102 5548 qua:
1129 5479 1254 5534 huic
1291 5478 1578 5548 subjicitur
1603 5476 1823 5546 praefert
1855 5478 2074 5534 titulum

488 5547 640 5604 illum
656 5567 686 5631 ⁸ε
717 5547 795 5602 De
837 5548 1036 5631 άςςὶρια
1065 5547 1301 5603 Rainerii
1326 5547 1668 5616 Fiuemundi,
1700 5549 1955 5620 editaque
1982 5558 2074 5605 est

489 5620 759 5688 superius.
786 5634 842 5688 p.
875 5617 996 5700 I38.
1869 5617 1881 5620 ⁷

507 5758 510 5759 ν
562 5690 710 5756 (QII)
735 5687 995 5759 sequitur
1017 5690 1203 5743 charta
1235 5692 1318 5745 cui
1345 5691 1560 5745 titulus:
1593 5691 1665 5745 De
1686 5692 1766 5744 via
1783 5691 1907 5744 data
1931 5692 2072 5756 apud

490 5758 744 5831 Sanctum
772 5758 1089 5829 Germanum
1128 5761 1192 5815 de
1222 5761 1444 5834 Alogia;
1485 5778 1648 5834 quam
1684 5761 1795 5830 jam
1831 5761 2074 5832 vulgavi-

2172 4574 2321 4629 dicto
2351 4571 2626 4636 emnobio,
2669 4570 2724 4637 in
2775 4584 2883 4639 quo
2927 4578 2983 4623 et
3029 4581 3163 4621 avus
3188 4566 3306 4636 ejus
3339 4573 3393 4620 et
3441 4558 3744 4631 consanguia

2169 4682 2330 4734 neus,
2358 4664 2526 4719 Fulco
2555 4661 2796 4726 nomine,
2835 4662 2946 4716 Deo
2989 4658 3324 4719 deserviunt,
3351 4655 3448 4718 ibi,
3474 4669 3598 4709 cum
3625 4666 3742 4707 eon-

2171 4773 2337 4813 sensu
2379 4754 2626 4810 Rotherti
2670 4752 2870 4824 prioris
2914 4759 3330 4817 ceterorumque
3373 4745 3740 4801 monachorum

2170 4865 2272 4922 pro
2300 4847 2480 4902 anima
2512 4860 2629 4902 mea
2654 4852 2707 4898 et
2733 4843 2972 4898 omnium
3000 4849 3284 4913 parentum
3311 4853 3554 4893 meorum
3575 4837 3749 4920 deprex

2172 4951 2232 4991 ca
2245 4945 2446 4999 turum,
2475 4942 2538 4986 ut
2559 4932 2658 4986 sub
2687 4944 2874 4984 norma
2905 4924 3200 4982 monachili
3242 4925 3351 4978 Deo
3380 4923 3581 4978 serviat
3607 4935 3744 4975 mau-

2173 5027 2345 5096 cipari
2380 5023 2559 5094 (216);
2613 5023 2748 5076 dans
2790 5034 2888 5091 pro
2929 5033 2996 5074 eo
3044 5018 3098 5072 in
3148 5014 3347 5081 Belsia,
3396 5015 3454 5069 in
3491 5012 3612 5068 villa
3640 5023 3743 5081 quat

2172 5116 2489 5187 Pantaginis
2556 5112 2693 5168 Villa
2751 5111 2974 5175 dicitur,
3043 5117 3255 5164 terram
3311 5106 3586 5176 quandam
3630 5099 3740 5157 olim

2173 5209 2355 5264 datam
2389 5209 2441 5262 in
2473 5222 2633 5262 manu
2666 5205 2822 5264 ﬁrma
2861 5202 3071 5257 duabus
3109 5199 3370 5255 fratribus
3415 5195 3668 5268 Fro'gerio
3696 5199 3744 5246 et

2172 5300 2398 5364 Fulconi
2425 5308 2477 5355 et
2508 5299 2600 5352 uni
2636 5296 2820 5352 heredi
2862 5309 3074 5360 eorum,
3119 5307 3149 5346 a
3198 5291 3396 5360 quibus
3425 5288 3745 5344 Heribranno.

2174 5490 2400 5616 ιηιέξῖ
2428 5473 2782 5601 Si)c‘..Sensus
2825 5549 3004 5597 tamen
3034 5538 3266 5611 ﬂagitat,
3294 5537 3499 5604 duobus
3520 5530 3744 5612 ﬁliis...”

2176 5620 2360 5676 orbata
2391 5632 2530 5668 sum.

2249 5687 2393 5757 ’2l6)
2431 5685 2588 5757 Leg.,
2623 5682 2940 5755 mancipavi,
