3842 6308
55 341 159 418 sta

710 357 943 418 VETUS
964 360 1218 420 AGANO.
1250 393 1322 406 —
1354 363 1487 423 LIB.
1521 362 1632 420 VII.
1674 363 2068 423 LANDRIGUS
2103 367 2193 426 ET
2224 364 2624 430 HUBERTUS.

3209 376 3321 444 δια.

61 477 254 534 cuidam
277 472 434 528 militi
457 485 544 533 est
570 475 812 541 vendita,
854 476 1010 548 cujus
1045 491 1189 533 nunc
1236 477 1380 535 ﬁlius
1407 478 1626 536 Haime-
1653 483 1703 544 Α
1731 479 1877 536 tibus
1905 497 2069 553 quam
2098 481 2315 551 futuris,
2349 483 2492 555 quod
2532 483 2754 556 quidam
2801 483 2987 554 miles,
3018 483 3321 556 Hei-ben“;

61 568 192 623 ricus
219 566 453 622 clericus
481 581 601 622 eam
624 568 886 639 possidet,
917 569 1053 625 dans
1083 569 1138 624 in
1183 570 1478 626 festivitate
1500 587 1627 627 san-

58 661 120 714 cti
147 658 371 713 Carauni
420 666 772 713 nummorum
822 659 1026 715 solidos
1055 659 1176 727 VII;
1220 661 1348 716 item
1383 662 1435 716 in
1464 661 1627 717 terri-

59 751 180 805 torio
207 750 467 815 Dunensi,
493 749 550 806 in
582 749 894 820 parraachia
927 751 1112 807 Sancti
1160 751 1388 820 Ebruiﬁ,
1421 753 1474 808 in
1497 752 1624 809 villa

57 859 159 913 qua-
184 841 381 898 dicitur
411 839 720 909 Torellelis,
759 859 924 898 unam
964 857 1241 900 masuram
1279 851 1462 911 terrae,
1489 844 1625 901 libe-

53 949 154 989 ram
182 931 249 988 ab
287 933 448 988 omni
477 933 768 989 exactione
812 943 868 990 et
893 935 1288 992 consuetudine
1308 949 1432 991 cum
1462 936 1625 993 domo

53 1035 102 1081 et
125 1027 336 1091 horreo;
393 1025 530 1081 item
567 1025 620 1080 in
655 1026 1057 1102 BahardiVilla
1105 1042 1296 1099 agrum
1349 1044 1515 1085 unum
1564 1029 1623 1086 in

54 1131 144 1184 quo
166 1115 374 1172 modius
402 1132 552 1173 unus
579 1126 635 1173 et
663 1117 828 1173 semis
856 1120 1077 1174 seritur.
1107 1119 1260 1175 Hanc
1286 1130 1468 1177 autem
1495 1137 1623 1178 car-

54 1205 194 1259 talam
229 1204 752 1276 Carnotispublice
809 1223 974 1278 super
1020 1208 1196 1265 altare
1250 1211 1619 1282 apostolorum

52 1296 175 1350 Petri
223 1304 280 1350 et
324 1295 484 1351 Pauli
541 1312 642 1369 ego
689 1285 1052 1369 Hildegardi‘s'
1081 1301 1262 1369 posui,
1318 1301 1622 1373 inprimens

53 1385 205 1440 crucis
225 1385 469 1455 signum.
502 1386 680 1454 Quam
707 1387 752 1444 si
781 1389 904 1459 quis
933 1390 1209 1448 contraire
1239 1390 1624 1450 volueritana-

51 1481 202 1536 thema
228 1480 296 1535 sit
322 1477 499 1552 (217).
541 1499 562 1533 ›

569 1550 971 1610 CAPITULUM
1009 1553 1070 1610 C.

519 1641 594 1696 De
627 1643 800 1700 eladis
836 1643 1124 1704 Guntardi.

559 1735 726 1804 (Ante
768 1751 822 1791 a.
850 1737 1035 1811 l080.)

1726 573 1969 639 nomine,
2001 575 2064 630 de
2085 574 2392 634 Galardone
2432 586 2638 644 castro,
2664 579 2889 638 veniens
2917 585 2985 639 ad
3012 593 3325 647 conversio-.

1726 681 1850 724 nem
1879 666 1979 723 sub
2009 667 2203 724 abbate
2257 668 2518 737 Huberto,
2567 687 2668 743 pro
2719 673 3091 746 redemptione
3120 682 3316 739 anima:

1725 772 1858 824 suae,
1905 773 2012 814 una
2060 775 2186 814 cum
2229 775 2498 818 consensu
2547 761 2782 820 ﬁliorum
2833 781 3079 836 suorum,
3120 769 3324 836 Hervci

1718 839 1934 907 scilicet
1959 859 2122 921 atque
2152 849 2422 908 Fulcherii
2472 863 2528 909 et
2558 856 2732 912 unicis
2758 856 2904 932 ﬁliae,
2943 861 3162 918 nomine
3181 863 3311 920 Gui-

1724 941 1936 1016 burgis,
1966 943 2158 1000 alodos
2181 959 2316 1014 quos
2343 945 2582 1003 habebat
2601 947 2656 1006 in
2696 952 2984 1010 territorio.
3007 955 3174 1013 castri
3204 954 3319 1012 Du-.

1724 1035 1910 1090 nensis
1967 1042 2158 1090 sancto
2210 1033 2371 1091 Petro
2415 1044 2470 1092 et
2521 1026 2641 1108 ejus
2689 1043 2978 1100 monachis.
3020 1025 3312 1114 concessit,

1724 1127 2238 1197 unamque‘domum
2271 1126 2413 1182 intra
2438 1138 2694 1194 castrum,
2721 1131 2777 1186 in
2799 1131 3070 1192 Premetis
3093 1137 3324 1208 quidem,

1721 1219 1874 1285 villa,
1923 1219 2140 1274 alodum
2188 1233 2349 1289 quem
2390 1229 2566 1277 mater
2613 1238 2709 1278 sua
2751 1221 3010 1282 Rotrudis
3047 1229 3310 1301 possedit,

1721 1326 1936 1369 necnon
1968 1320 2025 1367 et
2057 1325 2277 1366 manum
2328 1310 2574 1379 ﬁrmam;
2622 1313 2750 1370 item
2780 1315 2832 1370 in
2863 1315 3051 1374 Marini
3072 1319 3222 1388 villa,
3255 1321 3322 1380 in.

1725 1406 1948 1462 dextera
1979 1412 2134 1476 parte
2163 1406 2266 1461 viae
2307 1405 2601 1473 Dunensis,
2631 1407 2701 1465 Vl
2745 1409 3032 1480 aripennos
3057 1421 3236 1482 terrae,
3257 1423 3320 1482 et

1720 1495 1779 1555 in
1810 1496 2031 1554 sinistra
2060 1504 2218 1569 parte
2249 1494 2490 1566 ejusdem
2519 1497 2622 1554 via:
2663 1499 2709 1556 V
2739 1501 3064 1573 aripennos;
3092 1503 3220 1560 item
3255 1506 3316 1560 in

1721 1587 2014 1660 Angeliaco
2064 1589 2356 1659 aripennos
2405 1596 2519 1644 tres
2565 1595 2621 1644 et
2665 1588 2984 1659 dimidium;
3029 1593 3081 1648 in
3111 1592 3308 1652 Boardi

1722 1678 1862 1736 Villa
1883 1679 2140 1750 quicquid
2164 1679 2492 1736 hereditario
2507 1679 2633 1750 jure
2655 1681 2926 1752 possedit;
2946 1683 3000 1738 in
3022 1683 3320 1756 lsiginiaco.

1727 1782 1930 1829 terram
1957 1787 2119 1843 quam
2149 1770 2526 1840 Constantius,
2563 1782 2721 1844 pater
2759 1773 2972 1838 Vitalis,
3007 1774 3194 1842 coluit,
3223 1775 3311 1832 vel

154 1823 467 1928 .'.'.'.."°"".“°.
501 1837 712 1928 imm
736 1838 790 1885 ⁸⁸
813 1829 1106 1928 limiti?”
1133 1830 1420 1888 ττίηίιειίε
1440 1833 1617 1928 limis
1648 1831 1694 1892 Β
1720 1823 1991 1922 usus;
2002 1823 3194 1928 'a;1g.i;.;i";{;."e2;'.;;.b.;;;a'.;;.';{;{;f
3225 1823 3315 1926 si;

52 1922 100 1970 et
125 1913 230 1971 Filii
277 1927 334 1972 et
370 1916 620 1988 Spiritus
667 1923 865 1978 sancti.
947 1921 1147 1979 Notum
1205 1941 1330 1982 esse
1369 1925 1616 1985 volumus

54 2006 273 2064 omnibus
295 2019 509 2066 saneta:
540 2009 636 2065 Dei
670 2010 918 2068 ecclesiae
950 2013 1220 2079 ﬁdelibus,
1254 2023 1363 2070 tam
1399 2031 1617 2086 presen-

55 2099 170 2152 tiinis
193 2115 348 2168 qnam
383 2101 622 2168 futuris,
653 2117 756 2176 ego
801 2103 1011 2160 scilicet
1053 2105 1352 2162 Rotbertus
1393 2109 1542 2178 prior
1560 2118 1616 2165 et

53 2201 210 2245 oinnes
241 2191 494 2247 monachi
545 2194 719 2250 sancti
770 2193 918 2250 Petri
965 2197 1203 2252 cmnobii
1239 2197 1612 2268 Carnotensis,

51 2281 166 2348 quod
186 2282 398 2350 quidam
424 2283 617 2350 miles,
643 2286 864 2342 nomine
885 2285 1222 2356 Guntardus,
1255 2289 1324 2345 de
1341 2290 1615 2349 Garence-

55 2373 146 2435 riis,
172 2373 231 2428 ad
274 2390 369 2430 nos
423 2376 608 2442 misit,
647 2377 848 2434 obnixe
887 2389 1078 2449 petens
1127 2392 1184 2437 ut
1215 2383 1516 2440 sibirunum
1545 2400 1614 2441 ex

53 2461 274 2526 tratribns
298 2465 508 2521 nostris
556 2467 774 2523 concite
822 2471 1184 2527 mitteremus.
1235 2472 1338 2541 Qui
1384 2489 1508 2530 cum
1543 2476 1614 2531 ad

57 2565 153 2604 enin
179 2553 422 2618 venisset,
451 2565 522 2610 et.
545 2557 886 2614 sciscitasset
925 2562 1056 2629 quid
1090 2561 1250 2618 vellet
1274 2580 1289 2618 :
1320 2582 1340 2616 ε
1369 2564 1502 2636 Ego,
1531 2564 1606 2620 in.

59 2661 74 2692 ι
108 2643 225 2712 quit,
253 2644 588 2709 inﬁrmitate
621 2664 986 2719 pressusqua
1011 2660 1067 2707 et
1112 2654 1250 2708 mori
1295 2653 1479 2720 timeo,
1511 2669 1612 2711 an+

59 2751 76 2784 ι
115 2745 287 2791 nnente
312 2738 577 2805 Domino,
604 2755 768 2810 cup..o
812 2741 929 2797 ﬁeri
959 2745 1296 2811 monachus;
1318 2756 1392 2814 et,
1416 2756 1474 2802 ut
1499 2761 1613 2804 me-

59 2843 77 2877 ‹
112 2842 214 2882 rear
237 2833 446 2901 assequi
478 2832 810 2888 delictorum
855 2850 1100 2892 meorum
1147 2838 1382 2902 veniam,
1415 2855 1482 2895 ex
1507 2848 1617 2896 teu-

64 2919 233 2974 treuis
275 2922 462 2988 rebus,
533 2939 670 2993 quas
722 2941 894 2996 usque
941 2943 1089 2984 nunc
1131 2931 1376 3000 possedi,
1421 2942 1614 2988 sancto

65 3025 79 3058 ι
114 3008 248 3064 Petro
268 3012 480 3070 donans
517 3016 758 3072 concedo
786 3027 844 3072 et
885 3019 1190 3076 concedens
1216 3021 1378 3086 dono,
1407 3023 1613 3080 directa

65 3116 80 3154 ε
115 3098 391 3171 largitiOne,
452 3104 681 3160 alodnm
724 3122 938 3172 meum,
989 3109 1048 3164 in
1083 3111 1364 3167 territorio
1408 3113 1614 3170 scilicet

65 3211 80 3246 t
111 3195 320 3253 Abbonis
347 3199 544 3264 Villae;
579 3199 822 3270 itemque
847 3201 1017 3258 alium
1057 3204 1110 3259 in
1135 3207 1444 3275 parroechia
1474 3207 1616 3264 lmo—
1641 3209 1684 3268 C

65 3303 80 3336 ι
116 3286 184 3340 nis
210 3288 372 3357 Villa},
406 3289 460 3345 in
526 3289 645 3346 loco
683 3293 774 3362 qui
822 3292 1058 3350 Rosetus
1095 3295 1429 3352 nominatur.
1461 3299 1614 3355 lianc

63 3389 80 3423 t
116 3387 268 3434 autem
308 3381 692 3451 donationem,
735 3401 832 3456 per
875 3401 1163 3443 assensum
1194 3389 1288 3444 ﬁlii
1318 3389 1422 3446 mei
1451 3391 1612 3446 Gnal-

66 3484 82 3517 ι
114 3471 234 3534 terii,
271 3474 322 3529 in
350 3477 652 3546 praesentia
675 3477 1032 3547 plurimorum
1063 3481 1345 3536 hominum
1383 3483 1610 3552 faciens,

65 3573 82 3608 t
115 3559 336 3630 inprecor
377 3567 820 3624 maledictionem
849 3569 1102 3626 omnibus
1147 3572 1444 3630 nitentibus
1481 3590 1615 3630 con--

68 3663 84 3700 t
119 3651 257 3708 traire
285 3657 517 3724 praefante
563 3657 860 3728 donationi,
896 3671 955 3715 ut
985 3662 1036 3716 in
1068 3662 1304 3727 inferno,
1351 3666 1454 3720 nisi
1479 3665 1614 3720 resi-

74 3754 92 3789 ι
122 3743 330 3810 puerint,
359 3763 490 3802 cum
523 3746 664 3804 Juda
707 3751 986 3820 proditore
1014 3767 1208 3822 ptenas
1231 3752 1403 3810 luant.
1435 3775 1456 3807 ι
1487 3755 1614 3812 Ilaec

69 3828 256 3904 denique
303 3839 544 3907 locutus,
575 3843 865 3912 praedictus
896 3847 1082 3911 homo,
1129 3855 1421 3918 antequam
1459 3850 1614 3906 habia

64 3926 151 3978 lum
176 3931 525 3988 monachilem
551 3934 641 4002 qui
689 3936 790 3990 sibi
825 3935 1098 3992 ferebatur
1149 3953 1180 3994 a
1217 3941 1484 4006 coenobio
1529 3942 1612 3996 in-

66 4010 234 4081 dueret,
261 4021 400 4081 viam
439 4023 719 4080 universae
758 4027 940 4084 carnis
984 4038 1068 4084 est
1114 4030 1412 4100 ingressus.
1445 4032 1613 4102 Cujus

71 4101 241 4172 glebam
273 4115 524 4184 corporis
551 4113 720 4170 frater
765 4117 855 4172 ille
889 4119 981 4189 qui
1023 4119 1093 4174 ad
1117 4134 1243 4175 eum
1291 4121 1429 4176 ierat
1457 4101 1613 4178 assu-

68 4201 724 4262 mens.ad-monasterinm
764 4207 982 4274 detulit,
1029 4217 1194 4279 atque
1240 4209 1383 4266 inter
1411 4211 1610 4268 fratres

70 4292 337 4349 monasterii
386 4294 698 4351 honoriﬁce
738 4297 1049 4356 curavimus
1078 4298 1328 4368 sepelire.
1382 4298 1608 4356 Nomina

67 4387 169 4433 tero
189 4383 391 4440 testium
420 4386 724 4457 pralihata!
744 4388 1051 4445 donationis
1075 4391 1345 4448 voluimus
1373 4394 1612 4449 subscri-

71 4464 172 4556 bere
203 4475 264 4529 ad
291 4480 608 4534 memoriam
642 4489 984 4550 posterorum
1039 4492 1094 4538 et
1132 4483 1198 4538 ad
1229 4485 1606 4556 refragandam

73 4554 445 4639 inquietudinem
485 4569 976 4640 calumpniatorum
1003 4589 1020 4627 :
1051 4554 1407 4640 Harduinumv,
1441 4590 1608 4646 nepo-

72 4654 155 4714 tem
180 4651 455 4722 Guntardi;
487 4659 806 4726 Martiunm,
836 4661 1166 4732 armigerum
1194 4663 1343 4735 ejus;
1375 4665 1610 4729 Herber-

73 4744 162 4828 tum
183 4747 568 4818 presbyterum,
597 4751 878 4808 Albertnm
903 4751 1184 4822 majorem,
1214 4755 1603 4828 Hildegarium,

71 4823 353 4919 lohannem,
423 4839 782 4910 Mainerium,
833 4841 1196 4902 Guarnerinm
1245 4847 1314 4902 de
1371 4823 1608 4919 l’oponis

76 4914 202 4987 Villa,
229 4927 538 4999 Vulgrinum
583 4931 652 4990 de
695 4933 901 4996 Sancto
941 4914 1512 5004 Scubilio,Alberlu‘m
1539 4939 1609 4997 de

75 5006 247 5086 Segetis
273 5021 400 5079 Villa
439 5027 616 5098 (218).
652 5046 672 5084 ι

553 5121 954 5180 CAPITULUM
982 5123 1068 5186 CI.

514 5203 594 5260 De
627 5205 800 5259 alodis
835 5204 884 5258 Η
891 5205 1082 5260 erbertt'
1088 5244 1102 5262 .

606 5284 770 5354 (Ante
791 5284 1037 5354 a.lO80.)

138 5377 154 5408 ι
191 5360 240 5418 in
269 5369 478 5425 nomine
517 5381 720 5428 sancta:
745 5382 802 5428 et
847 5373 1139 5428 individua;
1171 5370 1476 5442 Trinitatis,
1506 5373 1608 5429 Pa-

85 5447 160 5505 tris
193 5463 240 5510 et
261 5456 375 5515 Filii
398 5470 453 5516 et
473 5461 712 5534 Spiritus
737 5465 936 5520 sancti.
978 5464 1180 5534 Notum
1210 5480 1332 5522 esse
1357 5464 1606 5522 volumus

86 5549 164 5636 nos
185 5551 410 5636 monachi
437 5553 610 5610 sancti
641 5552 791 5610 Petri
831 5555 1065 5611 coenobii
1109 5555 1462 5614 Carnotensis
1482 5570 1606 5610 om-

87 5627 213 5687 nibus
235 5627 418 5696 sancta:
445 5641 537 5700 Dei
561 5643 824 5701 ecclesia:
863 5644 1184 5715 cultoribus,
1231 5637 1341 5702 tam
1369 5659 1606 5718 praesen-

117 5740 266 5824 ,(21⁷)
295 5747 706 5824 δμιξεθςυθηῑθιη
751 5755 1020 5822 chartam,
1047 5755 1122 5810 De
1145 5755 1417 5812 medietate
1437 5753 1605 5810 cccle-

92 5822 162 5872 tto
187 5817 346 5878 Sancti
365 5817 625 5896 Germani,
655 5827 940 5884 retulimus
961 5817 1236 5898 superius,
1258 5842 1380 5898 cap.
1395 5827 1492 5882 7t.

1718 1975 1884 2034 gnum
1908 1957 2184 2025 llerberti,
2221 1959 2314 2030 qui
2361 1960 2467 2014 hoc
2507 1959 2706 2014 donum
2738 1958 2903 2014 dedit.
2937 1957 3154 2014 Ilervei.
3179 1957 3311 2013 Ful-

1721 2053 1922 2109 cherii.
1955 2053 2144 2108 Testes
2184 2049 2344 2120 hujus
2386 2051 2466 2106 rei
2515 2062 2678 2106 sunt:
2733 2050 3028 2114 Ebrardus,
3076 2049 3312 2108 Gansce-

1717 2143 1859 2199 linus
1883 2143 2154 2214 Lupulus,‘
2172 2141 2534 2207 Normannns,
2552 2141 2924 2212 Amalguinus,
2959 2141 3310 2208 Frotlnndus,

1719 2235 2056 2303 Tescelinus,
2087 2233 2349 2290 Gaudius.
2375 2233 2429 2288 Si
2465 2234 2588 2304 quis
2621 2234 2723 2289 hoc
2745 2233 3024 2290 adnullare
3046 2221 3307 2302 voluerit,

1717 2330 1823 2386 nisi
1852 2327 2164 2400 resipuerit,
2192 2326 2481 2381 anathema
2509 2335 2690 2380 trusus
2715 2326 2769 2380 in
2799 2325 3013 2381 inferno
3037 2335 3242 2395 pereat.
3281 2344 3302 2380 ι

2238 2417 2641 2474 CAPITULUM
2678 2417 2786 2473 Cll.
3295 2471 3299 2474 .

1715 2519 1798 2578 De
1831 2517 1989 2574 alodo
2020 2510 2140 2568 Pici
2201 2511 2420 2571 Villaris
2450 2522 2497 2568 et
2541 2510 2690 2567 Huni
2725 2509 2881 2567 Villa:
2921 2519 2969 2565 et
2991 2508 3304 2582 Argentelw.

2284 2610 2449 2682 (Ante
2477 2621 2528 2661 a.
2558 2603 2741 2676 l080.)

1794 2692 1814 2759 ά
1844 2705 1904 2761 in
1943 2705 2165 2762 nomine
2209 2701 2375 2760 Jhesu
2418 2698 2620 2756 Christi
2649 2693 2948 2752 Salvatoris
2977 2694 3173 2752 nostri.
3199 2692 3309 2751 No-

1718 2806 1833 2854 tum
1859 2812 1983 2854 esse
2029 2797 2280 2852 volumus
2325 2791 2580 2849 omnibus
2627 2785 3032 2844 successoribus
3076 2777 3302 2855 nostris,

1719 2898 1829 2944 tam
1853 2887 2210 2959 praesentibus
2243 2900 2409 2957 quam
2437 2881 2657 2946 futuris,
2683 2893 2782 2950 ego
2814 2875 3135 2945 Walterius,
3163 2876 3308 2935 ﬁlius

1717 2977 1980 3042 Fledaldi,
2009 2995 2134 3035 cum
2167 2991 2338 3034 uxore
2366 2990 2485 3031 mea
2518 2983 2576 3030 et
2599 2988 2788 3029 sorore
2809 2971 2946 3042 ejus,
2973 2969 3118 3043 quod
3143 2984 3308 3042 gnere

1718 3086 1846 3142 pum
1873 3071 2106 3128 facimus
2130 3069 2197 3125 de
2232 3068 2389 3124 alodo
2413 3065 2529 3123 Piei
2565 3065 2813 3132 Villaris,
2843 3079 3004 3134 quem
3033 3060 3180 3118 dedit
3211 3059 3311 3116 Be-

1719 3163 1934 3232 rardus,
1963 3171 2119 3235 pater
2144 3162 2330 3218 uxoris
2355 3174 2508 3224 mem,
2527 3174 2626 3230 pro
2647 3158 2827 3213 anima
2847 3155 3034 3212 fratris
3059 3153 3142 3210 sui
3163 3151 3311 3210 Gua-

1717 3255 1893 3325 ningi,
1919 3264 1974 3310 et
1998 3254 2065 3310 de
2097 3253 2252 3309 alodo
2277 3251 2417 3307 Huni
2441 3249 2617 3314 Villae,
2645 3257 2809 3318 atque
2833 3247 2901 3304 de
2922 3245 3080 3302 alodo
3101 3245 3310 3316 Argeno

1716 3343 1858 3408 telae,
1886 3359 2046 3414 quem
2075 3355 2264 3398 saneto
2310 3341 2474 3396 Petro
2523 3340 2786 3396 dederunt
2827 3344 3083 3408 parentes
3121 3331 3308 3390 uxoris

1716 3449 1872 3503 mae,
1901 3444 2124 3505 nepotes
2149 3433 2358 3490 scilicet
2381 3431 2639 3488 Fulconis
2659 3429 2942 3495 monachi;
2967 3438 3022 3484 et
3047 3425 3310 3498 quicquid

1714 3526 1769 3583 in
1825 3527 1910 3582 his
1937 3526 2108 3581 alodis
2161 3525 2464 3580 invadendo
2510 3535 2881 3592 pervaseram,
2927 3534 3026 3590 pro
3065 3515 3306 3572 remedio

1714 3621 2019 3676 animarum
2043 3631 2374 3683 nostrarum,
2398 3615 2742 3680 dimittimus,
2767 3623 2824 3669 et
2854 3626 3120 3685 guerpum
3141 3624 3314 3680 super

1714 3711 1886 3767 altare
1908 3711 2082 3767 sancti
2113 3708 2261 3763 Petri
2290 3707 2571 3778 ponimus;
2603 3715 2660 3761 et
2688 3705 2788 3760 has
2816 3705 3025 3759 litteras
3063 3701 3180 3758 ﬁeri
3211 3716 3307 3755 vo-

1713 3805 1936 3872 luimus,
1964 3803 2101 3858 utin
2134 3801 2219 3858 his
2254 3809 2424 3856 testes
2461 3797 2752 3868 subscripti
2801 3812 2866 3852 ex
2895 3795 3127 3851 adverso
3155 3801 3307 3858 stent

1713 3897 1966 3970 omnibus
1995 3895 2110 3966 qui,
2161 3892 2408 3952 demonis
2448 3891 2733 3958 instinctu,
2760 3890 2891 3944 huic
2919 3888 2996 3944 rei
3027 3887 3306 3944 contraire

1713 3987 2005 4043 voluerint.
2032 3984 2224 4042 Testes
2252 3991 2432 4039 autem
2461 3997 2526 4038 ex
2555 3989 2738 4036 nostra
2771 3989 2925 4051 parte
2971 3987 3100 4034 sunt
3125 3995 3140 4033 :
3169 3977 3305 4032 Bai-

1713 4081 1927 4146 naldus,
1971 4079 2141 4135 frater
2175 4092 2359 4145 meus;
2384 4074 2728 4142 Fulcherius,
2752 4072 2905 4144 Hugo
2953 4072 3020 4127 de
3049 4071 3313 4139 'l'rcionc,L

1705 4171 2052 4228 Gislebertus
2086 4171 2156 4226 de
2200 4168 2526 4230 Britiniaco;
2579 4165 2946 4229 Haimericus,
2979 4161 3121 4217 tilius
3149 4159 3306 4217 Heri-

1711 4263 1930 4318 branni.
1995 4261 2188 4316 Testes
2218 4259 2646 4315 monachorum:
2692 4253 3004 4312 Gualterius
3058 4261 3310 4307 moneta-.

1712 4353 1848 4419 rius,
1875 4349 2193 4407 0dielardus
2218 4355 2514 4419 trapezeta,
2558 4345 2712 4418 Hugo
2746 4342 3046 4404 Bcrbcllus,
3080 4341 3304 4396 Baldni-

1712 4461 1836 4513 nus,
1873 4441 2131 4500 Arnull‘us
2174 4439 2372 4506 Rufus,
2425 4437 2788 4505 Fulchardus,
2827 4435 3088 4492 Arnnlfus
3121 4433 3312 4511 Niger,

1641 4555 1686 4614 ι)
1712 4541 2024 4602 Botbertus,
2043 4536 2160 4606 ejus
2181 4533 2378 4599 frater;
2403 4529 2716 4602 Stephanus
2735 4529 2939 4599 major;
2965 4525 3308 4590 Tescelinus,

1711 4631 1854 4688 ﬁlius
1879 4625 2204 4698 Hildegarii;
2229 4621 2563 4694 Stephanus,
2590 4620 2733 4677 ﬁlius
2757 4619 3020 4682 Dodonis;
3046 4616 3307 4672 Bertrano

1709 4739 1813 4779 nus
1835 4722 2089 4778 clericus.
2119 4721 2176 4777 Si
2207 4723 2330 4792 quis
2373 4729 2555 4776 autem
2580 4718 2708 4782 huic
2745 4717 2822 4773 rei
2855 4713 3188 4773 calumniam
3221 4711 3308 4766 inq-

1709 4814 1914 4882 tulerit,
1941 4813 2046 4868 nisi
2075 4813 2184 4868 cito
2209 4812 2502 4884 resipuerit
2534 4819 2590 4866 et
2614 4809 2682 4864 ad
2709 4805 3104 4864 satisfactionis
3128 4815 3307 4858 reme-

1710 4907 1857 4964 dium
1897 4906 2235 4980 confugerit,
2280 4904 2653 4980 anathcmatis
2693 4913 2954 4956 mucrone
2996 4895 3301 4961 confossus,

1708 5014 1832 5057 cum
1858 4998 1995 5056 Juda
2022 4979 2282 5055 traditore
2306 4997 2361 5053 in
2391 4995 2602 5051 inferno
2626 4979 2746 5050 sine
2771 4991 2879 5046 ﬁne
2899 5003 3092 5062 plenas
3114 4986 3245 5042 luat.
3275 5003 3299 5039 ι

2223 5083 2623 5144 CAPITULUM
2660 5081 2806 5153 CIII.§

1713 5181 1789 5240 De
1819 5181 1970 5238 rebus
1999 5198 2129 5254 quas
2159 5180 2301 5238 dedit
2330 5177 2630 5234 Willetmus
2659 5171 2972 5246 praepositus
3001 5171 3065 5227 de
3091 5169 3299 5242 Alogia.

2273 5271 2436 5342 (Ante
2463 5285 2513 5325 a.
2547 5267 2731 5340 roso.)

1783 5385 1803 5420 ι
1837 5382 1896 5428 .n
1924 5364 2144 5424 nomine
2173 5361 2351 5418 Patris
2376 5371 2431 5418 et
2455 5359 2578 5417 Filii
2607 5369 2662 5416 et
2690 5357 2926 5429 Spiritus
2972 5356 3168 5412 sancti.
3199 5353 3303 5409 No-

1709 5466 1822 5514 tum
1858 5471 1978 5520 esse
2007 5455 2255 5511 volumus
2284 5468 2384 5510 nos
2418 5449 2670 5508 monachi
2701 5447 2888 5507 Sancti
2921 5447 3065 5503 Petri
3083 5447 3302 5506 Carno-

1709 5548 1901 5617 tensis,
1922 5551 2065 5620 quod
2087 5547 2307 5620 quidam
2330 5544 2507 5611 miles,
2529 5542 2752 5600 nomine
2773 5541 3100 5606 Willelmus,
3121 5554 3300 5610 quon-

1707 5640 1833 5698 dam
1879 5640 2200 5712 praepositus
2237 5639 2306 5695 de
2350 5635 2546 5698 Braiao
2585 5643 2789 5700 castro,
2839 5642 3014 5689 tactus
3056 5628 3301 5700 corporis

1781 5753 1934 5821 (ΜΒ)
1983 5753 2114 5810 Post
2136 5752 2277 5808 hanc
2315 5751 2560 5812 occurrit
2603 5727 2818 5811 charta,
2849 5746 2927 5802 De
2941 5755 3088 5821 terra
3110 5748 3237 5800 data
3263 5760 3298 5799 α

1713 5815 1992 5895 Mdtltiide,
2025 5840 2185 5902 quam
2210 5821 2321 5897 jam
2352 5823 2542 5890 habes,
2572 5834 2756 5894 supra,
2784 5831 2904 5892 cap.
2933 5815 3024 5871 67.

3825 393 3827 416 4

3825 437 3827 482 1

3826 485 3827 518 ι

3826 1777 3827 1810 ι
