3890 6302
527 397 637 458 317

1450 394 1657 459 PAULI
1688 394 1746 452 S.
1788 395 1993 452 PETRI
2024 395 2507 455 CARNOTENSIS
2537 395 2844 459 MONACHI
3690 401 3769 463 5l8

528 513 844 572 inﬁrmitate
872 526 977 584 qua
1004 512 1346 584 postmodum
1376 510 1441 566 de
1467 510 1570 566 hac
1598 512 1708 567 vita
1733 511 1885 575 exiit,
1917 514 2114 573 timens
2144 516 2192 573 Α
2221 512 2323 570 iter
2347 528 2445 584 per
2468 512 2622 569 devia
2655 512 3007 586 aggrediens;
3034 511 3250 570 sibilum
3282 510 3573 585 legentium
3600 525 3651 570 et
3671 517 3772 574 sub-

534 606 734 663 inl‘erni
766 620 976 676 poenas,
1012 605 1256 661 habitum
1292 602 1651 658 monachilem
1704 603 1844 673 apud
1888 619 1987 659 nos
2033 620 2128 661 su-

530 697 728 765 scepit,
752 705 806 750 et
837 696 904 750 de
950 697 1110 751 rebus
1140 694 1424 749 mundanis
1453 708 1587 762 quas
1618 693 1671 751 in
1704 694 1905 759 mundo
1936 711 2124 765 posse-

530 791 686 847 derat
729 789 783 843 in
827 786 1034 860 Alog‘ia,
1082 796 1329 841 sanctum
1376 784 1599 840 Petrum
1645 801 1851 858 nosque
1898 787 2126 849 heredes

529 878 829 936 constituit.
859 875 990 945 Quae
1034 876 1159 933 licet
1204 892 1234 931 a
1278 876 1434 932 nobis
1464 877 1756 933 admodum
1788 880 2125 949 parvissima:

531 973 642 1030 sint
672 972 823 1038 visae,
855 970 998 1042 apud
1045 971 1213 1026 Deum
1255 970 1483 1026 forsitan
1530 979 1658 1026 sunt
1699 987 1929 1043 magnae.
1980 973 2124 1045 Qua-

531 1072 757 1135 propter
788 1063 843 1120 in
881 1064 984 1119 hac
1008 1061 1361 1120 meubranula
1394 1061 1588 1119 litteris
1618 1064 1880 1120 mandare
1909 1066 2127 1121 curavi-

534 1172 697 1213 mus:
729 1154 1047 1226 aripennum
1093 1170 1260 1210 unum
1313 1163 1489 1220 terrae,
1526 1155 1780 1219 videlicet
1820 1166 1949 1213 ante
1983 1156 2129 1214 fores

534 1244 778 1301 ecclesia:
804 1244 989 1301 Sancti
1011 1244 1300 1312 Germani;
1332 1246 1461 1302 item
1488 1247 1539 1312 in
1567 1248 1771 1318 Agonis
1797 1246 1932 1307 Villa
1964 1257 2128 1305 totam

535 1336 838 1405 decimam;
880 1338 1040 1395 simili
1073 1338 1231 1401 modo
1277 1338 1330 1393 in
1375 1338 1616 1401 Luetone
1640 1350 1694 1396 et
1721 1340 1773 1397 in
1808 1340 1936 1396 Fola
1970 1339 2126 1397 Villa.

535 1429 666 1497 Quae
683 1432 862 1489 omnia
887 1432 1026 1487 ﬁlius
1047 1430 1164 1500 ejus
1186 1429 1486 1486 Willelmus
1508 1442 1781 1503 superstes
1800 1433 2089 1497 concessit.
2105 1452 2124 1487 ι

1048 1522 1447 1585 CAPITULUM
1486 1524 1620 1580 CIV.

988 1615 1062 1673 De
1097 1633 1187 1671 sex
1224 1618 1488 1687 aripennis
1525 1616 1688 1671 alodi.

1108 1707 1269 1780 (Ante
1299 1725 1349 1763 a.
1381 1708 1564 1779 l080.)

2230 606 2607 662 sannationem
2656 606 3074 676 ﬂoccipendens,
3120 615 3180 662 ut
3224 606 3488 677 spopondi
3534 604 3775 677 fratribus.

2230 713 2418 752 eorum
2450 698 2603 767 parui
2622 696 2992 765 jnssionibus;
3018 706 3095 763 et,
3124 697 3409 753 litterariae
3440 696 3573 752 artis
3597 713 3773 768 expers,

2232 784 2457 855 inpolita
2493 800 2767 850 sermone,
2795 786 3029 856 qualiter
3055 787 3157 842 iste
3193 785 3346 843 locus
3383 801 3415 841 a
3456 786 3714 857 splendido
3738 803 3779 846 et

2231 878 2396 933 nobili
2432 878 2539 935 situ
2565 892 2685 935 esse
2713 879 2954 945 desierit,
2982 889 3039 935 et
3067 894 3255 936 rursus
3284 894 3393 950 quo
3422 882 3581 934 modo
3608 883 3667 935 ad
3693 892 3779 937 sta-

2234 977 2347 1033 tum
2392 970 2677 1041 antiquum
2722 971 3027 1043 religionis,
3079 971 3152 1043 pii
3198 970 3382 1041 operis
3431 973 3777 1031 venerabiliqu

2230 1062 2521 1133 prtesulum
2565 1063 2745 1119 studio
2783 1064 3152 1134 comitumque
3193 1064 3434 1120 donariis
3463 1073 3625 1135 atque
3647 1066 3780 1136 pluri-

2233 1167 2443 1208 morum
2479 1151 2715 1208 ﬁdelium
2735 1195 2752 1217 ,
2780 1154 2987 1211 lemtim
3023 1155 3329 1221 inoleverit,
3360 1155 3674 1211 enucleatim
3704 1173 3780 1227 pa-

2234 1247 2414 1302 tefeci.
2463 1246 2668 1302 Deinde
2702 1248 2956 1303 abbatum
3006 1249 3225 1304 nomina
3266 1258 3323 1305 et
3361 1264 3555 1307 eorum
3592 1252 3779 1322 scripta,

2233 1354 2354 1414 qua:
2391 1339 2445 1393 in
2490 1339 2726 1395 archivis
2771 1340 2972 1395 nostris
3009 1350 3138 1396 sunt
3182 1348 3432 1412 reperta,
3478 1341 3706 1398 seriatim
3742 1346 3782 1400 in

2232 1446 2400 1486 unum
2428 1430 2621 1503 collegi
2655 1445 2824 1503 usque
2852 1431 2919 1486 ad
2951 1432 3002 1487 id
3032 1432 3309 1503 temporis,
3342 1447 3475 1503 quo,
3504 1433 3694 1491 nostris
3711 1449 3783 1491 ex-

2233 1523 2480 1580 cessibus
2521 1524 2882 1596 exigentibus,
2917 1524 3057 1579 edax
3093 1523 3311 1579 llamma
3343 1523 3485 1580 hanc
3522 1524 3782 1583 ecclesiam

2235 1632 2358 1673 cum
2400 1617 2607 1674 aedibus
2651 1618 2916 1674 cremavit
2950 1616 3133 1689 (illi);
3181 1632 3295 1688 quo
3334 1624 3581 1688 tempore
3620 1622 3785 1690 praesul

2236 1706 2527 1766 Gaul'ridus
2554 1717 2610 1764 et
2634 1708 2958 1766 Eustachius
2988 1709 3175 1776 abbas,
3200 1709 3312 1765 Deo
3341 1709 3670 1781 disponente,
3690 1726 3787 1780 pre-

500 1799 505 1815 ⁵
610 1819 631 1854 ι
664 1800 726 1856 ιη
757 1800 975 1857 nomine
1007 1799 1219 1858 Domini
1266 1803 1436 1858 nostri
1477 1802 1642 1865 Jhesu
1673 1801 1896 1865 Christi.
1933 1803 2129 1860 Notum
2237 1800 2322 1856 sul
2350 1801 2567 1871 quidem
2612 1809 2745 1858 ante
2786 1800 3133 1867 incendium,
3163 1800 3224 1855 Ill
3265 1800 3536 1857 Kalendas
3573 1800 3788 1872 Augusti,

535 1906 658 1953 esse
688 1891 937 1947 volumus
970 1892 1221 1949 omnibus
1247 1893 1447 1949 Christi
1487 1892 1731 1950 ﬁdelibus
1771 1896 2130 1965 praesentibus
2160 1875 2206 1937 Β
2236 1892 2402 1949 abbas
2427 1908 2559 1949 vero
2600 1894 2839 1951 secundo
2865 1908 3012 1948 anno
3037 1902 3161 1964 post
3188 1892 3521 1958 incendium,
3552 1892 3596 1947 V
3621 1891 3787 1948 Kalen-

538 1994 595 2039 et
643 1984 857 2051 futuris,
903 1985 1079 2040 omnis
1123 1986 1513 2044 monachorum
1559 1987 1906 2057 congregatio
1951 1987 2129 2043 sancti

536 2072 682 2130 Petri
732 2075 965 2131 cmnobii
1019 2074 1402 2139 Carnotensis,
1458 2075 1746 2145 quoniam,
1800 2089 1897 2145 pro
1949 2077 2129 2132 anima

536 2165 816 2234 cujusdam
843 2165 1136 2233 Gausfridi,
1167 2168 1235 2227 ab
1267 2167 1575 2222 hominibus
1604 2166 1791 2222 Alonis
1816 2165 1967 2222 Villre
1995 2178 2130 2224 tem-

536 2273 670 2337 pore
694 2258 884 2313 messis
912 2257 1181 2314 interfecti
1210 2270 1266 2315 et
1292 2274 1320 2313 a
1353 2259 1508 2313 nobis
1536 2259 1760 2323 humati,
1790 2257 1989 2316 fratres
2011 2259 2131 2330 ejus

537 2361 594 2404 et
620 2349 789 2405 ceteri
832 2360 1087 2420 parentes
1128 2367 1222 2409 sex
1266 2351 1405 2407 alodi
1447 2353 1689 2417 diurnos,
1724 2369 1829 2409 non
1862 2352 2019 2424 longe
2064 2353 2132 2410 ab

536 2440 786 2515 lnpregni
821 2442 953 2496 Villa
985 2444 1140 2506 sitos,
1179 2452 1369 2498 sancto
1399 2443 1559 2497 Petro
1587 2444 1871 2509 dederunt,
1904 2444 2133 2504 donum-

536 2548 644 2604 que
681 2552 843 2602 super
889 2537 1061 2589 altare
1104 2535 1385 2605 principali
1426 2536 1640 2605 publice
1682 2544 2004 2605 posuerunt,
2045 2535 2133 2590 llll

538 2625 661 2681 idus
685 2627 944 2695 octobris,
983 2627 1205 2683 missam
1236 2627 1391 2682 nobis
1427 2627 1854 2694 celebrantibus,
1894 2643 2133 2697 praesen-

539 2715 683 2771 tibus
709 2716 792 2771 his
822 2732 1053 2786 quorum
1083 2717 1303 2772 nomina
1336 2716 1563 2772 inferius
1591 2717 1793 2787 scripta
1826 2716 2130 2773 habentur:

539 2806 852 2874 Rotbertus,
896 2809 1167 2879 presbiter
1205 2810 1271 2865 de
1310 2808 1516 2869 Alona;
1564 2807 1845 2877 Signinus,
1884 2808 2133 2863 venditor

536 2914 834 2967 equorum;
891 2900 1189 2956 Herbertus
1232 2901 1424 2975 pistor,
1471 2900 1746 2959 Guarinus
1794 2901 2129 2971 cellcrartus,

536 2990 857 3047 Causlridus
910 2992 1206 3065 lignarius,
1260 2994 1525 3052 Martinus
1572 2995 1856 3057 Baiardus.
1911 2995 2132 3051 Fratres

534 3096 667 3139 vero
709 3085 977 3146 interfecti
1018 3101 1033 3141 :
1075 3086 1384 3153 Girbertus,
1413 3087 1734 3153 Walterius,
1775 3086 2129 3145 Gislebertus.

534 3173 837 3233 Parentes:
869 3175 1153 3239 Girbertus
1178 3188 1232 3235 et
1255 3179 1556 3248 Ledgardis
1586 3181 1798 3239 mulier.
1826 3181 2131 3239 Anathema

534 3267 608 3327 sit
635 3266 938 3341 refragator
965 3269 1123 3339 hujus
1149 3272 1445 3328 crocotillaz
1467 3272 1796 3329 elemosinae.
1826 3292 1845 3326 ι

605 3356 723 3414 Non
765 3360 1031 3431 superbiae
1072 3362 1203 3417 llatu
1254 3363 1549 3434 impulsus,
1601 3380 1777 3435 neque
1819 3364 2130 3421 llamivoma

534 3448 737 3521 ingenii
781 3452 905 3523 igne
937 3469 1252 3523 succensus,
1284 3455 1379 3512 sed
1406 3456 1713 3514 obedientis
1740 3458 1875 3530 pede
1904 3456 2126 3529 longum

605 3562 752 3635 (2I9t
789 3564 917 3630 Julii
942 3567 1030 3624 die
1054 3568 1146 3638 30,
1177 3584 1268 3627 an.
1300 3570 1457 3629 1077.

764 3772 771 3779 ν
888 3774 925 3781 ηδ
1304 3758 1313 3784 Ι
1404 3760 1413 3775 Ι
1446 3760 1711 3785 ll——_’
1789 3778 1793 3785 ι
2118 3776 2125 3784 ο

2233 1984 2331 2040 das
2380 1982 2726 2050 Sebtenbris.
2777 1984 2862 2039 sui
2913 1984 3140 2039 honoris
3191 1984 3418 2055 gradum
3474 1991 3690 2054 uterque
3725 1993 3789 2037 est

2230 2074 2482 2145 adeptus.
2529 2073 2588 2130 In
2636 2081 2921 2144 pretaxato
2968 2073 3152 2143 itaque
3190 2087 3358 2143 opere
3392 2072 3626 2141 prudens
3650 2071 3791 2127 lector

2232 2169 2628 2224 animavertere
2654 2175 2828 2237 potest
2850 2166 2995 2222 hunc
3030 2165 3209 2221 locum
3237 2165 3306 2219 ab
3334 2164 3581 2219 hostibus
3605 2179 3701 2219 non
3724 2178 3792 2219 se-

2232 2258 2340 2315 mel
2360 2273 2483 2314 esse
2512 2259 2870 2324 destructum,
2895 2272 3017 2313 cum
3052 2265 3135 2312 ter
3164 2256 3307 2327 legat
3335 2255 3611 2311 monachis
3631 2255 3793 2327 bisque

2230 2350 2511 2406 canonicis
2552 2349 2853 2418 delegatum
2894 2364 3035 2406 esse.
3076 2347 3196 2403 Jatn
3231 2362 3377 2403 nunc
3417 2348 3552 2417 ipse,
3584 2348 3648 2402 ab
3676 2348 3793 2401 anti-

2232 2457 2461 2510 quorum
2491 2442 2728 2512 scriptis,
2756 2456 2878 2510 quae
2903 2440 3165 2496 memorie
3192 2438 3501 2495 mandanda
3527 2453 3643 2492 esse
3668 2440 3795 2492 ride-

2232 2534 2446 2595 bantur.
2482 2534 2796 2603 expeditus,
2838 2532 3037 2605 legenti
3086 2532 3340 2587 intimare
3386 2530 3569 2587 curavi
3620 2528 3656 2583 V
3692 2544 3799 2584 caro

2233 2636 2321 2682 tas
2350 2625 2520 2698 (220),
2557 2628 2680 2698 quia
2715 2626 2878 2681 michi
2914 2624 3065 2681 tarde
3093 2634 3452 2681 occurrerunt
3485 2639 3588 2678 non
3617 2636 3726 2679 esse
3753 2625 3794 2678 in

2234 2717 2319 2773 his
2342 2717 2476 2774 locis
2503 2717 2593 2773 ubi
2624 2716 2739 2773 fore
2765 2716 3123 2772 debuissent:
3152 2714 3403 2771 videlicet
3426 2730 3531 2770 una
3573 2714 3798 2770 Landrici

2232 2808 2443 2863 abbatis
2490 2807 2557 2862 de
2606 2815 2751 2861 terra
2800 2807 2927 2861 data
2970 2822 3000 2860 a
3048 2804 3312 2871 Maltilde;
3362 2814 3595 2876 quatuor
3641 2813 3799 2860 autem

2234 2901 2457 2957 lluberti
2489 2899 2718 2963 abbatis,
2746 2900 2810 2968 .id
2851 2907 2935 2954 est
2962 2898 3029 2954 de
3060 2907 3203 2953 terra
3242 2898 3533 2953 Pendentis
3561 2897 3799 2963 Pediculi,

2232 2992 2302 3048 de
2346 2993 2638 3047 medietate
2680 2990 2943 3046 azcclesia:
2978 2989 3161 3045 Sancti
3206 2988 3503 3057 Germani,
3549 2990 3612 3045 de
3652 2989 3801 3043 alodis

2233 3081 2515 3147 llerberti;
2547 3082 2616 3137 de
2660 3080 2817 3136 alodo
2857 3079 3029 3135 Picati
3065 3079 3280 3135 Villaris
3318 3090 3374 3136 et
3417 3080 3557 3135 Huni
3590 3079 3731 3136 Villa:
3757 3088 3803 3133 et

2234 3174 2562 3247 Argentelae.
2608 3172 2723 3230 Hoc
2765 3173 2999 3244 denique
3038 3172 3194 3230 intuli
3237 3187 3308 3229 ne
3350 3172 3595 3229 fraudem
3631 3170 3803 3227 fecisse

2161 3261 2204 3320 C
2236 3268 2489 3337 cuiquam
2514 3266 2721 3321 videar.

2309 3359 2467 3417 Nunc
2490 3359 2556 3414 ad
2581 3373 2644 3415 ea
2666 3373 2787 3429 qua:
2810 3357 2878 3412 ab
2905 3357 3100 3414 abbate
3128 3354 3423 3411 Eustachio
3446 3352 3556 3423 jam
3583 3368 3674 3423 per
3696 3358 3808 3407 octo

2236 3467 2411 3510 annos
2436 3460 2565 3508 sunt
2586 3459 2820 3522 patrata,
2849 3450 3161 3505 subcinctus
3185 3448 3428 3504 scribere
3451 3445 3743 3502 maturabo.

2302 3565 2453 3640 (220)
2494 3566 2628 3623 Vide
2655 3579 2814 3637 capo.
2844 3562 2933 3623 67.
2962 3561 3052 3623 71.
3081 3560 3151 3618 97
3178 3570 3234 3617 et
3264 3559 3367 3615 102
3393 3559 3555 3631 hujus
3582 3555 3718 3613 libri.

3273 3747 3559 3773 -———-—.
3579 3739 3803 3771 ---i--,

1600 3913 2020 4030 LIBER
2100 3910 2778 4030 OCTAVUS

2130 4153 2269 4204 εινε

1342 4312 2217 4418 EUSTACHII
2323 4312 3013 4408 ABBATIS.

1859 4509 1962 4582 (Ab
1998 4524 2053 4565 a.
2088 4509 2227 4567 1079
2256 4510 2323 4567 ad
2351 4527 2402 4566 a.
2436 4510 2619 4583 loss.)

1937 4666 2402 4687 _——-——

1096 4727 1440 4788 CAPITULU
1449 4729 1495 4782 .\l
1536 4728 1576 4785 Ι.

548 4840 624 4906 De
646 4860 811 4917 prava
844 4843 1237 4917 consuetudine
1261 4854 1516 4917 usurpate
1537 4858 1569 4899 a
1596 4839 1833 4900 Fulcone
1868 4844 1931 4900 de
1972 4842 2133 4903 Vadis

1106 4913 1162 4967 in
1190 4910 1551 4967 Ermenteriis.

1063 5001 1255 5076 (Ante
1308 5019 1360 5059 a.
1410 5004 1611 5079 1088.)

626 5116 646 5149 ί
691 5097 750 5152 in
780 5096 999 5152 nomine
1042 5104 1246 5152 sanctae
1283 5105 1339 5153 et
1382 5097 1672 5157 individua:
1696 5098 1995 5159 Trinitatis.
2026 5100 2136 5161 NQ-

542 5194 658 5244 tum
709 5186 782 5242 sit
824 5184 1077 5241 omnibus
1127 5198 1156 5240 δ
1191 5194 1340 5253 neue
1364 5188 1557 5243 matris
1577 5189 1834 5246 azcclesiaa
1880 5190 2128 5248 fidelibus

543 5278 694 5345 ﬁliis,
726 5285 835 5332 tam
869 5277 1223 5348 prementibus
1260 5293 1421 5350 quam
1452 5279 1668 5349 futuris,
1699 5282 1843 5354 quod
1869 5283 2034 5340 Fulco
2060 5284 2128 5341 de

547 5367 714 5424 Vadis
759 5369 1057 5439 usurpabat
1113 5383 1279 5439 unam
1326 5377 1521 5427 tortam
1570 5372 2014 5430 consuetudinem
2073 5374 2129 5430 in

547 5457 928 5524 Ermenteriis,
953 5458 1078 5515 villa
1114 5459 1323 5518 scilicet
1358 5462 1536 5519 sancti
1579 5462 1728 5521 Petri
1777 5463 2130 5523 Carnotensis

548 5547 887 5604 monasterii.
919 5545 1093 5617 Unde,
1122 5564 1221 5622 per
1258 5550 1538 5622 justiciam
1567 5553 1753 5610 domni
1796 5554 2028 5623 lsnardi,
2059 5556 2129 5613 ad

546 5638 802 5712 placitum
827 5650 1017 5698 contra
1057 5642 1313 5703 damnum
1352 5644 1726 5709 Eustachium,
1749 5648 1993 5718 praedicti
2022 5648 2126 5705 loci

547 5729 823 5798 abbatem,
860 5736 1028 5803 venit,
1066 5744 1121 5793 et
1167 5737 1293 5796 inde
1334 5724 1573 5796 duellum
1603 5748 1735 5811 aput
1767 5740 1969 5798 Drocas
1999 5756 2129 5799 con-

553 5823 823 5885 ititutum.
855 5827 920 5889 Et
948 5845 1071 5890 cum
1096 5846 1201 5889 non
1223 5841 1405 5907 posset
1441 5830 1532 5905 jus
1559 5832 1846 5892 ostendere
1880 5832 2049 5893 Fulco
2078 5834 2134 5895 in

2156 4736 2207 4795 Ι)
2234 4733 2490 4804 praedicta
2517 4728 2927 4796 consuetudine,
2959 4729 3074 4800 ipse
3098 4737 3150 4784 et
3181 4728 3324 4785 ﬁlius
3348 4744 3479 4786 suus
3503 4728 3817 4786 Godefridus

2240 4825 2351 4880 Deo
2381 4834 2436 4880 et
2455 4824 2614 4879 beato
2642 4821 2804 4877 Petro
2837 4834 2957 4875 eam
3001 4821 3392 4891 pcrpetualiter
3413 4823 3815 4894 guerpiveruut,

2236 4924 2292 4971 et
2324 4916 2526 4971 iccirco
2555 4915 2623 4969 de
2645 4914 2789 4968 bono
2812 4913 2992 4968 sancti
3013 4911 3160 4967 Petri
3179 4911 3263 4967 Vll
3282 4911 3451 4969 libras
3478 4912 3818 4970 denariorum

2235 5010 2565 5065 habuerunt.
2597 5006 2849 5061 Testihus
2874 5005 2959 5061 his
2984 5024 2997 5061 :
3026 5005 3250 5077 Hugone
3279 5006 3349 5061 de
3368 5005 3624 5070 Castello,
3651 5005 3819 5062 Gisle-

2234 5102 2392 5158 berto
2416 5102 2484 5158 de
2526 5099 2850 5171 Tegulariis,
2889 5099 3115 5156 lsnardo
3155 5100 3490 5169 supradicto,
3526 5100 3819 5163 Chotardo,

2236 5192 2504 5248 Rotberto
2519 5190 2683 5247 Rufo.
2718 5190 2795 5246 De
2823 5198 2978 5260 parte
3006 5189 3219 5245 abbatis
3251 5188 3522 5247 :Arroldo
3548 5190 3612 5246 de
3634 5190 3819 5253 Croto,

2236 5284 2529 5347 Laurentio
2572 5283 2913 5347 camerario,
2966 5280 3305 5348 Fulchardo,
3357 5280 3558 5346 Lorino
3611 5282 3821 5351 auriga,

2236 5374 2483 5432 Jobanue
2511 5389 2661 5438 coco,
2698 5373 3010 5435 Durandulo
3058 5373 3353 5440 serviente,
3379 5373 3689 5430 Adventuo.
3734 5392 3754 5427 ι

2768 5466 2971 5523 CAPIT
2981 5465 3171 5527 ULUM
3223 5466 3287 5521 ll.

2505 5560 2584 5616 De
2612 5560 2761 5616 rebus
2787 5560 2926 5615 datis
2956 5575 3051 5629 pro
3072 5557 3334 5619 Widdone
3366 5573 3548 5617 puero.

2671 5657 2678 5665 '
2808 5651 2970 5723 (Ante
2990 5666 3043 5706 a.
3072 5648 3258 5721 1088.)

2317 5765 2337 5798 ‹
2380 5745 2436 5800 In
2465 5744 2681 5801 nomine
2720 5743 2931 5800 Domini
2964 5742 3130 5798 nostri
3174 5740 3338 5798 Jhesu
3375 5739 3594 5806 Christi,
3642 5738 3827 5794 condi-

2245 5835 2379 5894 toris
2402 5834 2643 5894 omnium
2672 5847 2872 5890 rerum.
2897 5832 3007 5902 Ego
3031 5830 3354 5890 Eustachius
3379 5829 3547 5888 abbas
3568 5838 3625 5885 et
3652 5825 3830 5885 omnis
