3842 6308
480 293 583 352 εει
1391 289 1595 349 mnu
1625 289 1686 349 s.
1722 289 1931 349 PETRI
1968 289 2463 359 manorumsns
2502 295 2813 355 MONACltl
3250 266 3253 267 ί
3646 309 3725 369 ne

477 410 602 475 dus,
635 405 914 464 Iohannes
945 402 1258 473 Brustinus,
1284 402 1650 478 Lcodcgarius
1668 444 1684 473 ,
1716 402 1978 465 Odelinus
2005 414 2062 462 et
2090 411 2140 472 Α
2167 406 2403 464 delerius
2418 418 2472 466 et
2492 410 2816 480 Rodbertus,
2844 413 3073 481 fratres;
3100 415 3415 473 Adventius
3434 424 3487 473 et
3511 402 3720 491 Larinas,

479 502 777 561 Guarinus.
821 518 841 552 ι
2174 498 2405 569 fratres;
2475 502 2801 562 Laurentinus
2841 506 3265 575 cubicularius;
3327 507 3646 578 lngelbertus
3688 529 3727 573 et

1035 586 1433 646 CAPITULUM
1473 587 1517 644 V
2173 591 2529 662 Gausfridus,
2586 598 2739 663 coci;
2793 597 3127 655 Gislcbertus
3171 613 3352 671 puer,
3404 598 3726 669 Fulchandus;

684 683 953 765 Guerpunt
982 683 1047 737 de
1074 681 1449 736 consuetudine
1476 680 1577 736 cibi
1606 679 1871 753 Hugom's.
2172 681 2444 743 Hildull’us
2471 697 2526 742 et
2549 687 2888 758 Gausl‘ridns,
2923 690 3137 745 fratres.
3170 691 3258 746 Ex
3292 699 3457 762 parte
3487 690 3727 750 Rodberti:

1053 774 1294 842 (Antea.
1324 772 1507 844 1088.)
2175 777 2509 838 Mainfredus
2568 784 2920 855 prepositns,
2992 784 3295 842 Richerius
3360 792 3420 841 et
3474 784 3727 844 Gauslisus.

563 888 584 925 ο
628 869 684 927 lu
727 868 857 939 Ejus
897 868 1114 925 nomine
1158 884 1256 938 per
1294 883 1456 939 quem
1497 876 1693 924 cuncta
1732 875 1859 924 sunt
1894 866 2079 927 secula
2174 871 2369 929 Actum
2424 883 2509 931 est
2556 876 2659 932 hoc
2703 877 2954 934 Carnutis
3008 877 3269 948 publice,
3334 877 3392 932 in
3451 882 3731 937 monasterio

486 974 690 1023 creata.
722 964 947 1025 Cunctis
978 973 1181 1020 sancta:
1212 962 1305 1019 Dei
1347 962 1604 1019 ecclesia:
1633 962 1933 1019 cultoribus
1980 978 2080 1019 nos
2177 968 2354 1025 sancti
2401 966 2548 1024 Petri
2593 979 2718 1025 ante
2760 970 2969 1037 altare,
3015 978 3289 1043 regnante
3337 968 3729 1043 Philippense.

488 1068 603 1115 tum
632 1073 755 1115 esse
791 1057 1063 1124 volumus,
1104 1070 1205 1129 ego
1246 1056 1573 1113 Eustachius
1614 1056 1784 1113 abbas
1813 1067 1871 1112 et
1898 1056 2078 1113 omnis
2175 1059 2378 1118 Paulus
2405 1061 2618 1118 edituus
2650 1062 2889 1133 scripsit.
2927 1082 2948 1116 ι

485 1149 716 1213 fratrum
750 1148 1094 1223 congregatio
1125 1149 1299 1206 sancti
1338 1147 1485 1207 Petri
1515 1148 1750 1207 ccenobii
1782 1146 2080 1204 Cernemus
2702 1152 3101 1210 CAPITULUM
3141 1154 3264 1211 vn.

486 1242 595 1308 sis,
644 1242 938 1313 quoniam,
993 1250 1240 1314 tempore
1285 1243 1502 1312 quidem
1554 1241 1778 1297 Huberti
1834 1240 2077 1305 abbatis,
2661 1242 2737 1298 De
2775 1245 2967 1297 domno
3005 1241 3287 1299 Germano

487 1333 806 1402 Gauslridus
860 1334 1054 1407 Niger,
1102 1342 1290 1390 noster
1340 1333 1672 1399 monachus,
1720 1333 1787 1387 de
1833 1331 2076 1396 Herveo,
2776 1337 2956 1408 (Anno
2987 1338 3172 1409 1081.)

485 1424 658 1485 fratre
696 1418 959 1497 llugonis,
993 1424 1127 1481 emit
1163 1423 1425 1479 vicariam
1467 1423 1535 1478 de
1580 1421 1821 1477 Mittanis
1857 1421 2078 1488 Villare,
2256 1441 2279 1476 ι
2321 1437 2547 1481 domino
2585 1435 2772 1482 nostro
2812 1426 2977 1482 Jbesu
3012 1427 3267 1494 Christo,
3318 1427 3560 1485 omnium
3595 1443 3727 1484 rerum

486 1530 587 1586 per
620 1531 903 1572 assensum
947 1515 1218 1577 Fulcherii
1260 1514 1579 1586 primicerii,
1622 1514 1690 1570 de
1732 1511 1885 1582 cujus
1916 1512 2084 1569 bene-
2179 1515 2486 1582 conditore,
2518 1517 2880 1587 propiciante.
2908 1519 3021 1591 Ego
3043 1520 3363 1575 Willelmus
3389 1518 3459 1575 de
3488 1517 3725 1586 Sumbonc,
3798 1556 3799 1583 ξ

488 1609 616 1664 ﬁcio
639 1619 758 1665 erat
791 1610 905 1677 ipsa
944 1607 1170 1669 vicaria.
1202 1607 1360 1664 Unde
1397 1608 1513 1679 ipse
1532 1606 1696 1676 .Hugo
1727 1607 1969 1678 quinque
1994 1619 2085 1661 so-
2180 1606 2390 1665 militias
2418 1608 2587 1664 armis
2612 1608 2911 1676 accinctus,
2947 1619 3297 1666 terrenarum
3332 1624 3517 1665 rerum
3542 1607 3728 1691 llowplr-
3798 1682 3799 1685 η

488 1698 631 1755 lidos
650 1705 1010 1756 nummorum
1041 1715 1141 1770 pro
1166 1714 1392 1756 assensu
1429 1698 1634 1755 habuit.
1673 1697 1868 1754 Nostra
1901 1709 2083 1754 autem
2114 1766 2154 1772 _
2184 1695 2449 1765 tissimus,
2481 1708 2646 1769 atque
2675 1698 2895 1755 Diabolo
2922 1699 3241 1772 instigante,
3270 1697 3538 1754 malorum
3563 1706 3724 1753 actuum
3798 1696 3799 1772 ξ

492 1798 820 1862 tempestate
865 1766 1072 1847 addidit
1114 1791 1219 1847 sibi
1266 1806 1388 1848 esse
1417 1792 1597 1847 datam
1628 1792 1769 1848 hanc
1798 1799 2085 1847 consuetu—
2113 1766 2161 1830 Β
2188 1787 2434 1845 cassibus
2474 1766 2777 1855 involutus;
2826 1805 2948 1862 ego,
2992 1766 3243 1860 inqinam,
3288 1788 3541 1844 omnibus
3579 1798 3727 1841 sancte

500 1881 719 1946 dinem,
762 1890 843 1949 ut,
885 1883 1010 1937 dum
1048 1882 1261 1939 veniret
1301 1883 1369 1939 ad
1412 1882 1833 1948 monasterium,
1878 1881 2086 1937 habens
2188 1880 2285 1937 Dei
2313 1880 2573 1938 {ecclesiae
2611 1881 2881 1948 ﬁdelibus,
2919 1891 3025 1937 tam
3055 1882 3431 1953 praesentibus
3457 1895 3603 1950 quam
3628 1879 3728 1934 futu-

498 1987 684 2028 secum
713 1988 804 2029 sex
832 1982 926 2028 aut
957 1982 1187 2044 quatuor
1216 1973 1436 2041 milites,
1468 1974 1705 2030 dandum
1744 1974 1794 2029 ei
1830 1981 2089 2029 consuete
2188 1972 2284 2035 ris,
2318 1981 2506 2029 notum
2536 1988 2661 2030 esse
2681 1973 2825 2040 volo,
2850 1974 2993 2044 quod
3021 1973 3245 2045 quidam
3288 1987 3448 2027 meus
3471 1968 3640 2033 ﬁdelis,
3663 1986 3729 2021 no-

499 2066 1171 2136 panem,vinum,carnem
1197 2065 1719 2138 suﬁicieuter,equis
1742 2080 1958 2139 quoque
1977 2065 2091 2122 suis
2190 2061 2339 2118 mine
2382 2062 2689 2134 Sulpicius,
2738 2072 2922 2119 votum
2970 2062 3163 2119 habuit
3216 2063 3273 2118 in
3325 2059 3569 2117 coenobio
3603 2058 3729 2113 suum

502 2159 690 2214 itidem
727 2158 989 2214 advenam
1021 2170 1077 2215 et
1103 2159 1311 2214 vinum.
1342 2158 1509 2230 Cujus
1539 2159 1687 2231 (221)
1726 2160 2090 2231 inportunita-
2191 2152 2340 2211 Petri
2374 2154 2746 2221 Carnotensis,
2777 2157 2846 2211 ab
2878 2155 2982 2212 hoc
3021 2153 3343 2224 deceptibili
3386 2151 3559 2208 seculo
3581 2149 3727 2211 nudus,

502 2260 611 2309 tem
666 2250 913 2306 conferre
966 2251 1326 2309 noluissemus
1346 2295 1361 2321 ,
1423 2261 1479 2309 et
1538 2254 1587 2310 ei
1642 2252 2090 2311 consuetudinem
2191 2247 2307 2304 veri
2336 2248 2430 2305 Dei
2462 2247 2744 2304 famulatui
2775 2263 2834 2304 se
2855 2247 3178 2318 mancipari,
3209 2254 3268 2303 et
3292 2242 3603 2301 beneﬁcium
3622 2238 3725 2307 quod

502 2355 667 2412 quam
698 2342 1009 2412 requirebat
1035 2359 1381 2416 negaremus,
1406 2346 1620 2403 assinos
1643 2357 1879 2412 nostros,
1909 2345 2095 2417 explo-
2194 2352 2263 2395 ex
2312 2352 2400 2393 me
2446 2340 2701 2406 tenebat,
2754 2339 2809 2399 in
2861 2338 3138 2397 territorio
3186 2333 3547 2397 Carnotensi,
3601 2329 3723 2386 clari-

504 2441 657 2488 ratos
696 2434 930 2503 quadam
962 2434 1103 2501 vice,
1137 2435 1290 2503 tulit;
1336 2452 1434 2510 pro
1459 2452 1687 2508 quorum
1721 2437 2095 2508 redemptione
2197 2432 2313 2506 geri
2345 2432 2497 2504 (222)
2533 2447 2747 2488 summo
2772 2448 2837 2488 ac
2864 2431 3148 2488 monachis
3172 2431 3309 2487 inibi
3334 2424 3672 2485 militantibus,
3687 2422 3727 2475 in

507 2522 657 2581 XXX
690 2524 934 2582 dedimus
962 2525 1183 2583 solidos.
1222 2527 1485 2595 Rursum,
1514 2529 1682 2586 altera
1710 2529 1849 2597 vice,
1882 2545 1977 2585 eos
2006 2538 2095 2584 tu-
2198 2524 2487 2596 stipendiis
2530 2524 2795 2597 ipsorum,
2849 2524 3195 2595 relinquere;
3249 2522 3388 2587 sed,
3438 2518 3562 2574 fabo
3602 2512 3721 2570 seculi

502 2612 597 2679 lit;
630 2613 723 2670 sed
747 2629 845 2685 per
872 2614 1601 2694 Willelmumaprzepositum
1629 2618 1865 2687 comitis,
1894 2617 2098 2675 invitus
2199 2631 2388 2672 amore
2431 2616 2704 2682 detentus,
2751 2631 2900 2672 mors
2946 2615 3227 2686 inprovisa
3277 2612 3439 2669 avida
3485 2609 3618 2663 fauce
3639 2618 3723 2658 eum

504 2704 767 2767 reddidit.
808 2705 965 2772 Tunc
1004 2707 1237 2779 denique
1274 2722 1373 2778 per
1410 2707 1627 2763 Bertam
1660 2709 1996 2765 comitissam
2042 2716 2100 2764 et
2200 2709 2444 2779 rapiens,
2486 2724 2591 2763 non
2630 2708 2878 2779 permisit
2913 2717 3098 2763 votum
3146 2723 3217 2765 ex
3264 2715 3383 2762 toto
3426 2698 3612 2775 perﬁci.
3642 2696 3723 2764 Ipse

504 2795 793 2873 prmfatum
820 2799 1171 2869 praepositum
1202 2797 1374 2871 ipsam
1400 2815 1622 2870 pravam
1651 2801 2098 2861 consuetudinem
2203 2810 2385 2856 tamen
2415 2801 2654 2856 animam
2688 2800 2829 2855 intra
2862 2807 3054 2871 pectus
3096 2798 3484 2854 moribundum
3524 2790 3720 2849 retinens,

505 2889 760 2959 reliquit;
803 2898 859 2946 et
895 2889 1299 2951 celebrantibus
1330 2892 1485 2949 nobis
1526 2894 1703 2948 sancti
1748 2891 1973 2948 Firmini
2022 2893 2098 2949 fec
2204 2892 2318 2949 suis
2348 2891 2600 2948 fidelibus
2629 2902 2685 2949 et
2713 2890 2926 2963 conjugi
2950 2891 3134 2962 jussit,
3173 2899 3239 2946 ut
3276 2890 3521 2958 corporis
3547 2882 3616 2938 sui
3642 2878 3719 2950 gle-

508 2989 678 3044 slum,
702 2994 866 3049 super
888 2978 1062 3035 altare
1085 2980 1259 3037 sancti
1286 2980 1431 3036 Petri
1462 2981 1587 3037 inde
1609 2997 1868 3053 guerpum
1898 2982 2097 3052 posuit,
2205 2979 2330 3036 bam
2358 2982 2426 3037 ad
2456 2983 2787 3047 emnobium,
2818 2982 3103 3055 poliandro
3128 2980 3369 3036 fratrum
3406 2972 3717 3033 mandandum.

508 3080 674 3139 atque
701 3085 731 3124 a
762 3070 917 3126 nobis
948 3070 1096 3128 XXV
1125 3072 1328 3129 solidos
1357 3073 1593 3145 accepit;
1626 3082 1702 3140 et,
1739 3073 1786 3129 si
1830 3072 1971 3131 forte
1999 3074 2100 3130 ali-
2137 3136 2172 3145 _
2208 3072 2509 3139 deferrent,
2540 3083 2702 3145 atque
2742 3074 2993 3129 beneﬁcii
3024 3074 3251 3140 donum,
3274 3070 3422 3144 quod
3450 3081 3541 3140 pro
3573 3057 3716 3118 sedari

507 3162 728 3235 quando
770 3165 1068 3219 monachus
1111 3162 1248 3220 elIici
1292 3166 1549 3234 voluerit,
1586 3182 1709 3224 cum
1757 3167 1919 3227 rebus
1964 3181 2102 3238 quas
2126 3136 2174 3202 θ
2206 3163 2524 3231 devoverat,
2555 3180 2720 3235 super
2744 3164 2915 3222 altare
2938 3164 3115 3220 sancti
3149 3163 3301 3220 Petri
3333 3175 3510 3218 coram
3533 3150 3718 3211 omnibus

508 3253 786 3319 habuerit,
821 3254 1148 3326 recipiatur;
1179 3265 1355 3313 morte
1381 3272 1512 3315 vero
1538 3265 1842 3329 praeventus
1872 3256 2103 3327 sepelia-
2204 3263 2496 3326 ponerent.
2547 3253 2644 3311 Cui
2697 3255 2837 3310 dono
2874 3254 3179 3320 Asccliuus,
3233 3252 3380 3307 ﬁlius
3418 3247 3544 3318 ejus,
3586 3247 3717 3314 ροείει

512 3353 604 3399 tur
631 3360 661 3399 a
704 3345 883 3411 nobis,
928 3345 1043 3401 suis
1071 3361 1210 3416 eque
1253 3346 1417 3403 rebus
1448 3348 1607 3405 nobis
1647 3348 1873 3403 relictis.
1912 3346 2104 3404 Testes
2206 3346 2441 3417 praebuit
2463 3362 2772 3413 assensum,
2796 3347 2886 3416 qui
2917 3361 3025 3403 non
3050 3345 3207 3418 longe
3232 3354 3357 3418 post
3384 3339 3591 3413 quadam
3611 3330 3719 3404 ριλςι

511 3435 673 3507 hujus
705 3439 803 3504 rei,
846 3454 911 3494 ex
956 3454 1051 3495 sua
1094 3449 1271 3510 parte,
1312 3439 1532 3502 fuerunt
1562 3455 1583 3503 ε,
1610 3441 1781 3507 Dodo,
1805 3440 2102 3507 Guarinus,
2208 3446 2481 3505 mortuus,
2506 3447 2562 3494 et
2592 3438 2709 3511 ipse
2741 3453 2841 3510 pro
2870 3438 2977 3493 hac
3006 3451 3064 3492 re
3083 3436 3242 3502 juxta
3270 3446 3477 3507 patrem
3504 3436 3573 3485 est
3596 3434 3716 3479 tumu‘

513 3528 837 3587 Godefridus
872 3539 928 3586 et
959 3530 1247 3587 Geraldus.
1294 3531 1379 3587 Ex’
1415 3542 1599 3587 nostra
1646 3542 1839 3603 parte:
1874 3530 2108 3602 Stepha-
2207 3533 2373 3589 latus.
2417 3534 2589 3603 Hujus
2634 3533 2762 3589 doni
2811 3533 3150 3589 Gausbertus
3192 3532 3265 3588 de
3313 3525 3517 3586 Evroldi
3559 3516 3719 3577 Villam

512 3636 619 3677 nus
664 3622 854 3692 major,
886 3621 1174 3679 Gilduinus
1221 3623 1418 3693 major,
1460 3622 1788 3680 Laurentius
1823 3623 2105 3679 cubicula-
2208 3625 2506 3689 Rainerius
2555 3635 2611 3680 et
2664 3624 2903 3691 Guaszo,
2962 3639 3151 3679 eorum
3210 3623 3449 3682 milites,
3496 3611 3715 3671 enitenti

513 3714 648 3778 rius,
679 3713 955 3770 Teduinus
985 3713 1410 3779 matricularius,
1452 3714 1726 3781 Iohannes
1756 3728 1939 3778 cocus,
1976 3712 2107 3769 Gis-
2211 3724 2399 3772 testes.
2437 3715 2645 3771 Deinde
2686 3714 3059 3777 Wiuebertus,
3093 3714 3269 3769 frater
3302 3707 3535 3784 Sulpicii,
3563 3702 3615 3757 de
3642 3706 3713 3750 ter-

512 3803 751 3867 lebcrtus
776 3822 936 3876 puer;
964 3805 1282 3878 Oydelerius
1306 3814 1362 3860 et
1382 3804 1712 3874 Radbertus,
1736 3803 1908 3861 frater
1930 3802 2108 3861 eius:
2211 3808 2403 3864 ritorio
2436 3805 2821 3870 Vilcasinensi,
2866 3820 2964 3877 per
3004 3804 3312 3860 Hubertnm
3341 3796 3631 3872 Querculum
3650 3785 3712 3840 εδ·

1052 3895 1452 3954 CAPIT-ULUM
1489 3895 1578 3952 Vl.
2212 3903 2430 3967 ductus,
2468 3915 2754 3956 assensum
2786 3914 2950 3969 super
2976 3898 3149 3963 altare
3177 3897 3358 3955 sancti
3381 3891 3514 3950 Petri
3549 3892 3710 3958 ponens.

1000 3987 1080 4044 De
1115 3988 1280 4043 tutela
1315 3987 1629 4059 Argentelre.
2212 3992 2268 4047 in
2319 3991 2658 4047 orationibus
2707 3989 2939 4045 fratrum
2993 3998 3080 4044 est
3127 3988 3415 4046 collectus.
3462 3980 3556 4038 Nos
3588 3980 3715 4027 ιιιῑεω

1091 4078 1254 4153 (Ante
1280 4096 1333 4135 a.
1366 4079 1559 4152 1088.)}
2213 4084 2471 4140 duximus
2497 4083 2627 4139 illud
2657 4082 2982 4139 beneﬁcium
3009 4081 3174 4153 quale
3203 4081 3277 4137 sit
3300 4075 3581 4136 ostendere,
3602 4063 3641 4161 id
3657 4064 3711 4161 et“

601 4197 619 4230 ι
660 4174 718 4231 In
748 4173 968 4232 nomine
1000 4181 1203 4229 sancta:
1248 4181 1303 4228 et
1342 4170 1632 4227 individua:
1704 4169 1961 4227 mutatis.
2003 4168 2121 4228 Non
2213 4176 2473 4253 quicquid
2504 4175 2557 4230 in
2584 4176 3112 4248 parrmchiadomni
3139 4174 3419 4240 Germani,
3459 4170 3508 4225 in

524 4278 640 4326 tum
682 4284 804 4326 esse
839 4269 1110 4339 volumus,
1151 4283 1251 4342 ego
1276 4269 1624 4336 Eustachius,
1670 4267 1854 4324 divina
1893 4266 2114 4324 ordina-
2212 4243 2489 4349 videlicet,
2520 4243 2862 4336 in'dccimis,
2889 4269 2944 4325 in
2987 4270 3152 4326 terris
3181 4269 3344 4325 cultis
3370 4275 3421 4324 et
3446 4243 3707 4353 ἰιιξειιιιίίξείδ⁸

524 4361 702 4430 tione,
749 4361 947 4431 abbas,
1001 4363 1287 4433 omnisque
1337 4361 1512 4419 sancti
1564 4360 1711 4418 Petri
1763 4360 2114 4434 congregatio
2213 4363 2300 4420 vis
2340 4373 2397 4423 et
2435 4362 2722 4430 militibus,
2748 4377 2813 4419 ac
2834 4361 3089 4418 omnibus
3119 4360 3405 4433 exquisitis
3432 4350 3710 4444 ειίιιίίυίξωξ

523 4454 941 4523 monachorum,
963 4469 1127 4527 super
1153 4455 1389 4526 quodam
1420 4453 1583 4510 tutela
1613 4468 1777 4526 quam
1804 4453 2113 4509 Radbertus
2145 4500 2194 4534 η
2219 4457 2324 4525 dis,
2350 4457 2640 4514 videbatur
2679 4469 2747 4511 ex
2776 4469 2864 4511 me
2892 4464 3099 4515 tenere.
3132 4454 3246 4511 Hoc
3277 4462 3441 4512 totum
3469 4458 3555 4517 pro
3584 4441 3709 4534 autut

522 4546 808 4624 porcarius
841 4546 909 4603 de
924 4500 1115 4604 ,Curba
1153 4500 1294 4604 iilla
1324 4546 1543 4604 dicebat
1587 4500 1649 4602 inl
1688 4555 1836 4603 terra
1866 4561 1987 4617 quae
2013 4561 2117 4603 νο·
2145 4500 2194 4560 D
2218 4500 2324 4609 sua:
2345 4548 2604 4621 praefatus
2627 4548 2900 4621 Sulpicius
2925 4547 3300 4619 apostolorum
3327 4535 3535 4618 principi
3567 4522 3709 4624 eiei?

524 4618 679 4699 catur
702 4637 993 4711 Argentela
1026 4638 1261 4707 habere;
1293 4654 1393 4709 pro
1414 4654 1522 4710 qua
1559 4653 1669 4696 non
1711 4637 1988 4697 modicum
2016 4652 2118 4695 no-
2218 4618 2504 4700 monachis
2551 4618 2793 4713 reliquit.
2844 4618 3001 4708 Quod
3040 4648 3097 4700 et
3125 4654 3251 4713 ego,
3281 4627 3536 4699 Eustachii
3557 4618 3704 4713 abiit“

521 4730 611 4797 bis
635 4704 1022 4789 detrimentum
1048 4704 1254 4800 intulit,
1276 4704 1497 4804 insuper
1521 4740 1579 4791 et
1607 4732 1959 4789 homicidium
1988 4744 2116 4804 per-
2218 4742 2276 4792 et
2300 4704 2697 4791 monachorum
2739 4704 2903 4804 prece
2947 4704 3326 4799 ductus,'cnm
3357 4735 3511 4805 uxore

522 4832 743 4898 petrare
781 4839 890 4881 non
935 4824 1136 4881 timuit.
1181 4823 1421 4881 Tandem
1472 4824 1540 4879 ad
1581 4826 1725 4881 hanc
1767 4825 2116 4883 concordiam
2217 4827 2517 4901 mengarde
2557 4837 2614 4883 et
2668 4826 2833 4883 unico
2881 4807 3018 4893 ﬁlio,
3076 4825 3342 4883 vocabulo
3396 4816 3490 4877 mei
3539 4807 3701 4865 nomn"

523 4916 829 4984 venientes,
854 4917 1101 4974 dedimus
1126 4919 1173 4975 ei
1211 4918 1601 4989 quinquaginta
1633 4917 1836 4973 solidos
1866 4932 2115 4973 uummo—
2218 4929 2561 4991 nuncupato,
2595 4934 2694 4990 pro
2724 4917 3097 4989 redemptione
3123 4917 3419 4973 animarum
3456 4901 3701 4991 nostri”?

525 5025 646 5065 rum
679 5021 841 5082 atque
886 5012 990 5069 loci
1032 5011 1195 5084 hujus
1230 4984 1587 5077 beneﬁcium,
1629 5022 1691 5067 ut
1719 5020 1919 5067 terram
1949 5026 2112 5082 quam
2221 5010 2344 5068 ﬁeri
2375 4984 2554 5077 volui;
2589 4984 2666 5070 et,
2691 5009 2779 5063 die
2801 4984 3208 5063 Puriﬁcationis
3232 5006 3386 5063 almae
3404 4993 3560 5093 matris

525 5103 759 5161 habebat
799 5106 1020 5179 insuper
1066 5076 1365 5165 memorata
1409 5104 1720 5176 Argeutela,
1770 5119 1895 5160 cum
1948 5104 2113 5159 tutela
2224 5104 2496 5175 ni,super
2519 5100 2694 5158 altare
2714 5098 2864 5157 Petri
2880 5099 3108 5172 apostoli
3134 5110 3408 5157 assensum
3428 5082 3573 5163 Ροευίν
3589 5076 3703 5179 ³¹Ῐ¹ξθ

526 5209 693 5267 quam
735 5170 1022 5265 clamabat,
1064 5209 1255 5257 sancto
1294 5199 1457 5254 Petro
1488 5170 1826 5263 dimitteret;
1863 5195 2008 5267 quod
2052 5195 2118 5249 li-
2224 5170 2369 5252 hanc
2396 5170 2609 5251 certam
2637 5191 2861 5264 publice
2901 5170 3247 5263 astipulando
3273 5186 3440 5267 crucis
3467 5178 3588 5243 δίκηο

526 5260 723 5345 bonter
745 5260 1049 5348 concedens
1074 5291 1224 5361 fecit,
1248 5292 1559 5363 donumque
1583 5302 1747 5360 super
1773 5260 1948 5345 alta-re
1968 5285 2118 5344 beati
2222 5286 2501 5346 roboravi.
2540 5260 2659 5343 Pro
2676 5299 2786 5357 qua
2828 5299 2891 5341 re
2920 5298 2951 5339 a
2979 5260 3209 5356 praefato
3238 5260 3423 5339 abbate
3446 5260 3695 5373 oeuli“:

528 5379 757 5453 apostoli
806 5380 955 5439 Petri
996 5351 1222 5454 posuit;
1253 5351 1488 5441 astante.
1510 5351 1907 5440 monachorum
1951 5392 2117 5451 grege
2224 5381 2368 5439 lidos
2392 5351 2749 5476 camelorum
2776 5351 3127 5476 ιξιιωωδςιξξη
3172 5373 3374 5447 accepi:
3400 5351 3690 5476 “Ticum;

528 5472 802 5545 turbaque
826 5472 1152 5531 famulorum
1177 5490 1406 5546 quorum
1430 5474 1649 5533 nomina
1670 5471 1935 5530 memorie
1960 5486 2117 5528 man-
2222 5472 2359 5548 junx
2384 5470 2533 5567 duas
2548 5469 2666 5526 auri
2694 5468 2909 5534 uncias,
2931 5450 2986 5524 et
3006 5465 3153 5567 ﬁlius
3171 5480 3325 5523 meus
3344 5441 3690 5567 regozgﬂx

532 5567 669 5623 dare
707 5536 1064 5624 curavimus:
1108 5536 1416 5638 Stephanus
1462 5575 1517 5624 et
1561 5565 1843 5631 Salomon,
1883 5562 2113 5645 fratres;
2222 5536 2461 5618 varium.
2491 5558 2683 5615 Testes
2708 5573 2775 5615 ex
2798 5566 2954 5627 parte
2976 5571 3097 5614 mea
3120 5556 3337 5625 fuerunt
3363 5571 3375 5609 :
3400 5536 3687 5659 Romanis;

531 5660 785 5728 Girogius
818 5660 1081 5727 clericus;
1116 5659 1302 5716 Teudo
1337 5669 1392 5715 et
1422 5658 1704 5730 Gauduus,
1736 5638 1966 5722 fratres;
2006 5654 2048 5714 Ο

2098 5620 2136 5698 ί·
2222 5653 2374 5712 Bello
2403 5651 2618 5719 Monte;
2662 5620 2959 5709 Jbotardus
3008 5620 3310 5707 Willclm‘us
3334 5654 3385 5705 et
3408 5620 3615 5697 Batiam”

606 5752 758 5827 (921)
788 5752 935 5811 Fort.
970 5752 1102 5827 leg.,
1123 5751 1289 5827 Cujus
1310 5767 1450 5808 cum.
1850 5778 1856 5785 -
2301 5742 2454 5814 (222i
2491 5740 2605 5797 Sic.
