3842 6308
35 387 132 454 553

929 373 1160 447 verus
1199 383 1458 446 AGANO.
1485 413 1554 428 --
1589 381 1722 442 LIB.
1766 379 1899 441 vui.
1934 383 2396 445 evsracums.
2451 368 2464 376 ’

3177 367 3324 458 δεῖ

34 501 289 567 Gaudeas,
319 507 378 556 et
417 497 752 557 Gualterius.
799 498 876 554 Ex
929 511 1084 571 parte
1129 501 1526 555 monachorum
1573 514 1588 550 :
1619 497 1672 558 Α
1699 492 1966 551 valentem
1991 497 2348 569 quadraginta
2374 497 2596 567 solidos,
2627 483 2683 558 et
2720 503 2824 560 XX
2867 506 3066 566 solidos
3114 528 3271 571 num-

33 593 318 663 Stepbauus
341 599 400 646 et
420 590 704 658 Salomon,
727 588 964 658 fratres;
1007 591 1334 664 Oydelerius
1363 600 1421 647 et
1447 589 1597 645 Rod-

33 689 216 752 bertns,
241 685 471 776 fratres:
509 682 780 776 Tedujnus
801 691 858 776 et
886 681 1167 776 Caudinis,
1185 682 1387 776 fratres
1405 697 1434 776 ;A
1446 679 1601 776 Dua-

32 777 164 831 riuos
213 771 570 842 cellerarius;
633 774 973 838 Tescelinus,
1046 771 1346 844 llitdegarii
1406 773 1591 839 filius;

33 867 327 924 Laurentius
355 867 750 933 cubicularius,
793 866 1093 924 Adveutius
1116 875 1172 922 et
1195 866 1453 932 Lorinus,
1480 866 1595 922 fra-

31 957 355 1024 tres,etalii.
388 956 450 1014 Si
506 959 650 1030 quis,
698 959 824 1015 huic
873 959 1099 1014 cartulaa
1145 957 1591 1026 contradicendo,

29 1051 242 1107 extiterit
260 1049 600 1116 contrarius,
623 1050 788 1120 janua
815 1051 940 1108 caeli
969 1050 1020 1106 ei
1044 1049 1352 1118 claudatur,
1375 1059 1451 1118 et,
1483 1050 1590 1106 nisi

29 1142 303 1215 resipuerit,
331 1157 464 1200 cum
489 1142 630 1201 Juda
657 1143 955 1217 proditore,
988 1143 1106 1199 sine
1129 1141 1236 1198 line
1263 1158 1455 1214 pinnas
1477 1141 1595 1198 luat

30 1239 74 1294 in
95 1239 340 1311 gehennae
360 1239 607 1314 ignibus.
632 1239 826 1294 Actum
847 1247 932 1295 est
955 1237 1058 1295 hoc
1073 1235 1326 1295 Carnotis
1350 1237 1589 1310 publice,

26 1344 144 1386 anno
171 1329 284 1387 XXI
315 1331 473 1405 regni
503 1331 740 1401 Philippi
770 1329 936 1401 regis.
967 1347 992 1384 ι

510 1419 597 1476 CA
607 1419 916 1477 PlTULUM
949 1417 1086 1476 Vlll.

448 1509 527 1568 De
579 1511 820 1567 (ecclesia
868 1510 1108 1567 Stilionis

559 1601 724 1671 (Ante
748 1617 800 1656 a.
835 1601 1017 1669 1088.)

86 1708 103 1743 ι
133 1689 182 1746 In
223 1689 425 1748 Christi
475 1691 721 1757 nomine,
749 1692 1055 1749 conditoris
1082 1692 1326 1748 omnium
1373 1708 1582 1748 rerum.

31 1777 192 1836 Notum
219 1795 338 1838 esse
387 1780 648 1838 volumus
690 1782 902 1840 cunctis
940 1791 1145 1838 saneue
1185 1783 1281 1838 Dei
1325 1785 1586 1839 aecclesiae

1698 599 1938 652 morum,
1973 601 2254 659 unumque
2295 598 2510 646 scutum
2555 606 2622 648 ac
2664 596 2839 652 nostri
2872 596 2973 654 loci
3001 605 3278 665 orationes

1697 673 1964 732 dedimus.
1993 677 2113 749 Ipse
2142 693 2382 752 quoque,
2427 697 2528 754 per
2569 695 2820 743 artavum
2863 690 2948 745 sui
2996 695 3280 768 armigeri,

1695 781 1860 838 super
1887 768 2062 825 altare
2107 772 2280 828 sancti
2321 772 2470 830 Petri
2500 790 2767 848 guerpum
2807 778 3033 838 decima:
3059 785 3145 842 vel
3191 805 3284 844 as-

1701 873 1926 915 sensum
1962 862 2112 942 misit
2152 878 2251 936 per
2289 863 2587 923 Hubertum
2617 868 2950 938 Querculum
2994 882 3052 931 et
3094 893 3286 934 mona-

1697 951 1885 1018 chum,
1925 953 2270 1012 audientibus
2297 965 2353 1012 et
2382 959 2690 1017 videntibus
2731 961 2778 1020 is
2804 978 3034 1036 quorum
3063 971 3284 1026 nomina

1696 1042 2118 1116 subscripsimus
2149 1063 2166 1102 :
2192 1047 2446 1116 Radulfo,
2475 1051 2769 1122 Willelmo,
2816 1057 3119 1129 Rodberto,
3149 1061 3284 1120 Phi-

1694 1134 1860 1207 lippo,
1893 1135 2047 1210 Hugo
2078 1137 2342 1207 Huberto,
2376 1139 2633 1210 Tetardo,
2665 1144 2958 1218 Ledfredo,
2993 1149 3278 1221 Fullierto,

1695 1227 1981 1296 Rainaldo,
2003 1228 2332 1299 Guaruerio,
2354 1231 2600 1303 Fulconi,
2620 1235 2961 1305 Raimboldo,
2978 1242 3280 1310 Rodbcrto,

1691 1317 2012 1390 Laurentio,
2055 1321 2280 1379 Aszoni.
2330 1324 2430 1382 Est
2463 1337 2643 1383 autem
2675 1329 2788 1400 ipsa
2823 1332 3032 1389 decima
3060 1335 3113 1389 iu
3163 1335 3280 1392 loco

1691 1411 1786 1483 qui
1811 1421 2042 1470 vocatur
2065 1413 2363 1474 Caletulus.
2391 1418 2590 1474 Actum
2617 1430 2700 1477 est
2731 1423 2834 1481 hoc
2878 1423 3067 1484 Drocis
3094 1437 3279 1484 castro
3317 1425 3320 1430 ’

1691 1503 1928 1576 publice.
1967 1522 1988 1558 ι

2247 1600 2647 1664 CAPITULUM
2675 1605 2744 1662 Χ.

1795 1688 1882 1744 De
1901 1689 2095 1746 tributo
2117 1705 2359 1748 concesso
2390 1711 2424 1750 α
2468 1695 2729 1752 Μαῑηενὶο
2759 1698 2813 1754 in
2831 1699 2971 1771 Agili
3011 1699 3168 1759 Villa.

2263 1785 2423 1858 (Ante
2444 1803 2495 1841 a.
2526 1789 2708 1858 1091.)

34 1874 239 1932 ﬁdelibus
257 1887 422 1949 atque
441 1873 670 1941 futuris,
692 1891 794 1948 ego
815 1875 1024 1932 scilicet
1046 1874 1350 1932 Willehnus
1374 1885 1588 1932 etuxor
1617 1861 1662 1917 Β
1763 1891 1785 1925 ε
1819 1871 2015 1928 Notum
2071 1889 2195 1930 esse
2242 1877 2513 1946 volumus,
2561 1895 2660 1952 ego
2709 1882 3053 1950 Eustachius,
3105 1888 3276 1945 abbas

33 1982 125 2022 mea
153 1968 557 2040 Enneugardis,
594 1983 714 2026 cum
754 1985 915 2026 unico
965 1968 1075 2026 lilio
1122 1985 1245 2026 meo
1285 1969 1581 2042 Willelmo,

36 2074 108 2127 pro
133 2061 420 2116 animarum
454 2071 778 2118 nostrarum
825 2062 1220 2134 redemptione,
1263 2062 1376 2118 Deo
1403 2065 1582 2119 omni-

36 2149 198 2218 potenti
235 2159 289 2206 et
329 2161 534 2209 sancto
580 2151 762 2220 Petro,
791 2154 1159 2224 apostolorum
1207 2155 1473 2227 principi,
1527 2157 1582 2211 iu

35 2241 155 2312 cujus
196 2245 533 2302 monasterio
559 2247 699 2317 apud
749 2247 938 2302 urbem
974 2247 1365 2304 CarnOtensem
1415 2265 1585 2305 sacra:

34 2333 265 2408 religionis
307 2337 568 2394 habitum
619 2338 732 2409 ipse
771 2339 1032 2410 suscipio,
1061 2341 1336 2412 quandam
1390 2343 1584 2398 :eccle-

36 2426 140 2481 siam
168 2430 214 2482 in
243 2429 445 2484 honore
473 2431 676 2484 matris
709 2427 920 2484 Domini
945 2429 1242 2495 fundatam,
1275 2431 1328 2485 in
1366 2430 1584 2488 Pertico

35 2517 142 2586 loco,
169 2522 253 2592 qui
278 2522 476 2578 dicitur
530 2523 814 2578 Extiliolus
849 2523 1006 2595 (295)
1032 2525 1381 2580 concedendo
1409 2525 1581 2596 parti-

37 2623 218 2677 mur,nt
238 2615 286 2670 in
311 2625 588 2672 aeternum
621 2617 938 2688 possideant
982 2617 1326 2673 medietatem
1359 2619 1583 2674 decimae

38 2719 84 2760 ac
101 2708 310 2764 archadii
336 2718 514 2782 atque
543 2710 832 2782 sepultura:
856 2718 1137 2781 totumque
1161 2711 1354 2777 altare,
1379 2713 1582 2768 medie-

43 2806 266 2872 talemque
292 2801 438 2867 atrii,
458 2811 632 2872 atque
660 2802 870 2858 duobus
892 2801 1064 2858 bobus
1095 2810 1294 2859 terram
1317 2813 1580 2874 quantum

40 2887 206 2956 sullicit,
242 2901 295 2948 et
341 2893 679 2966 aripenuum
730 2910 895 2949 unum
942 2895 1120 2964 prati;
1175 2903 1335 2964 atque
1385 2895 1579 2951 harum

43 2995 180 3038 rerum
207 2985 396 3042 donum
427 3003 606 3058 super
627 2987 799 3042 altare
830 2987 975 3043 beati
1003 2986 1152 3044 Petri
1184 2988 1401 3044 mittere
1415 2986 1578 3058 jussi,

40 3079 82 3124 et
103 3074 288 3131 testium
315 3078 550 3134 nomina
587 3078 934 3134 subscribere
966 3079 1133 3134 volui.
1163 3077 1230 3134 Et
1250 3081 1294 3134 si
1327 3081 1452 3151 quis
1483 3097 1582 3136 uno

43 3178 165 3232 quam
185 3168 430 3227 heredum
455 3186 713 3227 meorum
739 3171 866 3228 huic
891 3172 1032 3228 dono
1053 3172 1324 3228 contraire
1352 3183 1582 3246 tempta-

44 3259 168 3326 verit,
209 3263 795 3320 excommunicationis
837 3264 1073 3334 dampno
1116 3264 1266 3333 prius
1308 3264 1575 3332 incurrat,

45 3349 194 3408 deinde
211 3363 327 3412 octo
349 3357 555 3413 uncias
578 3356 696 3410 auri
728 3356 814 3412 eui
843 3355 992 3412 litem
1025 3355 1272 3410 intulerit
1299 3355 1496 3424 solvat,
1524 3364 1579 3412 et

45 3449 220 3499 conatus
253 3444 364 3514 ejus
402 3444 662 3502 inefﬁcax
712 3452 1050 3517 permaneat.
1096 3446 1321 3518 Signum
1351 3446 1581 3504 Ermen-

46 3531 186 3598 tardis
207 3535 461 3608 conjugis,
498 3553 620 3608 quae
649 3539 846 3593 donum
873 3538 1034 3609 hujus
1081 3538 1386 3610 largitionis
1416 3557 1581 3612 super

45 3619 174 3681 altare
207 3630 393 3699 posuit.
442 3630 514 3688 S.
549 3629 804 3686 Willelrui
849 3628 964 3686 filii.
1014 3629 1278 3704 llugouis,
1325 3634 1577 3691 avunculi

47 3709 263 3774 Gausfridi
284 3721 416 3776 coci.
449 3739 470 3774 ι

518 3809 918 3866 CAPITULUM
956 3810 1048 3867 IX.

426 3901 516 3958 De
543 3901 745 3957 decima
773 3904 839 3956 de
869 3901 1131 3959 Caletula.

551 3995 716 4066 (Ante
745 4010 798 4049 a.
831 3993 1016 4067 1088.)

139 4080 186 4138 In
217 4088 424 4146 nomine
452 4097 668 4146 sancta:
697 4099 753 4145 et
780 4089 1073 4146 individua:
1117 4085 1421 4148 Trinitatis.
1451 4091 1564 4161 Ego

50 4168 333 4243 Eustachius,
357 4180 532 4238 abbas
553 4179 788 4236 emnobii
821 4180 996 4236 sancti
1022 4179 1171 4236 Petri
1203 4181 1574 4250 Carnotensis,

52 4279 140 4322 cum
176 4275 407 4334 omnibus
445 4276 713 4333 fratribus
768 4275 967 4332 ibidem
1015 4275 1126 4331 Deo
1179 4277 1568 4344 militantibus,

53 4367 194 4416 nottim
217 4379 328 4422 esse
353 4367 605 4424 volumus
634 4367 888 4423 erunibus
915 4367 1220 4423 orthodoxe
1249 4366 1370 4422 ﬁdei
1403 4367 1572 4424 culto-

53 4448 179 4517 ribus,
219 4458 354 4526 quod
409 4458 634 4530 quidam
681 4457 858 4524 miles,
913 4457 1133 4514 nomine
1185 4457 1569 4525 Guinebertus,

54 4537 182 4598 frater
211 4547 403 4606 scilicet
441 4549 696 4620 Sulpicii,
725 4549 819 4620 qui
856 4549 1099 4605 moriens
1131 4548 1350 4619 reliquit
1381 4560 1571 4605 sancto

53 4629 174 4691 Petro
203 4638 251 4695 in
279 4643 475 4702 nostris
514 4643 703 4701 usibus
739 4641 1041 4700 aecclesiam
1083 4641 1268 4698 domui
1315 4641 1572 4700 Germani

55 4737 144 4781 cum
166 4733 393 4792 omnibus
421 4737 586 4793 rebus
631 4749 768 4806 quas
815 4735 888 4792 ibi
935 4735 1228 4792 videbatur
1272 4742 1476 4800 tenere,
1505 4751 1573 4792 ex

54 4815 262 4885 beneﬁcio
281 4831 526 4888 Willelmi
557 4833 626 4888 de
653 4829 986 4896 Sumboone,
1011 4829 1151 4886 sicut
1172 4843 1336 4901 supra
1364 4828 1570 4885 dictum

55 4920 132 4977 est,
164 4917 209 4971 in
245 4922 478 4994 decimis,
514 4923 700 4991 terris,
741 4922 901 4989 lucis,
941 4920 1234 4985 militibus;
1285 4930 1570 4992 postquam

56 5004 222 5072 Quidetn
259 5024 310 5070 et
349 5016 462 5088 ipse
497 5032 664 5089 super
703 5016 880 5070 altare
913 5015 1088 5071 sancti
1117 5013 1262 5068 Petri
1289 5027 1572 5069 assensum

57 5099 256 5161 militet
278 5106 328 5162 in
354 5109 690 5166 orationibus
727 5109 960 5164 fratrum
988 5117 1272 5176 susceptus
1297 5105 1420 5174 fuit,
1452 5104 1572 5161 cui-

60 5185 150 5244 datu
172 5195 358 5256 mulieri
399 5211 608 5273 partem
643 5199 888 5274 pmfatze
926 5199 1157 5256 decima:
1191 5197 1338 5253 XXV
1388 5195 1574 5253 solidis

67 5283 269 5344 vendidit.
295 5287 366 5348 De
388 5307 489 5364 qua
527 5309 588 5352 re
621 5311 674 5350 in
699 5293 903 5367 judicio
939 5291 1226 5364 apellatus,
1257 5290 1397 5346 dixit
1423 5288 1574 5346 deci-

67 5385 171 5457 mam
206 5379 334 5440 illam
377 5387 646 5457 pertinere
687 5387 755 5444 ad
801 5387 983 5443 ferum
1023 5384 1348 5450 Guaszonis,
1376 5382 1570 5440 fratris

67 5456 252 5534 ""Bonis
274 5474 334 5530 de
350 5456 601 5544 Castello,
623 5493 688 5536 ac
717 5479 838 5534 ideo
865 5475 1120 5534 frivolum
1145 5489 1268 5532 esse
1289 5487 1568 5530 assensum

67 5561 184 5610 tutuo
200 5560 303 5618 sine
320 5575 446 5622 nutu
471 5568 694 5625 domini.
719 5567 876 5626 Unde
895 5567 1158 5625 Waszoni
1179 5581 1348 5622 unum
1369 5579 1570 5636 equum

70 5665 236 5790 ι
266 5675 547 5751 Extiliolus,
579 5681 758 5750 Stilio,
793 5680 1086 5758 Steliones,
1116 5679 1279 5738 hodie
1310 5677 1384 5734 les
1429 5661 1569 5760 Etit-

120 5807 240 5877 ’ἔξω
279 5814 601 5890 Gansfridus,
651 5827 768 5879 sive
809 5819 1138 5881 Godefridus
1179 5820 1208 5876 l-
1254 5821 1564 5878 Carnoten-

1685 1964 1918 2022 cmuobii
1945 1965 2306 2027 sanctiﬁctri
2335 1968 2750 2044 .Caruateasis,
2773 1976 3028 2036 carnibus
3075 1987 3281 2035 sanctae

1685 2055 1780 2113 Dei
1809 2057 2054 2114 ecclesiae
2091 2058 2337 2118 fidelibus
2369 2061 2517 2130 filils,
2554 2066 2702 2136 quia,
2729 2067 2857 2125 dum
2890 2063 3141 2128 essemin
3174 2085 3276 2131 eu-

1687 2148 1763 2202 ria
1795 2147 2025 2220 Philippi
2059 2149 2202 2220 regis
2242 2163 2372 2223 aput
2411 2163 2649 2210 castrum
2691 2155 3074 2229 Stanpensem,
3103 2172 3157 2218 et
3183 2179 3274 2220 re-

1685 2255 1805 2312 gem
1828 2255 1928 2311 pro
1975 2240 2212 2298 utilitate
2251 2245 2422 2301 nostri
2461 2245 2564 2302 loci
2615 2249 3123 2320 interpellavissem,
3149 2269 3281 2309 con-

1684 2332 1806 2388 veni
1829 2332 1901 2388 ibi
1925 2332 2268 2402 Mainerium,
2304 2335 2528 2411 fratrem
2561 2336 2814 2412 Symonis
2831 2343 2896 2398 dc
2910 2343 3084 2399 Monte
3107 2345 3145 2399 F
3148 2347 3279 2414 orti,

1684 2431 1764 2487 ut,
1789 2438 1888 2494 pro
1917 2424 1998 2480 sui
2019 2427 2192 2497 patris
2214 2427 2392 2482 anima
2415 2444 2622 2486 necnon
2653 2440 2707 2486 et
2730 2432 2944 2499 matris,
2971 2443 3133 2504 atque
3173 2452 3270 2507 pro
3321 2441 3324 2444 ’

1684 2520 2056 2579 incolumitate
2111 2526 2329 2596 propria
2378 2541 2712 2601 suorumque
2766 2531 3031 2601 sobolem,
3073 2533 3183 2588 Dco
3219 2545 3274 2590 et

1685 2619 1878 2666 sancto
1927 2611 2089 2670 Petro
2137 2615 2370 2672 liberum
2422 2621 2744 2677 concederet
2804 2625 3116 2688 transitum,
3165 2636 3277 2683 tam

1685 2702 1815 2758 salis
1863 2720 2026 2776 quam
2062 2705 2321 2776 piscium,
2356 2715 2411 2764 et
2441 2720 2751 2766 nostrarum
2785 2729 2965 2769 rerum
3017 2731 3138 2786 quae
3181 2732 3280 2788 per

1683 2794 1822 2867 Agili
1853 2795 2048 2852 Villam
2072 2799 2328 2856 Caruotis
2353 2801 2418 2857 ad
2463 2817 2592 2858 usus
2639 2802 2870 2860 fratrum
2926 2809 3274 2866 veherentur.

1685 2890 1787 2960 Qui
1819 2891 2007 2948 libenti
2052 2894 2237 2950 animo
2265 2895 2333 2952 ab
2359 2897 2506 2952 omni
2555 2901 2973 2966 consuetudine,
3003 2903 3063 2956 Vl
3093 2903 3276 2959 iduum

1685 2984 2018 3048 februarunt.
2083 2987 2155 3042 ita
2201 2988 2428 3044 liberum
2483 2991 2772 3046 transitum
2830 2993 2940 3048 Deo
2979 3003 3032 3049 et
3079 3005 3271 3050 sancto

1684 3075 1850 3133 Petro
1898 3079 2126 3146 dimisit,
2178 3089 2256 3148 ut,
2303 3080 2372 3136 ab
2421 3079 2510 3136 illa
2561 3084 2646 3138 die
2711 3093 2892 3152 antea,
2942 3102 3118 3156 neque
3156 3104 3185 3144 a
3217 3103 3276 3145 se

1686 3185 1863 3241 neque
1910 3187 1940 3226 a
1991 3173 2398 3229 successoribus
2447 3175 2579 3243 suis,
2637 3176 2804 3231 ullum
2860 3179 3126 3236 teloneum
3192 3181 3276 3240 vel

1686 3262 2020 3317 consuetudo
2049 3263 2231 3334 aliqua
2258 3265 2570 3334 requiratur
2596 3268 2664 3322 de
2700 3269 2862 3325 rebus
2909 3274 3081 3327 sancti
3125 3271 3274 3330 Petri

1681 3355 2091 3411 transeuntibus
2123 3373 2222 3428 per
2246 3356 2532 3428 przefatam
2577 3359 2803 3428 villam;
2847 3362 2968 3428 sed,
3007 3363 3149 3419 sicut
3179 3380 3276 3436 pa-

1681 3455 1766 3502 ter
1789 3447 1906 3519 ejus
1956 3448 2266 3504 Amalricus
2303 3463 2404 3520 per
2433 3458 2604 3507 totum
2636 3452 2752 3523 ejus
2799 3453 3134 3510 territorium
3171 3456 3275 3512 iter

1679 3537 1912 3594 liberum
1947 3539 2014 3597 de
2054 3538 2216 3594 rebus
2246 3541 2421 3596 sancti
2443 3540 2591 3597 Petri
2617 3544 2910 3608 concessit,
2939 3543 3016 3599 ita
3043 3553 3098 3600 et
3127 3560 3262 3614 pne-

1679 3628 1824 3686 fatus
1854 3630 2169 3696 Mainerius,
2193 3623 2447 3703 episcopo
2481 3631 2774 3691 Gausfrido
2805 3633 2955 3704 (224)
2979 3645 3274 3704 praesente,

1678 3733 1734 3779 et
1753 3722 1974 3779 Simone
1995 3722 2168 3779 fratre
2195 3722 2312 3792 ejus
2344 3724 2650 3796 comiteque
2684 3724 2817 3779 Belli
2863 3724 3060 3781 Montis
3086 3726 3268 3791 lvone,

1679 3815 1969 3870 concessit.
2014 3812 2190 3870 Simili
2245 3816 2402 3872 modo
2443 3828 2726 3871 assensum
2785 3817 2958 3886 patris
2993 3823 3048 3872 et
3081 3816 3270 3873 fratris

1679 3905 1936 3960 alacriter
1963 3922 2061 3977 per
2095 3917 2260 3961 totam
2293 3917 2494 3963 terram
2527 3923 2636 3962 suae
2661 3909 2952 3978 potestatis
2975 3909 3028 3965 in
3063 3925 3261 3983 supra-

1635 4053 1638 4060 .
1679 4007 1981 4052 memorato
2006 4006 2188 4053 castro
2211 4008 2383 4052 ratum
2403 4011 2524 4053 esse
2541 3997 2782 4054 decrevit
2805 3999 3033 4057 domnus
3057 4000 3272 4071 Simon,

1679 4085 1790 4140 filio
1814 4101 1913 4142 suo
1947 4088 2222 4143 Amalrico
2251 4097 2517 4158 praesente
2553 4100 2606 4148 et
2651 4106 2934 4147 assensum
2973 4094 3272 4165 praebente,

1679 4187 1841 4248 atque
1891 4177 2114 4248 Hugone
2145 4179 2210 4235 de
2248 4179 2474 4235 Puteolo
2521 4189 2722 4238 castro.
2756 4181 2811 4236 Si
2847 4182 2970 4252 quis
3019 4198 3151 4239 vero
3179 4199 3274 4240 as-

1615 4277 1626 4282 '
1679 4269 1921 4325 sensioni
1953 4270 2228 4326 contraire
2269 4270 2564 4342 aliquando
2589 4272 2847 4338 voluerit,
2877 4274 3114 4342 quandiu
3140 4289 3269 4346 per-

1681 4362 1834 4416 tinax
1904 4361 2090 4427 fuerit,
2145 4363 2734 4421 excommunicatiouis
2803 4365 2998 4421 baculo
3054 4382 3298 4439 semper.

1677 4451 1938 4520 feriatur,
1969 4462 2024 4508 et
2051 4453 2154 4508 nisi
2181 4453 2473 4523 resipuerit
2500 4463 2555 4511 et
2581 4455 2650 4511 ad
2673 4455 3066 4512 satisfactionis
3088 4473 3264 4515 reme-

1677 4543 1824 4600 dium
1873 4543 2192 4614 confugerit,
2247 4544 2481 4598 animam
2538 4544 2655 4616 ejus
2709 4546 2935 4612 vermis,
2986 4545 3078 4616 qui
3125 4562 3266 4602 nun-
3331 4549 3335 4554 '

1678 4649 1841 4706 quam
1867 4635 2119 4696 moritur,
2156 4632 2210 4688 in
2253 4633 2494 4692 tenebris
2565 4632 2761 4690 inferni
2787 4634 2904 4692 sine
2947 4634 3054 4693 line
3102 4635 3270 4706 depa-

1677 4733 1814 4783 seat.
1843 4744 1862 4778 ι

2195 4815 2596 4874 CAPITULUM
2636 4815 2707 4872 XI

1677 4909 1758 4966 De
1777 4909 1980 4966 decima
2010 4895 2236 4965 Ladonis
2290 4909 2487 4974 Curiw,
2519 4925 2675 4980 quam
2724 4907 3082 4962 reclamabant
3133 4908 3259 4964 Bec~

2239 4997 2416 5036 censes
2447 4981 2710 5034 "tonat-lii.

2248 5074 2414 5143 (Ante
2436 5087 2486 5126 a.
2512 5069 2693 5141 1088.)

1752 5205 1775 5242 r
1826 5187 1884 5244 In
1935 5187 2154 5244 nomine
2211 5193 2413 5242 sancta:
2463 5191 2519 5240 et
2583 5180 2874 5238 individua:
2949 5177 3260 5248 Trinitatis,

1673 5280 1853 5339 Patris
1875 5292 1930 5339 et
1956 5280 2076 5338 Filii
2104 5289 2158 5338 et
2188 5279 2424 5352 Spiritus
2465 5275 2659 5333 sancti.
2700 5272 2895 5329 Notum
2934 5289 3056 5330 esse
3102 5273 3258 5331 volu-

1674 5389 1796 5432 mus
1815 5375 2066 5431 omuibus
2086 5373 2398 5429 christiana:
2425 5367 2721 5440 religionis,
2759 5375 2866 5422 latri
2896 5368 3258 5439 praesentibus

1678 5481 1841 5539 quam
1871 5466 2090 5532 futuris,
2136 5478 2236 5520 nos
2267 5461 2517 5518 monachi
2573 5459 2746 5516 sancti
2807 5458 2953 5515 Petri
2993 5458 3256 5525 emnobil,
3329 5477 3339 5494 ι

1677 5557 2050 5622 Carnotensis,
2073 5551 2412 5610 Guarnerius
2435 5549 2646 5609 scilicet
2671 5563 2736 5606 ac
2763 5547 3070 5606 Josceliuus
3091 5545 3259 5604 Ledu-

1676 5674 1752 5730 sis
1780 5671 2091 5742 cpiscopus.
2124 5667 2375 5742 simoniae
2427 5666 2740 5726 damnatus.
2794 5663 3111 5734 episcopatu
3150 5657 3258 5719 de-

1669 5739 1848 5816 iectus
1875 5739 2043 5800 est'a.
2072 5739 2259 5820 1091..
