3890 6302
538 344 647 413 εει

1397 349 1598 410 PAULI
1633 351 1695 408 s.
1732 350 1940 408 parm
1981 349 2468 417 CABNOTENSIS
2506 323 2856 419 nduamu‘
3704 373 3794 442 55,,

541 468 628 525 nis
651 469 838 537 Curta,
867 482 993 542 quae
1023 479 1108 528 est
1135 469 1270 526 cella
1298 468 1508 541 praefati
1536 467 1770 533 cenohii,
1801 467 1902 522 sub
1933 466 2128 524 abbate
2155 475 2204 530 Α
2231 468 2335 527 loci
2361 486 2621 546 perpetuo
2640 480 2764 550 jure
2794 478 3056 539 habeant,
3117 475 3240 534 sine
3284 478 3392 536 ulla
3421 480 3665 537 caluunia
3691 503 3704 540 :
3729 491 3793 549 ita

537 557 830 616 Enstachio
899 562 1242 627 militantes,.
1279 561 1513 632 qualiter
1566 559 1633 614 lis
1703 567 1759 614 et
1825 558 2124 626 calumnia,

536 664 701 720 quam
736 653 890 707 nobis
929 652 1235 708 inferebant
1283 650 1534 720 monachi
1586 650 1911 715 Beccenses,
1959 650 2126 706 ﬁnem

536 743 811 811 acceperit
849 743 902 798 in
951 759 1166 798 camera
1206 744 1397 798 domus
1453 741 1680 808 Pagani,
1734 740 1830 796 ﬁlii
1879 740 2126 812 Hugonis

537 827 859 906 Franconis,
911 832 1052 902 apud
1094 840 1332 888 castrum
1386 831 1558 886 Calidi
1603 830 1832 886 Montis.
1889 829 1966 887 lbi
1997 831 2125 902 qui-

537 919 659 976 dem
688 921 875 978 aderat
909 921 1216 993 Anselmus,
1260 924 1428 980 abbas
1457 923 1669 980 cenobii
1695 924 1878 992 Becci,
1908 933 1964 980 et
1995 933 2121 982 cum

537 1023 605 1066 eo
625 1027 690 1067 ex
714 1013 831 1083 ejus
873 1014 1155 1070 monachis
1211 1014 1569 1080 Gislebertus,
1615 1023 1774 1072 ortus
1822 1015 1889 1070 de
1927 1029 2126 1084 genere

536 1098 935 1173 Crispinorum,
963 1113 1018 1161 et
1046 1105 1396 1171 Eustachius,
1448 1107 1783 1178 praenomine
1827 1107 2120 1180 Paganus;

537 1189 840 1251 aderantet
887 1197 1140 1252 meliores
1170 1213 1233 1253 ex
1273 1197 1365 1251 illo
1406 1206 1615 1263 castro,
1649 1206 1899 1256 tenentes
1954 1187 2126 1270 placi4

539 1291 652 1338 tum
671 1285 738 1340 de
767 1287 1065 1356 presbitero
1093 1287 1338 1344 ecclesiae
1363 1298 1562 1345 sancta:
1611 1288 1815 1356 Mariae,
1848 1306 1970 1360 qua:
2017 1292 2124 1346 sita

533 1387 621 1432 est
649 1377 872 1434 inferius
898 1395 1005 1436 non
1059 1379 1217 1452 longe
1246 1397 1275 1435 a
1304 1379 1539 1437 Ledonis
1563 1379 1729 1437 Curte
1754 1398 1769 1446 ;
1793 1391 1849 1438 et
1868 1381 2124 1438 volebant

535 1469 634 1520 aut
660 1476 883 1523 uxorem
937 1459 1054 1540 ejus
1103 1469 1176 1524 illi
1232 1480 1490 1526 excutere
1537 1479 1631 1526 aut
1667 1471 1967 1528 aecclesiam
1998 1488 2122 1543 qua:

534 1555 747 1611 illorum
793 1566 933 1614 erat.
984 1559 1040 1614 in
1100 1559 1278 1617 medio
1324 1575 1540 1632 quoque
1581 1560 1784 1631 placito
1833 1559 1904 1616 ab
1942 1560 2124 1617 archi-

535 1650 804 1722 episcopo
828 1652 1215 1725 Rotomagensi
1249 1653 1396 1726 (225)
1433 1655 1611 1711 missae
1639 1663 1767 1711 sunt
1789 1654 1946 1711 nobis
1973 1669 2122 1727 quie-

532 1741 890 1810 damlitteraa,
921 1753 1211 1800 exorantes
1236 1754 1315 1812 ut,
1349 1760 1447 1816 pro
1473 1746 1867 1818 archiepiscOpi
1903 1762 2116 1815 amore,

531 1831 776 1891 decimas
834 1849 1018 1892 rerum
1070 1844 1126 1892 et
1169 1835 1502 1906 sepulturam
1575 1847 1774 1893 nostra:
1841 1839 2111 1906 ecclesiae,
2149 1824 2193 1879 Β

532 1941 700 1995 quam
767 1942 797 1981 a
839 1929 1043 1984 nostris
1099 1929 1409 1985 hominibus
1485 1930 1906 2000 accipiebamus,
1973 1933 2114 1987 intra

534 2015 794 2074 Fossatos
849 2019 1341 2088 cummanentibus,
1400 2019 1766 2077 Becccnsibus
1837 2024 2119 2079 monachis

534 2106 904 2163 redderemus.
935 2108 1084 2177 Quod
1112 2126 1236 2166 cum
1266 2119 1595 2179 castrenses,
1621 2120 1730 2166 tam
1748 2112 1928 2170 clerici
1951 2129 2115 2184 quam

535 2196 680 2264 laici,
709 2200 1010 2268 audissent,
1034 2213 1291 2260 extranea
1323 2206 1403 2262 eis
1431 2220 1518 2262 res
1546 2206 1732 2261 audita
1771 2207 1884 2263 visa
1923 2217 2031 2274 est,
2062 2217 2120 2264 ut

535 2277 681 2361 quod
703 2291 1020 2350 Gualterius
1038 2309 1221 2354 comes
1274 2306 1467 2355 sancto
1517 2297 1701 2369 Petro,
1758 2299 1874 2357 fere
1919 2301 2122 2358 abhinc

531 2379 681 2440 XXX
731 2385 891 2442 annis
931 2395 987 2443 et
1040 2389 1295 2460 amplius,
1352 2390 1681 2459 contulerat,
1728 2401 1786 2448 et
1827 2394 2120 2464 optimates

533 2477 656 2547 ejus
695 2495 980 2537 assensum
1019 2484 1372 2554 prebuerant,
1403 2500 1434 2540 a
1469 2485 1771 2556 monachis,
1811 2488 2120 2558 nuperrime

531 2571 890 2628 acclesiolam
963 2576 1280 2645 praedictam
1324 2577 1670 2644 habentibus,
1727 2577 1928 2648 injuste
1967 2581 2120 2636 nobis

535 2655 836 2732 tolleretur.
870 2655 1023 2722 Tunc
1049 2683 1238 2724 omnes
1284 2669 1405 2723 viva
1436 2685 1570 2726 voce
1620 2678 1676 2725 et
1720 2669 2121 2728 indissimulato

530 2750 679 2812 vultu
714 2757 1080 2815 tcstimonimn
1129 2763 1497 2832 praebuerunt,
1536 2764 1701 2834 quod,
1750 2763 1884 2834 ipsis
1925 2764 2116 2822 viden-

472 2916 474 2919 τ
532 2850 675 2905 tibus
701 2860 756 2906 et
779 2851 1152 2921 audientibus,
1181 2869 1365 2911 comes
1395 2855 1704 2914 Gualterius
1740 2867 1930 2914 sancto
1954 2858 2116 2917 Petro

533 2943 757 2998 dederat
805 2945 1140 3014 sepulturam
1194 2957 1249 3002 et
1306 2949 1571 3004 decimam
1636 2952 1918 3010 hominum
1976 2955 2117 3009 intra

531 3031 791 3090 Fossatos
816 3034 1198 3102 habitantium,
1227 3037 1476 3094 videlicet
1501 3040 1567 3097 dc
1589 3041 1783 3110 bubus,
1809 3045 1875 3100 de
1901 3045 2116 3113 oribus,

533 3123 604 3192 de
639 3125 830 3190 asinis,
879 3125 947 3179 de
996 3127 1199 3197 cquis;
1262 3129 1530 3185 decimam
1589 3147 1806 3203 quoque
1854 3135 1920 3189 de
1975 3146 2116 3192 terra

529 3205 696 3282 quam
755 3213 1007 3270 monachi
1079 3227 1418 3286 exararent;
1474 3220 1743 3276 decimam
1788 3223 1952 3278 etiam
2010 3227 2121 3281 ari-

531 3307 697 3377 penui
729 3307 815 3362 ubi
845 3307 1035 3364 furnus
1083 3309 1212 3363 olim
1256 3309 1436 3366 fuerat
1470 3313 1626 3369 situs.
1679 3305 1792 3371 Hoc
1839 3317 2122 3376 audientes

535 3399 807 3464 tnouachi,
881 3415 1005 3455 cum
1069 3401 1266 3459 abbate
1316 3418 1435 3471 suo,
1489 3404 1746 3475 injustam
1811 3409 2118 3466 caluuniam

532 3488 886 3560 deponentes,
942 3491 1197 3564 deinceps
1249 3493 1538 3550 siluerunt.
1599 3495 1787 3554 Testes
1837 3497 1996 3570 hujus
2040 3501 2120 3557 rei

533 3581 698 3636 etiam
761 3585 1074 3640 curavimus
1144 3586 1532 3644 subscribere:
1573 3587 1880 3646 Manassem
1940 3593 2123 3648 archi-

531 3677 932 3748 presbyterum,
987 3676 1338 3746 llerbertum,
1393 3680 1708 3750 Genricum,
1759 3685 2117 3753 Gualterium,

531 3767 856 3836 Sansonem,
905 3771 1197 3828 canonicos
1226 3788 1242 3839 ;
1280 3771 1520 3829 Odonem
1551 3776 1946 3846 viceeomitem,
1980 3777 2120 3834 Her-

533 3859 745 3914 bertum
776 3861 1117 3930 pincernam,
1145 3863 1479 3920 Rodbertum
1508 3868 1882 3937 przepositum,
1934 3867 2116 3940 Roge-~

530 3951 670 4006 rium
699 3946 946 4021 militem,
976 3947 1282 4012 Givelinum
1313 3973 1329 4024 ;
1371 3956 1733 4026 Rodbertum,
1791 3959 2021 4015 militem
2050 3959 2119 4016 de

528 4059 760 4100 marina.
803 4063 824 4098 ι

1048 4137 1448 4197 CAPITULUM
1482 4141 1595 4196 XII.

809 4226 968 4296 Item,
1001 4229 1196 4285 donum
1241 4232 1306 4285 de
1344 4233 1485 4285 saltu
1538 4231 1834 4302 Godej’ridi.

1105 4325 1266 4391 (Ante
1287 4338 1338 4375 a.
1370 4319 1550 4393 l088.)

602 4427 621 4460 ι
655 4405 713 4464 In
751 4407 954 4466 Christi
1000 4412 1240 4468 nomine.
1288 4412 1403 4483 Ego
1452 4411 1817 4482 Guarnerius,
1850 4431 1954 4469 ...θ
1988 4431 2113 4473 cum

522 4494 816 4562 Joscelino,
847 4501 1019 4555 sancti
1046 4500 1195 4555 Petri
1223 4491 1594 4571 apostolorum
1631 4504 1891 4574 principis
1915 4505 2116 4563 Carno-

525 4583 696 4646 tensis
725 4591 985 4654 caanobii.
1031 4602 1194 4662 atque
1230 4593 1332 4647 sub
1386 4591 1583 4649 abbate
1629 4593 1943 4663 Eustachio,
1981 4614 2110 4668 pro-

523 4683 731 4739 visores
768 4684 869 4740 loci
895 4683 1129 4740 Ledonis
1177 4683 1386 4752 Curtis,
1450 4685 1505 4740 iu
1535 4687 1813 4744 territorio
1857 4688 2112 4747 Vileasini

523 4776 712 4841 castri,
769 4791 932 4846 quem
987 4776 1305 4833 Gualterius
1357 4791 1564 4844 comes,
1637 4777 1778 4835 ﬁlius
1847 4780 2114 4852 Drogonis

522 4869 760 4934 comitis,
787 4878 1048 4941 regnante
1073 4869 1316 4925 llanrico
1355 4885 1500 4943 rege,
1559 4880 1752 4927 sancto
1799 4871 1963 4929 Petro
1990 4889 2115 4945 per-

521 4960 814 5032 petualiter
862 4962 1194 5027 habendum,
1259 4962 1456 5018 abbate
1530 4961 1805 5020 Landrieo
1871 4965 2116 5036 vivente,

519 5051 874 5108 concedendo
897 5053 1363 5120 tribuit;notum,
1395 5053 1640 5125 inquam,
1688 5069 1812 5114 esse
1859 5059 2111 5116 volumus

522 5151 632 5197 tam
661 5143 1020 5213 praesentibus
1046 5159 1213 5214 quam
1257 5143 1458 5203 futuris
1499 5154 1703 5204 sanctae
1734 5150 1828 5206 Dei
1853 5153 2114 5211 aecclesiae

523 5232 796 5299 ﬁdelibus,
838 5235 982 5303 quod
1036 5235 1257 5305 quidam
1308 5237 1486 5305 miles,
1527 5243 1746 5298 nomine
1788 5243 2112 5302 Godefridus

522 5327 589 5381 de
619 5325 894 5392 Fluriacu,
944 5328 1263 5386 inﬁrmitate
1321 5348 1427 5402 qua
1479 5344 1725 5391 mortuus
1773 5348 1858 5392 est
1905 5340 2112 5396 detemo

518 5427 666 5486 plus,
702 5431 801 5488 per
820 5416 990 5480 ﬁlium
1019 5434 1198 5486 suam,
1231 5423 1451 5478 nomine
1475 5421 1776 5494 Hugonem,
1805 5437 1860 5483 et
1886 5445 2108 5486 uxorem

519 5522 696 5574 suam,
725 5508 972 5578 Adelam,
1021 5512 1220 5567 donum
1251 5514 1334 5570 sui
1363 5515 1534 5572 saltus
1563 5518 1708 5573 misit
1745 5534 1909 5592 super
1939 5522 2110 5580 altare

519 5600 695 5680 sancti
739 5599 883 5658 Petri
913 5606 1220 5675 ponendum
1278 5609 1535 5664 ouatiuus
1587 5613 1834 5669 monachi
1891 5615 2100 5686 praefati

2226 562 2478 622 videlicet
2510 578 2571 623 ut
2598 570 2721 626 inde
2763 572 3095 640 accelesiam,
3149 573 3342 630 domos
3370 583 3428 629 et
3458 575 3649 632 horrea
3679 595 3780 651 sua,

2227 657 2443 724 quando
2489 673 2626 728 opus
2671 661 2856 728 fuerit,
2916 664 3205 730 aediﬁcent,
3262 679 3424 735 agros
3470 675 3528 720 et
3595 680 3782 729 certem

2225 759 2380 802 suam
2412 749 2698 818 claudant,
2737 764 2902 824 atque
2951 757 3132 812 omnia
3170 769 3266 812 sua
3301 759 3606 814 necessaria
3629 764 3788 819 exclu-

2227 839 2379 895 dant.
2413 841 2542 899 Past
2567 857 2798 902 mortem
2849 858 3034 905 autem
3059 850 3197 920 ejus,
3227 851 3280 905 in
3312 851 3586 907 eimiterio
3637 861 3786 915 sancti

2225 928 2372 988 Petri
2422 949 2622 1006 corpus
2680 939 2800 1011 ejus
2853 951 2940 996 est
3000 943 3294 1012 sepultum,
3348 944 3390 999 V
3439 945 3560 1000 idus
3605 949 3785 1018 aprilis.

2225 1018 2379 1079 Tunc
2426 1041 2642 1097 quoque
2679 1045 2818 1084 uxor
2849 1041 2907 1087 et
2949 1031 3143 1102 reliqui
3189 1033 3285 1088 ﬁlii
3322 1033 3443 1105 ejus
3466 1045 3674 1092 rursum
3708 1041 3789 1095 do-

2225 1127 2354 1166 num
2379 1114 2548 1171 saltus
2591 1119 2862 1187 praelibati
2921 1135 3088 1192 super
3135 1122 3332 1189 altare,
3380 1137 3482 1193 pro
3520 1126 3690 1182 anima
3714 1144 3788 1197 pa-

2225 1203 2344 1279 tris,
2373 1219 2693 1276 posuerunt.
2726 1209 2898 1280 Hujus
2943 1213 3019 1269 rei
3049 1215 3267 1271 testium
3321 1217 3546 1272 nomina
3572 1217 3785 1274 subscri-

2223 1307 2312 1363 pta
2341 1304 2468 1350 sunt
2499 1315 2513 1351 :
2546 1297 2832 1358 Gerelmus
2857 1304 3148 1373 presbiter,
3175 1304 3303 1361 Milo
3344 1307 3628 1378 presbiter,
3670 1307 3784 1365 Ursa

2225 1385 2400 1453 miles,
2429 1387 2544 1443 Odo
2569 1389 2744 1456 miles,
2785 1391 2878 1456 ,lvo
2906 1393 3064 1449 miles
3103 1395 3174 1451 de
3202 1395 3298 1450 Fai
3326 1412 3342 1462 ;
3373 1396 3669 1464 Hilduinus,
3696 1395 3786 1454 fra-

2224 1483 2307 1530 ter
2331 1475 2491 1545 ejus;
2524 1478 2807 1538 Givelinus
2837 1499 2853 1548 ;
2885 1483 3205 1554 Rainaldus,
3255 1485 3405 1550 ﬁlius,
3449 1485 3600 1557 ejus;
3633 1486 3786 1546 Gods-

2221 1564 2394 1625 frldus
2414 1569 2598 1628 miles.
2647 1589 2670 1626 ι

2720 1685 3126 1746 GAPITULUM
3154 1689 3293 1747 XIII.

2723 1796 2798 1854 De
2824 1801 3023 1855 vicaria
3068 1800 3282 1858 Belsim.

2773 1914 2934 1986 (Ante
2959 1928 3011 1970 a.
3042 1914 3230 1986 1091.)

2299 2037 2320 2073 ‹
2350 2015 2407 2079 ln
2440 2013 2640 2080 Christi
2669 2027 2905 2083 nomine.
2927 2027 3039 2098 Ego
3067 2026 3385 2094 Walterius,
3413 2028 3555 2086 ﬁlius
3575 2029 3784 2099 Flealdi,

2222 2113 2433 2172 abbatis
2481 2118 2652 2172 sancti
2711 2118 2854 2175 Petri
2918 2119 3196 2176 Eustachii
3242 2129 3297 2176 et
3340 2122 3446 2177 sibi
3505 2125 3774 2180 conmissa:

2222 2210 2659 2280 congregationis
2685 2212 2938 2280 precibus
2964 2213 3252 2278 adductus,
3302 2215 3564 2271 vicariam
3592 2232 3785 2274 omnem

2221 2313 2383 2370 quam
2407 2302 2463 2356 in
2485 2302 2739 2356 omnibus
2768 2302 2928 2360 terris
2953 2303 3130 2358 sancti
3155 2303 3300 2359 Petri
3334 2304 3617 2372 habebam,
3642 2323 3792 2364 uxore

2224 2406 2344 2446 mea
2369 2391 2687 2448 Fredesindi
2720 2403 2775 2448 et
2797 2393 2908 2450 ﬁlio
2931 2407 3053 2448 meo
3086 2395 3370 2464 llainaldo,
3398 2415 3522 2452 cum
3551 2399 3791 2455 fratribus

2221 2490 2277 2538 et
2304 2484 2581 2539 sororibus
2601 2485 2736 2551 suis,
2761 2496 2924 2557 atque
2947 2490 3112 2545 etiam
3139 2489 3390 2546 Lisiardo
3412 2492 3782 2562 annueutibus,

2222 2588 2321 2643 ι)Γο
2375 2575 2681 2630 animarum
2731 2587 3042 2634 nostrarum
3082 2590 3137 2635 et
3164 2591 3450 2651 parentum
3500 2592 3788 2638 llOSll'Ol'lllll

2224 2668 2615 2740 redemptione,
2649 2685 2746 2741 per
2783 2687 3110 2730 consensum
3165 2677 3347 2732 domui
3397 2679 3502 2734 mei
3548 2678 3791 2735 Gunherii

2222 2761 2468 2817 ecclesia:
2516 2764 2691 2819 sancti
2723 2763 2868 2820 Petri
2905 2765 2959 2820 in
3009 2777 3330 2838 perpetuum
3373 2769 3588 2825 dimitto
3622 2786 3637 2836 ;
3667 2772 3792 2826 acci-

2222 2854 2376 2924 piens
2422 2855 2588 2911 michi
2637 2857 2694 2913 in
2760 2861 3121 2916 concanhium
3173 2877 3204 2917 a
3250 2862 3465 2934 prefato
3527 2865 3716 2921 abbate
3747 2875 3791 2920 et

2224 2947 2509 3003 monachis
2557 2958 2666 3004 tres
2713 2951 3047 3022 agripennos
3113 2954 3416 3019 vinearum,
3464 2956 3519 3010 in
3569 2955 3791 3011 convalle

2225 3035 2413 3094 Sancti
2434 3037 2825 3108 Bartholomei,
2852 3043 2906 3097 in
2931 3043 3117 3100 clauso
3144 3044 3238 3115 qui
3265 3047 3462 3101 dicitur
3481 3045 3789 3118 lugelbaudi.

2228 3127 2384 3184 Unde
2411 3130 2575 3184 etiam
2617 3132 2846 3202 predicti
2880 3135 3130 3190 monachi
3179 3135 3421 3206 praefatae
3478 3139 3633 3193 uxori
3678 3153 3791 3193 mete

2229 3219 2362 3275 duas
2392 3221 2510 3274 auri
2544 3223 2742 3288 untias,
2767 3232 2821 3279 et
2843 3224 2953 3280 lilio
2987 3241 3108 3282 meo
3165 3242 3362 3298 equum
3413 3229 3622 3298 argenti
3671 3247 3792 3284 ιιιςιτι

2225 3311 2304 3366 cis
2321 3328 2414 3366 sex
2437 3324 2808 3384 comparatum
2838 3316 3060 3385 donant,
3089 3321 3352 3389 praedicto
3368 3323 3536 3377 etiam
3564 3322 3790 3379 Lisiardo

2227 3402 2268 3458 V
2296 3404 2557 3460 addentes
2593 3405 2814 3462 solidos.
2839 3405 2994 3474 Quod
3027 3410 3191 3465 etiam
3249 3413 3559 3482 posteritati
3612 3425 3790 3471 nostra:

2223 3503 2414 3548 notum
2459 3495 2641 3552 facere
2691 3505 2746 3552 et
2791 3511 2890 3566 per
2937 3502 3286 3556 succedentia
3339 3511 3584 3575 tempora
3638 3515 3791 3560 ratuin

2223 3601 2447 3642 manere
2475 3587 2777 3659 cupientes,
2813 3587 3119 3668 litterarum
3174 3595 3450 3648 memoriae
3475 3595 3613 3650 tradi
3639 3595 3792 3650 volui-

2224 3694 2343 3732 mus
2374 3693 2390 3744 ;
2418 3687 2474 3734 et
2503 3695 2662 3735 manu
2693 3691 2878 3738 nostra
2918 3685 3232 3740 annotando
3256 3685 3614 3753 ﬁrmavimus,
3651 3697 3792 3757 atque

2222 3771 2435 3826 domuis
2461 3782 2516 3827 et
2560 3774 2754 3829 amicis
2790 3776 2994 3832 nostris
3022 3777 3091 3832 ad
3134 3778 3638 3834 corroborationem
3689 3788 3791 3834 tan-

2221 3863 2452 3932 gendum
2484 3862 2795 3920 obtulimus.
2845 3865 2905 3921 S.
2934 3866 3222 3936 Gualterii,
3272 3868 3366 3924 ﬁlii
3400 3867 3630 3940 Flealdi.
3678 3869 3793 3925 Ἑτο-

2221 3954 2480 4023 desindis,
2513 3959 2719 4014 uxoris.
2738 3958 3012 4028 Raiualdi,
3040 3963 3132 4031 ﬁlii
3157 3964 3296 4033 ejus.
3321 3963 3510 4022 Heliae.
3543 3965 3788 4037 Hugonis.

2221 4045 2473 4104 Lisiardi.
2508 4050 2764 4119 Adeline,
2809 4052 2934 4109 ﬁliae
2982 4053 3120 4125 ejus.
3171 4056 3474 4114 Elisabeth.
3525 4058 3612 4113 Ex
3654 4068 3792 4130 parte

2221 4137 2483 4195 Gualterii
2510 4156 2526 4195 :
2557 4141 2890 4209 Rodbertus,
2940 4143 3084 4203 ﬁlius
3145 4146 3407 4216 Bodulﬁ;
3458 4148 3634 4222 llugo,
3667 4149 3790 4205 ﬁlius

2222 4227 2495 4286 Lamberti
2530 4249 2545 4298 ;
2576 4233 2690 4300 lvo,
2747 4234 2893 4290 ﬁlius
2955 4237 3212 4292 Norberti
3243 4254 3260 4305 ;
3289 4237 3652 4312 Oydelardus,
3707 4255 3793 4296 nee

2221 4339 2319 4394 pos
2367 4323 2670 4395 Gualterii;
2720 4329 3016 4394 Eiuardus,
3087 4330 3442 4390 Raimbaldus
3510 4335 3788 4404 presbiter,

2220 4415 2529 4474 Lanbertus
2571 4420 2862 4489 presbiter.
2889 4422 2966 4478 Ex
3000 4431 3189 4479 nostra
3241 4435 3397 4494 parte
3430 4443 3444 4479 :
3473 4425 3793 4485 Gausfredus

2147 4543 2193 4601 Ι)
2223 4510 2441 4581 prtcsul,
2475 4512 2830 4586 lngelrannus
2877 4516 3138 4584 decanus,
3194 4517 3500 4576 Adelardus
3547 4521 3794 4578 subdeca-

2237 4602 2660 4669 ius,Gauslinus
2703 4605 3144 4674 archidiaconus,
3198 4607 3498 4666 Guerricus
3554 4611 3792 4676 clericus,

2217 4694 2495 4752 l-lilbertus
2522 4699 2589 4753 de
2624 4697 2878 4768 Gurzeis,
2905 4699 3173 4772 Gemgius
3225 4703 3478 4771 clericus,
3505 4703 3791 4760 Guerricus

2217 4787 2592 4856 vicedomnus,
2662 4789 2966 4850 Willelmus
3037 4799 3419 4868 przepositus;
3475 4799 3790 4861 Tcdbaldus,

2219 4878 2389 4934 frater
2417 4883 2573 4952 ejus;
2615 4883 2924 4942 Tcdbaldus
2955 4887 3160 4957 Farsit,
3186 4891 3492 4950 Willelmus
3534 4894 3791 4962 Mordcns,

2218 4968 2534 5038 Jhotardus,
2603 4974 2948 5046 Gunbaldus,
2995 4979 3324 5040 Laurentius
3387 4987 3789 5055 cubicularius;

2217 5066 2575 5133 Fulchardus;
2600 5065 2876 5126 Teduinus
2901 5079 2957 5127 et
2995 5071 3262 5140 Gaudius,
3317 5074 3519 5134 fratres
3550 5095 3567 5145 ;
3602 5079 3794 5134 llildul-

2218 5160 2306 5217 fus
2331 5159 2768 5227 etGausfredus.
2820 5163 3064 5234 fratres;
3121 5168 3442 5234 Advcutius,
3500 5171 3794 5244 Stephanus

2216 5263 2273 5307 et
2303 5249 2580 5321 Salomon,
2610 5251 2810 5310 fratres
2840 5272 2855 5322 ;
2910 5254 3272 5327 lngelbertus,
3295 5258 3589 5324 Johannes.
3635 5264 3796 5319 Gaus-

2221 5343 2426 5408 l‘redus,
2469 5345 2586 5399 coci
2617 5361 2632 5411 ;
2675 5344 2988 5403 Gualterius
3019 5357 3218 5415 sartor,
3249 5349 3513 5409 Ribaldus
3539 5353 3604 5409 de
3635 5353 3793 5408 Frauo

2219 5438 2340 5492 sino
2369 5454 2383 5502 ;
2416 5435 2748 5509 Stephanus,
2771 5438 2916 5497 ﬁlius
2950 5440 3192 5499 Dodonis
3223 5459 3239 5510 ;
3265 5442 3465 5516 Radul,
3519 5447 3660 5503 ﬁlius
3690 5447 3790 5502 llil-

2217 5527 2444 5594 denarii.
2481 5549 2501 5583 ι

591 5778 741 5849 (235)
765 5779 1082 5841 Guillelmus
1113 5784 1395 5845 lccclesiae
1445 5769 1865 5863 llatbomagensi
1907 5793 2124 5885 przeluit
2161 5796 2231 5856 ab
2269 5812 2322 5853 a.
2351 5798 2489 5854 l078
2517 5813 2685 5869 usque
2715 5797 2783 5860 ad
2809 5814 2862 5858 ι.
2886 5797 3046 5857 me.
