3842 6308
537 457 910 514 ιΑΡΠΠωΜ
945 457 1094 512 λιν.

375 549 581 604 Donum
613 548 866 605 Cuulterii
911 551 976 604 de
1006 549 1238 604 vicariis.

570 640 730 710 (Ante
760 655 812 694 a.
844 639 1028 709 1088.)

103 749 195 788 ιιι]
233 730 449 786 nomine
492 731 731 785 omnium
783 729 1099 786 Conditoris
1139 744 1344 784 rerum.
1390 727 1592 783 Natum

42 839 138 880 esse
162 822 422 886 volumus,
446 836 552 892 ego
578 821 910 876 Eustachius
935 821 1106 876 abbas
1131 821 1418 890 amnisque
1457 822 1595 873 ‘con-

42 915 249 984 gregatio
276 915 671 969 monachorum
696 913 884 968 Sancti
910 911 1055 968 Petri
1078 911 1452 976 Carnotensis,
1476 925 1596 966 am-

43 1007 171 1062 nibus
192 1005 464 1074 ﬁdelibus,
488 1017 600 1063 tam
625 1006 896 1079 presentis
923 1020 1087 1086 quam
1117 1003 1284 1060 futuri
1315 1005 1422 1070 evi,
1451 1005 1596 1076 quod

42 1097 317 1153 Guuberius
345 1099 414 1155 de
445 1098 628 1156 Monte
653 1097 892 1164 Letardi,
928 1097 1070 1153 filius
1096 1098 1349 1154 videlicet
1373 1097 1597 1153 Gualte-

41 1187 168 1244 riide
188 1187 396 1252 Alneta,
440 1189 512 1246 de
547 1190 767 1246 vicariis
795 1203 931 1260 quas
953 1189 1009 1245 in
1042 1187 1218 1245 Beisia
1249 1188 1407 1244 nobis
1429 1187 1596 1244 ϐυθι-

43 1281 183 1337 terius
209 1281 346 1337 ﬁlius
375 1280 585 1337 Flealdi
635 1281 900 1348 vendidit,
948 1290 1062 1337 tam
1115 1281 1170 1336 in
1217 1280 1424 1336 Abonis
1452 1279 1594 1338 Villa

41 1386 174 1440 quam
200 1387 250 1424 m
277 1370 399 1428 aliis
439 1371 597 1436 locis,
635 1387 917 1428 assensum
960 1371 1322 1429 libentissime
1351 1365 1590 1444 prebuit,

41 1447 312 1532 denumque
358 1476 532 1532 super
571 1461 743 1518 altare
790 1461 964 1518 sancti
1017 1461 1168 1518 Petri
1218 1461 1421 1533 posuit.
1473 1459 1590 1516 Non

42 1550 181 1604 solum
219 1551 282 1606 de
308 1551 454 1618 datis
488 1552 574 1608 v'el
603 1553 859 1619 venditis,
887 1564 969 1610 set
997 1554 1164 1610 etiam
1194 1554 1262 1611 de
1284 1554 1479 1610 dandis
1505 1553 1590 1609 vel

44 1641 320 1709 vendendis,
343 1641 579 1698 solidam
607 1643 764 1700 nobis
787 1643 1104 1701 firmitatem
1134 1645 1303 1710 dedit,
1336 1655 1396 1702 ut
1420 1663 1448 1702 a
1479 1646 1594 1702 suis

42 1729 262 1788 militibus
291 1733 706 1804 acciperemus;
737 1744 793 1790 et
827 1751 936 1792 non
983 1736 1160 1793 solum
1207 1738 1444 1794 vicarias
1473 1753 1594 1808 qua:

820 343 1057 400 VETUS
1093 340 1349 398 AGANO.
1375 371 1436 381 —
1473 339 1604 394 ΗΒ.
1642 337 1773 394 Vill.
1817 336 2274 394 EUS'I'ACIIIUS.

3177 348 3289 406 358

1625 457 1673 514 Α
1700 449 1980 518 Salomon,
2009 450 2241 521 fratres;
2266 451 2560 521 Tedninus,
2584 453 2828 512 Gaudius
2858 467 2915 514 et
2939 457 3270 531 liarduinns,

1695 543 1924 608 fratres;
1976 542 2242 600 Radulfus
2271 553 2326 600 et
2372 544 2699 613 Richardus,
2738 548 2968 617 fratres;
2993 551 3286 623 'Leodega-

1696 634 1832 698 rius,
1883 634 2215 704 Stephanus,
2263 635 2546 703 Martinus,
2577 636 2882 695 Radbertus
2913 641 3281 712 pelliciarius;

1697 722 2028 787 Gualterius,
2061 726 2326 782 Avantius
2350 737 2405 783 et
2428 729 2734 794 Durandus,
2767 741 3048 801 sartares;
3084 736 3284 808 Engel—

1697 813 1888 869 bertus
1910 824 1965 870 et
1993 813 2317 874 Gausfridus
2341 820 2456 874 coci
2481 836 2497 885 ;
2529 820 2816 879 Durandus
2858 823 3053 895 pistor.
3085 827 3285 885 Actum

1700 916 1786 961 est
1819 907 1923 963 hac
1961 908 2210 966 Carnutis
2239 911 2452 981 publice
2495 913 2550 967 in
2600 915 2844 972 azcelesia
2897 920 3072 976 sancti
3111 919 3282 988 Petri,

1703 1001 1846 1054 anno
1913 1001 2182 1057 dominice
2240 1003 2634 1061 incarnationis
2700 1007 2987 1064 millesimo
3047 1023 3288 1085 nonage—

1698 1091 1838 1147 simo
1867 1091 1955 1158 Vl,
1988 1103 2250 1165 regnante
2275 1093 2526 1168 Philippa
2555 1113 2683 1170 rege
2713 1099 2766 1154 in
2796 1100 3049 1157 Francia.
3081 1123 3102 1158 ι

2195 1185 2592 1247 CAPITULUM
2644 1191 2782 1247 XVI.

1984 1277 2210 1335 Donatio
2234 1279 2445 1336 uicaria:
2467 1283 2531 1338 de
2559 1283 2766 1340 Damna
2798 1285 2996 1342 Maria.

1949 1373 1958 1382 ‘
2267 1371 2430 1443 (Ante
2455 1389 2506 1428 a.
2531 1366 2716 1447 1088.)

1775 1478 1794 1513 ‹
1840 1459 1956 1517 Νοη
1983 1461 2157 1518 solum
2183 1476 2339 1520 novae
2360 1465 2492 1538 legis
2516 1468 2611 1524 sed
2641 1467 2804 1525 etiam
2832 1471 3033 1528 Veteris
3056 1471 3283 1530 instrui-

1697 1569 1821 1609 mur
1854 1555 2086 1626 paginis,
2117 1555 2278 1626 quia,
2309 1555 2415 1613 fide
2463 1557 2547 1613 Vel
2585 1559 2778 1615 merito
2828 1560 3115 1631 bonorum,
3147 1580 3277 1635 pec-

1698 1644 1972 1699 catoribus
2005 1644 2158 1699 venia
2186 1653 2463 1715 prestatur
2501 1659 2721 1702 suorum
2749 1651 3151 1718 peccaminum,
3191 1653 3279 1711 die

1699 1741 1857 1787 cente
1887 1731 2114 1788 Domina
2153 1735 2223 1790 ad
2250 1734 2564 1791 Abraham:
2603 1737 2667 1794 Si
2695 1738 2870 1794 decem
2911 1740 3033 1797 (toni
3078 1744 3282 1811 fuerint

42 1827 92 1880 de
126 1825 228 1897 eius
269 1826 545 1884 beneﬁcio
583 1844 708 1886 esse
748 1839 1071 1897 noscuntur,
1101 1829 1196 1887 sed
1220 1831 1386 1887 etiam
1417 1840 1592 1887 ιει-ι-εε
1626 1818 1668 1874 Β
1695 1824 1908 1888 inuenti,
1941 1827 2100 1880 ceteri
2142 1827 2489 1885 saluabuntur
2519 1841 2733 1902 propter
2772 1833 2910 1903 ipsos
2957 1834 3128 1907 (226).
3166 1835 3279 1894 liae

42 1931 147 1983 quas
182 1916 258 1972 sui
301 1916 510 1976 milites
541 1927 736 1976 sancto
773 1919 936 1976 Petro
965 1921 1100 1977 dare
1125 1921 1208 1977 vel
1232 1922 1467 1976 vendere
1495 1937 1592 1976 vo-

43 2007 222 2074 luerint,
247 2023 534 2066 assensum
563 2011 795 2081 praebuit
821 2020 881 2066 ut
905 2011 1226 2068 habeamus.
1249 2011 1595 2082 Quapropter

43 2109 118 2150 nos
143 2115 251 2154 eum
293 2099 624 2173 collegimus
670 2103 725 2158 in
767 2103 1111 2160 orationibus
1150 2113 1206 2159 et
1245 2103 1298 2158 in
1337 2103 1592 2158 anmibus

45 2191 206 2247 uestris
231 2191 385 2250 bonis
430 2196 718 2266 operibus,
759 2206 820 2250 ut
851 2196 1130 2268 particeps
1156 2195 1366 2265 prazmii
1397 2196 1468 2251 sit
1494 2210 1591 2252 no-

42 2284 207 2339 luscum
234 2285 285 2340 in
314 2303 488 2361 regna
521 2289 809 2346 caelorum.
843 2289 1036 2347 Testes
1060 2290 1430 2347 concessionis
1473 2291 1593 2360 ejus

42 2373 83 2452 in
107 2374 194 2432 hac
219 2378 434 2436 scedula
466 2381 823 2438 subscribere
865 2399 968 2440 usu
1008 2382 1366 2440 aaciesiastico
1413 2383 1589 2439 valui-

43 2477 152 2523 mus.
175 2468 244 2526 De
271 2487 366 2527 sua
394 2485 566 2546 parte
597 2487 612 2528 :
642 2474 915 2532 Ansoidus
940 2473 1008 2531 de
1035 2473 1301 2546 Mungerii
1328 2473 1487 2530 Villa.
1515 2474 1592 2531 De

43 2569 190 2615 nostra
232 2581 246 2618 :
295 2561 626 2632 Balduinus,
687 2565 859 2622 frater
908 2565 1151 2632 abbatis;
1194 2563 1477 2621 Wibaldus
1535 2575 1592 2622 et

45 2648 308 2721 Rainaldus,
337 2656 483 2712 ﬁlius
525 2657 734 2714 Ernulfi
773 2659 925 2726 Rufi;
957 2660 1317 2726 Fulchardus,
1347 2657 1591 2716 Lauren-

46 2743 141 2810 tius,
172 2745 467 2816 Durandus,
519 2749 833 2818 Ricberius,
865 2750 1178 2808 Radbertus
1230 2751 1585 2822 pelliciarius,

47 2831 324 2904 Stephanus,
359 2839 723 2906 lsenbardus,
754 2840 1067 2898 Gualterius
1103 2843 1170 2899 de
1211 2840 1332 2899 Ver.
1365 2863 1387 2898 ι

523 2929 920 2988 CAPITULUM
959 2930 1079 2987 XV.

162 3018 225 3074 De
250 3021 456 3078 ricariis
495 3026 778 3095 redemptis
809 3043 840 3079 a
868 3026 1164 3082 uicecomite
1198 3023 1444 3100 Hugone.

604 3118 782 3187 (Anno
813 3117 996 3187 1096.)

105 3197 191 3257 ιιη
233 3206 426 3266 Christi
480 3211 728 3266 nomine.
783 3210 896 3283 Ego
943 3212 1294 3282 Eustachius,
1351 3213 1584 3270 ρωποι)ῑί

49 3296 182 3349 sancti
210 3289 348 3354 Petri
378 3299 746 3356 Carnotensis
779 3301 964 3367 abbas,
995 3310 1050 3357 et
1088 3304 1265 3357 omnis
1292 3303 1585 3359 monacha-

49 3393 138 3437 rum
156 3391 484 3460 congregatio
524 3391 689 3447 michi
709 3406 739 3447 a
769 3391 878 3446 Deo
905 3391 1216 3456 commissa,
1245 3402 1432 3448 notum
1462 3408 1585 3450 esse

47 3470 247 3533 volumus
281 3488 388 3536 tam
429 3482 802 3553 praesentibus
826 3497 988 3554 quam
1032 3480 1228 3538 futuris
1263 3493 1464 3540 sanctas
1488 3483 1584 3540 Dei

49 3563 246 3624 ecclesia:
273 3569 418 3640 filiis,
445 3572 624 3645 quod,
672 3580 780 3627 tam
813 3573 882 3627 ab
907 3573 1348 3629 antecessoribus
1381 3575 1585 3630 nostris

50 3667 173 3723 quam
198 3674 225 3713 a
252 3663 424 3732 nobis,
471 3663 702 3720 vicaria:
733 3677 853 3734 qua:
893 3672 1052 3719 erant
1081 3663 1136 3718 in
1181 3673 1323 3719 terra
1370 3677 1582 3733 nostra,

51 3748 112 3803 vel
135 3753 292 3811 tutelae
332 3772 431 3826 per
473 3756 740 3822 Belsiam,
777 3771 969 3812 omnes
995 3757 1213 3827 quidem
1244 3757 1346 3812 sub
1387 3758 1586 3815 comite

52 3836 296 3912 Tedbalda,
319 3849 386 3903 ab
409 3844 552 3918 ipsis
576 3847 644 3901 ad
671 3862 809 3918 quos
833 3849 1203 3918 pertinebant,
1230 3849 1370 3905 datis
1391 3848 1585 3919 justio-

51 3933 166 3990 ribus
189 3947 238 3993 et
254 3939 572 3997 melioribus
593 3939 774 4009 rebus,
795 3955 1122 3998 emeramus.
1153 3942 1282 4009 Sed,
1309 3944 1585 4014 Stephano

51 4028 206 4084 comite
230 4031 281 4086 in
323 4034 543 4091 honore
571 4034 743 4105 patris
785 4034 1134 4102 succedente,
1171 4034 1330 4107 Hugo
1374 4037 1584 4092 viceco-

50 4131 137 4173 mes
155 4119 265 4191 jure
289 4122 630 4182 hereditaria
656 4126 875 4182 easdem
903 4125 1140 4202 vicarias
1165 4126 1488 4193 reclamans,
1513 4127 1582 4183 ab

49 4209 196 4267 eodem
223 4217 414 4273 comite
459 4218 725 4288 suscepit.
764 4216 872 4274 Nos
919 4232 1046 4275 vero
1089 4217 1158 4273 ab
1210 4219 1583 4289 inquietudine

51 4303 188 4358 securi
228 4307 404 4364 vivere
434 4309 743 4379 cupientes,
781 4309 1032 4380 precibus
1060 4311 1127 4365 ad
1166 4310 1270 4366 hoc
1297 4310 1583 4365 vieecomi-

53 4399 130 4449 lem
151 4395 399 4466 ﬂeximus,
441 4410 528 4469 ut,
564 4403 616 4456 in
649 4402 852 4458 nos-tris
877 4402 1215 4459 orationibus
1256 4416 1380 4458 cum
1413 4417 1582 4459 uxore

1695 1914 2055 1971 adtestatione
2077 1917 2143 1972 de
2170 1919 2337 1974 veteri
2362 1919 2481 1992 lege
2505 1919 2711 1989 habita,
2737 1923 2804 1980 de
2825 1925 3136 1996 evangelica
3165 1928 3284 1998 lege

1696 2021 1978 2062 sumamus
2001 2012 2315 2080 secundam,
2349 2013 2440 2067 ubi
2496 2013 2627 2069 dicit
2667 2015 3000 2083 evangelista
3052 2019 3118 2074 de
3150 2021 3282 2075 sub-s

1695 2097 1860 2153 inissa
1889 2101 2172 2170 paralitica
2214 2102 2267 2156 in
2314 2103 2476 2159 domo
2514 2119 2611 2176 per
2643 2107 2847 2177 tegulas
2878 2118 3003 2164 ante
3025 2107 3278 2180 Jhcsum;

1694 2187 1771 2242 ait
1792 2191 1984 2244 enim:
2029 2190 2267 2256 Quorum
2309 2192 2470 2260 ﬁdem
2517 2203 2575 2248 ut
2609 2195 2760 2263 vidit,
2811 2198 2885 2252 ait
2927 2201 3210 2270 paralitica
3261 2217 3283 2256 .'

1692 2276 1825 2345 Fili,
1854 2281 2192 2336 dimittuntur
2212 2282 2306 2336 tibi
2332 2294 2545 2354 percata
2578 2296 2691 2340 tua.
2728 2285 2873 2344 Tolle
2911 2289 3100 2346 lectum
3129 2303 3281 2350 tuum

1691 2380 1738 2422 et
1771 2369 1984 2424 ambula
2013 2371 2070 2426 in
2103 2387 2231 2442 pace
2255 2373 2426 2445 (227).
2460 2373 2554 2430 His
2592 2384 2648 2431 et
2671 2375 2794 2433 aliis
2821 2377 3155 2436 multimodis
3180 2383 3276 2438 ad—

1694 2459 2072 2516 testationibus
2100 2463 2388 2530 subnixus,
2417 2479 2518 2536 ego
2547 2467 2768 2537 quidem
2794 2467 3066 2526 Ansoldus
3095 2473 3276 2541 miles,

1692 2565 1814 2606 cum
1849 2567 2020 2608 uxore
2050 2569 2169 2609 mea
2199 2556 2506 2624 carissima,
2538 2561 2760 2616 nomine
2785 2559 3122 2634 Hildegardi,
3154 2583 3282 2622 nec.

1692 2657 1799 2698 non
1833 2653 1888 2698 et
1916 2648 2063 2700 omni
2109 2647 2260 2716 prole
2305 2657 2514 2718 nostra,
2561 2659 2616 2706 et
2666 2667 2890 2710 assensu
2941 2655 3126 2713 damni
3173 2659 3280 2715 mei

1691 2733 1984 2804 Gunherii,
2014 2737 2150 2794 dans
2194 2740 2435 2796 concedo
2480 2744 2892 2817 concedensque
2933 2748 3077 2804 dono
3124 2750 3272 2806 vica-

1692 2825 1831 2880 riam
1864 2837 2029 2898 atque
2055 2829 2402 2898 banneriam;
2433 2833 2578 2889 velsi
2602 2835 2805 2891 estalia
2830 2837 3011 2910 aliqua
3038 2844 3277 2911 exactio,

1689 2933 1854 2990 quam
1897 2935 1963 2976 ex
2020 2921 2286 2979 beneﬂcio
2333 2924 2518 2980 damni
2573 2929 2677 2983 mei
2712 2933 3008 3001 supradicti
3051 2943 3279 2994 actenus

1689 3013 1840 3068 visus
1871 3028 1989 3068 sum
2026 3023 2238 3082 tenere,
2271 3017 2326 3070 in
2355 3026 2499 3073 terra
2527 3021 2700 3076 sancti
2745 3021 2894 3079 Petri
2924 3041 3045 3096 quae
3091 3038 3175 3084 est
3222 3030 3278 3085 in

1689 3101 1898 3160 Damna
1929 3103 2120 3170 Maria,
2153 3121 2253 3176 pro
2278 3110 2521 3164 remedio
2550 3111 2762 3168 scilicet
2790 3115 2987 3172 animae
3015 3117 3113 3172 [liii
3167 3119 3274 3178 mei

1613 3169 1656 3228 (ἶ
1689 3169 2364 3268 ννὶιιθιῐηῑ,ειε‹1ἰίἰηοι·ιθ
2410 3202 2680 3269 preventi,
2728 3203 3044 3264 beatissimo
3089 3208 3273 3280 Petro,

1689 3283 2054 3353 apostolorum
2092 3286 2348 3358 principi,
2385 3289 2527 3346 dona
2546 3289 2672 3360 jure
2697 3304 2961 3365 perpetua
2995 3307 3051 3354 et
3087 3315 3279 3356 mona-

1687 3377 1806 3432 chis
1831 3378 1884 3431 in
1907 3379 2155 3435 coenobio
2193 3378 2434 3450 ejusdem
2463 3394 2622 3441 nocte
2651 3386 2846 3457 dieque
2873 3388 3280 3464 famniantibuc,

1689 3467 1833 3539 quod
1893 3471 2056 3525 situm
2100 3481 2184 3528 est
2228 3489 2336 3530 non
2382 3473 2544 3547 longe
2586 3493 2616 3532 a
2667 3481 2936 3537 mtenihus
2983 3484 3278 3541 Carnatine

1692 3559 1872 3628 urbis;
1919 3570 1997 3628 ut,
2051 3565 2394 3622 orationibus
2443 3582 2634 3623 eorum
2686 3570 2964 3629 absolutus
3006 3575 3075 3630 ab
3126 3580 3275 3634 anmi

1689 3651 1904 3708 vinculo
1933 3652 2252 3710 delictorum
2276 3696 2292 3723 ,
2339 3656 2397 3736 in
2442 3657 2664 3714 dextera
2707 3659 2921 3718 Domini
2954 3664 3273 3738 collocatus,

1686 3739 1832 3796 inter
1859 3756 2077 3802 sanctos
2104 3755 2159 3801 et
2181 3748 2382 3805 electas
2405 3763 2534 3804 suos
2572 3751 2627 3806 in
2662 3757 3079 3814 resurrectionis
3102 3759 3273 3831 gloria

1687 3833 2041 3890 resuscitatus
2081 3839 2331 3908 respiret.
2372 3840 2585 3897 Donum
2632 3855 2815 3900 autem
2861 3846 3020 3916 hujus
3069 3861 3274 3908 nostrae

1685 3922 1992 3996 largitionis
2015 3928 2079 3984 ιιι
2109 3930 2231 3986 idus
2256 3930 2574 4008 Juliisuper
2602 3935 2778 3994 altare
2808 3939 2948 3996 beati
2992 3941 3140 3999 Petri
3172 3955 3276 4017 per

1685 4017 1830 4075 hanc
1875 4031 2082 4078 cartam
2115 4039 2318 4094 ponere
2362 4027 2683 4098 maluimus,
2711 4030 3074 4104 imprecantes
3118 4045 3178 4093 ut
3223 4037 3270 4094 si

1687 4111 1812 4182 quis
1859 4128 2118 4186 umquam
2149 4117 2278 4174 huic
2305 4120 2512 4176 cartule
2545 4123 2821 4180 contraire
2870 4125 3121 4194 valuerit,
3167 4125 3272 4185 nisi

1685 4204 1794 4260 cito
1842 4205 1912 4260 ad
1951 4208 2352 4267 emendationis
2401 4213 2703 4270 remedium
2758 4215 3101 4290 confugerit,
3146 4235 3270 4278 cum

1683 4294 1822 4352 Juda
1847 4299 2128 4370 proditore
2153 4301 2208 4356 in
2244 4303 2514 4361 infernum
2544 4308 2796 4365 trudatur
2845 4311 3061 4383 ignibus
3081 4311 3270 4370 Hetnte

1685 4389 2034 4446 cremandus.
2067 4391 2220 4448 Hanc
2251 4403 2434 4450 autem
2469 4407 2676 4452 cartam
2715 4406 2773 4452 ut
2796 4399 3112 4456 inconvulsa
3142 4417 3272 4473 prr-

51 4495 89 4539 et
109 4489 255 4548 tribus
276 4492 396 4549 filiis
419 4502 475 4550 et
509 4493 616 4549 filia
642 4495 922 4559 collectus,
953 4496 1171 4551 easdem
1199 4494 1454 4561 viearias,
1488 4508 1582 4550 an-

1691 4490 1930 4550 maneat,
1952 4483 2213 4554 praesenti
2241 4486 2426 4542 secula
2473 4499 2843 4559 permanente,
2872 4494 3122 4548 manibus
3146 4509 3273 4566 pre-

51 4589 205 4637 uuente
244 4583 519 4656 Stephano
558 4587 781 4652 comite,
827 4594 1015 4642 sancto
1045 4585 1229 4653 Petra,
1263 4585 1406 4642 sicut
1433 4599 1578 4641 eme-

54 4679 215 4736 ramus,
242 4677 556 4732 concederet
579 4692 594 4742 ;
620 4686 675 4732 et
696 4690 860 4746 super
887 4675 1184 4747 principale
1211 4675 1382 4732 altare
1403 4675 1580 4730 sancti

51 4752 184 4824 Petri,
209 4779 322 4818 cum
357 4779 527 4822 uxore
553 4775 609 4822 et
637 4767 782 4833 filiis,
814 4768 1011 4822 donum
1039 4768 1240 4838 posuit,
1266 4767 1580 4825 videntibus

50 4855 92 4900 et
113 4853 426 4912 audientibus
469 4858 556 4913 his
583 4871 816 4928 quorum
860 4859 1074 4912 nomina
1106 4858 1532 4922 subscripsimus
1562 4875 1575 4912 :

51 4937 265 5006 Adeiidis.
300 4962 435 5002 uxor
464 4949 829 5015 vicecomitis;
884 4945 979 5004 filii
1036 4964 1246 5015 eorum,
1279 4948 1579 5017 Ebrardns,

52 5021 189 5100 litigo,
209 5033 427 5105 Guiddo,
457 5049 512 5095 et
542 5039 649 5094 filia
692 5039 965 5108 Unhcrga.
993 5038 1208 5095 Fideles
1235 5054 1446 5107 eorum,
1475 5040 1580 5095 Er-

54 5119 196 5179 nnlfus
233 5127 636 5199 de'Domicilio,
676 5131 996 5187 Gausfridus
1039 5130 1351 5197 Bovicnlus,
1384 5131 1581 5188 Petrus

54 5207 182 5280 Aper,
233 5215 489 5292 Gerogius
535 5223 602 5278 de
652 5222 916 5292 Fraganis
963 5221 1124 5287 Villa,
1187 5221 1463 5278 Guarinus
1513 5222 1580 5278 de

57 5299 208 5372 Mona,
237 5309 522 5369 Adelardus
545 5315 889 5386 praepositus,
916 5313 1239 5370 Gausfridus
1263 5315 1329 5370 de
1350 5313 1575 5381 Novale,

58 5392 276 5455 Ansaldus
306 5401 502 5471 Infans,
527 5405 836 5460 Radbertus
867 5405 1145 5476 Paganns,
1176 5404 1490 5461 Gualterius
1512 5405 1579 5460 de

60 5478 228 5540 Alneta.
267 5490 338 5545 De
377 5495 570 5551 nostris
602 5513 616 5550 :
661 5495 990 5551 Laurentius
1027 5495 1415 5560 cubicularius,
1467 5496 1578 5552 Ad-

61 5575 246 5643 veutius,
295 5579 620 5653 Gunbaldus,
687 5585 1062 5653 Fulchardus;

115 5683 237 5764 ςὲἓιξ)
258 5689 370 5764 Vid.
394 5694 582 5754 Cenes.
613 5715 768 5764 xvm,
798 5696 888 5755 32.

113 5754 238 5824 (937')
265 5761 384 5818 Luc.
411 5781 461 5833 v,
483 5767 549 5823 20
579 5779 633 5825 et
658 5770 751 5824 24.

1146 5583 1460 5656 Stephanus
1522 5593 1578 5643 ct

1683 4572 1819 4642 prlis
1873 4584 1930 4629 et
1979 4577 2291 4634 nominibus
2353 4587 2676 4637 cazterorum
2724 4582 3267 4642 circuimidstant'um

1684 4667 2026 4724 corroborari
2075 4671 2364 4727 voluimus.
2403 4674 2659 4742 Ansoldi,
2691 4677 2782 4746 qui
2832 4678 2973 4734 hanc
3019 4681 3269 4734 donatio-

1684 4771 1806 4811 nem
1837 4757 1986 4814 fecit.
2019 4759 2287 4816 Rainaldi.
2318 4762 2628 4820 Gauscelini
2671 4773 2727 4822 et
2769 4767 3001 4832 Amulli,
3033 4769 3264 4823 filiaiam

1685 4845 1820 4914 ejus.
1877 4848 2159 4916 Gnalterii,
2193 4854 2445 4908 avunculi
2497 4871 2710 4911 eorum.
2760 4855 3056 4922 Gausl‘ridi,
3090 4861 3264 4927 patrui

1683 4953 1895 4994 eorum.
1928 4939 2178 5008 Hilberti,
2209 4942 2391 4999 clerici
2417 4954 2472 5000 et
2497 4946 2884 5014 consanguinei
2913 4945 3148 5013 illorum,
3174 4950 3264 5017 cui

1683 5031 2028 5089 donationem
2058 5033 2221 5101 hanc,
2250 5037 2370 5092 vice
2395 5036 2566 5106 patris
2592 5046 2648 5092 et
2669 5037 2885 5105 matris,
2907 5050 3073 5107 super
3091 5037 3268 5093 altare

1681 5123 1881 5192 posuit.
1916 5123 2190 5181 Gansfridi
2228 5127 2295 5180 de
2326 5126 2506 5182 Monte
2555 5125 2772 5183 Boanis.
2826 5127 3104 5184 Gausfridi
3153 5145 3262 5183 non

1682 5215 1920 5273 bibentis
1946 5233 2162 5288 aquam.
2190 5219 2462 5276 Teudonis
2486 5217 2743 5275 Tronelli.
2771 5220 3018 5278 Guerrici
3051 5222 3262 5290 clerici,

1683 5321 1853 5379 nepos
1899 5309 2052 5381 (9.28)
2105 5311 2372 5366 Fnlehcrii
2426 5312 2725 5381 primicerii
2797 5323 3002 5370 sanctae
3049 5313 3260 5370 Mariae.

1682 5399 1942 5458 Tedbaldi
1970 5405 2036 5458 de
2074 5403 2301 5459 Vidicis.
2333 5404 2408 5460 De
2448 5405 2652 5463 nostris
2683 5423 2698 5461 :
2743 5405 3043 5464 Adventins
3071 5417 3127 5464 et
3145 5406 3256 5463 Lo-

1681 5495 1855 5564 rinus,
1887 5495 2086 5553 fratres
2115 5514 2130 5564 ;
2160 5495 2488 5567 Stephanus,
2514 5498 2860 5569 Laurentius,
2889 5500 3085 5567 Frado,
3112 5501 3266 5558 Dodo

1679 5582 1878 5653 major,
1949 5583 2262 5652 Stephanus
2307 5585 2503 5660 major,
2557 5584 2895 5660 Oydelerius,
2949 5586 3240 5644 Durandus

1753 5695 1900 5768 i228)
1948 5697 2040 5754 Sic
