3842 6308
518 403 629 464 559

1348 394 1556 459 PAULI
1593 395 1653 454 s.
1695 391 1906 452 PETRI
1931 390 2420 445 LAttNJ'lILlVbtb
2464 373 2776 448 unuscui
2849 345 2852 348 ’
3666 397 3742 455 δω

518 519 878 577 οεδιειηηηε,
941 514 1136 574 Auum
1207 526 1292 573 εει
1355 516 1460 572 hoc
1530 497 1787 571 cal-noris
1863 505 2108 580 publice,
2140 504 2192 566 Α
2221 501 2465 560 infcriori
2502 521 2629 582 cum
2677 502 2892 564 diabolo
2930 520 3122 579 poenas
3164 506 3298 568 luat.
3349 507 3597 568 Volumus
3618 516 3742 572 etiam
3795 496 3798 498 ⁷

522 619 786 684 regnante
807 609 1060 682 Philippo
1087 624 1216 679 rege
1248 608 1299 664 in
1321 607 1578 664 Francia.
1617 624 1636 658 ι

1019 696 1418 756 CAPITULUM
1459 696 1621 753 XVII.

933 787 1017 836 de
1035 779 1270 836 (ecclesia
1303 777 1494 832 Domni
1524 774 1696 832 Petri.

1089 869 1251 938 (Ante
1279 883 1333 923 a.
1363 865 1548 938 1088.)

599 981 621 1017 ‹
653 961 713 1018 1η
732 959 942 1019 Christi
969 959 1212 1016 nomine.
1240 957 1442 1015 Notum
1461 972 1584 1014 esse
1632 955 1884 1014 volumus
1931 955 2114 1012 omni-

521 1057 626 1112 bus
687 1053 1097 1111 successoribus
1145 1050 1375 1120 nostris,
1435 1051 1580 1123 quod
1621 1065 1724 1124 ego
1778 1049 2109 1118 Landricus,

525 1162 633 1203 una
662 1162 786 1203 cum
809 1145 936 1202 ﬁliis
959 1145 1121 1212 meis,
1151 1144 1321 1217 ipsius
1373 1142 1573 1216 eulogii
1601 1143 1832 1200 dicentis
1859 1159 1874 1197 :
1905 1141 2042 1196 Date
2062 1149 2113 1195 et

522 1236 738 1291 dabitur
793 1236 957 1306 vobis,
1008 1251 1117 1292 non
1169 1235 1319 1292 surdi
1358 1235 1658 1302 auditores,
1721 1234 1816 1290 sed
1849 1243 2110 1314 quantum

523 1337 818 1399 paupertas
857 1337 1046 1384 nostra
1094 1327 1384 1400 permittit,
1437 1341 1538 1399 pro
1574 1325 1861 1382 animabus
1910 1326 2114 1382 nostris
2191 1383 2194 1386 .

523 1430 916 1493 parentumque
965 1429 1274 1477 nostrorum
1298 1435 1509 1476 necnon
1538 1431 1592 1477 et
1613 1435 1710 1492 pro
1741 1419 2112 1488 incolumitate

527 1511 804 1578 Willelmi,
830 1511 1066 1569 senioris
1109 1512 1306 1579 nostri,
1371 1511 1560 1566 matris
1603 1527 1818 1582 quoque
1859 1510 1977 1580 ejus
1998 1505 2112 1567 Ma»

522 1602 688 1668 hilde,
717 1617 840 1658 cum
891 1618 1084 1658 eorum
1131 1616 1376 1668 assensu,
1415 1599 1530 1671 jam
1565 1601 1694 1656 olim
1727 1602 2110 1674 presbiterium

521 1693 786 1750 ecclesiae
813 1693 881 1751 de
903 1692 1114 1749 Domno
1142 1675 1299 1766 pctro
1327 1702 1382 1748 et
1413 1701 1612 1749 terram
1654 1694 2016 1766 pertinentem
2040 1695 2110 1750 ad

521 1786 718 1854 altare,
749 1795 940 1843 sancto
958 1786 1144 1854 Petro,
1171 1786 1404 1843 cmuobii
1440 1787 1692 1844 videlicet
1733 1785 2106 1856 Carnotensis,

2213 595 2344 650 sciri
2376 596 2431 650 in
2465 595 2573 653 ﬁne
2596 597 2758 669 hujus
2781 606 2972 666 ραι-ιω,
3008 600 3175 670 quod,
3202 601 3344 658 sicut
3371 602 3604 660 dedimus
3634 623 3739 678 pr:-

2219 687 2358 744 fatas
2393 703 2504 755 res,
2537 689 2612 746 ita
2638 691 2806 747 etiam
2835 691 3085 748 dedimus
3109 692 3446 750 viridiarium
3479 711 3541 750 ex
3563 697 3742 770 integro,

2214 781 2358 854 quod
2382 781 2549 839 situm
2591 791 2677 839 est
2699 782 2856 852 juxta
2884 785 3147 856 capitium
3185 787 3464 844 azcclesiaa.
3499 789 3744 847 Annuimus

2214 885 2434 944 quoque
2467 873 2612 946 quod
2635 872 2752 930 Odo
2799 875 2956 932 miles
3004 886 3190 934 noster
3242 878 3510 935 decimam
3557 882 3744 938 declitde

2215 966 2500 1024 novalibus
2521 981 2685 1038 quam
2714 966 2783 1023 de
2823 968 2981 1024 nobis
3014 971 3252 1026 tenebat.
3303 991 3323 1024 ι

2697 1059 3102 1120 CAPITULUM
3141 1060 3327 1118 XVIII.

2564 1139 2644 1196 De
2678 1141 2851 1198 alodis
2884 1143 3144 1198 Bernardi
3178 1144 3242 1199 de
3269 1141 3457 1197 Buslo.

2776 1222 2942 1294 (Ante
2978 1239 3031 1278 a.
3056 1223 3248 1294 I088.)

2304 1340 2324 1364 ι
2369 1311 2426 1366 1η
2463 1312 2683 1370 nomine
2709 1312 2925 1370 Domini
2954 1315 3126 1370 nostri
3163 1315 3332 1370 albesu
3357 1313 3573 1372 Christi.
3599 1315 3743 1372 boum

2214 1416 2336 1458 esse
2376 1401 2627 1458 volumus
2673 1403 2929 1462 omnibus
2983 1405 3397 1462 snc'cessoribus
3439 1407 3636 1472 nostris,
3673 1423 3742 1480 ego

2214 1492 2538 1549 Eustachius
2559 1503 2614 1550 et
2628 1494 2794 1551 abbas
2817 1495 2995 1551 omnis
3015 1505 3189 1552 cretus
3214 1498 3594 1553 monachorum
3613 1513 3742 1556 (ωηο-

2213 1581 2288 1636 bii
2346 1584 2519 1639 sancti
2547 1583 2696 1640 Petri
2734 1585 3108 1653 Carnotensis,
3155 1589 3301 1658 quod
3345 1589 3558 1660 quidam
3585 1591 3655 1645 vir
3679 1608 3744 1646 uo-

2215 1671 2361 1739 bilis,
2391 1673 2443 1728 in
2487 1675 2588 1730 hac
2624 1676 2844 1747 regione
2873 1677 3029 1732 valde
3063 1677 3500 1748 opinatissimus,
3543 1690 3638 1736 toto
3657 1697 3743 1736 cor-

2216 1781 2348 1838 pore
2395 1766 2567 1839 plagis
2616 1768 2671 1824 iu
2713 1767 2854 1823 bello
2891 1769 3236 1837 debilitatus,
3282 1787 3383 1842 per
3426 1771 3584 1826 multa
3617 1773 3744 1829 curri-

523 1879 795 1946 dedimus,
845 1893 942 1950 per
987 1880 1426 1951 deprecationem
1476 1879 1695 1950 quidem
1745 1881 1919 1951 patris
1985 1880 2112 1936 Rai-
2141 1865 2188 1928 Β
2215 1857 2335 1914 cui“
2367 1873 2632 1916 amorum
2677 1859 2731 1915 in
2773 1859 2914 1916 Ῐθείο
2945 1861 3237 1930 recubans,
3267 1871 3328 1916 ⁸η
3355 1877 3459 1918 nec
3484 1862 3651 1918 δθάθνθ
3675 1878 3743 1918 π’

526 1971 1034 2042 nuldidecani,qui
1087 1971 1139 2026 in
1191 1971 1417 2042 praefato
1469 1971 1741 2038 caenobio,
1801 1972 1903 2029 sub
1959 1973 2112 2030 abitu

525 2061 822 2118 monachili
846 2062 957 2118 Deo
983 2063 1218 2119 militare
1261 2063 1314 2118 in
1364 2072 1646 2120 senectute
1687 2063 1901 2118 maluit.
1953 2064 2112 2122 Nunc

523 2169 741 2228 quoque
762 2155 953 2212 damus
989 2157 1335 2212 medietatem
1360 2155 1586 2212 decima:
1635 2155 1874 2227 praefatae
1922 2158 2114 2214 incele-

525 2246 622 2301 sia
649 2260 770 2317 qua:
794 2244 848 2300 in
880 2245 1210 2302 dominicatu
1270 2256 1460 2304 nostro
1507 2247 1765 2304 accclcsiae
1799 2263 1923 2308 esse
1962 2249 2114 2307 vide-

525 2344 633 2405 tur,
664 2351 873 2393 necnon
900 2337 1320 2394 etmedietatem
1344 2339 1584 2394 arcbadii
1608 2347 1772 2411 atque
1799 2340 2110 2411 sepultura.

525 2426 841 2483 Tribuimus
869 2443 1084 2499 quoque
1123 2443 1213 2484 res
1233 2443 1355 2500 qua:
1393 2427 1462 2484 ad
1509 2427 1682 2484 altare
1732 2429 2026 2500 pertinent,
2059 2439 2114 2486 et

525 2527 727 2574 terram
756 2519 974 2576 Erualdi
1001 2520 1316 2576 mediatoris
1336 2535 1500 2592 quam
1525 2529 1682 2591 pater
1734 2537 1890 2577 meus
1915 2521 2114 2578 Tedui-

525 2629 630 2668 nus
659 2613 846 2669 vivens
874 2614 1170 2680 concessit,
1196 2623 1522 2686 pratumque
1543 2613 1798 2686 desuper,
1844 2617 2110 2670 vivarium

523 2721 741 2777 quoque
783 2706 850 2762 de
903 2705 1045 2762 Mota
1098 2706 1350 2762 liberum.
1405 2707 1560 2775 Quod
1599 2708 1644 2762 si
1698 2709 1770 2762 ibi
1820 2708 2114 2782 aliquando

525 2799 868 2854 molendinus
931 2797 1048 2853 ﬁeri
1107 2805 1309 2870 potest,
1365 2797 1628 2855 medietas
1666 2799 1740 2854 sit
1777 2799 1905 2856 ﬁliis
1953 2799 2108 2867 meis,

525 2891 631 2947 nisi
669 2887 811 2971 forte
854 2888 1073 2968 propria
1121 2888 1402 2944 voluntate
1453 2904 1611 2946 suam
1659 2901 1872 2963 partem
1920 2904 2111 2951 sancto

524 2981 688 3038 Petro
713 2965 1025 3036 annuerint.
1057 2981 1140 3036 Ad
1165 2989 1408 3037 exteram
1453 2989 1663 3052 partem
1712 2997 1841 3038 vero
1868 2983 2113 3040 ecclesiae
2151 3019 2154 3024 -

526 3072 696 3128 libere
722 3072 914 3126 damus
947 3078 1150 3127 terram
1182 3071 1276 3127 ubi
1323 3071 1587 3128 habitatio
1637 3075 2032 3130 monachorum
2053 3084 2110 3134 et

525 3164 783 3220 horreum
807 3177 997 3220 eorum
1024 3172 1080 3220 et
1099 3171 1294 3219 caetera
1323 3164 1428 3220 sibi
1456 3166 1764 3222 necessaria
1791 3168 1920 3223 sint.
1954 3167 2109 3236 Quod

2216 1965 2322 2022 que
2354 1951 2548 2023 pedem
2604 1959 2732 2008 ante
2781 1952 2973 2024 pedem
3019 1967 3223 2024 ponere
3257 1952 3492 2020 valeret,
3532 1963 3582 2009 et
3614 1963 3743 2009 tamen

2214 2042 2448 2098 consilio
2487 2049 2543 2098 et
2591 2042 2797 2099 salubri
2842 2041 3134 2099 verborum
3185 2044 3394 2100 auxilio
3438 2043 3562 2099 nulli
3593 2043 3743 2115 petenti
3814 2089 3815 2094 η

2215 2151 2455 2207 unquam
2480 2134 2687 2202 defuit;
2727 2135 2846 2206 qui,
2874 2135 3053 2191 locum
3092 2146 3342 2192 nostrum
3376 2137 3529 2192 valde
3555 2135 3742 2207 diligens,

2213 2229 2403 2285 vivens
2434 2228 2487 2284 in
2517 2243 2763 2300 corpore,
2805 2229 2858 2284 in
2887 2240 3150 2301 quantum
3197 2229 3378 2301 potuit
3414 2244 3612 2301 semper
3633 2229 3743 2282 nobis
3814 2249 3815 2304 ξ

2213 2319 2453 2393 profuit,
2483 2321 2585 2378 sub
2612 2320 2809 2377 abbate
2836 2321 3054 2392 quidem
3088 2321 3395 2384 Landrico,
3439 2329 3612 2377 sancto
3629 2319 3745 2376 Petro
3814 2315 3815 2376 Ῐ

2215 2413 2364 2468 dedit
2379 2411 2677 2469 aecclesiam
2700 2413 2874 2468 sancti
2893 2411 3148 2468 Germani
3173 2411 3243 2467 de
3261 2411 3484 2484 Alogia;
3512 2421 3581 2478 et,
3602 2411 3656 2466 ab
3675 2411 3744 2466 huc
3814 2479 3815 2486 γ

2215 2504 2324 2558 vita
2353 2503 2656 2570 decedens,
2680 2503 2868 2559 alodos
2896 2518 3032 2574 quos
3065 2501 3299 2559 habebat
3337 2504 3391 2558 in
3415 2502 3580 2559 Belsia
3607 2511 3745 2557 sancto
3814 2543 3815 2554 ι

2214 2595 2376 2652 Petro
2423 2596 2672 2668 reliquit,
2733 2612 2900 2651 unum
2946 2596 3197 2651 videlicet
3241 2595 3296 2650 in
3335 2593 3600 2651 Fontiuidi
3638 2593 3742 2658 villa,
3814 2621 3815 2660 ξ

2215 2689 2446 2744 alterum
2496 2689 2550 2744 in
2591 2687 2861 2743 Marcbesi
2904 2687 3043 2742 Villa
3069 2729 3084 2754 ,
3129 2698 3294 2758 atque
3332 2689 3489 2760 juxta
3530 2687 3740 2750 Braiattm,
3814 2683 3815 2742 ἶ

2217 2795 2380 2834 unum
2413 2780 2551 2851 prati
2582 2780 2934 2850 aripennum;
2985 2779 3260 2850 jussitque
3304 2779 3548 2836 fidelibus
3582 2778 3674 2833 suis
3703 2786 3742 2830 nt

2215 2885 2288 2948 eo
2321 2880 2534 2927 mortuo
2577 2885 2777 2942 corpus
2803 2869 3054 2926 Carnutis
3093 2871 3394 2938 deferrent,
3437 2872 3570 2926 inter
3601 2870 3742 2923 fratres
3814 2859 3815 2930 ἶ

2216 2963 2616 3018 tumulandum.
2656 2963 2811 3031 Quod
2853 2973 2908 3021 et
2953 2963 3155 3021 factum
3189 2978 3273 3022 est
3303 2967 3432 3022 idus
3467 2962 3740 3030 novembris;
3814 2963 3815 3032 ξ

2214 3067 2380 3128 atque
2413 3057 2447 3114 'a
2477 3057 2792 3129 parentibus
2827 3057 2943 3115 suis
2979 3058 3336 3130 prmfatarum
3387 3075 3559 3114 rerum
3592 3058 3740 3112 donum

2214 3163 2378 3221 super
2405 3150 2579 3207 altare
2607 3152 2779 3207 sancti
2810 3151 2954 3206 Petri
2986 3151 3200 3222 publice
3230 3161 3314 3207 est
3356 3153 3610 3223 positum,
3643 3162 3740 3221 quo-

526 3255 600 3310 ξιτ,
638 3254 806 3311 libere
854 3253 1069 3321 damus,
1114 3262 1175 3309 ιη
1223 3269 1400 3326 neque
1445 3256 1723 3328 sepultura
1781 3229 2108 3329 nequeth
2137 3249 2184 3318 ο
2217 3256 2336 3295 rum
2387 3241 2606 3296 nomina
2653 3241 3116 3312 subscripsimus:
3147 3241 3442 3308 Ernaldus,
3484 3243 3610 3297 filius
3628 3241 3739 3304 Eva;

524 3345 708 3417 aliqua
743 3345 1080 3402 consuetudo
1105 3361 1136 3401 a
1160 3343 1286 3403 ﬁliis
1315 3347 1453 3404 meis
1483 3347 1570 3404 vel
1591 3349 1659 3405 ab
1683 3349 1868 3420 aliquo
1889 3351 2108 3409 homine

523 3438 797 3509 exigatur.
821 3435 1162 3493 Medictatem
1187 3452 1404 3510 quoque
1439 3437 1584 3495 furni
1635 3441 1890 3498 similiter
1915 3444 2109 3500 damus

524 3529 697 3600 (229).
730 3567 746 3582 .
779 3566 795 3583 .
827 3568 840 3582 .
869 3529 934 3584 Et
967 3529 1012 3584 si
1036 3529 1160 3600 quis
1207 3539 1517 3586 nostrorum
1559 3531 1799 3590 ﬁdelium
1848 3533 1917 3590 de
1945 3535 2111 3590 bene-

524 3621 671 3688 ﬁcio,
698 3621 844 3692 quod
873 3619 941 3678 ex
988 3622 1146 3678 nobis
1199 3629 1368 3688 tenet,
1417 3632 1626 3693 partem
1668 3624 1801 3681 dare
1851 3624 2110 3692 voluerit,

524 3711 696 3769 libere
725 3712 924 3769 habeat
974 3721 1197 3769 sanctus
1235 3711 1432 3770 Petrus
1457 3721 1514 3771 et
1543 3715 1822 3771 monachi.
1873 3715 1985 3773 Iloc
2020 3719 2112 3774 do-

525 3803 770 3860 numllll
817 3802 1079 3859 kalendas
1121 3803 1300 3860 Martii
1361 3804 1595 3875 egimus,
1648 3823 1748 3877 ego
1805 3806 2111 3865 Laudricus

525 3895 596 3948 de
634 3891 894 3959 Toriello,
919 3905 974 3950 et
1003 3894 1095 3950 ﬁlii
1129 3895 1257 3968 mei,
1310 3895 1655 3962 Gausfridus,
1699 3898 1853 3970 [Iugo
1881 3908 1936 3954 ct
1970 3898 2112 3956 Lan-

524 3984 732 4052 dricus,
757 3986 994 4056 publice,
1045 3988 1356 4060 donumque
1402 3991 1669 4047 miserunt
1719 4002 1909 4049 sancto
1950 3993 2121 4050 Petro

525 4090 624 4147 per
651 4073 1000 4134 Eustachium
1037 4077 1314 4145 abbatem,
1355 4092 1618 4152 regnante
1665 4081 1912 4154 Philippo
1965 4098 2112 4156 rege.

528 4164 791 4222 Volumus
831 4167 997 4223 etiam
1045 4183 1238 4226 omnes
1290 4169 1432 4227 scire
1481 4171 1646 4242 quod,
1707 4173 1929 4242 quando
1976 4188 2115 4244 opus

527 4257 716 4322 fuerit,
769 4256 866 4313 ﬁlii
913 4258 1018 4314 mei
1069 4275 1168 4330 pro
1217 4260 1424 4317 vicario
1477 4259 1574 4318 XX
1626 4260 1828 4319 solidos
1883 4263 2109 4320 dabunt.

529 4349 701 4422 ltujus
723 4351 799 4407 rei
827 4361 994 4408 testes
1038 4351 1522 4410 suntzGilduinus
1559 4354 1628 4411 de
1678 4355 1886 4412 Domno
1929 4354 2113 4424 Petro,
2157 4409 2161 4414 .

2219 3329 2418 3385 Widdo
2465 3332 2532 3386 de
2553 3330 2905 3397 Barzillcriis,
2936 3332 3245 3400 Alcberius,
3273 3333 3430 3408 Ilugo
3455 3335 3669 3390 clericus.
3692 3330 3742 3386 De
3814 3341 3815 3404 ξ

2212 3425 2444 3480 nostris:
2472 3424 2780 3496 Stephanus
2810 3435 2866 3479 et
2897 3423 3175 3490 Salomon,
3211 3425 3557 3495 Laurentius,
3583 3425 3741 3482 Adven-
3814 3469 3815 3476 η

2215 3518 2346 3583 tius,
2391 3517 3113 3592 Stephanus,~Oydelerius,
3159 3520 3435 3579 Martinus
3472 3517 3738 3584 GunbalduS,
3814 3551 3815 3556 ι

2214 3607 2577 3678 Fulchardus,
2607 3619 2662 3665 et
2692 3611 2894 3667 caeteri.
2943 3630 2963 3664 ι

2710 3701 2796 3758 CA
2807 3701 2911 3758 PIT
2921 3700 3111 3759 ULUM
3162 3703 3306 3760 XIX.

2545 3791 2618 3848 De
2647 3791 2887 3848 libertate
2912 3794 3163 3850 a'cclesia:
3183 3793 3486 3854 Bruerolis.

2804 3885 2859 3956 (7
2889 3885 3014 3940 maii
3043 3885 3227 3950 lost.)

2293 3994 2312 4027 ο
2360 3977 2416 4031 ιιι
2470 3977 2684 4034 nomine
2722 3975 2900 4034 Patris
2948 3987 3003 4034 et
3043 3978 3164 4035 Filii
3213 3990 3270 4036 et
3311 3979 3546 4054 Spiritus
3595 3977 3740 4040 sancti.

2215 4085 2398 4128 amen.
2451 4069 2563 4142 Ego
2585 4069 2931 4140 Gausfridus,
2960 4074 3210 4144 quamvis
3241 4074 3517 4148 indignus,
3541 4071 3740 4130 ecclesia

2215 4164 2569 4222 Carnotensis
2615 4165 2924 4239 episcopus,
2971 4177 3162 4224 notum
3209 4168 3359 4226 facio
3403 4167 3738 4227 successoribus

2218 4258 2352 4314 meis
2377 4267 2434 4313 ct
2467 4257 2587 4313 aliis
2617 4257 2878 4314 :ecclesiat
2923 4267 3124 4315 nostra:
3164 4259 3436 4328 ﬁdelibus,
3466 4259 3596 4332 quod
3617 4257 3738 4312 frater

2221 4351 2577 4417 Eustachius,
2615 4351 2784 4406 abbas
2825 4353 3002 4408 sancti
3036 4350 3180 4408 Petri
3217 4351 3563 4411 Carnotensis
3601 4361 3738 4404 mona-

525 4441 856 4500 Gausfridus
881 4443 1053 4513 faber,
1082 4444 1198 4502 Odo
1224 4446 1290 4503 de
1322 4445 1612 4514 Floriaco;
1648 4445 1970 4515 Rainaldus,
2005 4446 2118 4504 fra-
2218 4445 2400 4512 sterii,
2445 4445 2656 4518 rogavit
2685 4444 2965 4501 humiliter
3008 4461 3130 4500 cum
3183 4446 3440 4516 precibus
3477 4445 3737 4517 parvitatem

530 4543 616 4589 ωε·
662 4529 825 4603 eius;
885 4534 1192 4595 ROdbertus
1237 4536 1432 4610 major,
1475 4548 1532 4597 et
1575 4539 1902 4609 Willelmus,
1945 4539 2118 4598 frater
2220 4553 2418 4605 meam,
2448 4546 2507 4593 ut
2534 4536 2638 4594 sibi
2664 4546 2721 4594 et
2743 4537 3151 4610 congregationi
3185 4540 3565 4594 monachorum
3590 4531 3738 4588 ibidem

529 4627 651 4700 ejus
679 4645 694 4696 ;
730 4626 868 4698 Odo,
924 4629 1067 4686 ﬁlius
1112 4631 1459 4704 Ingilsindis;
1503 4633 1795 4704 Ernaldus,
1852 4635 2117 4695 Bernardi
2221 4629 2572 4687 servientium
2597 4628 2785 4685 darem
2815 4629 2988 4685 altare
3023 4629 3096 4686 de
3113 4627 3411 4696 Bruerolis,
3437 4629 3547 4685 sine
3571 4622 3657 4682 ulla
3679 4633 3738 4673 nt-

529 4722 676 4778 ﬁlius
717 4738 732 4788 ;
765 4720 1066 4781 Raiualdus
1122 4723 1381 4794 decanus,
1407 4724 1522 4783 Odo
1548 4727 1856 4799 presbiter;
1910 4727 2114 4801 Froge-

530 4813 666 4882 rius,
713 4812 981 4870 mediator
1037 4814 1277 4882 decani;
1350 4814 1657 4874 Willelmus
1717 4816 2016 4891 iugulator,
2059 4827 2116 4876 et

529 4909 865 4976 Gualterius,
894 4909 1075 4966 socius
1107 4909 1226 4980 ejus
1257 4928 1274 4979 ;
1306 4910 1604 4972 llainaldus
1631 4915 1993 4986 pellicearius.
2038 4917 2117 4974 Ex

532 5013 717 5058 nostra
745 5012 939 5077 parte:
971 5001 1092 5073 Gil‘o
1113 5011 1169 5060 et
1199 5003 1366 5074 Elias,
1412 5005 1555 5063 ﬁlius
1599 5007 1717 5079 ejus
1743 5024 1759 5074 ;
1787 5005 2116 5077 Tedbaldus,
2161 5057 2164 5060 .

532 5093 794 5152 Dolardus
821 5112 840 5164 ;
872 5095 1192 5166 Herbertus,
1221 5095 1363 5156 ﬁlius
1380 5098 1602 5157 Fulcadi
1628 5116 1643 5168 ;
1677 5099 1870 5158 Vitalis
1909 5102 2119 5172 presbi-

534 5194 640 5252 ter,
695 5187 986 5246 Richerius
1053 5190 1248 5262 major,
1309 5191 1640 5251 Laurentius
1701 5194 2113 5262 cubicularius;

535 5276 865 5350 Radbertus,
899 5283 1070 5356 major
1089 5283 1307 5357 Capelle
1332 5286 1540 5360 Regie;
1577 5287 1899 5354 Rainaldns,
1945 5302 2118 5359 nepos

532 5368 830 5438 Majenardi
863 5375 1510 5446 nionacbi;_'l‘esceliuus,
1569 5379 1715 5438 ﬁlius
1771 5377 2068 5452 Hildegarii
2099 5394 2115 5445 ;
2149 5416 2153 5420 ι

531 5461 858 5529 Adventius,
932 5464 1278 5539 Beringerius
1345 5486 1532 5543 agaso,
1593 5469 1873 5530 Johannes
1928 5486 2118 5534 cocus.

534 5552 688 5611 Hanc
715 5565 897 5612 autem
923 5566 1132 5616 cartam
1162 5561 1208 5616 si
1230 5561 1431 5634 aliquis
1479 5564 1796 5634 prophanus
1841 5564 2122 5620 contraire

534 5644 788 5713 voluerit,
839 5647 942 5704 nisi
990 5650 1280 5723 resipuerit
1317 5653 1686 5723 satisfaciens,
1733 5655 1876 5712 sicut
1904 5655 2119 5714 Dathan

533 5747 590 5792 et
620 5738 848 5808 Ablron,
904 5751 1051 5797 terra
1107 5743 1287 5799 vivum
1343 5746 1657 5816 absorbeat,
1704 5758 1762 5806 et
1804 5749 1859 5805 in
1900 5747 2118 5806 inferno

2222 4723 2535 4794 demptione
2563 4721 2793 4778 ulterius
2824 4720 3154 4778 habendum.
3177 4722 3313 4790 Quia
3334 4735 3466 4794 ergo
3488 4721 3579 4778 ista
3601 4712 3736 4788 pelio

2221 4826 2278 4873 et
2313 4815 2528 4871 utilitati
2565 4830 2756 4872 eorum
2789 4823 2844 4872 et
2875 4830 3012 4871 meae
3050 4815 3326 4872 honestati
3362 4812 3630 4896 come-ire
3656 4808 3736 4862 vis:

2222 4921 2326 4974 est,
2371 4909 2514 4966 dono
2556 4908 2637 4965 eis
2671 4907 2990 4978 praedictum
3027 4907 3223 4975 altare,
3261 4923 3372 4964 non
3411 4909 3524 4964 sine
3563 4911 3734 4959 assem

2227 5002 2414 5057 fratris
2441 4999 2709 5065 Gausliui,
2742 5006 2797 5054 in
2819 4998 2978 5068 cujus
3017 4999 3491 5056 archidiaconatus
3531 5002 3621 5058 est,
3644 4985 3736 5045 soli-

2223 5095 2354 5151 dum
2403 5103 2463 5150 et
2507 5093 2754 5165 quietum
2812 5091 2883 5148 ab
2905 5089 3054 5147 omni
3098 5091 3451 5156 venditione,
3503 5102 3532 5144 a
3575 5077 3732 5140 sinodo.

2221 5201 2252 5243 a
2287 5185 2528 5252 circada,
2567 5186 2636 5241 ab
2659 5183 2812 5240 omni
2845 5183 3012 5239 etiam
3053 5182 3446 5240 consuetudine
3477 5188 3529 5236 et
3551 5176 3609 5232 ab
3627 5165 3734 5227 omni

2222 5279 2638 5350 inquietatione,
2680 5277 2797 5333 sive
2823 5275 3112 5333 exactione
3151 5275 3384 5344 iusticie
3428 5287 3458 5328 a
3492 5264 3734 5342 presbitero

2221 5372 2494 5430 serviente
2516 5371 2570 5426 in
2592 5369 2732 5426 loco.
2764 5367 2834 5426 Ut
2859 5376 3042 5425 autem
3071 5383 3168 5439 per
3187 5363 3521 5424 succcdentia
3547 5359 3733 5445 tempora

2223 5466 2439 5521 ﬁrmum
2465 5473 2521 5520 et
2543 5459 2737 5519 stabile
2763 5465 2984 5516 maneat
3011 5458 3115 5514 hoc
3143 5455 3362 5523 donum,
3381 5445 3606 5524 praesenti
3631 5452 3730 5496 sm-

2221 5565 2317 5630 pto
2345 5555 2617 5619 mandavi,
2656 5561 2715 5610 et
2759 5551 2921 5624 signo
2948 5547 3132 5606 crucis
3168 5561 3332 5602 manu
3359 5557 3479 5600 mea
3519 5537 3732 5630 factum;

2166 5659 2177 5669 '
2222 5621 2433 5710 boravi.
2460 5658 2520 5705 et
2543 5645 2781 5704 ﬁdelium
2806 5621 3050 5700 meorum
3076 5640 3324 5696 manibus
3347 5621 3730 5710 corroboramlttm

2223 5709 2443 5804 tradidi.
2475 5739 2535 5798 s.
2559 5733 2833 5796 Gausfridi
2858 5731 3119 5806 episcopi.
3170 5725 3402 5787 Hilduini
3441 5709 3725 5801 precenlorisc

607 5854 756 5928 (9‘29)
787 5857 1100 5929 Sequuntur
1127 5858 1286 5915 linea
1337 5869 1469 5928 tres,
1531 5876 1762 5932 quarum
1819 5862 2112 5936 scriptura,
2153 5863 2372 5940 penitus
2395 5857 2593 5919 deleta.
2615 5852 2722 5924 legi
2753 5864 2860 5908 non
2887 5855 3086 5922 potest.
