3842 6308
118 329 192 386 661

850 315 1078 387 VETUS
1113 329 1376 387 AGA‘NO.
1406 363 1471 370 —
1511 330 1638 385 ιλιι.
1675 331 1806 388 vni.
1840 315 2300 389 EUSTACllIUS.
2353 373 2357 376 .

3197 341 3305 400 562

116 419 338 479 Guauslini
361 417 714 478 archidiaconi.
739 421 1004 479 Frodouis
1028 426 1389 480 suceentoris.
1421 424 1618 480 Morini
1651 430 1697 487 Α
1728 424 1988 481 Amalriei
2031 425 2239 482 clerici.
2284 425 2528 498 Frogcrii
2573 428 2639 484 de
2664 429 2998 492 Catalaunis.
3049 435 3306 498 Rodberti

115 513 364 583 presbiteri.
429 512 687 569 Landrici.
726 514 990 572 Willelmi
1019 557 1034 583 ,
1087 517 1301 588 nepotis
1354 517 1612 588 episcopi.

114 602 300 667 Ernaldi,
333 603 526 672 nepotis
547 602 756 660 Morini.
781 605 1018 676 Rogerii.
1044 606 1373 678 Engelranni
1403 607 1616 664 deeani.

110 694 314 748 Adelardi
335 695 626 749 subdeeani.
653 695 869 750 Ernaldi
898 697 1192 768 praepositi.
1217 697 1434 768 Hilgoti.
1452 696 1623 753 Guer-

110 784 202 841 rici.
228 783 444 850 Guarini,
469 784 644 842 fratris
681 786 904 843 Roherti
935 790 1298 844 succentoris.
1335 789 1619 854 Frtidonis,

1723 516 1792 572 de
1818 515 1971 586 Rupe
1996 516 2170 574 Forti.
2205 518 2540 590 Guausfridi,
2574 525 2790 582 comitis
2813 526 3149 606 Mat-itania,
3176 534 3316 592 Ger-

1723 609 1860 677 vasi,
1909 611 2135 682 dapiferi
2193 615 2356 686 regis.
2409 615 2644 690 Philippi
2693 623 2979 693 capellani.
3025 628 3308 698 Tedbaldi,

1723 701 2008 756 stabularii
2063 705 2226 774 regis.
2281 705 2582 777 Lancelini,
2629 712 3093 788 pincerue.regis.
3135 720 3312 778 Gisle-

1720 793 1862 848 berti
1889 793 1956 848 de
1979 793 2302 866 Tegulariis.
2336 799 2580 871 Hugonis
2621 805 2686 861 de
2707 805 2872 864 Curte
2901 808 3153 866 Sexaudi.
3183 813 3312 868 Ful-

110 875 370 948 liliiAlgisi.
419 877 689 948 Stephani,
741 880 837 935 ﬁlii
867 879 1134 938 Odilardi.
1185 882 1442 937 Durandi.
1484 882 1621 936 Data
1722 885 1878 940 conis
1906 888 2198 963 pincerute.
2247 890 2472 960 Udonis,
2519 895 2760 967 dapiferi.
2786 901 3046 973 episcopi.
3069 904 3312 962 .Wibaldi

109 985 243 1025 nonas
284 971 396 1030 mai,
446 972 730 1027 indictione
775 973 880 1038 Vll,
932 975 1197 1050 annoab
1249 975 1623 1030 incarnatione

106 1062 275 1116 Domini
311 1062 580 1118 millesimo
603 1065 932 1135 octogesimo
955 1065 1068 1131 llll,
1095 1065 1248 1136 regni
1279 1071 1460 1120 autem
1497 1063 1624 1118 Phi-

105 1151 202 1222 tippi
224 1150 407 1207 xxntt.
451 1172 470 1207 ι

550 1266 950 1324 CAPITULUM
992 1266 1110 1321 XX.

102 1379 161 1435 De
189 1380 324 1436 vineis
349 1378 606 1448 Herberti,
633 1385 888 1506 contiguis
911 1402 943 1438 a
965 1383 1208 1455 Philippo
1244 1397 1362 1454 rege
1397 1383 1453 1437 in
1480 1382 1622 1436 Area

788 1471 932 1506 raca.

788 1471 932 1508 raca.

629 1563 810 1635 (Anno
847 1564 1036 1634 1086.)

156 1689 173 1723 ι
208 1671 255 1727 ln
287 1673 494 1730 nomine
533 1687 738 1732 sanetae
768 1685 825 1732 et
863 1676 1152 1732 individuae
1174 1675 1480 1742 Trinitatis,
1521 1675 1628 1731 Pa-

99 1765 175 1819 tris
209 1773 257 1820 et
272 1764 383 1821 Filii
424 1776 478 1822 et
519 1767 758 1838 Spiritus
787 1768 998 1826 Sancti.
1024 1768 1159 1825 Cum
1193 1769 1393 1840 regalis
1432 1769 1624 1825 solium
1660 1798 1703 1854 Β

101 1855 323 1924 dignitatis
355 1857 631 1930 multiplex
672 1860 933 1915 virtutum
979 1861 1159 1916 cultus
1197 1871 1459 1928 exornet,
1489 1860 1626 1917 libe-

100 1947 246 2004 ralitas
271 1958 439 2006 tamen
468 1959 638 2022 atque
662 1952 1032 2008 munificentia
1065 1953 1400 2024 prmcipuum
1447 1953 1624 2009 locum

101 2047 236 2104 tenet,
287 2056 506 2111 quarum
556 2042 787 2101 eﬂ'ectus
853 2045 1145 2100 multorum
1207 2041 1628 2103 necessitatibus

97 2128 432 2188 condescendat
469 2145 524 2190 et
556 2135 644 2191 vis
673 2149 860 2191 eorum
907 2135 1260 2208 petitionibus
1304 2136 1628 2194 satisfaciat.

97 2217 246 2274 Notum
274 2237 393 2295 ergo
418 2239 539 2282 esse
566 2226 843 2292 volumus,
873 2243 976 2298 ego
999 2227 1300 2299 Philippus,
1333 2229 1510 2300 gratia
1529 2227 1629 2285 Dei

96 2327 164 2366 rex
180 2312 506 2385 Francorum,
534 2319 794 2376 omnibus
823 2328 1026 2375 sancta:
1053 2320 1147 2375 Dei
1173 2319 1430 2376 {ecclesiae
1455 2319 1630 2376 ﬁdeli-

95 2403 232 2459 liuset
254 2410 457 2474 nostris,
489 2421 599 2466 tam
639 2413 1000 2481 praesentibus
1026 2428 1189 2483 quam
1230 2411 1450 2482 futuris,
1483 2413 1629 2485 quod

96 2491 385 2563 Eustachius,
438 2499 616 2556 abbas
668 2501 923 2558 videlicet
968 2503 1143 2557 sancti
1192 2502 1342 2558 Petri
1395 2504 1630 2562 coenobii

94 2582 414 2654 Carnotensis,
463 2601 674 2647 nostrae
717 2593 1030 2650 serenitatis
1081 2594 1216 2650 adiit
1260 2595 1627 2666 praesentiam,

94 2671 245 2735 obnixe
281 2683 580 2752 postulans,
638 2693 698 2740 ut
751 2685 1143 2742 munificentiae
1192 2696 1394 2743 nostrae
1440 2703 1627 2744 aurem

91 2770 178 2838 eius
198 2775 426 2840 precibus
461 2775 736 2832 inclinare
785 2777 952 2848 regali
1002 2780 1210 2848 pietate
1254 2779 1626 2848 dignarentur,

91 2863 313 2930 quatinus,
359 2879 458 2934 pro
503 2867 889 2924 incolumitate
946 2876 1140 2924 nostra
1189 2880 1248 2926 et
1285 2878 1430 2925 statu
1477 2872 1630 2940 regni

90 2958 235 3024 nostri,
259 2955 594 3016 liberalitatis
616 2970 815 3016 nostrae
838 2975 1118 3017 assensum
1144 2961 1493 3032 preberemus
1512 2962 1629 3019 cui-

90 3046 179 3100 dam
197 3047 446 3106 Herberto
481 3060 658 3122 atque
699 3050 817 3120 ejus
841 3052 1020 3118 uxori,
1051 3051 1354 3123 Ingelburgi
1385 3053 1627 3120 nomine,

1725 976 1932 1034 clerici.
1977 979 2258 1040 Atlventii.
2304 982 2568 1043 Johannis
2609 989 2871 1049 Brustini.
2917 995 3156 1052 Arroldi.
3220 999 3312 1054 Ri-

1725 1073 1895 1128 eherii
1935 1081 1991 1130 et
2016 1075 2232 1134 Girardi
2268 1079 2335 1134 de
2361 1091 2550 1138 sancto
2577 1083 2835 1159 Georgio.
2876 1089 3070 1148 Actum
3097 1096 3314 1154 esthoc

1725 1159 1914 1218 Drocis
1954 1175 2140 1220 castro
2167 1168 2402 1238 publice,
2427 1181 2552 1228 ante
2582 1185 2792 1244 portam
2820 1181 2996 1235 sancti
3023 1180 3310 1252 Vineentii,

1725 1266 1870 1308 anno
1905 1255 1972 1310 ab
2005 1255 2379 1314 incarnatione
2411 1261 2624 1319 Domini
2654 1267 2942 1324 millesimo
2976 1270 3310 1339 ΙιΧΧΧονΙθ,

1725 1341 2025 1432 indictione
2091 1363 2232 1402 nona
2261 1388 2278 1414 ,
2333 1360 2592 1421 regnante
2672 1357 2918 1428 Philippo
2987 1359 3113 1432 rege
3169 1378 3314 1418 anno

1726 1429 1964 1487 ΧΧοἮο.
2019 1434 2131 1504 Ego
2175 1435 2512 1498 Gislebertus
2557 1447 2823 1514 notarius,
2862 1451 2928 1504 ad
2973 1429 3146 1507 vicem
3170 1451 3316 1509 Gau-

1727 1521 1878 1618 fridi,
1905 1524 2240 1584 Parisiorum
2277 1531 2541 1607 episcopi,
2578 1541 2774 1594 summi
2812 1542 3310 1618 cancellarii‘regis,

1727 1615 2020 1690 relegendo
2045 1620 2366 1692 subscripsi.
2407 1645 2426 1677 ι

2224 1751 2623 1813 CAPITULUM
2675 1759 2814 1816 XXI.

1802 1883 1884 1942 De
1914 1885 2152 1942 libertate
2184 1887 2228 1943 V
2253 1890 2612 1948 wcclesiarum
2637 1873 2756 1966 qua:
2783 1909 2904 1952 sunt
2936 1900 3000 1955 in.
3019 1899 3225 1957 Pertico

2295 2005 2353 2076 (4
2383 2017 2543 2063 mart.
2580 2011 2764 2083 1086.)

1807 2133 1828 2168 ι
1870 2115 1926 2172 ln
1959 2119 2179 2175 nomine
2223 2129 2424 2176 sancta:
2460 2130 2515 2178 et
2549 2123 2841 2182 individuae
2869 2128 3182 2201 Trinitatis,
3215 2133 3319 2190 Pa-

1733 2207 1831 2265 tris
1855 2209 2109 2267 videlicet
2148 2220 2204 2266 et
2228 2211 2351 2269 Filii
2393 2223 2449 2269 et
2476 2215 2714 2285 Spiritus
2737 2217 2947 2288 Sancti,
2989 2223 3058 2278 ab
3086 2233 3320 2295 utroque

1730 2301 2098 2370 procedentis.
2129 2301 2244 2374 Ego
2271 2302 2614 2374 Gausl’ridus,
2645 2308 2772 2369 licet
2822 2311 3099 2386 indignus,
3125 2315 3317 2373 accele-

1732 2395 1828 2450 site
1855 2394 2212 2451 Carnotensis
2256 2397 2568 2468 episcopus,
2609 2397 2800 2456 notum
2851 2403 2975 2460 volo
3020 2405 3136 2461 fieri
3187 2411 3322 2465 meis

1733 2487 2144 2543 successoribus
2159 2496 2214 2543 et
2236 2487 2355 2545 aliis
2379 2489 2638 2546 aecelesize
2667 2503 2867 2551 nostrae
2889 2496 3156 2566 fidelibus,
3175 2501 3318 2572 quod

1732 2576 1906 2632 frater
1945 2577 2293 2646 Eustachius,
2345 2579 2515 2636 abbas
2558 2584 2737 2638 sancti
2778 2583 2924 2641 Petri
2969 2586 3323 2648 Carnotensis

1735 2669 1987 2739 ecenohii,
2018 2671 2230 2742 rogavit
2255 2673 2533 2730 humiliter
2554 2677 2877 2747 parvitatem
2901 2679 3106 2744 meam.
3132 2693 3190 2738 ut
3214 2673 3320 2740 sibi

1733 2773 1789 2820 et
1813 2766 2222 2836 congregationi
2278 2771 2672 2825 monachorum
2723 2771 2922 2827 ibidem
2970 2775 3318 2832 servientium

1734 2858 1920 2915 darem
1957 2859 2185 2930 plurima
2213 2860 2429 2929 altaria,
2459 2863 2578 2918 sine
2616 2863 2722 2918 ulla
2765 2865 3141 2941 redemptione
3185 2869 3322 2926 ulte-

1735 2951 1850 3007 rius
1877 2951 2149 3020 habenda,
2187 2952 2357 3010 altare
2387 2954 2644 3010 videlicet
2673 2951 2739 3012 de
2765 2957 3142 3027 Ermenteriis,
3171 2971 3228 3018 et
3255 2963 3322 3022 de

1733 3039 1995 3109 Roheria,
2034 3051 2090 3098 et
2137 3043 2204 3099 de
2253 3042 2517 3112 Buxseto,
2575 3054 2630 3102 et
2677 3047 2744 3102 de
2784 3047 3139 3120 Castellariis,
3171 3063 3224 3110 et
3255 3057 3323 3114 de

87 3143 291 3210 utquod,
314 3144 428 3201 Deo
461 3143 797 3214 inspirante,
839 3144 1000 3216 longo
1037 3153 1282 3218 tempore
1321 3157 1625 3214 maturave-
1656 3153 1700 3212 α
1735 3131 2019 3190 Cruciaco.
2067 3133 2206 3203 Quia
2258 3149 2387 3205 ergo
2428 3136 2530 3192 ista
2562 3137 2752 3208 petitio
2785 3147 2839 3194 et
2868 3154 3003 3195 mea:
3049 3142 3322 3199 honestati

89 3241 178 3285 rant
210 3233 447 3304 implere,
491 3244 691 3292 nostra
727 3235 946 3291 licentia
992 3237 1193 3292 ducere
1225 3237 1529 3308 quivissent
1562 3239 1632 3294 ad

85 3319 308 3390 cll‘ectum;
337 3325 553 3383 scilicet
573 3334 640 3380 ut
661 3323 727 3380 de
750 3325 912 3380 rebus
935 3325 1172 3396 propriis
1197 3341 1332 3396 quas
1359 3327 1631 3382 habebant

86 3411 258 3470 inAl'ea
280 3415 444 3474 Braca
491 3425 758 3474 sanctum
799 3415 1021 3471 Petrum
1071 3424 1128 3471 et
1170 3417 1470 3472 monachos
1513 3415 1631 3486 ejus

85 3504 263 3565 heredes
301 3509 586 3568 facerent:
615 3507 876 3567 videlicet
907 3509 974 3564 de
1010 3507 1220 3564 duobus
1259 3509 1541 3580 aripennis
1579 3519 1636 3564 et

85 3596 258 3655 dimidio
279 3601 467 3668 vineae,
496 3603 567 3658 de
589 3601 760 3659 domo
787 3613 906 3664 sua,
933 3598 1132 3654 horreo
1160 3607 1216 3654 et
1241 3598 1421 3666 furno,
1457 3601 1634 3656 omni-

83 3699 158 3753 que
178 3690 476 3760 supellectili
514 3705 738 3754 eorum.
769 3688 937 3760 Cujus
960 3687 1162 3758 justam
1193 3690 1512 3758 petitionem
1547 3689 1636 3761 ju-

84 3776 297 3846 dicantes,
325 3798 447 3838 cum
484 3782 699 3839 nostris
744 3779 1002 3838 ﬁdelibus
1036 3779 1129 3850 qui
1167 3779 1449 3837 uobiscum
1493 3797 1634 3852 prae—

82 3877 232 3924 sentes
260 3871 502 3939 aderant,
532 3873 763 3943 dignum
811 3869 1090 3936 duximus,
1115 3884 1216 3941 pro
1252 3869 1432 3927 anima
1462 3872 1635 3942 patris

83 3957 159 4009 mei
188 3957 575 4032 Hanriciregis
619 3969 784 4031 atque
827 3971 928 4028 pro
966 3966 1158 4014 nostra
1213 3959 1410 4026 salute,
1448 3975 1636 4015 assen-

81 4059 168 4100 sum
193 4051 404 4119 prelmre
438 4053 724 4109 donationi
761 4049 1016 4124 praedicti
1048 4049 1154 4106 viri
1184 4060 1242 4106 et
1274 4052 1460 4107 uxoris
1493 4051 1632 4122 ejus.

83 4133 246 4196 Placuit
282 4144 445 4198 etiam
497 4143 790 4200 serenitati
848 4149 1051 4196 nostrae
1101 4141 1249 4213 regia
1306 4141 1636 4198 interdicere

79 4232 340 4300 saturitate,
379 4249 450 4292 ne
491 4236 622 4306 quis
661 4247 924 4306 umquam
963 4247 1062 4302 per
1108 4232 1455 4288 succedentia
1501 4241 1637 4289 teni-

83 4333 182 4386 pora
218 4324 337 4382 huic
377 4335 588 4381 nostrae
629 4325 1026 4383 muniﬁcentiae
1069 4325 1246 4395 operi,
1293 4325 1438 4396 quod
1485 4327 1637 4382 cudi-

84 4425 192 4479 nitis,
229 4417 401 4490 aliqua
445 4419 759 4475 temeritate
796 4427 1098 4491 praesumat
1129 4405 1428 4486 contraire,
1462 4434 1638 4490 neque

1734 3231 1791 3279 et
1816 3239 2003 3280 eorum
2040 3224 2263 3281 utilitati
2305 3227 2601 3284 convenire
2637 3229 2750 3284 visa
2785 3237 2892 3296 est,
2918 3229 3061 3286 dono
3096 3231 3176 3288 eis
3198 3225 3323 3304 pre-

1736 3316 1880 3372 dicla
1921 3316 2135 3383 altaria,
2179 3333 2302 3373 eum
2343 3335 2569 3375 assensu
2613 3320 2802 3376 fratris
2851 3321 3094 3380 Gauslini
3144 3326 3324 3382 archi-

1737 3409 1990 3478 diaconi,
2033 3411 2194 3467 solita
2223 3420 2279 3467 et
2303 3413 2485 3483 quieta
2537 3414 2606 3467 ab
2637 3413 2784 3468 omni
2826 3411 3163 3481 venditione,
3194 3433 3225 3471 a
3249 3419 3324 3473 si-

1736 3503 1879 3560 nodo
1915 3513 1971 3559 et
1993 3504 2232 3571 circada,
2259 3506 2329 3561 ab
2357 3507 2505 3562 omni
2535 3507 2700 3562 etiam
2737 3509 3128 3564 consuetudine
3173 3519 3228 3566 et
3255 3511 3322 3564 ab

1737 3597 1883 3652 omni
1925 3597 2211 3652 exactione
2246 3597 2494 3666 justitite,
2524 3597 2696 3656 fratre
2725 3587 2914 3657 nostro
2933 3599 3190 3658 Gauslino
3219 3601 3325 3660 hoc

1741 3695 1946 3744 tantum
1991 3687 2115 3752 sibi,
2161 3687 2400 3756 quandiu
2442 3689 2666 3756 vixerit,
2716 3691 3008 3759 retinente,
3048 3691 3324 3764 justiciain

1739 3779 1945 3835 scilicet
1984 3779 2049 3834 de
2084 3777 2406 3848 presbiteris
2443 3779 2499 3834 in
2530 3779 2735 3836 eisdem
2778 3780 2912 3838 locis
2940 3785 3322 3840 servientibus.

1740 3869 1811 3925 Ut
1838 3878 2017 3925 autem
2044 3883 2142 3940 per
2163 3869 2508 3926 succedentia
2539 3880 2780 3942 tempora
2811 3871 3036 3930 ﬁrmum
3054 3867 3325 3934 et'stabile

1737 3961 1842 4016 hoc
1889 3961 2088 4016 donum
2143 3971 2380 4030 maneat,
2424 3966 2678 4035 prmsenti
2726 3960 2940 4037 scripto'
2968 3968 3217 4024 mandavi
3271 3983 3326 4026 et

1737 4053 1893 4124 signo
1931 4054 2113 4109 crucis
2146 4068 2307 4107 manu
2341 4068 2460 4108 mea
2500 4055 2648 4110 facto
2686 4055 2962 4126 roboravi,
2997 4067 3050 4114 et
3087 4060 3323 4116 fidelium

1737 4159 1982 4200 meorum
2034 4144 2284 4200 manibus
2320 4145 2782 4202 corroborandum
2819 4147 3037 4204 tradidi.
3100 4149 3322 4220 Signum

1737 4233 1776 4308 -ί-
1796 4233 2069 4291 Gausfridi
2098 4234 2358 4306 episcopi.
2387 4235 2640 4291 Adelardi
2673 4237 2884 4292 deeani.
2917 4235 3159 4292 Hilduini
3189 4255 3326 4308 prte-

1738 4327 1997 4382 centoris.
2040 4327 2351 4393 Widdonis,
2396 4327 2608 4383 abbatis
2661 4329 2835 4384 sancti
2879 4327 3164 4388 Johannis.
3215 4329 3328 4386 llil-

1740 4418 1878 4473 bcrti
1905 4421 1972 4474 de
1996 4419 2246 4475 Gnrzeis.
2280 4419 2568 4476 Rainbaldi
2601 4420 2667 4476 de
2693 4421 2968 4477 Calniaco.
3002 4423 3223 4479 Ernaldi
3261 4426 3328 4480 de

83 4504 132 4558 de
153 4512 405 4567 concessis
439 4512 559 4582 jam
601 4512 766 4568 dictis
810 4513 1004 4576 rebus,
1037 4525 1214 4580 neque
1248 4511 1302 4566 in
1339 4526 1508 4581 parvo
1543 4529 1636 4568 ne.
1665 4511 1714 4570 ι)
1739 4508 1918 4565 Curba
1947 4505 2102 4564 Villa.
2134 4507 2339 4565 Giraldi
2369 4511 2680 4580 presbiteri.
2717 4511 2978 4568 Mainardi
3013 4516 3324 4583 presbiteri.

83 4612 164 4665 que
187 4601 236 4656 in
263 4617 488 4674 magno,
543 4605 839 4675 quicquam
888 4602 1140 4660 minuere
1179 4603 1407 4672 audeat;
1461 4619 1638 4674 neque

81 4696 341 4761 custodem,
387 4713 559 4767 quem
598 4697 670 4751 ibi
717 4695 970 4753 monachi
1025 4694 1346 4764 posuerint,
1401 4693 1639 4764 qualibet

81 4787 273 4841 corveda
331 4804 427 4845 seu
483 4791 774 4848 exactione
826 4793 1049 4861 premat
1094 4785 1182 4842 vel
1235 4793 1454 4858 gravet,
1508 4787 1638 4851 sed,

81 4869 194 4929 liber
233 4879 298 4934 ab
339 4882 492 4936 omni
531 4879 927 4937 consuetudine
961 4876 1320 4937 seculiarium
1361 4877 1640 4934 hominum

85 4976 242 5022 secure
291 4969 364 5025 ibi
420 4983 697 5039 maneat,
760 4979 817 5027 et
866 4968 1162 5028 monachis
1209 4969 1413 5024 serviat
1459 4982 1475 5024 :
1526 4976 1643 5022 tan-

86 5063 351 5128 tummodo,
409 5072 622 5120 statuto
688 5072 969 5134 tempore,
1055 5059 1366 5131 quindecim
1428 5055 1638 5115 denarii

85 5158 282 5212 quatuor
314 5154 426 5210 vini
468 5156 704 5222 cantari,
746 5157 893 5212 mina
931 5167 1128 5218 avene,
1161 5151 1319 5222 panis
1353 5159 1410 5208 et
1447 5149 1642 5223 gallina

87 5249 190 5303 una,
220 5236 370 5299 nobis
401 5245 672 5310 habenda,
702 5245 882 5302 ollicio
909 5253 1104 5302 nostro
1131 5242 1450 5297 reddantur.
1491 5243 1646 5309 Quod

88 5327 122 5379 si
149 5330 196 5384 in
225 5335 496 5394 reddendo
531 5341 782 5396 monachi
813 5340 953 5396 tardi
982 5325 1293 5404 extiterint,
1329 5339 1640 5401 emendent,

88 5426 132 5471 el
162 5437 244 5480 res
274 5429 584 5485 nominatas
621 5445 728 5488 non
755 5433 1006 5503 perdant.
1054 5426 1434 5486 laudavimus
1461 5429 1646 5498 itaque

89 5506 204 5568 hanc
240 5528 447 5574 cartam
483 5532 669 5578 nostro
707 5525 928 5580 nomine
973 5520 1398 5591 nominibusque
1445 5521 1646 5592 prima-

92 5611 182 5692 tum
221 5616 542 5686 nostrorum}
563 5627 722 5688 atque
749 5619 908 5688 regia
928 5615 1217 5692 dignitatis
1245 5613 1422 5688 sigillo
1458 5633 1644 5674 corro-

91 5691 243 5782 borari
269 5742 284 5768 ,
327 5714 387 5758 ut
430 5717 550 5761 rata
594 5719 646 5764 et
685 5710 938 5767 inviolata
985 5691 1310 5782 permaneat
1359 5711 1414 5766 in
1460 5725 1640 5766 evutn.

93 5781 142 5838 5-
179 5789 392 5866 Philippi
441 5799 916 5873 regis-Gausfridi,
970 5781 1212 5874 episcopi
1258 5803 1634 5860 Carnotensis.

379 5889 651 5956 ΡΑτιιοι..
684 5893 864 5958 CLV.

1739 4597 1931 4656 Garini
1957 4599 2192 4655 diaconi.
2233 4599 2496 4656 Durandi.
2550 4600 2609 4658 s.
2635 4586 2893 4658 Wittetmi
2935 4603 3325 4660 archidiaconi.

1739 4687 1983 4744 Gauslinl
2028 4691 2320 4745 subdecani
2373 4700 2429 4747 et
2458 4693 2849 4751 archidiaconi.
2879 4696 3162 4752 .Frodonis
3203 4697 3302 4752 sub

1741 4780 2000 4836 centoris.
2047 4779 2302 4838 Fulconis
2351 4785 2746 4840 archidiaconi.
2800 4785 3061 4852 llilduini,
3109 4786 3326 4841 Girardi

1741 4871 1860 4927 lilii.
1932 4871 2210 4930 Landrici.
2267 4875 2514 4944 Odonis,
2579 4879 2791 4948 nepotis
2835 4877 3076 4932 Ernaldi.
3133 4877 3324 4934 Morini

1742 4965 2052 5036 presbiteri.
2099 4965 2374 5024 Gausfridi
2407 4970 2717 5040 presbiteri.
2765 4968 2890 5024 llaec
2933 4979 3083 5024 carta
3132 4972 3324 5026 tradita

1743 5069 1827 5114 est
1855 5077 1884 5114 a
1913 5059 2172 5118 Gauslino
2202 5061 2550 5127 cancellario,
2589 5061 2678 5116 llll
2724 5075 2896 5116 nonas
2939 5059 3147 5130 Marcii,
3189 5063 3330 5119 indi-

1744 5151 1925 5207 ctione
1957 5150 2111 5218 Vllll,
2155 5167 2299 5208 anno
2353 5153 2421 5209 ab
2471 5153 2846 5209 incarnatione
2890 5154 3107 5211 Domini
3156 5155 3329 5212 mille-

1746 5242 1883 5298 sime
1908 5241 2247 5311 Lxxxowo,
2269 5244 2420 5314 regni
2445 5253 2626 5299 autem
2658 5243 2890 5318 Philippi
2917 5248 3062 5321 regis
3085 5233 3274 5305 XXVI.
3302 5269 3322 5302 ι

2234 5380 2632 5444 CAPITULUM
2669 5383 2834 5442 XXII.

1745 5472 1824 5527 De
1851 5473 2024 5544 pravis
2075 5473 2536 5528 consuetudinibus
2589 5478 2818 5532 remissis
2871 5480 2927 5534 in
2975 5481 3091 5536 loco
3141 5480 3328 5538 Sancti

2429 5565 2658 5638 Georgii.

2337 5682 2513 5753 (Anno
2549 5684 2728 5754 1086.)

1825 5821 1842 5853 ‹
1887 5803 1943 5856 lu
1999 5798 2216 5856 nomine
2287 5810 2493 5856 sanctae.
2543 5810 2597 5857 et
2663 5803 2953 5857 individua:
3019 5803 3324 5866 Trinitatis,
3377 5870 3385 5875 _
