3842 6308
536 411 643 474 568

524 623 765 694 denique
804 615 901 689 qui
932 611 1213 669 Christum
1245 604 1474 663 credunt
1520 597 1728 694 lapides
1769 593 1878 650 vivi
1925 591 2111 694 dicun-

672 678 737 768 ιιι
782 678 1078 782 Apostolus
1102 701 1217 758 ait:
1269 695 1370 752 Vos
1410 692 1532 749 estis
1562 686 1766 759 lapides
1789 683 1892 739 vivi
1944 678 2113 748 (edi/i-

524 774 657 874 cati,
685 774 876 859 domus
922 793 1185 868 spiritales
1233 787 1404 862 (230).
1448 774 2024 874 Igitur,_si-volumus
2055 777 2116 826 ut

529 865 798 955 inhabitet
832 865 1089 950 Christus
1125 886 1181 941 in
1214 880 1372 938 nobis
1409 884 1467 934 et
1520 887 1622 930 nos
1652 871 1708 926 in
1748 868 1888 940 ipso,
1929 865 2116 955 hostes

528 997 770 1054 nostros,
797 985 854 1042 id
876 990 961 1039 est
983 978 1118 1035 vitia
1165 972 1426 1031 debemus
1474 961 1803 1026 interficere,
1844 951 2118 1012 Samuelis

843 1078 1133 1145 sequentes
1165 1060 1497 1155 exemplum,
1528 1049 1920 1155 quiLgl-a‘dium
1947 1042 2116 1155 [acci-

533 1135 713 1245 piens,
736 1135 1127 1240 Agag,-regem
1159 1150 1576 1245 pinguissimum
1606 1141 1802 1245 Δ(⁸251),
1850 1137 1906 1194 in
1946 1135 2119 1190 frusta

536 1232 814 1326 concidit:
848 1232 1087 1313 nobisin
1127 1249 1231 1304 hoc
1253 1240 1551 1301 ostendens
1602 1234 1767 1326 facto,
1815 1232 2121 1302 pugnantes

536 1359 730 1409 contra
765 1324 950 1403 carnis
994 1339 1138 1397 vicia
1179 1334 1311 1392 nulli
1351 1329 1575 1388 omnino
1622 1324 1821 1381 debere
1870 1330 2119 1391 parcere,

539 1443 635 1501 sed
666 1439 852 1497 omnia
890 1433 1222 1494 interﬁcere,
1264 1440 1333 1483 ne
1377 1425 1434 1479 in
1465 1418 1660 1477 mortis
1708 1414 1924 1485 culpam
1985 1411 2123 1467 inci-

539 1534 758 1597 damus,
786 1529 931 1586 sicut
951 1539 1045 1580 rex
1078 1520 1238 1585 Saul,
1267 1516 1361 1588 qui
1387 1514 1539 1584 Agag
1568 1508 1707 1580 regi,
1761 1513 1950 1561 contra
1997 1514 2122 1573 pre-

539 1591 757 1697 ceptum
786 1617 1022 1681 Domini,
1052 1610 1293 1685 pepercit
1326 1605 1497 1679 (252),
1534 1611 1589 1658 et
1617 1600 1741 1656 ideo
1774 1594 2034 1651 Dominus
2056 1591 2125 1645 ab

539 1682 622 1773 co'
644 1709 893 1775 recessit,
955 1715 1010 1764 et
1046 1682 1272 1774 spiritus
1349 1695 1619 1765 malignus
1691 1704 1817 1746 eum
1865 1682 2119 1754 arripuit.

544 1809 663 1865 lloc
707 1799 958 1872 exemplo
1013 1806 1070 1854 et
1123 1793 1246 1849 aliis
1305 1782 1725 1861 quamplurimis
1799 1778 2125 1837 Sanctarum

549 1853 956 1969 Scripturarum
1008 1883 1273 1957 exemplis
1322 1853 1491 1954 plene
1505 1876 1709 1943 edocti,
1766 1880 1955 1929 notum
2007 1882 2128 1925 esse
2154 1853 2203 1915 B

548 1956 803 2048 volumus
855 1982 1107 2043 omnibus
1153 1986 1355 2036 sanctae
1391 1972 1487 2029 Dei
1538 1967 1800 2027 aacclesiae
1853 1956 2126 2026 fidelibus,

551 2091 663 2141 tam
691 2075 1050 2152 praesentibus
1088 2084 1253 2143 quam
1289 2063 1511 2129 futuris,
1557 2074 1679 2132 ego,
1713 2053 1961 2113 videlicet
1981 2049 2127 2106 Han-

550 2178 722 2241 ricus,
774 2180 831 2229 et
883 2169 1053 2226 frater
1100 2177 1253 2221 meus
1292 2156 1666 2232 parvissimus,
1708 2149 1931 2207 nomine
1969 2144 2135 2202 Mori-

549 2282 675 2335 nus,
705 2239 926 2321 militari
980 2256 1158 2314 balteo
1205 2251 1423 2322 utrique
1450 2243 1701 2310 accincti,
1722 2239 1979 2312 quoniam
2014 2250 2131 2291 am-

549 2358 812 2416 bitionem
850 2348 1138 2413 nefariam,
1168 2358 1289 2416 qua:
1311 2354 1438 2406 nos,
1462 2337 1518 2393 in
1561 2328 1931 2391 adolescentia
1984 2324 2133 2398 posi-

551 2414 659 2517 ios,
681 2455 908 2504 actenus
949 2414 1203 2510 decepit,
1233 2448 1265 2490 a
1304 2430 1465 2488 nobis
1490 2425 1778 2497 abigimus,
1821 2427 1898 2486 et,
1944 2414 2135 2475 humili

552 2508 717 2616 pre-ce
737 2533 1038 2599 Eustachii,
1063 2508 1279 2587 abbatis
1307 2519 1542 2581 cccnobii
1592 2512 1768 2573 sancti
1808 2509 1959 2567 Petri
2005 2508 2139 2566 Car-

554 2602 825 2698 notensis,
856 2627 923 2683 ad
947 2626 1052 2682 hoc
1076 2633 1266 2679 sumus
1287 2611 1559 2688 perducti,
1590 2615 1671 2676 ut,
1701 2618 1801 2677 pro
1830 2602 1926 2659 Dei
1950 2613 2139 2656 amore

555 2735 613 2784 et
643 2692 829 2782 nostra
859 2717 1055 2784 salute,
1079 2726 1278 2786 pravas
1325 2704 1748 2768 consuetudines
1794 2712 1850 2757 et
1889 2692 2141 2752 intolera-

557 2817 718 2884 biles,
764 2825 901 2885 quas
966 2807 1165 2879 injuste
1227 2799 1628 2872 accipiebamus
1682 2796 1737 2852 in
1784 2794 1907 2849 loco
1967 2786 2140 2846 sancti

565 2876 810 2976 Georgii,
868 2899 961 2973 qui
1004 2876 1142 2955 situs
1165 2902 1248 2951 est
1295 2907 1405 2949 non
1450 2890 1609 2962 longe
1661 2902 1691 2943 a
1732 2884 1956 2940 ﬂumine
1998 2876 2144 2952 quod

560 2968 961 3054 Arva-dicitur,
1012 3002 1077 3043 ex
1129 2991 1244 3039 toto
1296 2979 1616 3040 dimittimus
1644 2992 1660 3043 ;
1690 2968 2031 3032 solummodo
2051 2980 2145 3023 eas

562 3087 884 3149 retinentes,
911 3092 1048 3150 quas
1081 3084 1238 3150 pater
1280 3079 1469 3129 noster
1523 3068 1870 3130 Rainbertus,
1897 3075 1997 3135 pro
2049 3058 2146 3115 de-

563 3282 756 3325 corum
796 3261 1051 3320 videlicet
1099 3258 1265 3315 boves
1323 3265 1407 3311 ter
1428 3253 1483 3309 in
1511 3265 1653 3307 anno
1676 3249 1744 3305 ad
1784 3242 2144 3303 exercendam

566 3372 771 3419 terrain
793 3358 846 3413 in
878 3355 1067 3412 eodem
1104 3351 1245 3408 loco.
1280 3346 1457 3405 Simili
1512 3343 1674 3399 modo
1722 3337 1891 3397 semel
1917 3337 1973 3393 in
2003 3346 2145 3390 anno

568 3461 627 3512 et
659 3461 911 3521 tempore
958 3455 1220 3515 congruo,
1272 3438 1341 3494 de
1382 3434 1644 3492 arietibus
1694 3442 1858 3502 atque
1896 3429 2071 3501 agnis,
2100 3424 2146 3482 si

562 3519 793 3609 fuerint,
821 3539 942 3597 sine
982 3531 1300 3605 gravamine
1329 3526 1656 3592 incolarum,
1716 3523 2016 3580 monachus
2044 3519 2149 3576 loci

464 3628 471 3639 ’
564 3645 748 3695 rector
786 3639 1008 3704 rogatus
1044 3625 1203 3682 nobis
1230 3620 1501 3696 prebebit,
1541 3616 1800 3689 quatinus
1832 3629 1933 3672 nos
1962 3612 2149 3670 libenti

565 3730 752 3785 animo
781 3726 849 3781 ab
873 3720 1126 3781 omnibus
1150 3713 1485 3779 hominibus,
1512 3724 1611 3782 pro
1636 3722 1798 3780 posse
1852 3713 2069 3772 nostro,
2094 3712 2153 3761 et

566 3822 746 3878 locum
776 3826 831 3873 et
855 3828 1071 3873 omnem
1101 3825 1217 3868 rem
1244 3808 1350 3865 loci
1380 3807 1527 3863 intus
1590 3812 1646 3861 et
1671 3803 1912 3860 exterius
1962 3798 2152 3858 defen-

571 3915 783 3969 damus.
851 3905 1151 3978 Negocium
1205 3900 1425 3972 quidem
1477 3896 1523 3954 si
1564 3895 1734 3952 fuerit
1788 3894 1932 3951 inter
1985 3892 2155 3963 ipsius

570 4002 673 4057 loci
697 3993 968 4063 homines,
1001 3994 1146 4066 quod
1176 3992 1295 4047 sine
1331 3987 1479 4045 bello
1530 3987 1689 4043 ﬁnire
1718 3992 1974 4057 nequeat,
2018 3996 2156 4054 prie-

572 4100 727 4149 sentc
753 4087 1045 4151 monacho,
1074 4082 1292 4139 finietur
1315 4081 1369 4136 in
1409 4085 1594 4134 nostra
1634 4075 1808 4133 curia.
1860 4073 2154 4130 Prandium

573 4197 705 4239 vero
730 4177 875 4251 quod
901 4177 956 4233 in
999 4172 1177 4231 sancti
1201 4169 1421 4242 Georgii
1440 4167 1744 4226 festivitate
1795 4163 2154 4221 inverecunda

577 4272 757 4327 fronte
830 4264 1272 4337 requirebamus,
1329 4259 1556 4317 omnino
1629 4253 1979 4322 dimittimus,
2028 4252 2156 4325 quia

580 4360 717 4419 male
766 4356 1147 4416 solennitatcm
1204 4351 1444 4410 celebrat
1471 4350 1565 4423 qui
1592 4364 1653 4407 se
1695 4348 1764 4406 ab
1803 4346 2027 4405 inlicitis
2048 4360 2158 4402 non

582 4452 838 4510 custodit.
880 4449 965 4516 Et,
998 4457 1058 4504 ut
1107 4444 1533 4519 praelibavimus,
1582 4456 1773 4501 omnes
1819 4439 2161 4500 execrabiles

1456 389 1659 450 PAULI
1698 389 1756 446 ὃ.
1799 381 2008 443 PETRI
2042 371 2528 439 CARNOTENSIS
2563 366 2882 431 MONACHI

524 529 707 591 Patris
743 519 996 586 videlicet
1023 528 1080 577 et
1120 514 1242 574 Filii
1284 522 1340 571 et
1385 468 1621 583 Spiritus
1670 501 1879 563 Sancti.
1910 501 2112 559 Omnes
2144 502 2193 563 Α
2218 495 2355 552 Juda
2386 492 2686 566 proditore,
2711 498 2765 547 et
2796 502 2920 545 cum
2978 483 3064 542 his
3107 483 3197 555 qui
3230 481 3495 537 Dominum
3541 479 3697 536 Jhcsuut
3738 486 3739 489 ‘

3622 364 3694 421 3M

2219 588 2635 655 crucifixerunt,
2680 585 2738 641 in
2792 581 3008 639 inferno
3051 592 3237 649 pinnas
3297 575 3483 630 habeat
3524 585 3703 629 carem

2216 682 2345 738 fine.
2396 680 2535 735 Data
2583 683 2670 733 est
2720 675 2839 731 haec
2890 680 3040 729 carta
3096 668 3283 726 Drocis
3329 672 3496 721 castro
3534 663 3702 735 publice,
3784 663 3811 738 ιι

2216 787 2365 829 anno
2384 770 2655 829 dominico
2678 763 3073 824 incarnationis
3128 760 3409 818 millesimo
3446 755 3703 822 LXXX-Vh,
3786 750 3811 829 (λ

2218 864 2517 921 indictione
2538 860 2697 927 Vllll,
2743 856 2979 928 Philippi
3034 853 3178 925 regis
3226 849 3372 923 regni
3415 863 3539 903 anno
3572 844 3705 902 Illi.

2218 957 2441 1024 Paulus,
2473 953 2773 1011 monachus
2792 959 2849 1008 et
2879 948 3115 1013 edituus,
3146 944 3389 1001 notarius
3416 940 3585 998 extitit.
3609 958 3624 990 ι

2701 1080 3100 1142 CAPITULUM
3139 1076 3329 1135 ΧΧιιι.

2614 1198 2693 1255 De
2713 1197 2951 1255 acclesia
2984 1192 3227 1248 Puteoste
3263 1188 3418 1245 υῑιιω.

2817 1309 3000 1381 (Anno
3028 1304 3217 1375 tosti.)

3809 484 3811 511 l

3810 672 3811 691 l

3778 0 3811 1409 ξ

3810 1116 3811 1133 l

2303 1455 2323 1489 ι
2356 1433 2416 1490 In
2446 1429 2666 1488 nomine
2699 1425 2886 1483 Patris
2915 1435 2971 1481 et
2991 1422 3114 1480 Filii
3143 1429 3199 1477 et
3227 1417 3460 1491 Spiritus
3479 1413 3716 1484 Sanetiqai
3786 1414 3795 1483 ξ

2228 1524 2404 1581 trinus
2430 1529 2515 1577 est
2539 1515 2900 1590 personaliter
2926 1522 2983 1570 et
3010 1526 3151 1568 unus
3174 1504 3718 1566 essentialitcr.Desena

2229 1582 2558 1689 gentilitati;
2574 1612 2629 1667 id
2650 1618 2734 1667 est
2755 1606 3013 1665 aecclesiae
3042 1606 3111 1661 de
3131 1604 3385 1675 gentibus
3411 1598 3619 1665 collecte,
3657 1612 3719 1669 per

2229 1687 2385 1762 isaia‘.
2404 1703 2668 1775 prophete
2694 1712 2907 1765 vocem,
2939 1695 3203 1751 Dominus
3242 1690 3579 1761 spiritualium
3610 1687 3720 1741 vinu-

2235 1807 2349 1853 tum
2372 1774 2515 1851 dona
2560 1790 2911 1863 promittens,
2950 1786 3096 1842 inter
3144 1780 3422 1841 odorifera
3468 1778 3645 1834 arbusta
3674 1774 3724 1830 Il-

2231 1903 2380 1946 mum
2406 1897 2571 1956 atque
2606 1885 2811 1939 buxum
2838 1878 2993 1951 posui
3043 1875 3194 1948 (9.55)
3249 1874 3436 1931 dicens
3465 1889 3478 1925 :
3504 1869 3660 1924 Pam
3688 1868 3725 1919 itt

2229 1981 2432 2036 deserto
2458 1975 2702 2041 abietem,
2730 1971 2931 2027 ulmum
2958 1978 3007 2026 et
3030 1969 3225 2024 buxum
3252 1961 3413 2022 simul
3462 1960 3607 2033 (ξω).
3628 1956 3725 2013 Nunc

2232 2082 2416 2129 autem
2441 2068 2626 2125 abiete
2652 2066 2708 2122 in
2736 2067 2843 2122 hac
2895 2061 3039 2119 serie
3070 2057 3459 2132 praetermisso,
3491 2067 3581 2123 quo
3616 2050 3726 2106 sisui

2233 2162 2484 2220 homines
2497 2158 2831 2231 panduntur,
2855 2168 3088 2226 quorum
3112 2146 3447 2220 mentesjugi
3473 2142 3728 2200 meditatione

2234 2264 2426 2311 sancto
2457 2248 2724 2308 desiderio
2756 2247 2827 2304 ad
2874 2244 3095 2303 celestia
3153 2236 3554 2310 contemplanda
3585 2234 3729 2289 elevan-

2239 2356 2349 2414 tur,
2376 2359 2476 2400 nos
2513 2357 2729 2415 quoque
2759 2338 2979 2412 fragiles
3001 2345 3056 2394 et
3093 2334 3235 2391 mole
3280 2330 3597 2403 iniquitatum
3636 2337 3731 2395 pres

2236 2457 2329 2501 sos
2357 2439 2662 2498 minoribus
2687 2437 2854 2494 rebus
2878 2430 3165 2489 informari
3188 2431 3433 2499 Oportet,
3453 2429 3507 2477 ut
3542 2417 3611 2475 vel
3645 2415 3729 2471 uini

2238 2540 2334 2588 aut
2370 2527 2822 2601 signiﬁcationem
2843 2521 2975 2580 buxi
3007 2532 3196 2593 gerere
3218 2515 3514 2578 videamur,
3534 2514 3731 2578 torpentes

2240 2625 2296 2681 in
2320 2597 2476 2681 bonis
2504 2619 2783 2690 operibus,
2805 2624 2861 2672 et
2883 2612 3050 2684 hujus
3074 2607 3272 2666 caduci
3314 2618 3472 2675 atque
3495 2597 3661 2671 fugitivi
3678 2611 3731 2649 sc-

2240 2716 2347 2773 culi
2374 2712 2701 2771 inservimus
2735 2706 3038 2765 honoribus
3066 2722 3079 2758 :
3106 2701 3289 2757 ulmus
3310 2697 3520 2769 quidem
3544 2692 3591 2747 in
3621 2688 3731 2743 altum
3790 2688 3795 2759 ξ

2241 2807 2464 2873 crescit,
2495 2804 2593 2862 sed
2617 2801 2841 2859 minime
2867 2798 3050 2854 ferens
3071 2793 3332 2859 fructum,
3356 2804 3446 2847 eos
3465 2778 3734 2858 proculdubio

2244 2852 2464 2873 V'V'Vuv
2495 2852 2593 2862 -ιν-
2619 2852 2839 2859 -—----——-
2867 2852 2939 2854 -η
2962 2852 2976 2854 ἡ
3032 2852 3041 2853 ,
3316 2852 3329 2859 _
3465 2852 3482 2858 _

2244 2898 2519 2972 significat
2556 2895 2674 2968 qui,
2721 2891 3011 2949 mundanis
3062 2887 3227 2942 rebus
3270 2880 3547 2938 admodum
3584 2868 3735 2935 inmiti,

2245 2988 2607 3064 spiritualium
2624 2999 2850 3058 operum
2878 2982 3058 3037 fructu
3086 2983 3215 3033 sunt
3240 2971 3421 3029 vacui.
3446 2960 3736 3029 Τίιιιιειινείωι

2102 3074 2146 3162 ξ’
2245 3058 2426 3140 ulmus
2462 3094 2592 3152 sepe
2625 3078 2792 3134 vitem
2814 3089 2937 3131 cum
2965 3069 3140 3126 botris
3172 3065 3432 3128 sustinet,
3452 3060 3520 3115 ita
3543 3065 3590 3112 et
3608 3058 3734 3123 potu.
3790 3114 3805 3161 ἓ

563 3176 809 3234 fensione
828 3142 1130 3260 hominum,
1157 3162 1406 3237 precario
1426 3160 1684 3260 habuisse
1699 3149 2143 3260 refertur,rti‘sti:
2172 3200 2215 3260 Ο
2248 3182 2330 3233 ωε
2355 3142 2706 3245 huius'secu"
2737 3182 2927 3226 servm
2956 3163 3049 3219 Dei
3073 3176 3170 3233 per
3185 3155 3464 3214 περιθείη
3503 3149 3631 3219 “me
3649 3142 3735 3197 ιω.

2248 3282 2356 3337 que
2387 3234 2667 3320 beneﬁciis
2697 3257 2897 3315 inclitis
2918 3257 3247 3311 sustentant.
3276 3247 3337 3303 In
3367 3259 3469 3317 qua
3492 3255 3544 3296 re
3565 3234 3738 3337 spiritua-

2248 3358 2319 3415 lia
2344 3369 2533 3414 eorum
2554 3366 2722 3425 opera
2746 3365 2844 3407 sua
2873 3362 2995 3404 esse
3046 3344 3272 3408 faciunt,
3306 3349 3498 3397 etcum
3532 3331 3598 3388 eis
3620 3327 3658 3383 la
3688 3322 3738 3377 fr-

2252 3458 2377 3505 turo
2403 3445 2590 3505 seculo
2639 3451 2850 3500 aeterno
2905 3443 3337 3495 remunerantur
3377 3424 3583 3502 premio.
3623 3419 3739 3505 Boiis

2252 3539 2508 3608 denique,
2537 3533 2710 3591 solam
2761 3529 3096 3586 viriditatem
3149 3523 3419 3587 retinens,
3468 3530 3553 3574 eos
3581 3502 3739 3567 ostendil

2252 3628 2344 3700 qui
2372 3602 2515 3685 verte
2539 3622 2662 3679 ﬁdei
2688 3620 3080 3692 perfectionem
3109 3612 3421 3671 inmutilato
3448 3616 3559 3664 voto
3580 3602 3738 3700 servili-

2253 3686 2351 3776 liis
2374 3715 2600 3790 prefatis
2624 3686 2812 3779 rebus,
2837 3724 2939 3782 ego
2968 3707 3233 3764 lsnardus
3277 3705 3349 3760 de
3373 3699 3587 3764 Pertico,
3625 3686 3742 3790 balteo

2254 3808 2482 3867 militari
2504 3806 2807 3869 accinctus,
2829 3777 2920 3858 inve
2946 3798 3242 3870 adiungere
3267 3794 3510 3866 cupiens,
3531 3798 3613 3858 pro
3626 3777 3741 3870 salute

2254 3901 2451 3958 anima:
2483 3912 2619 3955 mea:
2641 3910 2708 3952 ac
2731 3866 2881 3952 omni
2915 3866 3205 3949 dilectione
3229 3879 3592 3959 amplectende

2256 4008 2392 4051 meae
2419 3988 2725 4056 Alberedie,
2747 3986 2823 4044 illi
2851 3985 2939 4043 cui
2969 3999 3001 4039 a
3023 3983 3136 4039 Deo
3174 3958 3376 4038 collata
3404 3984 3485 4033 est
3507 3958 3743 4042 ligandisol-

2256 4081 2526 4152 vendique
2556 4088 2819 4150 potestas,
2868 4075 3074 4148 quique
3122 4070 3369 4130 caelestis
3429 4063 3570 4138 regni
3597 4057 3743 4152 ianum

2260 4146 2508 4231 ﬁdelibus
2545 4146 2725 4243 aperit
2750 4176 2806 4225 et
2829 4146 3140 4239 iniidelibus
3190 4161 3417 4228 claudit,
3446 4160 3610 4214 sancto
3643 4146 3745 4202 Ραιο

2260 4266 2513 4324 videlicet
2537 4261 2772 4322 ctenobii
2796 4256 3170 4322 Carnotensis,
3200 4255 3341 4325 ipse,
3380 4253 3595 4321 inquam,
3618 4248 3657 4296 el
3674 4246 3746 4290 ω’

2261 4367 2346 4416 ter
2381 4371 2503 4414 mea
2529 4353 2841 4420 carissima,
2887 4348 3080 4407 libenti
3124 4345 3329 4411 animo,
3378 4342 3572 4401 damus,
3609 4326 3746 4420 inl’ef“

2265 4453 2398 4521 lico,
2421 4448 2722 4507 aecclesiam
2748 4447 2804 4503 in
2829 4446 3040 4505 honore
3066 4439 3245 4499 sancti
3280 4435 3552 4497 Johannis,
3579 4425 3695 4483 sitan
3714 4415 3747 4469 in

584 4541 999 4604 consuetudines
1048 4552 1187 4610 quas
1233 4536 1634 4608 usurpabamus
1662 4533 1717 4591 in
1739 4532 1966 4606 praefato
2015 4532 2155 4600 loco,
2191 4544 2239 4602 ι)
2266 4512 2395 4600 νίιιέ
2412 4556 2533 4614 qua;
2556 4539 2626 4597 ab
2655 4537 2850 4595 incolis
2876 4535 3109 4593 Ρυιοοεε
3153 4530 3441 4597 vocitatur,
3473 4535 3579 4581 cum
3599 4512 3747 4571 att-ioci

578 4660 726 4702 nunc
786 4650 845 4699 et
889 4640 1145 4709 deinceps
1196 4635 1550 4704 remittimus,
1598 4639 1799 4705 praeter
1852 4630 1976 4687 illas
2023 4642 2162 4702 quas

576 4747 791 4811 patrem
824 4742 1075 4790 nostrum
1104 4728 1360 4786 habuisse
1397 4743 1426 4783 a
1451 4726 1701 4799 plurimis
1756 4723 2003 4792 dicitur;
2043 4711 2165 4794 qua:

577 4827 843 4903 praecario
888 4823 1240 4894 requirantur
1268 4836 1299 4876 a
1328 4819 1616 4883 monacho,
1646 4832 1757 4874 non
1796 4815 1852 4872 vi
1890 4814 1959 4871 ab
1989 4813 2164 4872 homi-

578 4922 740 4979 nibus
760 4923 1213 4991 extorqueantur.
1238 4912 1350 4969 llas
1380 4920 1563 4968 autem
1586 4909 1822 4976 litteras,
1853 4921 1992 4978 quas
2042 4904 2163 4962 fieri

577 5014 863 5087 iussimus,
912 5011 1070 5083 signo
1123 5002 1327 5066 sancta:
1386 5004 1566 5063 crucis
1610 5000 1824 5074 publice
1869 5000 1925 5056 in
1976 4998 2165 5055 Drocis

580 5114 763 5164 castro
791 5107 1037 5179 inpresso
1074 5097 1572 5163 corroboravimus,
1605 5097 1929 5168 pariumque
1953 5101 2169 5150 nostro-

586 5210 708 5251 rum
739 5211 805 5253 ac
850 5196 1090 5253 ﬁdelium
1136 5194 1390 5255 manibus
1444 5187 1908 5246 corroborandum
1944 5185 2166 5242 tradidi-

586 5302 733 5355 mus,
761 5302 991 5359 quorum
1024 5289 1244 5346 nomina
1296 5284 1526 5345 inferius
1564 5281 1620 5339 in
1647 5279 1963 5337 testimonio
2006 5275 2171 5348 jussi-

585 5392 710 5438 mus
735 5378 925 5461 scribi.
957 5378 1018 5436 Si
1047 5380 1171 5451 quis
1198 5386 1380 5436 autem
1404 5374 1668 5448 profanus
1721 5373 1851 5429 huic
1879 5370 2165 5443 largitioni

584 5477 790 5529 nostra:
828 5470 1106 5528 contraire
1159 5469 1410 5537 voluerit,
1475 5467 1581 5525 nisi
1631 5464 1974 5540 paenituerit,
2030 5478 2156 5521 cum

659 5666 810 5742 (ψ)
834 5666 964 5742 .Vid-
994 5665 1143 5742 Pen:-
1174 5665 1301 5742 μβ,
1326 5665 1385 5742 5.-

679 5667 788 5739 230
843 5667 964 5724 Vid.
994 5667 1143 5724 Petr.
1174 5682 1212 5732 ι,
1243 5667 1301 5732 2,
1326 5667 1385 5721 5.

679 5667 810 5882 εδιξ
831 5736 963 5820 Reg.
995 5754 1039 5805 ι,
1070 5738 1157 5807 l5,
1178 5738 1249 5796 52
1272 5745 1328 5796 et
1351 5736 1437 5792 55.

679 5810 790 5882 252
836 5808 999 5877 ηπ,
1025 5810 1079 5866 9.

682 5808 810 5877 232)
836 5808 999 5877 ibin,
1025 5810 1079 5866 9.

2265 4603 2497 4701 decima,
2527 4632 2890 4701 omnibusque
2908 4626 3178 4685 reditibus
3203 4624 3272 4679 ad
3297 4637 3398 4679 nos
3431 4603 3747 4701 pertineant-5.

2264 4726 2629 4785 Concedimus
2680 4697 2847 4779 etiam
2895 4733 3068 4777 unum
3119 4728 3371 4773 mansum
3419 4720 3559 4768 terra:
3599 4697 3748 4768 eius“

2267 4816 2711 4881 consuetudines,
2768 4820 2830 4870 ut
2854 4811 3112 4881 deinceps
3142 4808 3217 4863 ita
3247 4801 3491 4862 monachi
3526 4786 3749 4869 possim“

2267 4913 2411 4971 sicut
2439 4918 2495 4966 et
2528 4922 2629 4965 nos
2652 4914 2878 4963 actenus
2903 4900 3269 4976 possedimus.
3319 4888 3629 4951 Decrevimus
3662 4883 3748 4976 tl?”

2268 5019 2396 5077 (lue,
2422 5007 2505 5069 ut,
2529 5000 2575 5059 si
2599 4998 2722 5070 quis
2745 4966 3059 5054 nostrorum
3084 4991 3152 5047 de
3172 4990 3339 5045 rebus
3386 4995 3511 5057 quas
3535 4982 3591 5033 de

2274 5058 2542 5155 beneﬁcio
2569 5058 2744 5161 (2.35),
2770 5095 2961 5146 sancto
2987 5084 3153 5141 Petro
3180 5078 3386 5152 aliquid
3422 5075 3549 5161 dare,
3575 5058 3747 5161 voluqu
3810 5074 3811 5135 ι

2770 5145 2918 5238 nullo
2964 5145 3324 5239 refruntante,
3369 5167 3501 5226 sicut
3533 5159 3623 5231 iam

3790 3124 3811 3193 ξι

2774 5235 3100 5330 -έθιιιπᾶιιε
3125 5273 3182 5323 et
3205 5235 3482 5334 Rogabis.
3530 5252 3575 5308 in
3595 5235 3747 5339 Pl?”
3810 5254 3811 5267 ³

2273 5372 2526 5433 ctenohio
2546 5331 2800 5427 monachi
2827 5363 3040 5431 eﬂ‘ecti;
3090 5331 3321 5436 quorum
3363 5352 3564 5428 ιπίηιιιδν
3594 5341 3644 5436 7i?

2271 5428 2613 5540 qiiivocatur
2638 5456 2983 5524 Manseleria,
3010 5428 3181 5514 unum
3222 5463 3462 5513 mansum
3486 5444 3552 5504 ita
3590 5428 3747 5492 ⁸⁵⁵⁸⁷⁸
3810 5520 3811 5523 η

2343 5658 2493 5729 (255)
2524 5657 2652 5727 Leg.
2678 5654 2871 5729 posuit.

2347 5724 2495 5801 (25f)
2521 5724 2628 5801 ιβιιῖ
2662 5742 2771 5790 xu,
2802 5724 2888 5780 l9.

2345 5797 2492 5871 (255)
2521 5797 2970 5863 l’rmtcrnntsum,
2998 5800 3154 5847 tenet.
