3808 6306
65 339 161 394 365

912 331 1144 390 VETUS
1183 327 1445 387 AGANO.
1485 357 1552 368 -—-
1587 325 1721 380 LIII.
1755 323 1886 382 VIII.
1914 323 2374 384 EUSTACIIIUS.

3217 325 3321 384 366

60 453 204 510 dedit
229 461 286 507 ut
310 452 379 507 de
415 464 504 506 me
532 448 738 517 tenuit;
771 447 914 504 alter
943 460 1073 503 vero
1101 443 1262 502 simili
1293 442 1452 498 modo
1477 455 1640 496 unum
1673 441 1720 500 Α
1747 436 1940 494 solidis
1965 437 2212 494 dedimus
2241 456 2253 492 :
2287 453 2353 494 eo
2379 435 2595 508 quidem
2613 449 2794 510 pacto,
2825 449 2883 496 ut
2919 440 3143 499 fratrem
3175 444 3324 502 illum

61 559 322 610 mansum,
352 559 464 600 non
485 541 648 614 longe
687 555 721 597 a
746 538 960 612 prefata
990 537 1235 596 ecclesia
1266 551 1432 607 quam
1489 534 1639 591 dedi-

62 651 196 692 mus.
223 636 381 694 Dedit
401 646 461 690 et
491 643 668 691 mater
686 648 810 690 mea
834 647 1008 704 nuper
1029 631 1348 688 inﬁrmitate
1394 630 1638 694 detenta,

59 731 198 797 juxta
225 727 532 784 ecclesiam
553 725 621 783 de
654 724 886 791 Buxeto,
905 738 1068 794 quam
1090 731 1248 795 pater
1276 735 1430 778 meus
1453 721 1639 776 vivens

61 821 196 875 dedit
218 828 414 875 sancto
464 817 652 885 Petro,
701 832 870 873 unum
923 817 1229 887 hospitem;
1278 827 1381 885 ego
1425 825 1640 886 quoque

65 913 211 966 dium
243 909 296 965 in
328 909 672 966 dedicatione
700 910 873 980 ipsius
897 908 1177 966 teoclesiaa.
1203 907 1280 964 De
1302 906 1500 979 quibus
1547 919 1637 960 re-

63 1013 168 1068 bus,
197 1003 396 1057 domno
419 1016 539 1057 meo
568 1000 832 1074 Symone,
857 1001 968 1056 lilio
989 999 1280 1057 Gaucherii
1299 1038 1316 1064 ,
1348 1005 1638 1063 annuente,

61 1093 118 1145 de
156 1093 311 1162 cujus
336 1091 603 1148 beneﬁcio
626 1091 742 1147 haec
785 1091 968 1148 omnia
1021 1099 1170 1158 sunt,
1217 1088 1398 1145 abbati
1448 1088 1642 1144 Eusta-

59 1181 196 1247 chio,
227 1183 345 1237 vice
370 1181 548 1237 sancti
569 1181 744 1249 Petri,
777 1180 994 1252 publice
1021 1180 1222 1236 donum
1253 1178 1378 1234 dedi
1427 1177 1483 1232 in
1526 1178 1639 1250 ipsa

72 1275 306 1331 arcelesia
347 1290 510 1344 quam
536 1272 692 1340 dedi;
717 1283 906 1344 postea
933 1272 1206 1341 Carnotis,
1236 1271 1396 1326 laude
1424 1279 1640 1326 nostro-

70 1381 178 1420 rum
209 1365 470 1431 ﬁdelium,
499 1366 701 1422 donum
727 1379 892 1437 super
919 1364 1092 1420 altare
1109 1363 1281 1419 sancti
1299 1362 1443 1418 Petri
1466 1363 1641 1434 posui.

70 1461 188 1514 Data
226 1460 446 1515 esthac
488 1468 641 1516 carta
689 1473 834 1514 anno
884 1459 954 1514 ab
1002 1457 1382 1514 incarnatione
1426 1455 1642 1512 Domini

69 1549 338 1604 millesimo
364 1549 653 1620 LXXXVI,
683 1549 983 1608 indictione
1005 1565 1174 1620 nona,
1209 1549 1445 1620 Philippi
1497 1550 1644 1621 regis

71 1639 205 1709 regni
238 1637 426 1693 XXVI.
457 1658 478 1692 ι

540 1728 941 1789 CAPITULUM
973 1731 1144 1788 XXIV

329 1821 408 1878 De
435 1822 707 1878 calumnia
733 1822 902 1877 saltus
941 1820 1377 1877 Manticulorum.

753 1911 959 1984 (l086.)

135 2027 154 2061 ι
183 2008 238 2062 In
268 2004 478 2063 Domini
505 2004 676 2061 nostri
708 2001 870 2059 Jhesu
898 2003 1098 2059 Christi
1129 2001 1368 2060 nomine.
1401 2001 1511 2071 Ego
1544 2001 1652 2056 Eu-

75 2097 302 2152 stachius
331 2095 525 2162 abbas,
546 2110 669 2150 cum
702 2093 956 2150 omnibus
977 2093 1239 2149 fratribus
1265 2091 1501 2147 ρωποι)ἱί
1526 2107 1651 2147 san-

75 2190 137 2243 cti
156 2187 298 2242 Petri
330 2186 718 2252 Carnotensis,
771 2193 960 2240 notum
1002 2198 1123 2240 esse
1152 2183 1402 2239 volumus
1436 2182 1652 2250 cunctis

73 2288 261 2334 sancta:
281 2278 376 2333 Dei
406 2277 669 2334 aecclesire
694 2275 963 2343 ﬁdelibus,
993 2284 1101 2330 tam
1129 2275 1474 2346 presentibus
1485 2289 1647 2343 quam

73 2369 277 2436 futuris,
303 2369 472 2440 quod,
507 2368 750 2424 Huberto
776 2368 973 2422 abbate
1030 2367 1175 2422 hunc
1225 2366 1406 2422 locum
1455 2366 1652 2437 guber-

72 2469 244 2528 name,
269 2461 443 2516 saltus
475 2457 914 2526 Munticulorum,
937 2472 1060 2513 cum
1102 2457 1354 2514 omnibus
1397 2458 1652 2528 appendi-

69 2552 156 2606 ciis
185 2553 321 2617 suis,
352 2566 450 2623 per
474 2565 762 2606 assensum
789 2548 1132 2604 dominorum
1163 2549 1230 2603 ad
1252 2564 1390 2620 quos
1411 2550 1652 2620 pertine-

70 2641 168 2706 bat,
199 2641 258 2696 in
295 2642 487 2696 usibus
516 2640 771 2706 fratrum,
795 2653 827 2694 a
865 2637 1144 2696 Gualterio
1167 2648 1442 2709 trapezeta
1463 2648 1652 2695 sancto

75 2732 232 2788 Petro
267 2745 355 2788 est
380 2733 562 2798 datus,
585 2740 642 2788 et
680 2746 712 2786 a
761 2730 1022 2788 fratribus
1052 2731 1166 2787 fere
1204 2745 1303 2801 per
1345 2729 1442 2787 XV
1479 2748 1652 2789 annos

69 2832 137 2878 est
156 2839 450 2896 possessus
477 2824 595 2879 sine
615 2823 891 2879 calunnia.
917 2820 1130 2879 Nosu'is
1144 2838 1273 2880 vero
1291 2825 1648 2897 temporibus,

67 2915 278 2984 quidam
314 2915 657 2982 adolescens,
690 2913 984 2970 Mainerius
1008 2915 1246 2981 nomine,
1285 2915 1428 2971 ﬁlius
1462 2915 1650 2970 videli-

67 3005 496 3072 oetGermundi,
544 3007 612 3062 de
657 3007 814 3078 cujus
861 3008 1128 3064 beneﬁcio
1184 3007 1444 3079 praefatus
1479 3008 1650 3064 saltus

63 3095 254 3167 fuerat,
276 3100 452 3170 carpit
475 3099 695 3170 quidem
721 3109 846 3170 post
874 3110 1106 3156 mortem
1140 3101 1314 3171 patris
1341 3102 1644 3157 calunniari
1675 3123 1717 3181 ο

63 3202 195 3247 eum.
261 3191 435 3260 Cujus
486 3193 700 3249 tandem
773 3193 1081 3249 calunniam
1133 3194 1468 3250 extinximus
1499 3195 1646 3250 XXV

61 3281 242 3338 solidis
270 3298 624 3338 nummorum
657 3283 758 3338 sibi
789 3284 930 3340 datis
949 3295 1006 3340 et
1024 3285 1362 3342 orationibus
1388 3284 1645 3342 fratrum.

64 3369 209 3428 Unde
237 3371 362 3443 ipse
389 3372 610 3428 veniens
639 3372 703 3428 III
722 3371 985 3429 kalendas
1004 3373 1256 3445 Augusti,
1285 3391 1451 3446 super
1476 3377 1652 3433 altare

59 3466 230 3522 sancti
261 3464 415 3520 Petri
448 3481 708 3536 guerpum
732 3467 913 3538 posuit
941 3467 1179 3538 publice,
1205 3482 1387 3524 coram
1416 3469 1500 3525 his
1519 3485 1652 3540 quoi

59 3570 167 3610 mm
193 3557 429 3612 nomina
458 3556 885 3612 subnotavimus.
941 3557 1020 3612 Ex
1070 3565 1227 3628 parte
1278 3558 1448 3630 ipsius
1495 3578 1508 3614 :
1550 3560 1653 3614 Ar-

56 3649 369 3704 rhenaldus
404 3657 463 3706 et
494 3647 805 3706 Savericus.
857 3647 936 3704 Ex
973 3657 1158 3705 nostra
1192 3663 1386 3720 parte:
1415 3651 1656 3708 Gausce-

56 3740 216 3810 linus,
279 3742 457 3798 frater
507 3739 787 3808 Carnalis;
839 3740 1194 3809 Gumbaldus,
1248 3741 1556 3810 Stephanus
1599 3752 1655 3798 et

53 3830 352 3898 Salomon;
373 3830 691 3888 Gausfridus
713 3841 770 3887 et
801 3831 1092 3897 Hildulfus,
1121 3832 1352 3899 fratres;
1380 3833 1654 3890 Gisleber-

53 3929 152 3988 lus,
193 3923 532 3989 Teduinus,
589 3921 833 3978 Caudius
881 3931 937 3977 et
972 3920 1304 3987 Ilarduinus,
1351 3921 1654 3980 Rodbertus

52 4012 495 4071 nosocomiarius
527 4011 700 4082 (236).
741 4031 762 4065 ι

561 4099 966 4157 CAPITULUM
987 4100 1155 4156 XXV.

53 4193 117 4248 De
147 4193 420 4250 calunnia
445 4193 843 4266 Spelterolensis
878 4194 1131 4266 (ecclesia:
1185 4197 1404 4251 remissa
1433 4214 1464 4251 a
1488 4195 1652 4252 Caul-

637 4266 766 4320 terio
795 4265 860 4320 de
878 4264 1088 4320 Alneto.

629 4357 792 4430 (Ante
821 4371 874 4412 a.
911 4357 1092 4429 I088.)

1745 528 1798 583 in
1822 543 1956 599 pace
2003 529 2184 588 vivere
2231 530 2549 600 dimitteret,
2598 541 2653 592 et
2697 532 3004 592 calunniam
3041 554 3204 609 quam
3258 541 3330 599 de

1745 621 1862 690 ipsa
1880 621 2120 677 mcclesia
2147 622 2379 680 faciebat
2402 627 2623 684 missam
2647 629 2872 688 faceret.
2905 633 3059 702 Quod
3091 635 3329 693 libenter

1745 725 2009 780 annuens,
2038 713 2292 771 Carnotis
2311 717 2526 787 publice
2542 735 2706 792 super
2735 723 2906 782 altare
2930 726 3109 782 sancti
3176 725 3326 782 Petri

1743 819 2004 877 guerpum
2031 805 2296 862 ealunnize
2321 811 2524 880 posuit,
2577 827 2764 870 secum
2828 817 3036 874 habens
3071 818 3328 876 Rainbal.

1745 895 1871 949 dum
1920 895 2204 952 clericum.
2255 897 2547 957 Nobiscum
2605 919 2734 961 vero
2779 905 3015 974 fuerunt,
3063 909 3329 980 Cerogius

1745 983 2007 1052 clericus;
2039 985 2348 1058 Stephanus
2374 999 2430 1046 et
2455 991 2733 1061 Salomon,
2759 995 2994 1064 fratres;
3029 999 3327 1065 'l‘eduinus,

1745 1074 1988 1132 Gaudius
2014 1085 2070 1134 et
2095 1077 2426 1146 Harduinus,
2457 1080 2690 1150 fratres;
2737 1084 3057 1158 Oydelerius
3088 1097 3143 1143 et
3187 1087 3332 1143 Rod-

1746 1167 1954 1233 bertus,
2000 1166 2231 1238 fratres;
2289 1169 2556 1228 Hildulfus
2606 1184 2661 1230 et
2706 1175 3045 1243 Gausfridus,
3102 1179 3329 1246 fratres;

1746 1258 2063 1324 Adventius,
2085 1261 2444 1330 Fulchardus,
2477 1265 2808 1338 Stephanus,
2862 1271 3206 1337 Tcscclinus;
3246 1273 3333 1327 ln-

1746 1349 2020 1446 gelbertus
2041 1359 2095 1408 et
2123 1352 2468 1423 Gausfridus,
2493 1359 2640 1425 coci;
2691 1359 2986 1419 Ilerbertus
3037 1373 3093 1420 et
3142 1363 3333 1420 Guari-

1746 1441 1879 1510 nus,"
1893 1441 2145 1512 pistores.
2178 1463 2200 1498 ›

2223 1533 2621 1593 CAPITULUM
2657 1539 2844 1596 XXVI.

1960 1621 2040 1678 De
2065 1621 2266 1679 teloneo
2301 1625 2424 1680 dato
2459 1628 2522 1682 ab
2545 1630 2782 1700 episcopo
2809 1630 3115 1703 Gausfrido.

2301 1715 2392 1789 (14
2430 1733 2558 1774 nov.
2583 1721 2766 1792 1087.)

1829 1828 1850 1862 ι
1883 1825 1941 1865 .n
1963 1810 2181 1868 nomine
2200 1821 2405 1868 sanctae
2432 1820 2490 1869 et
2516 1813 2806 1872 individua:
2829 1817 3132 1887 Trinitatis,
3156 1819 3335 1879 Patris

1751 1901 2006 1959 videlicet
2028 1910 2084 1956 et
2113 1901 2234 1956 Filii
2255 1909 2310 1959 et
2337 1901 2574 1974 Spiritus
2599 1903 2810 1963 Sancti.
2836 1906 3101 1974 Noverint
3145 1925 3338 1968 omnes

1751 1993 2063 2050 christiame
2087 1993 2364 2065 religionis
2423 1995 2753 2067 participes,
2794 2005 2906 2054 tam
2955 2000 3124 2058 futuri
3172 2017 3337 2073 quam

1753 2094 2067 2158 praesentes,
2092 2094 2150 2142 et
2192 2086 2463 2158 praecipue
2499 2089 2821 2158 pontiﬁcalis
2871 2093 3149 2150 cathedrae
3204 2111 3339 2152 meae

1752 2193 2116 2246 successores,
2144 2186 2199 2234 et
2221 2181 2388 2234 ceteri
2425 2181 2684 2238 aecclesiae
2731 2193 2929 2240 nostrae
2977 2185 3179 2250 fideles,
3224 2188 3338 2243 fra-

1755 2281 1890 2328 trem
1915 2271 2290 2338 Eustachium,
2319 2273 2492 2328 sancti
2515 2273 2663 2330 Petri
2712 2274 3064 2334 Caruotcnsis
3104 2281 3339 2336 coenoin

1752 2363 2025 2431 abbatem,
2065 2379 2188 2420 cum
2229 2365 2464 2420 maxima
2489 2366 2792 2422 humilitate
2817 2377 2874 2424 et
2904 2369 3194 2426 multarum
3217 2387 3342 2442 pre-

1752 2467 1874 2507 cum
1899 2451 2615 2525 prolixitateimploravisse
2671 2473 2756 2514 me
2816 2459 3156 2531 Gaufridum,
3214 2463 3342 2520 licet

1753 2542 2424 2613 indignum,Carnotcnsis
2463 2547 2723 2603 mcclesia:
2773 2550 3110 2622 episcopum,
3154 2565 3342 2621 quate-

1751 2647 1854 2688 nus
1876 2633 1978 2690 sibi
2009 2641 2064 2689 et
2093 2633 2355 2691 fratribus
2385 2635 2514 2692 inibi
2543 2638 2650 2694 Deo
2696 2639 3074 2712 militantibus,
3128 2648 3340 2718 portiov

1753 2738 1880 2780 nem
1927 2724 2122 2781 telonei
2169 2726 2238 2782 de
2287 2725 2548 2783 suburbio
2593 2733 2926 2801 suprataxati
2975 2737 3340 2806 apostolorum

1751 2817 2030 2888 principis,
2067 2832 2187 2888 qua:
2204 2816 2634 2891 jureepiscopali
2679 2837 2765 2879 me
2819 2824 3342 2900 contingebat,.pero

1750 2909 2040 2982 petualiter
2063 2911 2439 2968 concederem.
2478 2911 2643 2981 Cujus
2694 2915 2940 2986 petitioni
2991 2934 3091 2992 ego
3119 2923 3342 2992 adquie-

1751 3017 1932 3069 scens,
1960 3012 2016 3058 et
2037 3017 2229 3058 eorum
2257 3001 2475 3058 utilitati
2503 3005 2813 3075 providens,
2831 3017 2886 3065 et
2911 3026 3044 3066 mea:
3069 3013 3342 3070 honestati

1750 3093 2062 3160 consulens,
2093 3093 2303 3164 integre
2327 3102 2384 3150 et
2411 3096 2615 3165 absque
2657 3097 2763 3153 ulla
2793 3101 3130 3161 mutilatione
3153 3121 3343 3176 supra-

1749 3187 1950 3243 dictum
1975 3185 2270 3252 teloneum,
2299 3187 2840 3256 apraedecessoribus
2893 3195 3030 3250 meis
3075 3205 3131 3251 et
3175 3212 3207 3252 a
3258 3214 3344 3255 me

1759 3278 1877 3348 ipso
1907 3279 2171 3334 hactenus
2196 3277 2464 3344 habitum,
2495 3278 2578 3334 eis
2608 3280 2816 3348 tribuo;
2839 3297 2906 3338 ea
2928 3285 3116 3357 utique
3172 3287 3344 3344 ﬁrmi-

1752 3377 1882 3435 tate,
1914 3369 2168 3426 utnullus
2197 3385 2521 3441 quocunque
2553 3379 2792 3441 tempore
2851 3388 3134 3432 successor
3187 3392 3342 3434 meus

1750 3458 1965 3517 futurus
1987 3463 2129 3518 hanc
2151 3461 2582 3522 benedictionem
2615 3464 2892 3522 inﬁrmare
2917 3479 3228 3538 praesumat.
3273 3471 3345 3528 υι

1751 3559 1931 3606 autem
1960 3553 2062 3608 hoc
2081 3555 2284 3610 donum
2311 3570 2410 3626 per
2438 3555 2840 3611 succedentium
2865 3567 3166 3628 temporum
3213 3577 3342 3618 cur-

1753 3645 1922 3701 ricula
1940 3643 2156 3701 ﬁrmum
2185 3654 2240 3702 et
2268 3647 2648 3703 inconvulsum
2699 3660 3035 3718 permaneat,
3083 3656 3340 3722 praesenti

1753 3738 1956 3807 scripto
1977 3739 2355 3794 commendavi
2387 3747 2442 3795 et
2465 3753 2629 3794 manu
2683 3741 2903 3810 propria
2952 3743 3109 3816 signo
3163 3747 3343 3804 crucis

1753 3826 2072 3884 conﬁrmavi
2102 3870 2118 3894 ,
2169 3836 2224 3883 et
2274 3829 2956 3894 manibuscanonicorum
2997 3835 3344 3908 fideliumque

1754 3932 1998 3972 meorum
2035 3917 2500 3975 corroborandum
2557 3919 2774 3976 tradidi.
2827 3921 2886 3978 S.
2929 3921 3174 3982 Gaufridi
3228 3929 3344 3998 epi-

1754 4009 1924 4080 scopi.
1974 4008 2034 4066 S.
2085 4009 2341 4066 Adelardi
2388 4009 2598 4068 decani.
2648 4011 2904 4070 Willelmi
2953 4017 3339 4074 archidiaconi.

1755 4091 1976 4157 Widoni
2010 4101 2224 4157 abbatis
2271 4101 2448 4158 sancti
2491 4101 2736 4159 Joannis.
2786 4104 3012 4161 Ehrardi
3067 4109 3340 4177 capicerii.

1755 4190 1960 4248 Giraldi
1997 4192 2317 4250 sacerdotis.
2339 4192 2550 4250 Warini
2579 4193 2817 4250 diaconi.
2866 4195 3078 4252 Warini
3119 4214 3343 4255 succen-

1759 4285 1913 4352 toris,
1936 4285 2035 4342 ﬁlii
2089 4286 2330 4343 Durandi
2385 4287 2656 4344 canonici.
2713 4287 2978 4344 Wauslini
3027 4290 3341 4347 subdecani.

1756 4373 1960 4432 Odonis
1981 4376 2370 4432 archidiaconi.
2398 4376 2676 4444 Hilduini,
2719 4377 2934 4434 Girardi
2983 4381 3094 4436 filii.
3151 4382 3344 4439 Morini

118 4470 139 4504 ι
179 4451 244 4508 In
277 4451 487 4508 Christi
519 4453 761 4508 nomine.
819 4447 1017 4507 Notum
1057 4463 1179 4504 esse
1209 4449 1455 4505 volumus
1479 4452 1653 4506 omni-

1775 4466 2064 4522 )resbiteri.
2095 4465 2705 4537 Gausfridipresbiteri.
2767 4469 3016 4528 Cuerrici
3071 4475 3342 4530 canonici.

55 4540 145 4598 bus
181 4544 400 4600 nostris
419 4543 856 4610 successoribus,
909 4558 1010 4614 ego
1042 4539 1291 4600 videlicet
1330 4540 1655 4600 Eustachius

57 4633 226 4689 abbas
249 4645 310 4691 et
339 4651 530 4692 omnes
557 4636 756 4693 fratres
781 4637 1018 4702 cmnobii
1049 4637 1224 4694 sancti
1257 4637 1405 4693 Petri
1435 4637 1647 4695 Carno-

61 4728 249 4795 tensis,
297 4729 470 4799 quod,
497 4737 782 4800 postquam
804 4727 1215 4799 Spelterolensis
1261 4729 1504 4785 aacclesia
1531 4729 1656 4785 data

67 4809 217 4875 nobis
241 4829 332 4876 est
358 4819 644 4893 aHugone
697 4821 959 4878 Droceusi
988 4829 1092 4877 eta
1136 4822 1262 4879 filiis
1314 4821 1453 4892 ejus,
1505 4821 1657 4879 Gaun

72 4909 250 4966 tberto
287 4909 346 4968 et
379 4911 645 4980 Guarino,
671 4930 883 4972 necnon
933 4925 991 4972 et
1019 4932 1050 4970 a
1086 4925 1260 4972 matre
1287 4930 1500 4982 eorum,
1563 4931 1658 4970 no-

75 5001 212 5058 mine
237 5003 429 5072 Osilia,
455 5004 624 5061 frater
647 5006 733 5061 ille
759 5022 921 5077 quem
955 5007 1082 5064 illuc
1126 5008 1371 5064 misimus
1411 5007 1659 5077 frequen-

81 5095 154 5144 ter
177 5108 208 5145 a
232 5093 509 5151 Gualterio
535 5097 603 5152 de
625 5095 820 5152 Alneto
839 5096 1067 5169 injurias
1098 5107 1153 5154 et
1182 5097 1359 5152 danna
1397 5099 1614 5168 pertulit
1639 5140 1654 5166 ,

88 5183 242 5241 donec
262 5185 475 5257 prefato
534 5186 816 5247 Gualterio
871 5191 1264 5264 quinquaginta
1311 5206 1656 5249 nummorum

149 5361 290 5434 (256)
321 5364 507 5419 Actum
526 5374 604 5420 est
644 5367 742 5421 hoc
797 5367 863 5421 ab
915 5367 1280 5424 incarnatione
1331 5367 1546 5423 Domini
1595 5386 1659 5425 ιιο

96 5442 272 5512 ξᾳξινηΔ
297 5451 458 5502 anno,
485 5435 598 5490 ind.
629 5452 706 5502 ιι,
735 5453 874 5492 anno
902 5453 1050 5492 xxvr.
1086 5441 1230 5510 regni
1255 5439 1484 5511 Philippi
1502 5442 1658 5512 regis.

518 5591 678 5633 voces
701 5575 934 5648 Philippi
959 5581 1116 5648 regis,
1165 5581 1438 5636 recentior
1468 5575 1660 5638 manus

107 5644 562 5720 scripsitLudorici
591 5649 853 5712 Junioris,
881 5644 1154 5720 nescimus
1202 5665 1307 5720 qua
1344 5652 1410 5720 de
1457 5666 1656 5717 causa;

111 5734 207 5772 nam
235 5719 394 5788 liquet
425 5720 568 5773 hanc
595 5721 839 5775 chartam
871 5733 901 5773 a
931 5719 1224 5780 Gausfrido
1269 5721 1310 5788 Ι,
1334 5719 1656 5777 Carnotensi

1758 4555 2044 4614 Gisleberti
2072 4556 2340 4612 canonici.
2369 4555 2654 4614 Ilainbaldi
2695 4561 2966 4617 canonici.
3021 4562 3145 4618 Haec
3194 4573 3342 4619 carta

1759 4649 1882 4702 data
1909 4652 1990 4703 est
2018 4659 2048 4701 a
2074 4645 2330 4704 Gauslino
2348 4648 2673 4707 cancellario
2708 4651 2815 4706 Vlll
2842 4651 3052 4709 decimo
3090 4653 3344 4711 kalendar

1760 4739 2088 4807 decembris,
2115 4755 2258 4796 anno
2281 4740 2469 4797 XXVII
2515 4744 2662 4813 regni
2714 4742 2945 4816 Philippi
2981 4746 3125 4816 regis
3172 4723 3350 4816 (257),’

1757 4829 2040 4901 positaque
2061 4838 2146 4887 est
2172 4831 2242 4886 ab
2264 4831 2516 4903 episc0po
2540 4841 2817 4904 pretaxato
2844 4850 3005 4906 super
3027 4837 3196 4890 altare
3217 4851 3335 4892 san-

1761 4921 1833 4978 cti
1859 4921 2009 4978 Petri
2040 4921 2149 4977 VIII
2199 4922 2459 4981 kalendas
2512 4925 2798 4992 februarii,
2859 4929 3218 4998 praesentibus
3262 4931 3343 4988 bis

1761 5028 1990 5084 quorum
2012 5013 2229 5068 nomina
2280 5016 2701 5087 subscripsimus
2743 5036 2758 5072 :
2802 5017 3058 5074 Ililduino
3111 5023 3345 5087 cantori,

1762 5104 1984 5175 Hugone
2017 5105 2358 5172 viceeomite,
2391 5105 2652 5163 Gauslino
2697 5110 2765 5163 de
2808 5108 3026 5182 Leugis,
3068 5109 3346 5180 Niveloui,

1759 5192 2029 5266 Philippo,
2073 5195 2456 5254 Bartholomeo
2474 5237 2490 5256 .
2546 5197 2837 5263 Willelmo.
2881 5200 3011 5258 olim
3041 5203 3346 5275 preposito,

1761 5375 2160 5462 episcopo,iqui
2189 5375 2339 5462 obiit
2366 5391 2439 5462 ξί-
2696 5389 2752 5462 et
2801 5379 2952 5462 epjus
2999 5383 3344 5462 episcopatus

1762 5447 2015 5502 convenit
2038 5461 2162 5500 cum
2183 5460 2351 5528 regno
2380 5447 2612 5529 Philippi
2634 5450 2796 5532 regis,
2821 5447 2987 5508 fuisse
3010 5447 3216 5522 datam',
3235 5471 3340 5509 non

1763 5525 1941 5588 autem
1966 5531 1996 5570 a
2027 5515 2316 5588 Gausfrtdo
2341 5516 2403 5582 Il,
2440 5532 2592 5588 cujus
2634 5532 2976 5588 episcopatus
3003 5524 3217 5578 initium
3243 5527 3342 5579 ha-

1763 5525 1941 5572 autem
1966 5531 1996 5570 a
2027 5515 2316 5570 Gausfrido
2341 5516 2403 5582 Il,
2440 5515 2592 5588 cujus
2634 5515 2976 5592 episcOpatus
3003 5515 3217 5578 initium
3243 5527 3340 5579 ha-

1763 5587 1897 5670 bens
1923 5601 1980 5670 at
2004 5585 2160 5670 t_ll_5,
2193 5585 2502 5670 nullomodo
2529 5589 2772 5670 incidere
2809 5603 2986 5662 potest
3017 5593 3068 5670 in
3099 5605 3340 5670 tempora

1765 5656 2306 5739 Eustachiiabbatis,
2333 5657 2660 5739 de__quo_h_ig_
2692 5656 2887 5729 agitur,
2942 5665 3142 5734 quique
3197 5656 3338 5732 regi-

1765 5742 1888 5783 men
1912 5727 2140 5783 abbati-J3
2161 5724 2508 5783 abdicavit‘a.
2539 5729 2690 5784 ItOl.
