3890 6302
569 384 672 439 367

1184 375 1394 434 PAULI
1434 374 1491 429 S.
1528 370 1729 427 PETRI
1771 367 2249 423 CARNOTENSIS
2289 365 2593 423 MONACIII
2633 363 2861 420 VETUS
2901 363 3156 419 AGANO.
3693 370 3798 433 368.

567 493 832 554 Waﬁ‘rido
867 493 1116 548 osculans
1141 490 1439 546 Aculonem
1492 494 1544 540 et
1571 484 1814 556 pluribus
1865 483 2006 547 aliis,
2041 490 2150 534 tam
2182 501 2227 555 Α
2257 465 2429 536 sancti
2466 479 2608 533 I‘etri
2645 479 2916 533 monachi.
2955 479 3058 532 Pro
3089 477 3189 531 hac
3213 475 3396 546 itaque
3445 477 3770 543 reaGaufrido

569 601 788 646 suorum
810 601 971 658 quam
995 593 1327 640 nastrorum.
1363 599 1382 632 ι

1039 669 1440 729 CAPITULUM
1477 666 1683 722 XXVII.

1061 761 1142 816 De
1179 760 1335 829 furno
1366 759 1435 812 llr
1445 755 1658 810 uerolis.

1138 851 1297 922 (Ante
1320 865 1369 903 a.
1399 846 1585 917 1088.)

597 989 614 1011 .
645 969 662 1003 ι
691 948 748 1006 In
781 947 995 1004 nomine
1021 952 1221 1001 sanctae
1247 951 1302 997 et
1347 943 1636 997 individua:
1694 941 2000 1002 Trinitatis,
2061 941 2155 994 Pa.

570 1041 668 1096 tris
688 1048 743 1094 et
769 1039 888 1094 Filii
920 1045 974 1092 et
1001 1033 1242 1105 Spiritus
1272 1033 1484 1088 Sancti.
1512 1031 1777 1088 Omnibus
1834 1041 2035 1088 sanctze
2067 1034 2156 1088 Dei

567 1129 826 1186 :ecclesiae
851 1126 1118 1192 ﬁdelibus,
1146 1135 1254 1181 tam
1279 1124 1563 1195 praesentis
1614 1139 1776 1193 quam
1831 1123 1994 1178 futuri
2037 1124 2156 1190 :evi,

566 1226 754 1274 notum
778 1232 901 1272 esse
953 1215 1076 1272 volo
1124 1231 1228 1287 ego
1286 1213 1610 1279 Landricus,
1667 1213 1808 1269 ﬁlius
1848 1213 2155 1278 Gislcberti,

565 1324 670 1364 una
701 1324 824 1364 cum
855 1324 1026 1364 uxore
1051 1322 1170 1363 mea
1197 1307 1531 1377 Hildeburgi,
1567 1305 1693 1360 ﬁliis
1737 1315 1899 1376 atque
1950 1307 2159 1361 ﬁliabus

566 1400 723 1466 meis,
749 1399 874 1468 quia
906 1400 1252 1455 medietatem
1311 1398 1449 1451 furni
1489 1397 1579 1468 qui
1636 1398 1771 1451 situs
1815 1407 1895 1452 est
1941 1399 1992 1453 in
2038 1401 2160 1454 vico

565 1490 927 1555 Bruerolensi,
945 1507 1106 1561 quam
1120 1491 1250 1545 olim
1275 1491 1491 1560 quidem
1513 1489 1750 1544 Arnaldo
1777 1491 2040 1546 monacho
2063 1506 2160 1561 pro

568 1581 714 1638 XXV
751 1581 937 1639 solidis
991 1565 1335 1637 nummorum
1377 1580 1828 1646 inwadiaveram;
1878 1597 2038 1644 nunc,
2081 1581 2161 1635 in-

565 1688 750 1743 quam,
783 1688 882 1743 pro
909 1672 1091 1727 anima
1125 1687 1246 1727 mea
1272 1680 1326 1727 et
1352 1680 1756 1727 antecessorum
1793 1687 2037 1726 meorum
2073 1680 2158 1726 at-

565 1782 670 1835 que
696 1781 1071 1821 successorum
1104 1765 1409 1826 animabus.
1460 1772 1735 1821 annuente
1783 1765 2004 1820 domino
2041 1781 2161 1820 meo

2260 570 2544 636 monacho,
2579 569 2910 639 praenomine
2937 567 3275 630 Wisehardo,
3299 567 3340 621 L
3369 566 3558 623 solidos
3588 586 3775 632 nummo-

2262 680 2380 718 rum
2413 665 2624 733 accepi;
2659 672 2712 719 et
2735 679 2873 718 uxor
2898 678 3040 728 mea,
3075 661 3296 716 nomine
3346 659 3676 733 Hildeburgis,
3719 677 3775 724 te.

2263 761 2481 814 ristrum
2518 775 2685 813 unum
2709 758 2936 812 duorum
2969 756 3261 812 solidorum
3288 755 3490 824 ﬁliique
3515 757 3627 823 mei,
3648 758 3778 815 Isnar-

2261 853 2361 906 dus
2391 850 2750 915 etRadulfus,
2783 849 2976 918 singuli
3025 849 3265 918 singulas
3312 847 3576 917 crepidas;
3621 865 3778 907 necnon

2261 951 2315 996 et
2339 941 2446 996 ﬁlia
2475 956 2592 996 mea
2620 940 2868 1005 Adelina,
2908 953 3070 1008 quam
3102 938 3225 992 dedi
3259 936 3518 990 Rainaldo
3543 937 3692 1004 militi,
3715 944 3779 995 cui

2261 1034 2422 1088 etiam
2444 1031 2760 1103 prtedictatn
2783 1031 2924 1085 furni
2956 1038 3165 1100 partem
3195 1029 3471 1092 dederam,
3499 1028 3687 1083 anulum
3708 1046 3781 1085 au-

2263 1143 2446 1193 reum;
2477 1125 2738 1180 Warinus
2759 1139 2992 1195 quoque,
3041 1125 3270 1178 domnus
3320 1135 3495 1185 meus,
3539 1119 3582 1174 Χ
3612 1123 3782 1192 solidos,

2263 1229 2318 1276 et
2342 1219 2480 1274 ﬁlius
2510 1217 2628 1287 ejus
2679 1218 3033 1272 tantumdem.
3085 1213 3192 1270 Has
3239 1222 3420 1269 autem
3477 1211 3660 1270 litteras
3699 1215 3784 1271 ﬁeri

2261 1309 2402 1365 volui
2442 1309 2506 1363 ad
2536 1308 2853 1363 memoriam
2880 1315 3254 1378 posterorum;
3309 1311 3476 1375 atque
3512 1304 3677 1360 Drocis
3717 1322 3785 1360 ca-

2262 1411 2377 1459 stro
2407 1398 2516 1457 VIII
2541 1400 2800 1456 kalendas
2827 1399 3016 1470 aprilis
3037 1397 3249 1468 publice
3285 1397 3671 1452 eorroboraudo
3691 1400 3789 1452 asti-

2261 1493 2470 1564 pulavi;
2503 1501 2581 1557 ut,
2634 1491 2677 1546 si
2725 1491 2847 1562 quis
2893 1505 3131 1561 unquam
3173 1489 3434 1544 heredum
3491 1503 3703 1543 meorum
3731 1492 3790 1545 his

2262 1585 2637 1640 contradicere
2667 1591 2891 1638 conatus
2922 1581 3106 1647 fuerit,
3135 1591 3362 1652 cogatur
3384 1579 3532 1648 prius
3577 1578 3692 1635 ﬁsco
3729 1598 3792 1637 re-

2262 1678 2344 1746 gis
2374 1678 2489 1732 auri
2525 1675 2692 1731 libras
2719 1674 3033 1746 persolvere
3063 1674 3236 1740 XXX,
3281 1675 3463 1729 denuo
3495 1683 3697 1728 conatus
3711 1673 3795 1742 ejus

2265 1768 2519 1824 inefﬁcax
2562 1777 2911 1839 permaneat;
2945 1776 3002 1824 et
3047 1768 3090 1823 si
3120 1767 3372 1838 pertinax
3400 1765 3582 1829 fuerit,
3632 1781 3800 1820 excom-

567 1853 800 1908 Wm‘iﬂo
836 1853 902 1908 de
933 1852 1056 1918 Ιεὶο,
1091 1868 1158 1910 ex
1181 1854 1335 1923 CUIUS
1364 1853 1628 1910 belleﬁCIO
1665 1854 1890 1909 eandem
1945 1863 2155 1924 P3118111
2190 1849 2232 1908 Β
2261 1860 2643 1916 municationis
2672 1859 2868 1916 bacqu
2892 1859 3142 1926 feriatur,
3176 1859 3352 1914 donec
3389 1857 3679 1926 resipiscat.
3703 1857 3800 1911 Nos«

569 1943 713 1998 furni
747 1953 934 1999 tenere
965 1943 1170 2011 videor,
1203 1959 1412 1999 necnon
1445 1953 1502 1999 et
1537 1942 1796 2015 Symone,
1855 1942 1967 1999 ﬁlio
2015 1945 2156 2015 ejus,

566 2042 754 2089 sancto
781 2033 960 2098 Petro,
986 2034 1350 2103 apostolorum
1386 2034 1639 2104 principi,
1686 2034 1920 2090 coenobii
1953 2033 2158 2090 Carno-

571 2123 758 2189 tensis,
787 2123 870 2178 cui
903 2134 1098 2193 praeest
1127 2123 1450 2179 Eustachius
1481 2123 1670 2190 abbas,
1717 2132 1773 2179 et
1800 2132 1988 2180 sancto
2031 2123 2161 2179 Ger-

566 2229 730 2268 mano
754 2215 993 2270 concedo
1015 2214 1138 2284 jure
1167 2223 1450 2286 perpetuo,
1478 2222 1538 2270 ut
1563 2214 1822 2280 habeant,
1860 2221 2080 2271 teneant
2103 2224 2160 2272 et

565 2307 899 2377 possideant,
933 2309 1002 2364 ab
1038 2310 1141 2364 bac
1170 2309 1258 2365 die
1281 2309 1333 2363 in
1363 2318 1541 2376 antea,
1573 2309 1692 2366 sine
1723 2309 1827 2364 ulla
1851 2308 2159 2381 calumpnia

633 2436 782 2510 (238)
813 2437 1336 2513 llanca_e_st_charta
1369 2440 1656 2513 illa,§cujus
1704 2442 1864 2497 ﬁnem
1903 2442 2144 2513 reperies

565 2509 620 2582 in
643 2507 803 2579 parte
818 2508 880 2575 II,
900 2509 990 2564 lib.
1012 2507 1177 2582 IV.In
1201 2511 1303 2565 hoc
1326 2513 1448 2566 cod.
1480 2511 1542 2576 Β,
1562 2507 1832 2578 librarius,
1855 2507 1979 2582 post
1995 2513 2156 2568 istam

565 2580 1316 2653 chartant__trauscriptam,
1366 2583 1616 2652 paginam
1687 2580 1974 2653 complevit
2037 2585 2162 2641 sub-

565 2650 949 2723 scriptionibus
983 2650 1052 2706 ad
1085 2651 1260 2723 aliam
1289 2650 1538 2707 chartam
1577 2650 1991 2722 pertinentibus,
2039 2668 2161 2723 quae

565 2720 644 2775 sic
680 2719 951 2776 habentur
1011 2737 1024 2774 :
1074 2719 1148 2774 Hi
1202 2733 1325 2775 sunt
1378 2731 1531 2778 testes
1573 2719 1638 2778 ea:
1687 2723 1826 2779 dono
1871 2719 2160 2779 molemlini

603 2807 718 2844 uem
749 2791 888 2844 dedit
929 2788 996 2844 ϐ.
1034 2790 1178 2862 ﬁlius
1213 2791 1284 2862 Ν.
1309 2803 1489 2847 sancto
1523 2792 1679 2848 Petro
1707 2809 1724 2847 :
1750 2795 1858 2862 ipse
1883 2793 1946 2848 (ἶ.
1978 2812 1994 2859 ;
2022 2795 2160 2848 Ade-

563 2806 718 2912 Yuem
749 2806 888 2844 aeau
929 2806 996 2844 ιι.
1034 2806 1178 2858 [mus
1213 2806 1284 2844 tv.
1309 2806 1489 2847 sancto
1523 2806 1679 2848 ιἐινο
1707 2809 1724 2847 :
1750 2811 1858 2862 ipse
1883 2806 1946 2848 ιι.
1978 2812 1994 2859 ;
2022 2806 2158 2848 Λαε-

573 2862 678 2942 ληιι
708 2899 723 2925 ,
763 2877 900 2942 angor
919 2863 1064 2942 ejus;
1087 2860 1386 2942 ﬁntalricus
1411 2872 1458 2942 et
1489 2863 1696 2942 Simon,
1728 2863 1828 2942 ﬁlii
1853 2863 2000 2942 ejus;
2029 2864 2158 2942 Phi-

567 2929 732 3000 lippa,
764 2930 882 2998 ﬁlia
904 2929 1053 3000 eius;
1081 2929 1387 2986 Gaalterius
1418 2933 1484 2988 de
1513 2929 1736 3001 Trotto,‘
1760 2929 2064 2989 Gua'lterius
2094 2935 2158 2988 de

2263 1968 2367 2024 que
2398 1961 2454 2008 et
2486 1961 2741 2022 parentes
2770 1953 2964 2018 nostri,
2994 1968 3116 2008 cum
3145 1951 3345 2006 domno
3374 1959 3562 2003 nostro
3589 1946 3802 2014 Guarino,

2261 2059 2360 2116 pro
2381 2045 2483 2100 hoc
2506 2043 2669 2111 facto,
2695 2043 2926 2098 fratrum
2953 2042 3291 2099 orationibus
3312 2053 3532 2109 semper
3580 2036 3674 2091 frui
3717 2054 3800 2091 me.

2263 2152 2502 2193 reamur.
2538 2136 2727 2193 Testes
2751 2135 2911 2206 hujus
2944 2136 3018 2191 rei
3068 2135 3233 2190 etiam
3272 2131 3622 2188 subscribere
3641 2130 3811 2186 curari-

2262 2244 2404 2284 mus.
2421 2227 2480 2284 S.
2496 2227 2678 2284 domni
2694 2227 2926 2300 Ilugoni.
2941 2225 2998 2281 S.
3011 2225 3302 2282 Gisleberti
3316 2223 3615 2279 dcTilerias
3630 2221 3768 2294 (πε).
3793 2239 3809 2274 ι

2272 2446 2520 2511 Bociaco,
2551 2447 2594 2501 U
2604 2462 2687 2501 rso
2724 2447 2788 2501 de
2813 2445 3066 2500 Tinniaco
3102 2443 3273 2510 Valle,
3339 2442 3724 2497 Erclzcubaldus
3771 2445 3817 2496 de

2268 2517 2536 2572 (Serentari
2567 2517 2730 2582 Villa,
2756 2515 3015 2585 Radulfus
3039 2516 3102 2570 de
3147 2513 3412 2576 Sibriaco,
3443 2513 3733 2585 Bernartius
3773 2517 3818 2566 de

2266 2587 2517 2652 Ebriaco,
2560 2588 2690 2642 Milo
2718 2583 2990 2656 presbiter,
3045 2585 3314 2656 Eataldus
3352 2583 3818 2656 abbas,_Joltannrs

2264 2659 2330 2713 de
2361 2658 2636 2723 Saliciolo,
2666 2653 3032 2712 Raimbaldus.
3094 2653 3178 2710 Ex
3213 2655 3409 2710 nostris
3457 2669 3476 2706 :
3525 2653 3820 2709 Marcoardtts

2261 2730 2548 2800 presbiter;
2581 2728 2844 2800 Algerius,
2871 2727 3037 2800 [mter
3053 2725 3206 2800 ejus;
3237 2725 3423 2800 Bodp,
3447 2724 3726 2800 Riclterius,
3747 2724 3825 2776 Ad-

2262 2793 2467 2866 eamus,
2501 2793 2850 2864 Laurentius;
2872 2793 3222 2867 Berengizrius
3247 2809 3296 2852 ct
3326 2793 3632 2863 Iohannes,
3689 2794 3820 2864 frater

2265 2869 2412 2940 ejus;
2445 2869 2818 2937 Herlebaldus,
2843 2867 3233 2923 Richardus....

577 3125 3824 3161 ww

1228 3296 1804 3388 EPITAPHI
1829 3298 1991 3389 UM
2070 3296 2643 3388 LANDRICI
2715 3296 3210 3389 ABBATIS

1661 3491 1910 3559 Auctore,
1943 3499 1998 3545 ut
2027 3490 2254 3557 videtur,
2281 3490 2466 3547 PAULO
2495 3491 2750 3547 monacho

1031 3642 1325 3718 (Mutuu,
1377 3644 1608 3702 Annales
1661 3647 1862 3703 ordinis
1891 3651 1954 3702 ὁ.
1987 3608 2292 3715 Benedicti,
2337 3655 2473 3703 tom.
2502 3645 2596 3716 IV,
2635 3646 2731 3704 lib.
2773 3661 2910 3716 un,
2934 3661 2990 3703 n.
3013 3645 3103 3717 85,
3143 3660 3201 3719 ι).
3227 3644 3388 3720 668.)

1221 3973 1337 4032 Huc
1365 3971 1590 4032 flectens
1617 3972 1804 4030 oculos
1836 3971 2057 4043 paulum
2085 3970 2344 4040 subsiste,
2377 3971 2582 4039 viator,

1283 4066 1552 4136 Disceque
1580 4066 1702 4136 quis
1743 4064 1924 4131 fuerit,
1956 4078 2117 4135 quem
2155 4063 2393 4120 tumulus
2421 4064 2556 4136 tegit
2588 4063 2696 4122 hic.

1211 4156 1341 4215 Haec
1370 4172 1567 4228 corpus
1593 4171 1761 4228 parva
1789 4154 2046 4210 Landrici
2072 4155 2316 4212 continet
2350 4170 2509 4224 urna,

1289 4245 1473 4305 Nostri
1505 4245 1746 4317 pastoris
1773 4253 1828 4300 et
1859 4245 2043 4302 Patris
2069 4245 2275 4302 eximii.

1215 4339 1414 4398 Vivere
1443 4339 1572 4394 dum
1597 4337 1792 4411 quivit,
1823 4336 2098 4410 subjectos
2129 4340 2224 4412 qui
2260 4339 2400 4398 bene
2422 4341 2590 4409 rexit,

1286 4431 1593 4491 Ostendens
1619 4431 1801 4500 factis,
1844 4432 1989 4505 quod
2015 4433 2201 4490 docuit
2241 4435 2482 4493 monitis.

1217 4528 1437 4586 Milibus
1463 4529 1674 4585 exstitit
1702 4529 1793 4586 hic
1839 4529 2100 4598 clemens,
2144 4531 2265 4603 pius
2310 4541 2475 4604 atque
2511 4531 2811 4607 benignus;

1303 4621 1525 4680 lnﬁatos
1554 4637 1841 4695 spernens,
1875 4621 2089 4680 fortiter
2111 4624 2213 4682 hos
2240 4625 2564 4699 reprimens.

1215 4714 1313 4772 Vir
1339 4716 1512 4772 bonus
1541 4725 1596 4772 et
1622 4715 1862 4788 prudens
1887 4716 1956 4772 ad
1995 4716 2258 4787 grandem
2287 4719 2438 4775 vexit
2465 4719 2731 4776 honorem

1292 4807 1448 4865 Hanc
1485 4809 1589 4867 sibi
1625 4809 1975 4867 commissam
2006 4809 2242 4882 digniter
2271 4810 2610 4868 Ecclesiam:

1215 4900 1323 4958 Ter
1358 4901 1514 4958 denis
1547 4911 1605 4959 et
1643 4909 1729 4959 ter
1758 4901 1902 4959 binis
1939 4901 2026 4959 cui
2049 4901 2268 4972 praefuit
2307 4903 2488 4961 annis.

1269 4995 1422 5052 Tunc
1449 5005 1614 5069 caput
1638 4996 1835 5054 extulit
1864 4996 2002 5066 haec,
2029 5005 2155 5068 post
2190 4996 2384 5054 similis
2407 4997 2606 5055 vidum.

1218 5086 1366 5145 Exiit
1395 5087 1485 5145 hic
1513 5088 1810 5158 hominem,
1841 5096 2066 5147 sanctus
2100 5089 2244 5144 sicut
2270 5088 2563 5146 Leobinus.

1290 5179 1457 5252 Cujus
1482 5179 1632 5237 Mars
1660 5180 1861 5239 festum
1892 5189 2166 5238 monstrat
2195 5181 2388 5238 adesse
2414 5182 2581 5240 diem.

1217 5271 1330 5327 Pax
1361 5271 1460 5328 tibi
1505 5273 1597 5342 sit,
1630 5259 1900 5330 Landrice
1930 5272 2115 5339 Pater,
2147 5273 2474 5344 requiesque
2501 5288 2789 5346 perennis:

1286 5363 1512 5422 Cunctis
1540 5379 1662 5423 cum
1699 5365 1906 5424 sanctis
1944 5365 2142 5437 gaudia
2165 5362 2279 5434 jam
2309 5365 2408 5421 tibi
2434 5366 2563 5424 sint.
2593 5367 2792 5426 Amen.
