3808 6306
72 362 162 424 ως
1392 347 1770 405 EPISTOLAE.

3165 346 3274 404 390

1828 412 1848 446 ε

73 477 238 533 tatioas
282 469 436 544 qu’ait
487 469 646 527 faites
680 467 957 536 Godcfroi,
993 467 1225 524 soitaux
1269 465 1497 531 eroisés,
1525 481 1592 520 eu
1628 469 1665 523 Α
1696 465 1890 518 d‘ame.
1931 460 2046 516 Elle
2090 467 2182 515 eut
2209 474 2306 516 son
2335 458 2484 524 ell‘et,
2523 475 2590 516 cn
2621 459 2888 531 inspirant
2933 475 3037 516 aus
3067 471 3278 522 crotsas

70 565 240 640 ψιήὶιέ
274 565 336 620 de
375 561 590 634 general
623 563 688 618 de
715 561 833 616 Ieur
867 558 1070 626 armée,
1101 558 1211 616 scit
1232 556 1264 613 ὸ
1288 571 1376 614 ses
1399 554 1586 625 sujets,

1699 574 1770 612 un
1801 570 2046 612 nouvean
2081 570 2330 627 courage,
2367 565 2423 610 et
2445 555 2526 612 les
2558 562 2775 625 portant
2799 553 2830 608 ἐι
2859 553 2992 608 faire
3034 554 3102 610 de
3134 571 3273 612 nou-

66 676 120 717 cn
157 657 334 730 qualite
380 657 445 712 de
490 653 799 718 souverain,
835 667 907 708 on
948 665 1019 708 ne
1063 665 1200 708 nous
1250 665 1282 704 a
1334 646 1594 706 conservé
1697 664 1869 705 veaux
1903 646 2123 715 efforts,
2151 647 2243 718 qui
2293 647 2476 704 fui-ent
2512 646 2683 703 suivis
2735 645 2802 702 de
2841 644 2891 701 la
2944 644 3144 704 defaite
3179 647 3281 708 des

63 763 148 822 que
185 749 307 805 oelle
347 745 472 818 qu'il
521 746 584 800 fit
636 759 702 800 au
757 742 902 814 siege
956 740 1275 797 d‘Antioehe
1297 778 1312 803 ,
1373 737 1592 808 lorsque

62 849 208 897 tentes
257 839 442 895 cboses
507 835 815 906 paraissant
868 832 1218 904 désespérées
1273 830 1412 899 pout‘
1462 828 1590 882 l'ar-

61 930 156 985 me'e
183 927 477 984 chrétienne
498 965 516 993 ,
560 925 665 982 elle
691 924 824 980 était
868 939 964 980 sur
989 923 1037 978 le
1077 923 1232 994 point
1253 923 1322 976 de
1347 919 1396 976 le
1419 918 1588 975 lever.

59 1019 173 1077 Notis
196 1034 257 1076 en
277 1032 506 1075 sommes
530 1015 842 1073 redevables
868 1014 899 1069 ἐι
921 1013 1226 1072 Gnillaume
1249 1012 1316 1068 de
1341 1011 1471 1082 Tyr,
1496 1011 1589 1080 qui

56 1128 150 1171 aeu
171 1112 279 1170 sein
306 1111 372 1168 de
393 1111 442 1166 la
468 1110 607 1166 faire
631 1118 816 1166 entrer
844 1108 982 1163 dans
1009 1121 1071 1162 sa
1102 1104 1241 1162 belle
1265 1102 1503 1159 Histoire
1521 1102 1588 1158 de

54 1203 339 1262 laCroisade
367 1202 504 1276 (68),
543 1202 792 1258 honneur
822 1198 956 1271 qu’il
987 1197 1074 1254 n’a
1120 1211 1218 1268 pas
1266 1194 1368 1251 fait
1407 1193 1439 1250 it
1472 1202 1586 1249 lant

53 1296 268 1361 d‘antres,
290 1293 604 1366 rapportées
621 1307 728 1365 par
757 1291 834 1348 les
863 1300 1046 1346 autres
1081 1288 1388 1346 historicus.
1431 1286 1588 1344 Cette

52 1387 280 1459 harangue
303 1395 388 1443 est
412 1394 628 1451 courte,
675 1384 813 1440 mais
843 1383 1178 1454 pathétique,
1210 1381 1486 1452 puissante
1516 1395 1584 1436 eu

50 1479 224 1546 motifs,
259 1479 434 1551 pleine
479 1479 551 1535 de
604 1477 764 1534 traits
804 1477 873 1532 de
916 1475 1060 1548 pieté
1104 1483 1158 1530 et
1204 1474 1272 1531 de
1313 1471 1588 1546 grandeur

101 1633 197 1706 (68)
228 1633 373 1690 Wiil.
405 1633 538 1707 Tyr.
569 1633 608 1688 Ι.
639 1648 698 1699 v,
738 1648 793 1687 n.
819 1629 874 1686 5.

59 1757 490 1784 ψ

1695 738 1936 796 infideles
1963 747 2018 794 et
2043 739 2110 796 de
2141 737 2192 793 la
2221 739 2366 810 prise
2398 739 2467 795 de
2499 738 2549 794 la
2574 737 2716 794 ville.

1762 830 1840 886 Le
1873 830 2012 902 ster
2039 830 2106 886 de
2152 839 2295 886 cette
2319 829 2494 900 piece,
2515 837 2572 885 et
2596 829 2734 886 cclui
2783 829 2850 884 de
2901 831 2953 886 la
2984 829 3145 887 lettre
3180 832 3272 904 qui

1689 929 1775 978 est
1825 920 2172 993 particuliére
2217 920 2249 976 ὸ
2276 919 2554 988 Godefroi,
2585 928 2857 978 mo;;trent
2883 935 2989 992 que
3023 921 3140 978 leur
3173 938 3274 978 au-

1691 1020 1815 1068 teur
1837 1011 2037 1084 parlait
2063 1011 2196 1066 latin
2217 1027 2369 1068 assez
2390 1020 2696 1082 puremeut,
2725 1020 2778 1066 et
2807 1011 2982 1068 meme
3007 1027 3139 1068 avec
3167 1029 3276 1069 une

1689 1104 1930 1160 certaine
1956 1103 2210 1175 elegance
2253 1118 2390 1174 pour
2413 1119 2510 1159 son
2545 1103 2730 1160 siecle.
2763 1103 2844 1160 On
2875 1104 2986 1159 voit
3019 1103 3068 1158 la
3097 1105 3276 1160 meme

1687 1196 1852 1252 chose
1877 1211 1974 1266 par
1997 1197 2130 1252 trois
2163 1210 2233 1252 ou
2263 1205 2458 1266 quatre
2491 1196 2708 1252 chartcs
2733 1196 2894 1267 qu’on
2920 1213 2950 1252 a
2980 1197 3049 1254 dc
3076 1197 3171 1262 lui,
3204 1212 3272 1251 rn

1687 1290 1876 1346 faveur
1901 1291 2144 1346 d’autant
2179 1291 2247 1348 de
2290 1289 2664 1346 monasteres:
2693 1289 2926 1359 supposé
2955 1289 3274 1346 ne'anmoius

1702 1397 1794 1441 'ue
1825 1397 1890 1440 ee
1915 1384 2024 1440 soit
2048 1383 2329 1439 lui-meme
2355 1381 2449 1454 qui
2477 1381 2556 1439 les
2579 1381 2656 1438 ait
2677 1381 2899 1440 dictées.

505 1734 3222 1781 ________________________________..._.

781 1890 1798 2012 GODEI-‘BIDI
1855 1881 2408 2001 REGIS
2501 1811 2506 1816 ’

1242 2121 2028 2242 EPISTOL/E.

1343 2351 1740 2370 ψ

465 2442 807 2502 EPISTOLA
855 2441 1063 2498 PRIMA
1075 2481 1089 2495 .

107 2547 337 2592 PIINCIPIS
372 2551 688 2593 ANTIOCBIE
725 2547 795 2590 AD
832 2544 1172 2590 GODEFRIDUH
1211 2544 1502 2586 ιιοειιυιςυι.

506 2627 698 2698 (Anno
721 2624 882 2691 1096,
907 2623 1062 2690 Mai.)

188 2715 250 2772 Ut
279 2716 592 2774 Graecorum
617 2718 897 2772 versutiam
926 2725 975 2769 et
1003 2712 1151 2768 dolos
1176 2722 1372 2768 caueat.

377 2809 589 2883 [WILL.
631 2809 764 2866 Tm.
803 2809 842 2864 l.
882 2823 942 2875 ιι,
985 2823 1040 2863 n.
1080 2806 1192 2879 l0.]

91 2893 306 2966 Noveris,
333 2903 590 2958 vivorum
621 2900 847 2970 optime,
880 2897 1025 2968 quod
1056 2897 1150 2953 tibi
1183 2903 1371 2952 contra
1403 2894 1575 2950 feram

42 2989 280 3054 PeSSimam
319 3001 375 3048 et
421 3009 551 3049 cum
584 2991 804 3048 homine
847 3005 1081 3062 nequam
1118 2990 1380 3046 incumbit
1409 3003 1576 3059 nego-

41 3075 160 3143 tium,
182 3077 325 3149 cnjus
347 3081 694 3152 propositum
719 3089 802 3136 est
828 3094 1044 3150 semper
1068 3079 1256 3135 fallere
1280 3085 1336 3134 et
1360 3091 1576 3134 omnetu

42 3164 306 3227 Latinorum
334 3173 621 3228 nationem
645 3186 816 3242 usque
844 3173 912 3226 ad
943 3179 1170 3226 mortem
1202 3169 1378 3225 modis
1403 3168 1580 3224 omni-

41 3257 116 3315 bus
138 3264 370 3335 persequi
395 3281 412 3330 ;
440 3273 497 3320 et
529 3264 674 3336 quod
703 3264 772 3319 de
791 3277 856 3320 eo
882 3271 1027 3318 recte
1047 3262 1298 3329 sentiam,
1328 3268 1420 3316 tuo
1445 3275 1578 3330 quo-

41 3362 119 3417 que
143 3351 416 3423 aliquando
437 3353 839 3426 approbabitur
853 3353 1076 3426 judicio.
1101 3351 1234 3408 Novi
1262 3351 1406 3408 enim
1429 3350 1578 3407 Grae-

41 3451 190 3495 corum
245 3442 511 3498 malitiam
579 3452 636 3500 et
696 3444 882 3499 odium
940 3444 1199 3499 adversus
1261 3441 1576 3497 Latinorum

41 3543 195 3588 nomen
222 3535 464 3605 pertinax
491 3544 552 3592 et
579 3535 934 3592 obstinatum.
959 3534 1102 3591 Cede
1125 3549 1275 3606 ergo,
1301 3535 1347 3590 si
1378 3533 1574 3603 placet,

41 3620 143 3677 urbe
168 3623 367 3692 relicta,
401 3628 473 3684 ad
513 3637 702 3700 partes
729 3627 1266 3700 Adrianopolitanas,
1299 3627 1386 3684 vel
1429 3626 1576 3683 circa

39 3707 424 3788 Philippopolim,
451 3728 512 3774 et
537 3719 778 3790 legiones
801 3718 900 3776 tibi
925 3734 956 3774 a
978 3719 1208 3776 Domino
1235 3719 1575 3786 commissas,

2235 2420 2572 2480 EPISTULA
2615 2419 2704 2477 Ill.

1681 2555 1977 2606 BOEHUNDI,
2015 2553 2285 2596 RAYIUNDI
2327 2553 2374 2593 8.
2413 2551 2595 2594 εσιυιι
2619 2575 2635 2600 ,
2673 2548 2992 2600 GODEFBIDI,
3034 2545 3266 2587 ROBEI’I’I

1751 2628 1970 2670 COIITIS
1998 2624 2414 2674 NOBTIIIANNIE,
2443 2621 2672 2663 ROBEBTI
2706 2620 2924 2661 COIITIS
2964 2619 3268 2660 ηλΝωιΕΝ·

1751 2701 1850 2751 Sis,
1921 2697 2203 2738 EUSTACIIII
2271 2694 2490 2736 COMITIS
2567 2691 2808 2734 ΒοιοΝιΑς
2876 2691 2945 2730 AD
3013 2688 3265 2731 UBBANUI

1753 2789 1946 2830 PAPAI.

2178 2881 2360 2953 (Anno
2388 2881 2526 2939 1038
2540 2920 2558 2948 ,
2591 2877 2770 2952 Sept.)

1864 2995 1937 3051 De
1973 2995 2241 3050 obsidione
2273 3005 2321 3049 et
2355 2993 2742 3065 expugnatione
2770 2991 3083 3046 Antiochia.

1788 3084 1950 3158 [Vide
1994 3085 2049 3141 in
2094 3083 2316 3142 Urbano
2351 3082 2420 3150 ll,
2459 3083 2610 3138 Patr.
2652 3091 2690 3138 t.
2722 3081 2830 3149 CL,
2858 3081 2962 3138 col.
3006 3079 3161 3153 551.]

2241 3195 2577 3254 EPISTOLA
2617 3193 2708 3250 IV.

1680 3327 1969 3375 DOEIUNDI,
1993 3325 2254 3367 RAIIUNDI
2284 3325 2502 3365 COIITIS
2527 3323 2712 3366 SANCTI
2745 3321 2948 3372 ιεοιηιι,
2980 3319 3267 3363 αουεινιιωι

1751 3398 1924 3449 DUCIS,
1979 3399 2048 3438 ΕΤ
2097 3396 2325 3438 11υῦοΝιὸ
2373 3395 2534 3436 IAGNI
2583 3395 2652 3434 AD
2699 3391 2990 3438 UNIVEBSOS
3054 3391 3264 3434 CHRISTI

1751 3469 1800 3508 Pl
1807 3468 1991 3508 DELES.

2268 3562 2446 3634 (Anno
2487 3561 2671 3631 1098.)

1681 3678 1760 3734 De
1800 3693 1926 3750 pace
1966 3676 2098 3750 inita
2122 3691 2266 3750 sunt
2307 3669 3267 3750 imperatoreConstantinopolitano,

1755 3741 1919 3820 déque
1934 3747 2181 3820 gictoriis
2212 3745 2276 3800 ab
2309 3741 2541 3800 exercitu
2577 3741 2996 3798 Christianorum
3027 3751 3265 3812 reporta-

42 3800 82 3855 in
103 3803 220 3863 locis
243 3809 524 3878 uberibus,
553 3809 824 3866 alimentis
846 3818 903 3868 et
923 3810 1038 3867 otio
1057 3811 1289 3883 praecipe
1313 3811 1574 3867 recreari.
1603 3835 1647 3893 ο
1752 3800 1910 3876 i515};—
1930 3800 2151 3873 Turnus.

42 3893 124 3965 Ego
164 3911 357 3969 autem,
403 3913 637 3960 auctore
682 3903 932 3970 Domino,
979 3903 1126 3959 circa
1169 3903 1315 3958 veris
1361 3902 1576 3958 initium

41 3983 226 4048 festinus
252 3993 434 4061 adero,
472 3995 766 4052 oonsiliqu
794 4002 850 4050 et
880 3993 1146 4050 auxilium
1175 3991 1419 4048 fraterna
1449 3993 1580 4048 cha-

43 4077 186 4149 ritate,
213 4094 467 4157 tanquam
513 4086 735 4142 domino
774 4100 917 4153 meo,
947 4093 1139 4142 contra
1169 4083 1393 4156 impium
1421 4081 1579 4140 Gne-

40 4181 187 4229 corum
218 4177 518 4250 principem
551 4179 978 4235 ministraturus.

570 4269 904 4328 EPISTOLA
937 4271 1002 4328 ll.

388 4377 676 4420 GODEFRIDI
710 4379 778 4420 AD
816 4380 1160 4421 BOEIUNDUI.

469 4453 654 4524 (Anno
674 4461 732 4509 et
753 4469 928 4510 mens.
953 4456 1100 4526 eod.)

319 4545 402 4599 Ad
449 4546 832 4616 praecedentem
884 4546 1236 4616 responsoria.

91 4629 226 4701 Novi,
249 4637 606 4695 dilectissime
648 4637 841 4705 frater,
870 4647 927 4694 et
956 4639 1099 4693 fama
1143 4637 1576 4708 referente-pri-

41 4719 136 4778 dem
161 4727 374 4786 edoctus
399 4745 526 4786 sum
547 4731 700 4800 quod
730 4731 858 4786 odio
900 4730 1222 4786 inexorabili
1263 4729 1577 4786 Graecorum

41 4823 217 4879 astutiae
239 4826 492 4896 populum
513 4841 730 4896 semper
755 4833 1000 4881 nostrum
1023 4826 1278 4896 persequi
1310 4826 1580 4882 ardentis-

41 4909 150 4967 sime
190 4917 528 4984 studuerunt,
575 4926 633 4973 et
673 4918 720 4972 si
760 4917 888 4988 quid
935 4917 1067 4973 mihi
1112 4916 1284 4973 defuit
1327 4919 1480 4988 prius
1507 4918 1577 4972 ad

42 5002 308 5074 scientiam,
338 5009 582 5080 quotidie
607 5025 702 5082 per
731 5010 1166 5083 experimentum
1197 5010 1420 5067 addisco
1461 5010 1576 5081 ple-

42 5091 165 5160 nius;
181 5111 273 5154 nec
293 5099 480 5156 dubito
499 5101 629 5172 quin
645 5100 798 5171 justo
819 5101 936 5157 zelo
959 5101 1220 5158 adversus
1239 5116 1335 5158 eos
1362 5114 1576 5157 movea-

1685 3931 1995 4006 lMARTENE,
2027 3927 2276 3998 Ampliss.
2315 3924 2631 4006 C_olf_ect_._,.t.
2677 3923 2718 4006 ζ,
2767 3940 2830 4006 p.
2860 3923 3000 4006 £568,
3051 3938 3116 3979 ex
3161 3937 3266 3980 ms.

2065 3995 2383 4054 menasterii
2415 3999 2474 4052 δ.
2511 3995 2880 4068 Theoderici.]

1753 4093 2100 4159 Bonuunnus,
2121 4090 2262 4147 illius
2282 4089 2703 4160 Boberti,atque
2725 4089 3070 4154 Raruuxnus,
3085 4103 3270 4152 comes

1683 4187 1740 4244 S.
1773 4184 1992 4256 lEgidii,
2032 4185 2304 4254 simulque
2339 4181 2683 4239 Gonzrntnus
2723 4181 2852 4248 dux,
2907 4189 3068 4252 atQue
3115 4181 3270 4238 lineo

1684 4281 1930 4346 Macnus,
1959 4278 2258 4351 majoribus
2287 4285 2344 4335 et
2376 4278 2677 4334 minoribus
2703 4277 2874 4332 totius
2897 4277 3047 4332 orbis
3074 4277 3262 4333 catho-

1683 4375 1802 4430 lica:
1835 4373 1957 4429 fidei
1986 4373 2288 4429 cultoribus
2313 4371 2484 4426 vitam
2519 4369 2746 4440 adipisci
2780 4377 3122 4440 perpetuam.

1713 4483 1716 4486 ’
1757 4468 1826 4525 Ut
1853 4477 2040 4523 notum
2065 4467 2137 4523 sit
2163 4466 2418 4523 omnibus
2449 4463 2688 4535 qualiter
2712 4461 2856 4517 inter
2882 4475 2982 4516 nos
3008 4470 3064 4516 et
3091 4461 3270 4532 impc-

1681 4571 1920 4616 ratorem
1963 4560 2107 4616 facta
2145 4560 2219 4616 sit
2260 4573 2393 4630 pax,
2421 4567 2478 4614 et
2506 4556 2779 4628 quomodo
2807 4554 2860 4610 in
2887 4563 3038 4610 terra
3065 4553 3268 4609 Sarra-

1681 4665 1941 4707 cenorum
1966 4649 2124 4704 nobis
2146 4656 2434 4719 postquam
2467 4646 2596 4702 illnc
2618 4645 2866 4702 venimus
2893 4643 3098 4708 evenit,
3130 4641 3268 4696 diri-

1681 4745 1860 4816 gimus
1884 4743 1952 4799 ad
1973 4757 2072 4798 vos
2097 4742 2244 4796 hunc
2267 4749 2514 4796 nostrum
2537 4739 2795 4808 legatum,
2820 4736 2910 4807 qui
2941 4735 3122 4790 omnia
3147 4748 3270 4803 quae

1681 4835 1820 4902 apud
1865 4846 1966 4887 nos
2008 4831 2150 4884 facta
2194 4839 2322 4884 sunt
2362 4827 2515 4883 vobis
2555 4842 2652 4896 per
2698 4826 2944 4882 ordinem
2972 4823 3262 4892 diligenter

1678 4924 1970 4981 edisserat.
2021 4921 2264 4978 Primum
2306 4919 2594 4977 dicendum
2641 4926 2726 4972 est
2767 4914 2913 4986 quod
2970 4915 3268 4985 imperator

1679 5017 1861 5073 medio
1901 5029 2088 5072 mense
2127 5014 2270 5070 Maio
2302 5013 2454 5069 dedit
2479 5012 2638 5068 nobis
2663 5010 2889 5066 ﬁduciae
2918 5017 3084 5078 atque
3107 5022 3268 5063 secu-

1680 5107 1898 5164 ritatem
1924 5122 2046 5162 cum
2065 5104 2401 5176 iuramento,
2440 5102 2620 5159 dando
2646 5101 2809 5157 etiam
2841 5099 2998 5157 nobis
3025 5099 3263 5166 obsides,

43 5181 120 5248 ris,
159 5195 210 5243 et
247 5189 312 5246 de
359 5205 549 5248 eorum
589 5193 830 5264 nequitia
875 5202 1024 5250 recte
1066 5192 1440 5264 sentias.,Sed
1482 5193 1574 5249 Dei
1603 5192 1656 5252 D
1681 5198 1887 5254 scilicet
1907 5204 2157 5269 nepotem
2180 5205 2344 5267 atque
2373 5207 2628 5268 generum
2653 5205 2836 5256 suum,
2857 5189 3264 5262 adjungensque

46 5272 258 5338 timorem
298 5282 498 5342 habens
523 5299 636 5356 pra:
663 5285 855 5351 oculis,
902 5297 958 5342 et
1005 5287 1339 5357 propositum
1394 5301 1571 5339 meum

46 5371 370 5444 considerans,
419 5391 567 5433 arma
619 5377 932 5434 inlidelibus
981 5377 1162 5434 debita
1214 5379 1266 5433 in
1314 5377 1572 5449 populum

46 5467 323 5522 convertere
364 5459 732 5526 Christianum
787 5468 1102 5526 reformido.
1147 5468 1448 5526 Adventum
1487 5478 1572 5524 ta-

49 5558 145 5633 Ῥω
163 5559 297 5610 tuum
317 5557 466 5615 nobis
486 5559 925 5628 desiderabilem,
943 5569 999 5616 et
1017 5560 1245 5616 aliorum
1266 5561 1569 5633 principum

52 5629 139 5692 Deo
157 5640 444 5703 devoton
468 5649 815 5720 praesentiam
837 5649 1147 5708 avidissime
1175 5629 1284 5710 Deo
1306 5629 1572 5722 amabilis,

52 5729 126 5797 Qui
152 5735 410 5795 nobiscum
433 5750 532 5812 est,
562 5751 841 5814 exspectat
870 5743 1163 5802 exercitus.

1681 5291 1736 5345 in
1764 5291 1850 5346 his
1875 5291 2017 5359 quod
2047 5288 2250 5344 nemini
2272 5286 2682 5359 peregrinorum
2707 5283 2765 5340 S.
2801 5282 3046 5356 Sepulcri
3072 5292 3262 5346 contu-

1681 5381 1896 5438 meliam
1945 5381 2179 5452 amplius
2231 5378 2435 5435 inferre
2483 5387 2794 5434 conaretur.
2853 5376 3051 5434 Postea
3112 5377 3262 5433 misit

1681 5473 1959 5544 proprium
2001 5486 2232 5529 suum...
2278 5487 2376 5540 per
2411 5485 2627 5526 omnem
2674 5477 2875 5526 terram
2919 5485 3096 5536 suam,
3123 5468 3262 5525 diri-

1680 5578 1815 5632 gens
1838 5578 1963 5618 eum
1992 5577 2162 5634 usque
2185 5562 2254 5618 ad
2290 5562 2593 5629 Duratium,
2617 5562 2778 5634 jussit
2812 5572 2870 5618 ut
2901 5563 3134 5631 aliquem
3168 5575 3264 5630 pe-

1685 5652 1964 5724 regrinum
2009 5661 2233 5725 tangere
2261 5651 2314 5707 in
2343 5651 2487 5709 malo
2517 5667 2674 5708 nemo
2704 5667 2869 5708 ausus
2897 5661 3060 5706 esset.
3106 5647 3262 5713 Quod

1565 5747 1570 5752 ’
1683 5744 1727 5800 si
1781 5746 1904 5815 quis
1954 5746 2058 5804 hoc
2108 5744 2456 5816 infringeret,
2511 5743 2786 5816 suspendii
2839 5755 3057 5812 poenam
3115 5736 3261 5790 illico

3797 21 3799 46 ι

3797 151 3799 190 1

3797 197 3799 226 Ι

3797 359 3799 442 ἐ
