3838 6306
501 356 610 439 ω.

1567 370 1933 430 GUDEFRlDl
1975 368 2490 427 lllEROSOLYM/E
2547 370 2753 428 REGIS

3685 380 3777 443 393

515 478 677 562 digne
709 494 937 546 subiret.
971 487 1113 558 Quid
1153 487 1344 560 plura?
1382 486 1541 540 modo
1568 493 1907 539 revertamur
1935 484 2002 538 ad
2033 498 2094 539 ea
2132 491 2171 547 Α
2203 499 2261 539 se
2289 495 2346 539 ct
2367 499 2557 539 omnes
2579 501 2715 556 quos
2743 483 3036 558 adiungere
3063 487 3286 559 poterit,
3321 486 3659 550 Christianos
3697 497 3768 554 fu-

513 582 710 653 quibus
740 581 979 637 maximo
1007 581 1205 652 gaudlo
1245 588 1421 633 vestra
1460 574 1653 646 repleri
1684 574 1885 629 debent
1912 575 2099 628 corda.

513 671 570 728 In
617 671 723 728 ﬁne
755 686 887 728 vero
926 670 1131 726 mensis
1178 668 1300 723 Mali
1333 665 1576 738 pra-lium
1610 676 1732 720 cum
1763 660 1959 720 Turcis
1985 664 2103 719 ﬁeri

513 764 897 820 stabilivimns.
932 763 1056 818 Illos
1082 770 1262 815 autem
1295 758 1404 813 Deo
1431 758 1636 827 gratias
1666 756 1989 810 devicimus.
2025 754 2102 809 Ex

515 856 625 912 illis
654 866 835 912 autem
872 854 1059 925 procul
1102 852 1266 906 dubio
1314 851 1365 903 in
1418 849 1536 919 ipso
1565 849 1756 919 proelio
1799 863 1904 901 axx
1938 848 2103 902 millia

516 956 731 1003 mortua
759 956 907 1012 sunt,
936 961 1001 1001 ex
1031 943 1232 998 nostris
1266 955 1400 994 vero
1426 940 1533 993 tria
1569 939 1736 993 millia
1768 939 1821 993 in
1854 953 1988 1008 pace
2009 940 2104 993 de-

516 1041 701 1097 iuncta
725 1049 872 1104 sunt,
899 1038 990 1110 qui
1022 1036 1139 1092 sine
1161 1033 1501 1089 dubitatione
1530 1031 1636 1087 ulla
1662 1032 1772 1085 vita
1803 1030 2108 1103 gloriantur

514 1143 735 1188 aeterna.
784 1131 860 1186 lbi
907 1138 1053 1185 certe
1102 1124 1577 1181 innumerabiliter
1624 1123 1835 1194 copiam
1882 1124 2000 1178 auri
2053 1132 2108 1177 et

516 1224 728 1292 argenti
781 1229 942 1289 atque
975 1216 1339 1289 pretiosarum
1383 1215 1640 1279 vestium,
1668 1229 1769 1268 nec
1796 1229 1902 1268 non
1934 1220 1987 1269 et
2013 1228 2098 1266 ar.

512 1328 723 1369 morum
754 1326 945 1367 omnes
970 1326 1067 1366 nos
1095 1309 1558 1380 recuperavimus.
1595 1307 1831 1362 Nicmam
1890 1322 2109 1377 quoque

515 1406 785 1475 ingentem
828 1406 1106 1461 civitatem
1153 1402 1358 1458 virtute
1402 1400 1527 1457 forti
1569 1401 2106 1471 comprehendimus,

511 1504 565 1549 et
595 1494 733 1549 ultra
758 1510 878 1551 eam
909 1505 1086 1550 castra
1115 1504 1170 1549 et
1200 1493 1472 1558 civitates,
1497 1503 1552 1548 et
1578 1508 1675 1564 per
1704 1492 1894 1575 decem
1933 1492 2109 1547 dictas

517 1586 935 1655 acquisivimus.
964 1585 1159 1640 Postea
1199 1586 1342 1655 apud
1368 1585 1716 1640 Antiochiam
1760 1583 1961 1639 bellqu
1991 1597 2107 1636 ma—

508 1692 674 1748 gnum
723 1676 957 1734 fecimus
1010 1679 1154 1749 quod
1215 1678 1442 1733 multum
1499 1677 1738 1731 viriliter
1782 1675 2103 1743 devicimus,

516 1771 653 1826 adeo
685 1773 830 1841 quod
861 1786 925 1826 ex
961 1772 1043 1825 eis
1076 1772 1356 1842 sexaginta
1400 1782 1455 1825 et
1499 1784 1691 1825 novem
1724 1766 1893 1823 millia
1921 1767 2101 1823 occisa

510 1872 659 1928 sunt,
688 1881 755 1919 ex
787 1865 989 1919 nostris
1017 1880 1146 1919 vero
1177 1866 1363 1920 decem
1397 1864 1565 1919 millia
1594 1864 1649 1917 in
1681 1877 1825 1934 pace
1844 1861 2099 1919 defuncta
2138 1874 2181 1932 Β

511 1965 658 2011 sunt.
700 1957 836 2024 Quis
881 1958 986 2011 tale
1028 1958 1281 2028 gaudium
1325 1955 1493 2010 vidit?
1521 1955 1645 2011 Sive
1672 1956 1819 2011 enim
1848 1955 2100 2023 vivimus,

414 2112 423 2115 _
509 2049 616 2102 sive
663 2051 937 2113 morimur,
975 2048 1187 2103 Domini
1216 2064 1395 2103 sumus
1420 2046 1609 2119 (Romi
1628 2064 1743 2115 11v,
1773 2048 1851 2120 8).
1881 2049 1963 2105 Ad
1986 2050 2102 2104 haec.

509 2154 611 2209 pro
642 2150 796 2195 certo
821 2142 1009 2196 sciatis
1034 2155 1215 2211 regem
1248 2140 1539 2195 Persarum
1570 2141 1625 2195 in
1655 2140 1952 2197 lestivitate
1973 2141 2102 2197 Om-

509 2233 657 2287 nium
688 2232 1010 2289 Sanctorum
1036 2234 1192 2289 nobis
1215 2233 1457 2303 praelium
1484 2247 1544 2289 se
1572 2243 1921 2304 peracturum
1948 2250 2087 2289 man-

509 2324 690 2390 dusse,
722 2340 976 2380 asserens
1010 2327 1153 2395 quod
1204 2326 1249 2380 si
1305 2342 1404 2381 nos
1449 2326 1737 2395 devicerit,
1788 2327 2100 2383 nullatenus

504 2429 627 2468 cum
658 2428 782 2483 rege
814 2415 1126 2487 Babylonia:
1162 2425 1213 2472 et
1250 2417 1372 2473 aliis
1399 2417 1648 2487 pluribus
1683 2420 1903 2489 regibus
1929 2434 2099 2490 paga-

506 2505 593 2560 nis
634 2521 797 2577 super
835 2505 1182 2563 Christianos
1208 2508 1466 2564 cessabit.
1496 2507 1670 2564 Porro
1700 2510 1744 2565 si
1769 2509 2088 2580 perdiderit,

579 2636 771 2711 (69)_ls
808 2649 927 2703 erat
959 2638 1019 2694 S.
1064 2637 1239 2711 Hugo,
1281 2637 1373 2710 qui
1402 2654 1548 2711 anno
1587 2637 1734 2705 1081,
1773 2636 2098 2711 a‘Gr‘cgorio

504 2708 643 2779 papa
690 2708 779 2781 Yll
827 2708 1205 2777 consecratus,
1255 2708 1441 2780 paucis
1471 2719 1593 2781 post
1618 2712 1776 2781 annis
1804 2709 1864 2781 S_.
1893 2708 2100 2781 Bruno-

504 2778 629 2832 nem
677 2778 904 2850 ejusque
949 2782 1130 2836 socios
1180 2778 1419 2850 excepit,
1460 2778 1626 2850 atque
1670 2780 1752 2835 eis
1797 2779 2103 2835 Carthasim

522 2904 2088 2931 Μαι-*ι*-

2210 585 2361 631 turos
2412 577 2721 647 spopondit.
2799 578 2954 633 Unde
3000 593 3099 636 vos
3156 583 3316 639 valde
3373 599 3672 655 precamur,
3722 601 3775 649 ut

2210 665 2335 721 inde
2354 662 2579 736 jejunia,
2614 681 2680 722 ac
2703 666 3080 740 elcemosynns
3100 672 3409 743 missasque
3436 674 3648 730 assidue
3666 692 3773 736 cum

2211 743 2504 811 devodone
2554 755 2789 812 faciatis.
2829 756 3158 830 Speeialiter
3187 773 3373 817 autem
3408 765 3625 821 tertium
3651 768 3774 825 diem

2210 859 2338 904 ante
2363 848 2557 903 festum
2583 851 2676 920 qui
2701 860 2786 905 est
2808 851 2925 907 dies
2954 853 3199 919 Veneris,
3222 856 3276 911 in
3302 872 3415 926 quo
3437 858 3777 929 triumphante

2207 940 2427 997 Christo
2453 940 2698 1010 praslium
2722 948 2977 1013 potenter
3001 947 3347 1002 commissuri
3372 964 3579 1018 sumus,
3610 952 3777 1009 devote

2210 1050 2331 1090 cum
2363 1033 2724 1105 eleemosynis
2753 1043 2809 1089 et
2835 1037 3176 1093 orationibus
3202 1038 3530 1095 observetis.

2284 1128 2396 1197 Ego
2426 1128 2970 1200 Gratianopolitanus
2999 1128 3112 1201 (69)
3142 1132 3433 1204 episcopus
3462 1133 3561 1188 bas
3588 1133 3776 1193 litteras

2210 1219 2343 1274 mihi
2366 1219 2555 1276 allatas
2577 1222 3009 1292 Gratianopolim
3040 1224 3193 1279 vobis
3225 1237 3433 1281 sancta:
3464 1225 3775 1284 Turonensis

2209 1309 2467 1365 Ecclesia:
2506 1312 2921 1383 archiepiscopo
2967 1320 3023 1367 et
3064 1314 3347 1371 canonicis
3395 1316 3574 1383 mitto,
3608 1326 3660 1372 ut
3695 1335 3775 1389 per

2211 1412 2307 1453 vos
2331 1400 2583 1457 omnibus
2604 1404 2695 1471 qui
2731 1402 2797 1455 ad
2819 1401 3018 1457 festum
3042 1406 3403 1460 convenerint
3436 1405 3770 1476 innotescant,

2208 1494 2263 1544 et
2304 1504 2400 1558 per
2437 1505 2532 1545 eos
2572 1491 2803 1547 diversis
2832 1494 3081 1563 partibus
3117 1494 3267 1549 orbis
3307 1497 3373 1551 ad
3405 1511 3544 1566 quas
3573 1498 3773 1554 redituri

2208 1589 2356 1647 Slllll,
2390 1580 2479 1634 alii
2517 1595 2710 1637 eorum
2754 1581 2923 1652 justis
2961 1583 3338 1653 petitionibus,
3372 1587 3702 1644 orationibus
3726 1600 3772 1645 et

2207 1670 2570 1742 eleemosynis
2608 1672 2955 1740 subveniant,
2985 1674 3076 1730 alii
3106 1690 3235 1731 vero
3262 1692 3388 1732 cum
3419 1676 3585 1735 armis
3603 1694 3774 1736 accur-

2207 1778 2329 1819 rere
2360 1760 2645 1821 festinent.

2781 1882 3117 1941 EPlSTOLA
3162 1882 3223 1939 V.

2205 1988 2498 2027 DMllBl-ZRTI
2533 1987 2707 2030 PISANI
2743 1990 3176 2043 ARCHIEPISCOPI,
3209 1993 3501 2035 GODEFRIDI
3552 1997 3771 2036 Βυιιοκιι

2276 2060 2344 2099 ΕΤ
2404 2060 2678 2102 Μηιυκυι
2740 2061 2962 2103 COIITIS
3011 2064 3058 2102 S.
3124 2064 3311 2106 Δεῦωιι
3366 2067 3437 2105 ΔΙ)
3495 2067 3772 2108 ΡΑΞΕΠΔΙΗ

2278 2131 2475 2171 ΡΔΡΔΙ.

2807 2230 2989 2301 (Anno
3024 2231 3212 2303 1100.)

2241 2321 2319 2377 De
2344 2322 2577 2377 uictoriis
2607 2322 2674 2377 ab
2704 2324 2940 2379 exercitu
2972 2323 3274 2406 Christiano
3311 2326 3368 2380 in
3397 2335 3540 2381 terra
3572 2338 3744 2382 sancta

2854 2404 3156 2464 reperietis.

2513 2504 2675 2577 [Vide
2705 2504 2760 2560 in
2792 2503 3043 2562 Paschali
3072 2506 3141 2563 ad
3176 2522 3268 2563 an.
3303 2508 3494 2583 1118.]

2205 2636 2560 2711 solitudinem
2586 2637 2654 2711 ad
2685 2652 2886 2711 novum
2915 2637 3040 2693 vitae
3064 2654 3235 2711 genus
3265 2640 3655 2697 instituendum
3687 2644 3770 2697 ibi-

2208 2707 2333 2762 dem
2364 2707 2657 2763 commisit.
2686 2707 2928 2765 Praeerat
2951 2707 3090 2766 vero
3115 2719 3244 2768 tunc
3270 2711 3577 2769 Turonensi
3603 2713 3772 2771 Eccle-

2215 2779 2313 2834 sia:
2341 2777 2660 2849 Badulpbus
2690 2777 2753 2834 ll.

2090 2903 3769 2930 Μ

1312 2989 2324 3129 GODEPRIDI
2380 2987 2936 3111 REGIS

1110 3174 1555 3272 CONCIO
1626 3175 1778 3266 AD
1853 3175 2353 3267 MILITES
2438 3176 3245 3282 CHRISTIANOS

1179 3312 1279 3384 ~lli
1322 3323 1571 3397 pristiam
1632 3323 1841 3380 uiuacis
1892 3335 2147 3376 memores
2202 3320 2466 3382 obsidioni
2512 3324 2807 3388 Antiochia!
2840 3331 3108 3390 insistant.

1732 3434 2049 3510 (WILLELI.
2076 3432 2237 3503 Tun,
2266 3435 2309 3492 l.
2336 3451 2395 3506 v,
2422 3453 2480 3495 n.
2500 3437 2589 3515 ε).

1977 3554 2269 3571 α’*

572 3626 631 3684 Si
678 3625 775 3691 ita,
801 3632 864 3679 ut
894 3620 1050 3678 nobis
1084 3620 1394 3677 nuntiatum
1440 3627 1559 3684 est,
1608 3617 1851 3691 peccatis
1895 3619 2103 3676 nostris
2129 3627 2173 3686 c.
2425 3621 2498 3680 de
2525 3625 2781 3695 praesenti
2820 3626 3217 3699 aliquantulum
3245 3626 3375 3687 elati
3402 3627 3660 3694 victoria,
3693 3629 3772 3685 imo

500 3708 867 3791 exigentibus,
891 3716 1121 3773 Domino
1150 3714 1518 3787 permittente,
1550 3714 1618 3771 de
1649 3711 1889 3769 dominis
1912 3720 1969 3768 et
1992 3711 2099 3767 l‘ra-

504 3813 679 3867 tribus
711 3807 912 3865 nostris
960 3806 1146 3862 hostes
1192 3805 1433 3862 nominis
1482 3813 1539 3861 et
1584 3803 1711 3860 lldei
1767 3800 2100 3861 Christianae

503 3904 1012 3974 triumphaverunt,
1045 3897 1181 3973 nihil
1210 3899 1358 3976 aliud
1388 3907 1600 3958 restare
1626 3897 1825 3965 video,
1875 3895 1981 3953 viri
2030 3894 2098 3952 ll-

504 3998 723 4062 lustres,
755 4009 918 4064 quam
941 4001 1002 4048 ut
1029 4007 1155 4048 cum
1181 3991 1262 4049 cis
1276 3994 1609 4059 moriamur,
1640 3999 1735 4047 aut
1756 3997 1962 4045 tantam
1994 3987 2104 4045 Do—

503 4087 651 4143 mino
711 4085 841 4142 Iesu
909 4084 1128 4143 Christo
1173 4085 1382 4142 illatam
1423 4083 1754 4140 ulciscantur
1805 4075 2090 4148 iniuriam.

503 4179 665 4245 Mihi,
696 4178 925 4248 credite,
953 4179 1081 4251 quia
1109 4194 1210 4235 nee
1233 4177 1365 4244 vita,
1397 4190 1502 4234 nec
1564 4173 1713 4231 salus
1766 4180 1974 4239 morte,
2016 4167 2104 4226 vel

501 4269 746 4342 quolibet
768 4270 1106 4342 aegritudinis
1130 4282 1364 4341 genere,
1417 4265 1641 4324 charior
1683 4270 1801 4332 est,
1845 4262 1893 4320 si
1920 4268 2105 4318 tanto-

502 4378 623 4418 rum
671 4363 975 4434 principum
1022 4362 1255 4433 sanguis
1298 4361 1520 4433 impune
1563 4355 1769 4416 eﬂusus
1805 4363 1893 4412 est
1940 4368 2105 4426 super

502 4464 742 4519 terram;
777 4463 872 4509 aut
914 4462 1069 4510 tanta
1113 4453 1228 4509 Deo
1267 4451 1452 4510 devoti
1479 4447 1665 4523 populi
1694 4455 1910 4519 strages
1928 4454 2107 4502 matu-

497 4566 617 4608 ram
648 4554 753 4605 non
779 4549 1048 4606 invenerit
1068 4547 1352 4605 ultionem.
1379 4545 1606 4619 Videtur
1623 4555 1757 4614 ergo
1782 4540 1920 4599 mihi
1947 4537 2095 4611 quod

2204 3714 2527 3788 prudentius
2562 3731 2626 3774 se
2668 3717 2978 3787 habebunt;
3024 3727 3082 3776 et
3121 3718 3192 3776 de
3218 3734 3317 3777 sua
3344 3719 3553 3778 virtute
3594 3735 3770 3792 pratu-

2205 3812 2452 3874 mentes,
2496 3819 2597 3879 per
2623 3821 2725 3865 nos
2748 3807 2821 3865 ad
2840 3809 3035 3866 urbem
3070 3809 3289 3876 redire,
3332 3808 3576 3879 praedam
3601 3818 3658 3866 et
3678 3824 3774 3864 nta-

2206 3897 2408 3954 nubias
2432 3895 2637 3955 inferre
2658 3913 2769 3957 non
2795 3901 3153 3958 verebuntur.
3180 3900 3291 3960 Nos
3317 3918 3476 3974 ergo,
3509 3902 3557 3959 si
3589 3911 3770 3965 tamen,

2206 3986 2286 4043 ita
2312 3987 2472 4046 vobis
2496 3987 2735 4058 videtur,
2775 3990 2871 4048 hic
2892 3992 3065 4050 simus
3090 3993 3300 4064 parati;
3343 4002 3404 4051 et
3434 3992 3639 4064 justam
3666 4005 3774 4047 cau-

2206 4093 2329 4137 sam
2351 4079 2620 4151 foventes,
2649 4083 2721 4140 de
2739 4083 3035 4142 obtinenda
3061 4086 3290 4144 victoria
3313 4126 3328 4153 ,
3355 4086 3414 4143 in
3442 4100 3519 4143 eo
3543 4084 3630 4142 cui
3657 4082 3773 4140 nili-

2206 4179 2327 4229 tare
2352 4188 2453 4231 nos
2478 4174 2783 4244 credimus,
2810 4190 2964 4246 sporn
2994 4184 3205 4233 certam
3231 4177 3536 4235 habeamus
3563 4194 3579 4232 :
3617 4180 3672 4231 et
3694 4174 3771 4228 ho-

2206 4273 2344 4333 stes,
2374 4266 2420 4323 si
2449 4280 2549 4338 per
2572 4281 2673 4324 nos
2701 4265 2884 4326 redire
2909 4268 3213 4337 voluerint,
3257 4269 3313 4325 in
3342 4284 3442 4326 ore
3480 4266 3638 4341 gladii
3656 4307 3671 4331 ,
3693 4264 3772 4318 bo-

2207 4358 2373 4416 stium
2401 4374 2555 4417 more
2575 4361 2969 4432 suscipiamus,
2998 4361 3211 4433 iniuria
3233 4376 3509 4421 memores
3532 4359 3701 4427 illata,
3727 4361 3771 4409 et

2212 4468 2246 4510 a
2265 4453 2511 4526 paternis
2530 4455 2829 4514 virtutibus
2848 4470 2962 4513 non
2993 4455 3313 4529 degeneres.

510 4650 3769 4696 Μ

1325 4700 2350 4871 Generum:
2406 4748 2963 4869 mare

1710 4941 2585 5123 DIP_I_.2_M_.§_TA.
2746 4960 2752 4968 ·
2862 4940 2869 4949 '

501 5225 834 5295 Prwceplum
858 5223 1137 5295 Godefridi
1162 5222 1313 5295 ducis
1334 5240 1430 5295 pro
1456 5222 1588 5279 cella
1613 5222 1974 5295 Satanacensi
1978 5221 2094 5292 (το)

578 5246 686 5288 me
724 5246 834 5283 tum
858 5246 1003 5282 boue
1033 5246 1137 5281 ﬂat
1162 5246 1313 5278 aucta
1334 5246 1430 5295 pro
1456 5246 1588 5279 cetus
1613 5246 1961 5280 omanacenst
1978 5246 2094 5292 μυ)

578 5246 958 5355 ..ἐπιθήσω
1103 5294 1384 5363 Bagoberti
1434 5296 1719 5365 martyris,
1766 5294 1907 5364 apud
1937 5292 2124 5365 Satn--

573 5370 943 5429 mumsitam
969 5376 1023 5421 et
1042 5366 1107 5420 ab
1136 5364 1365 5435 Amulio
1392 5363 1589 5421 comite
1606 5374 1936 5435 occupatam,
1958 5363 2099 5420 Gor-

569 5440 838 5500 sisasibus
857 5437 1130 5493 monachis
1155 5436 1406 5491 restituit.

1109 5529 1290 5602 (Anno
1316 5530 1497 5604 1093).

816 5617 1117 5691 [Μλιιτκαη
1152 5617 1375 5684 Αηεοά..
1406 5629 1445 5676 t.
1472 5618 1523 5686 ι,
1559 5634 1614 5689 p.
1644 5614 1792 5690 162].

477 5706 486 5714 ’
576 5711 639 5772 ιιι
660 5708 887 5769 nomine
910 5718 1118 5768 sancta:
1147 5716 1206 5767 et
1232 5709 1523 5769 individua:
1551 5707 1863 5780 Trinitatis,
1886 5705 2098 5781 .Patris,

601 5822 700 5895 70)
737 5820 945 5879 Stenai.

2127 5149 2177 5210 D
2203 5157 2258 5203 et
2285 5146 2429 5212 Filii,
2463 5154 2519 5203 et
2550 5144 2786 5219 Spiritus
2809 5145 3007 5204 sancti.
3041 5143 3419 5214 Gousrnmus,
3462 5144 3637 5204 divina
3664 5155 3769 5214 pro.

2204 5241 2438 5313 pitiante
2477 5241 2673 5312 gratia,
2702 5239 2808 5294 dux
2840 5248 2895 5295 et
2921 5238 3187 5296 marchio.

2275 5333 2491 5389 Justum
2520 5343 2577 5390 et
2624 5332 2756 5388 utile
2800 5330 2963 5387 nobis
3002 5344 3124 5386 esse
3167 5325 3312 5386 scire
3360 5335 3416 5384 et
3452 5324 3769 5383 considerare

2207 5425 2515 5483 debemus:
2561 5434 2657 5492 ut,
2710 5423 2966 5496 quoniam
3009 5418 3289 5479 saecularis
3336 5420 3545 5476 militia:
3595 5411 3771 5488 negotii

2207 5517 2456 5589 occupati
2483 5516 2680 5573 divinis
2725 5514 3037 5581 intendere,
3089 5518 3251 5586 prout
3296 5510 3547 5591 expedit},
3592 5517 3768 5593 nequa-

2210 5623 2374 5680 quam
2411 5606 2684 5675 valemus,
2734 5608 2921 5666 saltem
2970 5608 3082 5663 Deo
3123 5614 3178 5662 et
3227 5596 3434 5661 .sanctis
3466 5596 3767 5675 peculiarium

2210 5707 2265 5761 in
2296 5694 2642 5762 monasteriis
2679 5704 2792 5761 Deo
2819 5692 3183 5777 Servientibus
3214 5700 3499 5758 consilium
3547 5702 3762 5753 nostrum
3804 5776 3805 5781 η
