3838 6306
514 351 623 411 455

1363 348 1460 406 AD
1499 347 1954 417 GQDEFBIDUM
1994 346 2439 411 APPENDICES.
2480 380 2550 389 -
2577 347 2871 413 APPEND.
2895 346 2939 409 I.
3654 349 3734 411 138

510 464 771 523 comitatu
820 458 1174 539 Namurcensl
1236 460 1436 516 dicitur
1480 460 1777 517 Godefrido
1833 461 2095 517 Bullionis
2126 464 2175 522 D
2271 461 2326 515 8.
2364 462 2498 517 Acta
2524 460 2643 530 ejus
2667 460 2930 515 habemus
2960 455 3190 527 triplicia
3219 475 3231 512 :
3258 456 3451 512 horum
3476 460 3735 531 antiquiora

510 555 667 622 duci,
714 561 770 609 et
798 551 1056 607 Balduino
1112 551 1254 619 regi,
1304 560 1358 606 et
1398 550 1691 606 Eustachio
1716 552 1900 606 comiti
1929 551 2097 609 fuisse

511 660 778 709 sororem,
802 643 958 713 cujus
982 642 1123 698 lilius
1147 641 1419 697 Manasses
1444 644 1675 708 exstitit,
1705 644 1989 713 possidens
2012 660 2101 699 ca-

507 747 681 794 strum
709 744 764 792 et
793 736 1047 807 oppidum
1080 735 1372 805 quoddam,
1404 733 1646 805 Hirgiam
1673 736 1910 801 nomine,
1937 735 2096 792 villas

507 843 565 890 et
591 833 797 888 reditus
821 833 954 888 satis
987 840 1175 886 tenues
1199 872 1213 897 ,
1244 839 1506 900 quantum
1535 830 1600 884 ad
1638 840 1799 886 tantae
1825 830 2097 891 claritatis

507 925 706 980 virum.
733 923 872 978 Num
903 923 993 977 uni
1039 922 1212 978 sorori
1249 923 1363 976 haec
1390 921 1571 976 omnia
1603 937 1669 976 an
1701 923 1945 993 pluribus
1994 925 2095 980 tri-

510 1014 722 1071 buenda
753 1013 891 1082 sint,
945 1028 1049 1068 non
1106 1026 1261 1085 aeque
1301 1011 1490 1081 liquet.
1544 1012 1760 1081 Mirmus
1808 1014 1943 1077 duas
1991 1014 2095 1070 illis

433 1088 443 1103 ’
508 1108 677 1165 fuisse
706 1122 923 1165 sorores
968 1105 1285 1169 arbitratur.
1334 1105 1489 1163 Dicta
1520 1104 1737 1177 Ilirgia,
1770 1105 1892 1161 aliis
1921 1105 2096 1163 Herca

509 1207 597 1255 est
622 1197 879 1271 oppidum
907 1195 1023 1267 agri
1056 1194 1379 1256 Leodiensis
1411 1195 1651 1251 vicinum
1686 1196 2013 1266 Brahantiaa,
2041 1199 2093 1253 in

508 1289 734 1359 antiqua
763 1288 1035 1345 llasbania
1060 1288 1248 1355 situm,

578 1378 635 1433 6.
675 1378 809 1439 Cum
855 1379 1178 1439 Guilielmus
1228 1381 1336 1439 dux
1384 1377 1817 1447 Norlhmannize,
1870 1399 2093 1460 regnum

506 1468 715 1539 Angliae
737 1480 1090 1547 accepturus,
1124 1470 1179 1525 in
1199 1485 1319 1525 eam
1362 1469 1594 1529 insulam
1623 1487 1767 1536 anno
1801 1472 1937 1528 1066
1972 1490 2092 1536 cum

506 1562 730 1631 cupioso
750 1561 993 1625 exercitu
1039 1562 1389 1634 navigasset,
1418 1576 1641 1619 coaetus
1664 1563 1765 1618 fuit
1790 1579 1911 1620 cum
1938 1580 2096 1633 exer-

505 1651 619 1714 citu
653 1652 953 1724 Anglicano
988 1651 1296 1723 conﬂigere.
1340 1652 1485 1709 Inter
1523 1668 1617 1709 eos
1642 1654 1733 1723 qui
1760 1655 1884 1711 huic
1909 1656 2094 1726 praelio

506 1740 899 1809 interfuerunt,
940 1750 995 1797 et
1021 1728 1302 1799 victOriam
1338 1742 1622 1798 Guillelmo
1645 1754 1970 1813 pepererunt
2024 1745 2093 1801 ab

510 1833 776 1889 Orderico
810 1831 983 1888 Vitale
1046 1831 1140 1887 lib.
1186 1849 1247 1888 ιιι
1284 1833 1492 1904 primus
1538 1812 1853 1888 nominatur
1900 1834 2095 1889 Eusta-
2127 1812 2170 1866 Β

510 1925 666 1980 chius
715 1925 953 1985 Bolonite
1000 1939 1201 1985 comes.
1237 1928 1307 1981 At
1356 1936 1540 1997 postea
1560 1968 1576 1993 ,
1608 1935 1665 1982 ut
1695 1927 1989 1984 0rdericus
2019 1929 2096 1985 ait

511 2015 607 2077 lib.
638 2032 693 2072 tv
714 2017 780 2077 ad
824 2033 1025 2072 annum
1058 2017 1225 2086 1067,
1271 2035 1291 2074 t
1327 2017 1661 2074 multimodis
1694 2017 2097 2075 Northmannoe

513 2120 634 2162 rum
661 2107 1107 2176 oppressionibus
1127 2107 1281 2178 Angli
1312 2108 1379 2162 ad
1412 2108 1761 2165 rebellionem
1798 2108 2094 2177 lacessitis,

507 2195 789 2259 Boloniam
820 2197 1026 2269 legatos
1055 2197 1353 2265 miserunt,
1378 2207 1434 2254 et
1469 2199 1766 2256 Eustachio
1789 2201 2011 2270 comiti,
2037 2210 2095 2255 ut

506 2302 630 2345 cum
654 2288 1143 2361 classe,diligenter
1166 2289 1429 2347 militibus
1456 2299 1513 2349 et
1539 2293 1705 2347 armis
1726 2292 2010 2358 instructa,
2029 2292 2094 2347 ad

508 2380 910 2450 suscipiendam
966 2382 1231 2437 Doveram
1286 2382 1643 2453 acceleraret,
1675 2384 2093 2440 mandaverunt.

506 2469 623 2545 Qua
666 2471 1011 2541 expeditione
1053 2488 1159 2528 non
1211 2474 1569 2540 succedente,
1618 2490 1725 2531 non
1773 2475 1943 2529 multo
1978 2485 2098 2547 post

507 2562 833 2619 Eustachius
881 2579 1065 2619 comes
1112 2564 1395 2632 Willeltno
1416 2567 1528 2638 regi
1578 2569 1961 2624 reconciliatus
1989 2578 2093 2635 est,

506 2655 730 2726 ejusque
758 2656 995 2712 amicitia
1031 2657 1191 2729 longo
1237 2667 1481 2730 tempore
1510 2660 1851 2731 postmodum
1880 2660 2097 2731 perfun-

505 2758 645 2804 ctus.
670 2749 917 2818 Quandiu
944 2760 1130 2820 postea
1155 2752 1352 2809 vixerit
1374 2768 1480 2807 non
1511 2762 1744 2808 constat.
1764 2754 1839 2811 De
1866 2753 2111 2809 ecclesia

502 2838 786 2896 Lensiensi
826 2851 1167 2909 restaurata,
1206 2852 1263 2898 et
1310 2842 1608 2916 privilegiis
1669 2844 1907 2900 stabilita
1954 2861 2098 2902 anno

507 2933 649 2989 1070
692 2932 833 2989 infra
863 2950 1110 3013 agemus.
1145 2936 1337 3003 Exstat
1367 2938 1555 2991 charta
1587 2937 1832 2992 Balduiui
1876 2938 2096 3021 comitis

510 3025 795 3083 Gisnensis
841 3028 896 3099 in
954 3028 1226 3085 Chronico
1274 3030 1578 3097 Andrensis
1638 3032 1953 3106 monasterii
2000 3049 2097 3104 pro

2199 555 2387 609 damus
2410 568 2475 607 ex
2508 562 2820 621 pervestuto
2869 550 3056 605 codice
3096 566 3197 606 ms.
3246 549 3458 620 collegii
3492 550 3737 623 Brugensis
3780 553 3795 609 ξ

2201 644 2492 700 Societatis
2517 644 2667 709 Jesu,
2697 643 2997 711 composita
3040 641 3322 713 (quantum
3355 643 3563 711 assequi
3589 659 3738 714 possu-
3780 670 3787 681 ι

2201 739 2341 807 mus)
2371 752 2401 791 a
2430 736 2696 791 monacho
2741 733 3045 790 Wastensis
3077 733 3424 799 monasterii,
3471 736 3539 789 ab
3562 736 3658 807 ipsa
3697 744 3737 798 in

2200 842 2327 897 agro
2350 826 2655 882 Bolonicnsi
2678 829 2903 887 fundato
2925 870 2941 895 ,
2968 826 3020 880 in
3049 840 3157 894 quo
3186 838 3241 884 et
3268 827 3480 898 sepulta
3518 840 3612 884 εει.
3634 831 3740 887 Cor.

2197 937 2297 991 pus
2326 931 2445 991 post
2476 921 2674 977 multos
2707 921 2820 975 dies
2851 922 3121 993 integrum
3166 937 3290 977 cum
3327 921 3567 976 vestibus
3596 939 3739 993 reper-

2200 1021 2312 1070 tum
2342 1027 2495 1079 esse,
2529 1012 2643 1083 ipse
2665 1024 2854 1067 auctor
2891 1012 3173 1069 occulatus
3217 1022 3468 1069 testatur.
3498 1011 3741 1071 Adduutnr

2197 1102 2393 1158 deinde
2436 1103 2616 1173 aliqua
2662 1103 2953 1168 miracula,
2980 1102 3209 1158 aliorum
3252 1102 3576 1159 testimoniis
3612 1106 3740 1159 robo-

2198 1204 2311 1249 rata
2343 1212 2357 1249 :
2390 1195 2531 1250 inter
2576 1212 2697 1265 qua:
2742 1205 2824 1250 est
2858 1193 2972 1251 fere
3004 1195 3283 1261 ultimum,
3307 1197 3600 1266 praestitum
3628 1201 3740 1268 nepti

2198 1285 2368 1358 ipsius
2414 1285 2477 1353 Β.
2510 1284 2616 1341 Idae
2639 1300 2705 1339 ex
2756 1285 2866 1341 tilio
2907 1285 3239 1361 Eustachio,
3290 1301 3399 1355 quo
3444 1285 3611 1343 adhuc
3645 1290 3741 1345 viro

2197 1377 2403 1447 scripta
2435 1376 2687 1431 videntur
2704 1376 2848 1433 dicta
2878 1376 3035 1445 Acta,
3064 1386 3182 1446 post
3201 1392 3292 1430 an.
3328 1376 3488 1443 1150,
3516 1392 3616 1447 quo
3634 1396 3743 1435 mor-

2198 1478 2323 1524 tuus
2365 1478 2447 1524 est
2486 1468 2550 1524 Β.
2600 1469 2836 1531 Joannes
2862 1470 3148 1539 episcopus
3180 1468 3571 1537 Tarvanensis,
3613 1489 3740 1541 quem

2199 1559 2352 1614 titulo
2379 1558 2479 1633 pia:
2501 1560 2778 1614 memoriae
2795 1560 3030 1613 honorat
3056 1567 3267 1613 auctor.
3294 1560 3433 1613 Acta
3463 1560 3593 1625 haec,
3618 1576 3744 1631 prout

2195 1650 2468 1717 habentur
2514 1652 2568 1705 in
2624 1650 2769 1706 dicto
2814 1650 3165 1721 apographo,
3207 1650 3260 1704 in
3296 1650 3481 1705 varias
3523 1652 3743 1714 lectiones

2195 1750 2323 1796 sunt
2347 1741 2670 1807 distributa,
2712 1750 2767 1797 et
2815 1741 3033 1795 additur
3071 1742 3172 1795 sub
3223 1740 3385 1799 linem
3438 1742 3560 1797 trita
3594 1743 3745 1801 lectio-

2198 1849 2326 1889 num
2354 1832 2629 1889 conclusio
2657 1874 2671 1899 ,
2705 1832 2785 1887 Tu
2821 1844 3018 1901 autem,
3053 1832 3297 1900 Domine,
3328 1834 3571 1906 miserere
3589 1843 3743 1896 nostri.

2197 1923 2305 1979 Deo
2336 1928 2569 1995 gratias;
2602 1924 2791 1980 titulus
2819 1934 2998 1979 autem
3043 1922 3342 1994 prazﬁgitur
3366 1925 3458 1981 hic
3500 1942 3514 1981 :
3566 1926 3673 1982 Vita
3693 1930 3743 1986 Β.

2196 2014 2312 2069 Ida:
2338 2057 2353 2083 ,
2386 2017 2663 2071 comitissw
2689 2016 2925 2072 Bolonia:
2947 2059 2962 2083 ,
2996 2020 3169 2076 vidua?
3194 2063 3208 2087 ,
3236 2032 3290 2077 et
3322 2022 3375 2075 in
3404 2031 3648 2077 contextu
3670 2038 3745 2091 ape

2198 2108 2429 2178 pellatur
2449 2120 2656 2174 sancta,
2679 2110 3013 2164 sanctissima
3030 2151 3043 2175 ,
3074 2113 3246 2179 beata,
3274 2114 3574 2168 beatissima
3591 2155 3604 2177 ,
3630 2132 3748 2169 vene-

2198 2202 2465 2255 ratissima
2483 2243 2499 2273 ,
2525 2201 2835 2257 venerabilis
2854 2243 2868 2267 ,
2901 2211 2955 2258 et
2977 2204 3044 2258 ad
3084 2206 3491 2263 venerationem
3517 2207 3628 2278 ejus
3650 2216 3747 2278 post

2198 2300 2425 2347 mortem
2456 2292 2608 2346 multi
2630 2292 2884 2359 dicuntur
2906 2308 3214 2351 accurrere.

2267 2383 2320 2439 9.
2360 2383 2545 2451 Altera
2576 2384 2697 2443 Vita
2746 2385 2907 2440 datur
2963 2401 3028 2441 ex
3080 2387 3268 2443 codice
3318 2402 3421 2444 ms.
3467 2392 3747 2446 monasterii

2197 2475 2585 2544 canonicorum
2613 2475 2938 2545 regularium
2957 2475 3354 2533 Rubor-Vallis
3368 2495 3536 2550 prope
3559 2480 3749 2535 Bruxel-

2198 2566 2297 2628 las,
2325 2580 2390 2620 ex
2414 2569 2586 2636 prima
2613 2575 2767 2636 parte
2806 2565 3099 2637 Hagiologii
3147 2566 3604 2625 Brahantiuorum
3622 2612 3635 2633 .
3660 2571 3749 2625 cole

2198 2657 2336 2727 lecta
2382 2670 2437 2715 et
2481 2660 2791 2730 conscripta
2826 2676 2856 2714 a
2896 2657 3105 2723 Joanne
3148 2660 3474 2727 Gillemaus,
3519 2664 3609 2733 qui
3649 2677 3750 2717 ante

2198 2750 2458 2805 ducentos
2486 2766 2658 2806 annos
2708 2766 2902 2821 magna
2955 2751 3217 2806 industria
3270 2761 3325 2807 et
3380 2752 3562 2808 labore
3603 2754 3750 2823 plures

2198 2850 2509 2905 sanctorum
2538 2840 2691 2897 Vitas
2735 2840 2985 2913 collegit,
3039 2851 3092 2897 et
3146 2842 3271 2896 huic
3308 2842 3445 2898 Vita:
3473 2855 3598 2898 ante
3624 2860 3749 2898 suam

2199 2932 2569 3002 praefationem
2612 2935 2905 3004 praeposuit
2946 2934 3092 2991 hunc
3122 2935 3337 2991 titulum
3369 2955 3383 2991 :
3432 2936 3547 2992 Vita
3573 2938 3631 2994 S.
3658 2937 3751 2993 Ida

2198 3026 2369 3081 vidua:
2401 3036 2448 3081 et
2491 3026 2822 3095 Bolonieusis
2867 3030 3147 3086 comitissa:
3172 3071 3188 3095 ,
3219 3030 3282 3083 de
3309 3030 3470 3098 stirpe
3500 3029 3751 3085 Karolidas

505 3117 823 3177 fundatioue
877 3118 1007 3182 dicti
1062 3120 1418 3187 monasterii,
1453 3120 1621 3177 relata
1670 3124 1739 3179 ab
1770 3124 1985 3179 Andrea
2016 3126 2095 3184 Du
2127 3155 2169 3214 α
2202 3136 2341 3188 rum.
2367 3120 2732 3191 nonnullaque
2757 3120 2810 3175 in
2834 3120 3125 3177 Brabamia
3152 3133 3300 3195 gesta
3323 3123 3493 3191 addit.
3524 3124 3575 3177 in
3605 3124 3753 3193 priore

504 3208 752 3284 Chesne;
773 3210 825 3266 in
854 3210 1267 3285 probationibus
1283 3213 1350 3267 ad
1376 3212 1671 3289 Historiam
1695 3219 2095 3293 genealogicam
2136 3208 2169 3214 ν
2203 3210 2323 3267 Vita
2376 3212 2597 3267 omissa.
2642 3212 2799 3285 Aliud
2841 3214 3221 3282 compendium
3259 3215 3523 3289 habemus
3556 3230 3621 3270 ex
3667 3230 3750 3267 ms.

504 3300 667 3360 dicta:
694 3300 914 3376 familia;
942 3300 1230 3377 (iisnensis
1259 3318 1381 3374 pag.
1410 3304 1503 3373 23,
1538 3304 1591 3360 in
1620 3322 1726 3387 qua
1762 3308 1907 3375 inter
1934 3319 2099 3371 testes

502 3400 627 3465 post
670 3392 989 3467 Goill‘ridum
1028 3392 1459 3465 Parisiacensem
1512 3398 1825 3475 episcopum
1853 3442 1871 3469 ,
1920 3404 2096 3474 prima

506 3484 801 3557 adhibetur
823 3485 913 3540 Ida
942 3484 1281 3541 Bolonieusis
1310 3489 1607 3555 comitissa.
1635 3491 1801 3549 Facta
1826 3503 2007 3549 autem
2031 3511 2097 3551 ea

505 3576 695 3634 charta
724 3587 809 3632 est
864 3593 1007 3635 anno
1028 3577 1428 3636 lncarnatiouis
1452 3582 1665 3638 Domini
1690 3584 1849 3639 1084.
1879 3585 2095 3653 Quanto

506 3676 752 3737 tempore
779 3676 908 3723 tunc
929 3669 1089 3725 vidua
1115 3673 1312 3740 fuerat,
1340 3687 1444 3727 non
1466 3683 1701 3730 constat.
1738 3676 1947 3732 Vixisse
1976 3693 2097 3732 eam

505 3773 680 3829 usque
730 3760 799 3815 ad
851 3776 1051 3817 annum
1083 3763 1250 3833 1106,
1281 3780 1348 3819 ex
1391 3766 1704 3841 diplomatis
1746 3768 1914 3823 variis
1958 3766 2098 3843 inira

504 3850 849 3937 proferendis
872 3858 1218 3933 manifestum
1245 3858 1358 3925 lict.

685 4011 715 4083 ᾖ
744 4010 804 4066 II.
848 4012 1033 4087 Obit_us
1061 4014 1126 4068 Β.
1157 4014 1292 4070 Ιιιω.
1339 4016 1359 4070 I
1386 4018 1506 4070 aria
1542 4015 1671 4070 Acta
1702 4018 1920 4087 scripta.

702 4106 705 4109 ί
950 4083 1157 4141 Titulus
1186 4097 1383 4142 sancta:
1403 4097 1449 4142 et
1477 4088 1661 4143 beatae.

580 4219 633 4291 ἶ.
676 4216 942 4285 Mortuam
991 4233 1114 4275 esse
1156 4219 1217 4295 Β.
1269 4220 1413 4283 Idam
1468 4220 1556 4289 die
1592 4218 1873 4274 Dominica
1918 4219 2100 4293 Idibus

509 4306 712 4377 Aprilis
757 4307 891 4361 Acta
921 4309 1182 4370 referunt.
1210 4312 1343 4365 Eam
1389 4310 1457 4365 ad
1489 4325 1690 4364 annum
1740 4309 1878 4388 1106
1907 4325 2098 4385 super-

510 4399 681 4472 fuisse
729 4408 956 4475 testatur
1005 4402 1145 4477 inira
1194 4403 1516 4479 Lambertus
1544 4403 1829 4473 episcopus
1865 4406 2095 4475 Atreba-

2199 3302 2386 3357 codice
2415 3300 2772 3372 Ultrajectino
2821 3302 2881 3357 S.
2916 3302 3248 3371 Salvatoris,
3283 3320 3409 3360 cum
3450 3304 3549 3359 hoc
3578 3304 3751 3360 titulo:

2208 3392 2328 3448 Vita
2357 3404 2557 3448 sancta:
2584 3394 2699 3455 Ida:
2726 3395 3004 3465 comitissa:
3026 3395 3378 3461 Bolonieusis,
3399 3396 3601 3466 reliqua
3628 3396 3753 3451 omit-

2201 3487 2363 3543 timus
2386 3527 2402 3554 ,
2429 3496 2617 3557 utpote
2660 3503 2724 3542 ex
2776 3488 2950 3557 prima
2991 3488 3115 3542 Vita
3148 3497 3453 3543 contracta.
3482 3487 3678 3542 Passim
3711 3486 3752 3539 iu

2200 3592 2430 3651 utraque
2460 3580 2560 3635 hac
2584 3580 2702 3635 Vita
2722 3621 2736 3645 ,
2764 3592 2819 3635 ut
2852 3581 2903 3634 iu
2932 3581 3087 3636 titulo
3117 3581 3196 3637 sic
3222 3582 3387 3635 ctiam
3420 3582 3472 3635 iu
3506 3582 3621 3652 ipso
3646 3596 3753 3636 cuu-

2202 3681 2349 3726 textu
2372 3671 2634 3737 historiae,
2664 3681 2850 3727 sancta
2870 3680 2923 3726 et
2944 3672 3106 3727 beata
3126 3671 3213 3726 Ida
3238 3672 3560 3741 appellatur.
3586 3670 3754 3725 Eodem

2200 3762 2360 3816 modo
2391 3760 2740 3817 Gerbraudus
2762 3761 3059 3834 Leydensis
3086 3770 3141 3817 et
3166 3772 3360 3817 auctor
3386 3760 3637 3817 Chronici
3662 3758 3737 3813 Bel

2200 3850 2307 3919 gici
2336 3859 2581 3904 sanctam
2624 3850 2768 3905 Idam
2798 3851 3153 3920 compellant.
3180 3853 3386 3906 Auctor
3425 3866 3525 3905 ms.
3560 3848 3757 3906 Floran‘i

2201 3950 2514 3994 sanctormn
2543 3939 2634 3994 tali
2660 3955 2778 3995 eam
2806 3940 2983 4011 elogio
3006 3951 3237 3997 exornat
3265 3943 3331 3995 ad
3360 3944 3505 3998 hunc
3532 3943 3601 3997 13
3620 3940 3755 4009 Apri-

2200 4031 2269 4085 lis
2302 4048 2314 4085 :
2348 4051 2366 4083 ς
2400 4032 2674 4103 Depositio
2703 4033 2761 4089 S.
2794 4033 2898 4089 Idae
2924 4034 3127 4100 viduae,
3178 4036 3473 4091 comitisste
3512 4034 3756 4095 Bolouia,

2201 4126 2392 4193 matris
2414 4125 2688 4195 Godefridi
2721 4136 2775 4182 et
2806 4127 3052 4183 Balduini
3085 4127 3316 4184 fratrum
3360 4126 3757 4193 Coloniensium,

2201 4225 2387 4297 postea
2416 4232 2600 4287 regum
2652 4218 3192 4290 Ilierosolymitarum
3218 4258 3233 4282 ,
3268 4218 3335 4272 de
3375 4218 3544 4287 stirpe
3572 4214 3756 4271 Caroli-

2202 4311 2413 4384 darum.
2452 4330 2471 4362 ι
2506 4311 2760 4365 Eamdem
2807 4312 3086 4377 celebrant
3140 4310 3385 4363 Molanus
3431 4310 3481 4363 iu
3511 4308 3760 4363 Natalibus

2202 4410 2515 4465 sanctarum
2547 4400 2738 4470 Belgii,
2770 4398 2985 4455 Mimans
3014 4400 3065 4454 in
3097 4398 3276 4454 Fastis
3313 4397 3545 4470 Belgicis
3568 4408 3621 4454 et
3648 4398 3757 4450 Bur-

507 4490 679 4561 tensis
708 4489 762 4543 in
802 4490 1095 4573 diplomate
1122 4508 1220 4571 pro
1248 4493 1529 4558 Lensiensi
1566 4495 1804 4559 Ecclesia
1846 4505 1899 4551 et
1932 4496 2094 4551 colle-
2130 4500 2173 4554 D
2198 4490 2464 4560 gundicis,
2505 4489 2786 4545 Ferrarius
2830 4490 2881 4544 in
2912 4489 3169 4561 Catalogo
3200 4490 3465 4563 generali,
3502 4498 3557 4544 et
3584 4488 3760 4559 passim

508 4582 598 4657 gio
627 4583 1017 4659 canonicorum
1039 4626 1055 4652 ,
1088 4586 1196 4661 isto
1224 4602 1365 4641 anno
1396 4602 1472 4657 νιι
1518 4586 1642 4641 ldus
1681 4586 1824 4663 Junii
1866 4589 2099 4657 signato.

508 4670 641 4741 Post
667 4688 871 4739 annum
913 4674 1030 4747 jam
1078 4675 1281 4738 dictum
1335 4677 1451 4732 dies
1500 4677 1780 4747 Dominica
1825 4678 2014 4732 incidit
2047 4679 2100 4733 in

506 4761 633 4818 Idus
680 4764 881 4833 Aprilis
911 4780 1002 4843 an.
1036 4766 1196 4839 1115,
1226 4766 1380 4838 cyclo
1411 4768 1549 4823 lunae
1588 4785 1665 4848 xit
1686 4811 1700 4834 ,
1729 4770 1859 4825 solis
1896 4785 1933 4838 ιι
1962 4810 1976 4835 ,
2008 4769 2101 4823 lit-

511 4864 627 4931 tera
665 4854 945 4915 Dominica
994 4857 1040 4935 Β
1064 4898 1079 4923 ,
1105 4860 1323 4927 quando
1367 4860 1573 4916 Pascha
1622 4861 1953 4917 celebratum
2003 4861 2105 4917 fuit

509 4947 599 5000 die
628 4946 665 5018 6,
687 4946 892 5017 Aprilis
913 4988 927 5013 ,
956 4959 1011 5004 et
1041 4964 1275 5019 sequens
1322 4951 1601 5019 Dominica
1645 4954 1697 5008 in
1729 4953 1881 5008 Albis
1908 4953 2101 5008 incidit

509 5038 567 5092 In
593 5036 717 5091 Idus
742 5038 963 5107 Aprilis.
995 5039 1148 5117 Tunc
1192 5051 1371 5113 autem
1402 5044 1464 5097 Β.
1497 5044 1586 5099 Ida
1616 5054 1736 5100 erat
1769 5044 1975 5115 aliquot
1999 5059 2100 5097 aut

516 5129 603 5183 uis
631 5131 1046 5209 septuagenaria
1077 5132 1247 5202 major
1284 5152 1296 5187 :
1329 5142 1387 5188 ut
1419 5152 1523 5189 non
1554 5136 1805 5193 videatur
1831 5138 1897 5191 ad
1923 5136 2098 5204 majus

514 5221 751 5286 senium,
783 5222 938 5299 cujus
981 5234 1103 5302 acta
1150 5242 1259 5305 non.
1309 5229 1712 5307 meminerunt,
1768 5229 1933 5301 vitam
1966 5245 2091 5282 oro-

515 5322 596 5370 ιιει
604 5324 770 5367 X1583.

2204 4583 2560 4637 recentiores.
2599 4582 2941 4637 Malhrancus
2972 4583 3023 4636 in
3068 4582 3304 4639 Ilistoria
3337 4599 3435 4638 sua
3468 4583 3534 4637 de
3562 4580 3761 4634 Morinis

2203 4676 2403 4746 passim
2432 4675 2643 4731 beatam
2673 4676 2924 4747 appellat,
2945 4685 3000 4732 et
3020 4677 3113 4734 lib.
3145 4694 3222 4743 Ix,
3243 4693 3364 4747 cap.
3396 4677 3489 4741 55,
3510 4675 3693 4731 asserit
3716 4686 3762 4725 se

2203 4768 2257 4825 in
2292 4768 2408 4827 loco
2444 4768 2732 4839 sepulturae
2759 4769 2876 4839 ejus
2915 4768 3114 4833 fuisse,
3150 4786 3168 4819 ι
3207 4770 3409 4824 vidisse
3436 4768 3643 4836 signum
3668 4763 3762 4831 ejus

2203 4876 2234 4916 e
2266 4861 2494 4933 candido
2521 4860 2700 4929 lapide
2720 4901 2734 4925 ,
2758 4862 2995 4929 quinque
3025 4860 3188 4930 pedes
3224 4859 3392 4913 altum
3420 4900 3435 4923 ,
3471 4859 3522 4913 iu
3553 4856 3655 4911 divi
3686 4853 3764 4906 Mi-

2204 4953 2407 5010 chaelis
2435 4954 2575 5017 aede;
2609 4962 2664 5007 ct
2690 4953 2827 5007 velle
2858 4952 3094 5018 incolas,
3128 4952 3254 5006 illuc
3287 4951 3551 5006 tumulum
3584 4943 3767 5015 magni-

2208 5045 2369 5099 Iicum
2420 5045 2487 5099 ab
2536 5044 2829 5100 Eustachio
2883 5044 2992 5098 lilio
3036 5060 3157 5099 eam
3206 5054 3592 5107 consecutam,
3626 5047 3765 5105 atque

2205 5136 2501 5190 etiamnum
2533 5144 2809 5190 ostentare
2855 5150 3094 5189 marmor
3123 5150 3420 5203 supernum
3469 5146 3590 5187 cum
3635 5127 3765 5195 signo

2211 5225 2300 5279 illo
2320 5242 2414 5279 seu
2454 5234 2663 5293 statua;
2693 5240 2811 5296 qua:
2841 5224 2910 5280 ab
2939 5224 3152 5281 excidio
3174 5224 3321 5296 illius
3364 5220 3547 5295 templi
3589 5214 3764 5275 inculta

2197 5314 2413 5385 jacent.
2460 5333 2483 5386 ι
