3808 6306
59 524 3247 572 ww:

1370 361 1529 421 VITA
1572 359 1824 418 REATE
1865 357 2022 416 IDE.

3205 357 3322 416 tas
3401 430 3403 432 η

1045 690 1557 810 ΒΕΑΤᾹΞ
1621 691 1906 806 IDZE
1963 687 2318 808 VITA

945 911 1278 971 suemus
1339 909 1672 971 MONACHO
1721 907 2089 965 WAS'I‘ENSI
2140 895 2419 968 cos-ivo.

1152 1110 1261 1186 (Ex
1285 1129 1385 1168 ms.
1415 1111 1676 1184 Βηθανισὶ
1705 1109 1898 1169 Societ.
1922 1112 2100 1183 Iesu.)

667 1413 1056 1475 PROLOGUS.

103 1512 157 1566 l.
194 1509 412 1567 Saecula
432 1511 796 1567 attestatione
834 1511 1242 1583 Scripturarum
1279 1518 1638 1576 senescente,

50 1609 97 1655 et
111 1601 217 1668 jam
237 1615 376 1670 pene
399 1600 474 1655 ad
501 1599 698 1666 finem,
723 1609 782 1656 ut
810 1617 968 1657 casus
993 1600 1110 1673 ejus
1136 1600 1361 1667 iudicat,
1385 1601 1640 1666 cadente,

50 1689 382 1757 prxsentium
414 1690 558 1760 quia
587 1691 904 1746 destituitur
934 1691 1143 1747 meritis
1169 1730 1186 1757 ,
1215 1692 1643 1748 succurrendum

54 1790 125 1836 est
159 1781 596 1850 praeteritorum.
642 1782 807 1838 Primi
841 1783 988 1840 enim
1040 1783 1275 1840 hominis
1321 1792 1642 1854 peccatum,

55 1871 232 1927 saon
259 1873 592 1944 incipiente,
625 1890 750 1932 cum
779 1875 1049 1946 promissa
1075 1882 1250 1932 morte
1281 1875 1555 1946 apparuit,
1580 1890 1646 1933 ac

58 1959 233 2020 deinde
260 1963 399 2021 illud
429 1982 548 2023 non
585 1966 706 2024 sine
732 1977 957 2038 peccato
986 1983 1134 2024 mors
1159 1968 1262 2024 sub
1289 1967 1428 2037 pede
1449 1967 1642 2023 tenuit.

59 2055 390 2128 Multiplieato
412 2060 648 2130 quidem
685 2069 948 2133 peccato,
979 2061 1116 2117 vidit
1149 2060 1410 2117 Dominus
1443 2067 1644 2116 terram

63 2162 166 2202 esse
191 2159 550 2220 corruptam,
586 2161 646 2206 et
679 2151 945 2222 repletam
996 2150 1313 2223 iniquitate,
1347 2163 1647 2221 omnesque

65 2237 120 2290 ad
147 2237 338 2294 malum
363 2239 632 2308 tendere;
683 2249 741 2298 et
763 2240 1029 2310 judicium
1073 2253 1172 2312 per
1219 2255 1416 2312 aquam
1446 2239 1647 2298 saeculo

66 2327 275 2396 primum
323 2329 514 2386 intulit
561 2343 580 2387 :
619 2341 1000 2388 verumtamen
1045 2333 1152 2388 non
1189 2331 1516 2400 multorum,
1551 2329 1659 2402 qui

71 2428 181 2474 tunc
204 2418 420 2476 fuerant
441 2463 459 2488 ,
483 2421 765 2494 justorum
797 2423 1051 2480 meritum
1071 2463 1088 2489 ,
1119 2438 1188 2480 ne
1222 2438 1386 2480 omne
1412 2424 1646 2495 periret,

71 2509 250 2576 profuit
272 2512 500 2569 seculo.
536 2515 860 2585 Deprecatio
899 2524 1082 2572 autem
1117 2513 1351 2571 Abrahae
1387 2530 1494 2572 non
1525 2529 1648 2588 pm-

80 2601 314 2658 uitentem
343 2603 650 2662 Sodomam
685 2607 920 2664 incendii
955 2606 1179 2662 minime
1208 2605 1461 2662 liberavit
1490 2623 1522 2662 a
1552 2621 1649 2677 pe-

75 2691 240 2749 viculo.
268 2693 488 2762 Quare?
517 2698 650 2768 quia
696 2713 802 2754 non
829 2698 990 2753 ﬁdem
1023 2697 1258 2755 Abraha
1285 2697 1525 2764 imitari,
1547 2713 1647 2754 nec

1673 1423 1717 1483 C
1748 1420 1859 1478 leat
1883 1420 2200 1478 sustentari.
2231 1418 2353 1476 iam
2375 1435 2504 1478 vero
2527 1421 2594 1478 ad
2616 1421 2764 1477 illam
2789 1412 3004 1492 incepta
3035 1421 3331 1478 descendat

1745 1513 2045 1585 propositio
2067 1551 2084 1578 ,
2112 1520 2169 1569 et
2199 1525 2449 1583 quamam
2489 1513 2598 1582 sit,
2621 1528 2750 1570 vero
2779 1512 3156 1570 manifestatur
3183 1513 3338 1570 testi;

1745 1604 1949 1660 mouio.
1973 1604 2087 1660 Vox
2135 1601 2302 1675 igitur
2329 1611 2386 1658 et
2414 1619 2608 1660 manus
2644 1603 2932 1661 scribentis
2959 1605 3286 1661 concordent
3310 1644 3326 1667 ,

1743 1695 1888 1766 quod
1916 1693 2104 1764 utique
2141 1707 2264 1749 esse
2310 1693 2555 1749 veritatis
2598 1694 2969 1765 hujuscemodi
3014 1694 3326 1759 notiﬁceut,

1744 1794 2011 1856 quatenus
2058 1783 2297 1856 legentes
2333 1790 2393 1840 et
2431 1783 2714 1842 audientes
2738 1784 2910 1842 Deum
2947 1783 3075 1842 inde
3099 1799 3206 1842 non
3231 1783 3330 1841 du-

1746 1877 1986 1934 bitantes
2005 1875 2336 1949 gloriﬁcent.

2263 2009 2496 2068 CAPUT
2531 2008 2823 2068 PRIMUM.

1817 2123 1884 2180 Β.
1909 2123 2026 2180 Ida:
2048 2121 2322 2195 prosapia,
2347 2121 2611 2195 educatio,
2641 2122 3060 2195 matrimonium,
3087 2123 3264 2192 liberi,

2275 2192 2439 2246 virtus
2466 2193 2520 2246 in
2542 2193 2810 2264 conjugio.

1816 2331 1872 2386 2.
1911 2329 2034 2386 Fuit
2062 2330 2245 2400 itaque
2265 2337 2387 2401 post
2402 2327 2556 2384 multi
2585 2327 2846 2398 temporis
2865 2326 3162 2396 curricula,
3186 2344 3335 2400 quae-

1747 2422 1872 2480 dam
1903 2421 2238 2478 nobilissima
2287 2430 2479 2479 exorta
2529 2421 2818 2493 prosapia,
2873 2420 3101 2493 insignis
3151 2421 3335 2480 adole-

1747 2516 2012 2581 scentula,
2039 2515 2258 2571 nomine
2274 2509 2400 2570 Ida.
2437 2514 2602 2570 Pater
2627 2511 2746 2584 ejus
2783 2527 2948 2585 supra
2977 2521 3228 2585 potentes
3255 2523 3342 2569 at-

1747 2621 1855 2680 que
1891 2605 2036 2664 fama
2077 2604 2356 2676 majores,
2405 2619 2590 2661 coram
2638 2603 2968 2673 imperatore
3009 2601 3338 2659 Alemannn-

1753 2715 1871 2756 rum
1891 2739 1906 2766 ,
1933 2699 2162 2770 gradum
2212 2697 2463 2754 altiorem
2506 2704 2562 2753 et
2597 2695 2756 2766 quasi
2786 2695 3126 2768 privilegium
3155 2695 3334 2770 digni-

81 2785 272 2842 tnonitis
297 2788 592 2845 voluerunt
620 2789 869 2846 credere.
912 2786 1043 2846 Post
1085 2787 1261 2860 legem
1286 2804 1450 2855 vero,
1485 2791 1642 2861 quasi
1672 2769 1724 2831 Ῑ)
1750 2793 1878 2848 tatis
1906 2769 2067 2862 atque
2097 2789 2381 2860 potestatis
2416 2786 2670 2844 obtinens
2705 2786 2809 2842 fuit
2829 2826 2848 2855 ,
2889 2785 3110 2844 nomine
3158 2786 3339 2844 Code-

81 2888 161 2941 per
181 2879 396 2936 nebulas
441 2882 710 2938 saeculum
740 2880 1022 2951 juvantem
1047 2919 1066 2946 ,
1091 2881 1268 2937 sancti
1295 2881 1487 2940 Patres
1519 2898 1646 2940 ven-

87 2971 238 3021 turam
258 2969 455 3025 saeculo
480 2973 860 3041 promiserunt
891 2971 1123 3028 salutem
1143 3011 1161 3036 ,
1197 2979 1362 3042 atque
1391 2973 1648 3044 frequen-

87 3063 228 3112 tatam
253 3061 364 3118 suis
388 3063 608 3120 meritis
640 3063 824 3119 saeculi
867 3065 1249 3124 sustinuerunt
1283 3067 1644 3122 incommodi-

93 3157 246 3206 tatem.
295 3153 577 3213 Accedens
617 3157 818 3228 quippe
861 3158 1154 3228 praedicata
1195 3160 1344 3217 salus
1367 3199 1385 3225 ,
1443 3159 1646 3215 saeculo

92 3237 256 3296 labenti
285 3247 658 3304 manifestavit
681 3287 696 3314 ,
727 3263 865 3318 quas
897 3249 1102 3320 patitur
1124 3250 1326 3307 diaboli
1354 3250 1535 3306 varias
1563 3251 1647 3306 in-

92 3329 354 3389 cursiones.
382 3335 492 3393 Sed
523 3337 709 3394 adhuc
752 3337 902 3394 velut
935 3339 1215 3395 declinans
1263 3347 1324 3395 et
1368 3339 1644 3410 pendens,

91 3415 250 3484 iuvant
273 3424 394 3480 illud
420 3439 738 3485 sanctorum
778 3429 972 3486 merita
1007 3437 1066 3487 et
1086 3430 1384 3487 orationes.
1413 3429 1647 3502 Semper

97 3505 233 3576 igitur
255 3516 440 3572 merita
489 3519 923 3590 praeteritorum,
966 3535 1106 3591 quos
1150 3519 1329 3577 valere
1356 3530 1642 3592 putamus,

97 3603 325 3666 postulata
349 3607 589 3666 ﬁdeliter
620 3611 822 3668 saeculo
865 3612 1082 3669 cadenti
1127 3628 1514 3683 supponamus.
1539 3614 1645 3670 Ce-

101 3687 322 3765 lebratis,
371 3699 640 3771 siquidem
681 3712 739 3760 et
784 3702 1052 3759 invocatis
1099 3703 1317 3759 meritis
1363 3704 1651 3775 utriusque

103 3795 234 3842 sexus
253 3785 357 3855 jam
392 3794 646 3851 translati
696 3795 764 3850 ad
791 3794 1040 3866 gloriam,
1075 3795 1414 3851 corroborati
1447 3796 1648 3853 obnixe

106 3882 240 3944 atque
257 3880 494 3952 viriliter,
519 3886 723 3943 steculo
745 3901 978 3956 nequam
1006 3885 1466 3953 contradicentes,
1495 3902 1651 3958 egre-

106 3963 254 4023 dimur
283 3973 508 4032 obviam.
539 3976 732 4033 Nullus
760 3992 996 4049 namque
1023 3977 1225 4048 gradus
1257 3978 1654 4048 praetermissus

1750 2889 1923 2946 fridus
1973 2889 2088 2960 (1).,
2115 2899 2292 2944 mater
2334 2899 2467 2942 vero
2516 2881 2674 2954 ejus,
2731 2899 2838 2938 non
2895 2882 3076 2939 minus
3118 2882 3336 2955 egregia

1751 2979 1898 3035 Doda
1930 2977 2008 3051 (2)
2039 2979 2370 3047 vocabatur;
2401 2995 2570 3035 unqu
2599 2975 2862 3032 habentes
2886 2971 3084 3038 ﬁlium,
3116 2973 3260 3028 sicut
3283 2980 3342 3027 et

1749 3077 1962 3140 patrem
1989 3067 2068 3140 (5)
2097 3077 2350 3126 vocatum
2374 3109 2392 3137 ,
2419 3066 2643 3125 militari
2685 3064 2875 3122 habitu
2906 3072 2966 3120 et
3001 3071 3122 3119 acta
3152 3062 3342 3120 lauda-

1746 3159 1912 3216 bilem
1939 3197 1956 3224 ,
1980 3159 2264 3216 nativitate
2293 3158 2713 3232 praevenientem
2759 3155 2909 3214 [dam
2948 3155 3338 3212 venerabilem.

1750 3249 1862 3307 illis
1889 3250 2145 3306 nimirum
2182 3250 2292 3308 alta
2324 3259 2382 3307 et
2407 3251 2633 3308 humilia
2656 3266 2758 3322 pro
2788 3251 3002 3308 ratione
3022 3247 3346 3320 gerentibus

1749 3341 2006 3414 praedicta
2031 3341 2211 3414 puella
2239 3341 2440 3398 litteris
2461 3342 2669 3398 imbuta
2695 3351 2803 3411 est,
2828 3355 3001 3412 usque
3025 3339 3094 3394 ad
3119 3344 3336 3394 aetatem
3427 3335 3438 3346 '

1749 3446 2049 3501 congruam
2079 3432 2134 3486 in
2169 3431 2330 3488 annis
2363 3431 2478 3490 suis
2509 3430 2829 3503 puerilibus.
2859 3429 3036 3486 Dilata
3065 3443 3196 3485 vero
3221 3439 3341 3481 mo-

1749 3525 1901 3581 ribus
1927 3523 2202 3590 honestis,
2242 3538 2350 3580 non
2402 3522 2530 3578 vitae
2577 3519 2863 3593 praesentis
2906 3517 3221 3574 intendebat
3261 3515 3342 3570 la-

1751 3617 1963 3684 sciviae,
1989 3616 2085 3672 sed
2117 3615 2299 3686 magis
2320 3630 2385 3670 ac
2415 3613 2591 3686 magis
2632 3613 2702 3670 ad
2748 3626 2992 3667 amorem
3022 3609 3338 3680 suspirabat

1751 3707 1997 3766 caelestis
2019 3705 2250 3778 patriae;
2289 3719 2386 3775 per
2417 3703 2562 3775 quod
2591 3701 2730 3758 satis
2754 3707 3094 3772 compertum
3121 3707 3342 3756 notum-

1751 3815 1858 3870 que
1876 3807 1985 3865 est,
2017 3807 2226 3870 quanta
2253 3795 2468 3868 qualive
2496 3793 2807 3866 replebatur
2833 3792 3033 3864 gratia.

1822 3892 1878 3946 3.
1916 3891 2160 3960 Quadam
2191 3905 2426 3960 namque
2454 3899 2612 3947 nocte
2639 3907 2764 3949 cum
2793 3903 2854 3947 se
2874 3885 3056 3958 sopori
3078 3884 3347 3948 dedisset,

1752 3983 1821 4040 de
1861 3983 2112 4055 supernis
2148 3983 2426 4053 cogitans,
2467 3983 2604 4040 vidit
2627 3999 2724 4056 per
2765 3980 3075 4046 somnium,
3103 3977 3248 4050 quod
3272 3981 3340 4032 de

105 4064 190 4121 est.
213 4060 390 4133 dequo
416 4083 520 4124 non
550 4068 626 4124 sit
655 4067 1021 4125 testimonium
1063 4068 1391 4125 sanctitatis.
1418 4067 1652 4136 Quibus-
1683 4076 1728 4136 Α
1755 4072 1896 4130 coelo
1920 4071 1999 4130 sol
2030 4072 2207 4128 omnis
2225 4073 2615 4140 descendisset,
2635 4085 2913 4144 unumque
2939 4079 3197 4140 tanquam
3224 4084 3343 4121 mu-

112 4147 210 4203 dam
257 4167 286 4208 a
333 4157 534 4215 diluvio
586 4159 640 4215 in
691 4175 820 4216 area
878 4159 1134 4226 salvatis,
1179 4159 1501 4230 quihusdam
1556 4174 1654 4229 per

111 4241 534 4310 circumcisionem
580 4254 938 4310 sanctiﬁcatis
964 4295 979 4320 ,
1003 4253 1328 4325 quibusdam
1350 4266 1448 4323 per
1478 4252 1652 4324 legem

114 4329 403 4408 iustiﬁcatis;
435 4345 760 4417 quibusdam
802 4360 898 4416 per
924 4345 1249 4416 baptismum
1297 4345 1461 4416 digne
1495 4358 1654 4400 reua-

117 4419 525 4491 “Meoncessum
567 4446 654 4492 est
697 4444 758 4492 ut
802 4437 1003 4493 saeculo
1041 4435 1404 4509 [prodessent]
1445 4436 1654 4493 meritis

121 4525 208 4570 ειη
227 4533 371 4588 quam
391 4527 693 4584 habuerunt
713 4543 925 4599 semper
951 4528 1326 4600 benignitatis,
1355 4527 1508 4583 verbi
1533 4543 1653 4598 gra-

123 4601 218 4658 tia:
257 4610 298 4666 si
336 4613 502 4674 beatae
544 4617 649 4674 illa:
695 4633 816 4688 qua:
857 4635 965 4676 non
1009 4629 1312 4690 genuerunt
1345 4619 1654 4676 testimonio

128 4697 325 4790 veritatis
349 4706 633 4777 dicuntur;
666 4719 871 4766 matres
915 4709 1158 4780 profecto
1187 4711 1653 4781 supradictorum,

129 4784 307 4882 “P79
342 4797 486 4868 Vitze,
515 4799 630 4857 suis
677 4808 733 4855 et
781 4799 1013 4856 ﬁliorum
1058 4800 1295 4866 meritis,
1320 4800 1652 4857 scribuntur.

130 4868 184 4970 lit
197 4874 235 4930 si
256 4880 509 4953 virginitas
536 4889 675 4945 bona
706 4888 1052 4960 praedicatur,
1091 4890 1314 4946 castitas
1343 4899 1462 4962 post
1492 4890 1655 4958 ﬁlios,

131 4975 223 5061 sine
243 4983 332 5040 qua
355 4988 479 5047 Opus
499 4994 608 5036 non
631 4987 716 5034 est
744 4979 944 5036 bonum
975 5023 990 5049 ,
1021 4996 1212 5050 magna
1240 4982 1520 5051 probatur.
1550 4981 1654 5037 Le-

217 5071 416 5134 rnamque
445 5078 714 5140 praecepto
763 5069 932 5140 prolis
973 5071 1210 5126 exsultat
1235 5069 1570 5145 fecunditas,
1599 5081 1654 5129 et

137 5139 324 5234 ﬁliorum
361 5160 698 5224 maledicitur,
727 5139 838 5216 non
877 5177 1145 5234 apparens
1191 5164 1501 5234 posteritas.
1537 5143 1652 5220 Me-

135 5229 222 5293 “lls
243 5253 316 5300 est
350 5252 539 5314 nubere
573 5271 740 5327 quam
791 5255 873 5313 uri
888 5229 926 5324 ί
943 5229 1089 5314 unde
1128 5229 1314 5314 lapsus
1347 5256 1528 5315 saculi
1559 5273 1654 5314 va-

1756 4170 1997 4217 mentum
2025 4161 2080 4217 in
2109 4162 2230 4217 sinu
2259 4160 2380 4233 ejus
2429 4160 2671 4220 fecisset.
2702 4162 2816 4219 Hoc
2857 4168 3041 4216 autem
3083 4170 3338 4226 magnmu

1753 4251 1884 4324 quid
1920 4253 2162 4310 futurum
2201 4253 2524 4309 ostendebat
2560 4252 2859 4317 somnium,
2889 4249 3148 4320 quoniam
3179 4261 3247 4302 ex
3278 4261 3339 4301 ea

1754 4346 2112 4419 procederent
2137 4388 2153 4414 ,
2182 4348 2274 4417 qui
2315 4345 2383 4402 ad
2423 4353 2636 4417 tempus
2660 4345 3000 4417 possiderent
3033 4355 3258 4413 regnum
3287 4348 3342 4394 et

1754 4437 2109 4510 imperium...
2139 4436 2306 4509 Signa
2345 4437 2563 4507 quidem
2596 4434 2856 4494 nonnulla
2903 4433 3120 4490 ordinat
3157 4431 3341 4486 divina

1753 4529 2094 4602 providentia
2146 4528 2380 4602 [futura]
2415 4528 2741 4600 quibusdam
2778 4540 2876 4599 per
2920 4524 3346 4597 aspirationem,

1755 4625 2105 4698 pluribusque
2154 4637 2251 4692 per
2292 4621 2556 4678 visionem
2589 4629 2880 4689 antequam
2923 4618 3084 4680 ﬁant,
3121 4615 3348 4671 demon-

1755 4726 1956 4773 strans.
2003 4715 2070 4770 Et
2121 4713 2250 4784 quia
2297 4714 2478 4769 omnia
2530 4721 2742 4784 tempus
2771 4711 3002 4774 habent;
3040 4705 3348 4778 signiﬁcata

1755 4821 1851 4878 per
1879 4802 2202 4860 venerabilis
2249 4800 2438 4872 puellae
2464 4840 2479 4867 ,
2522 4801 2590 4857 de
2617 4815 2723 4872 qua
2751 4813 2898 4854 nunc
2932 4797 3140 4868 agitur,
3171 4793 3342 4850 visio-

1755 4913 1908 4964 nem,
1956 4904 2198 4966 tempore
2249 4907 2492 4967 congruo
2536 4903 2701 4964 atque
2729 4907 2759 4946 a
2787 4892 2897 4947 Deo
2923 4887 3348 4960 praedestinato,

1753 4999 1882 5046 sunt
1925 4989 2218 5044 notiﬁcata.
2254 4986 2537 5056 Quomodo
2584 4995 2766 5040 autem
2806 4981 2889 5039 vel
2936 4979 3080 5052 quali
3130 4978 3344 5035 ratione

1756 5080 1856 5136 ista
1904 5081 2156 5148 fuerunt;
2208 5077 2463 5136 charitati
2509 5085 2672 5146 atque
2716 5072 3036 5145 benignitati
3063 5079 3174 5127 tam
3204 5083 3344 5141 prae-

1755 5171 1988 5227 sentium
2020 5186 2183 5242 quam
2220 5171 2525 5226 futurorum
2565 5166 2803 5222 ﬁdelium
2851 5163 3142 5220 enucleare
3171 5177 3342 5218 cona-

1757 5280 1897 5320 mur.
1928 5262 2054 5320 Fuit
2078 5278 2312 5334 namque
2336 5270 2580 5332 tempore
2620 5257 2832 5331 praal'ati
2879 5255 3035 5315 ducis
3057 5253 3349 5314 Godefridi

92 5404 111 5426 ’
146 5433 260 5526 Αἱ)
288 5440 582 5526 Endelridus
610 5453 726 5526 me
747 5454 1160 5526 cognominatur
1192 5455 1454 5511 Barbatus
1481 5496 1496 5517 .
1541 5457 1650 5510 Au-
1685 5431 1728 5488 Β
1754 5458 2084 5516 marchionis
2104 5458 2354 5516 Thusciaa
2381 5468 2437 5516 et
2467 5467 2644 5517 mater
2664 5459 2898 5517 celebris
2921 5454 3223 5522 Mathildis,
3248 5453 3338 5510 uti

244 5545 257 5571 ι
285 5510 477 5587 Magnus
495 5563 509 5589 ,
536 5497 1066 5594 σοιιιέιὸιῖἓῖιὰέπίῖ
1088 5497 1649 5598 ducis‘Lollianiugi'm

191 5587 277 5636 "'3.
303 5598 517 5636 mOI'llln:
549 5609 692 5636 mann
737 5595 892 5636 1070,
942 5594 1162 5636 “plinas:
1197 5613 1355 5636 annm
1390 5597 1640 5636 divinum,

266 5598 517 5667 “mortuus
547 5609 692 5651 anno
729 5595 918 5667 107οζ
941 5594 1164 5667 Reliqua
1196 5613 1356 5667 supra
1390 5594 1646 5652 diximus.

204 5641 1164 5738 ΨΡοάάῖῖἷιόιᾜιῖεῆἁ’ὸὸὰὲἐῗίῖιῖ
1196 5641 1356 5738 ἷῖιῗίεἷ
1391 5641 1647 5730 ἷπὶὲἶῖίέἔξ

154 5719 256 5771 ’λοι
279 5719 374 5793 eius
393 5719 618 5796 secunda
643 5719 1170 5797 terrenaeﬁn
1194 5719 1650 5802 transmissi

1754 5529 1885 5584 ante
1909 5529 2285 5587 indicavimus.

1826 5598 1905 5670 (5)
1946 5598 2045 5656 Hic
2072 5608 2157 5656 est
2184 5599 2508 5658 Godel'ridus
2527 5601 2797 5659 Gibbosus
2818 5641 2833 5662 .
2863 5599 2984 5670 aliis
3028 5597 3348 5656 Strumosus

1754 5669 2066 5798 ἀίριιιεὼῗεέ
2097 5670 2308 5731 Sicario
2335 5673 2522 5741 laesus,
2573 5673 2778 5746 absque
2827 5669 3012 5728 liberis
3058 5677 3349 5733 mortuus,_

1754 5755 1896 5798 anno
2073 5782 2090 5798 .

1754 5755 1896 5801 anno
1927 5755 1996 5798 ιυ
2007 5755 2025 5798 1
2033 5755 2090 5798 6.
