3838 6306
556 333 663 394 με

1413 329 1500 388 AD
1537 325 1987 388 consrmouu
2027 286 2475 384 spreuetcss.
2507 357 2579 370 -
2604 326 2896 392 APPEND.
2925 325 2966 383 t.
3692 337 3800 396 ru,

557 463 660 504 vus
690 445 778 502 ille
806 443 989 510 locus,
1022 441 1418 514 perfectissima
1463 452 1519 498 et
1571 443 1683 498 Deo
1725 442 2035 514 gratissima
2062 441 2140 494 vl-
2167 449 2216 504 Α
2245 442 2461 508 bnerat;
2497 457 2596 498 nec
2643 459 2749 498 non
2803 444 2904 500 sibi
2955 445 3076 498 data
3129 443 3444 514 locutione,
3493 463 3645 519 quam
3693 473 3772 514 non

554 541 662 596 'dua
693 538 780 594 Ida
811 537 1046 602 vivente,
1069 535 1232 608 longe
1258 537 1472 606 lateque
1497 535 1822 590 habebatur.
1861 533 1927 588 Et
1949 549 2140 604 quam-

557 631 642 687 vis
679 628 991 684 beatissima
1034 627 1125 683 lda
1166 627 1380 684 mortali
1405 627 1621 682 viduata
1653 626 1771 681 viro
1825 626 2139 693 videretur,

560 721 850 778 immortali
888 735 1088 792 sponso
1111 761 1127 787 ,
1179 735 1279 789 per
1323 727 1530 774 castam
1576 726 1634 774 et
1665 717 1906 774 caelibem
1933 717 2098 772 vitam
2121 758 2138 786 ,

560 814 772 884 piisque
809 813 1020 868 actibus
1062 811 1324 880 bonisque
1363 809 1621 879 eperibus
1689 808 1988 879 repletam,
2039 824 2141 863 nu-

561 905 732 972 psisse
757 905 1098 960 credebatur,
1117 900 1624 970 Verumtamenmon
1649 899 1968 972 iactantiam
1984 900 2141 956 bonae

558 995 829 1063 Opinionis
872 1009 972 1050 nec
999 991 1171 1048 laudis
1202 992 1453 1046 humanae
1489 991 1807 1061 appetebat,
1837 989 1931 1044 sed
1961 987 2016 1043 in
2047 1003 2139 1044 sa-

560 1086 739 1143 crario
787 1085 963 1141 cordis
1013 1083 1242 1154 gratiam
1297 1081 1510 1138 etelitus
1575 1082 1756 1136 datam
1817 1079 2135 1151 reponebat.

554 1166 685 1232 Haec
704 1176 845 1231 enim
877 1191 972 1246 per
1007 1183 1194 1230 sancta
1223 1173 1490 1229 desideria
1515 1188 1636 1243 qua:
1667 1187 1881 1229 sursum
1905 1179 2032 1228 sunt
2052 1188 2139 1226 sa-

556 1267 738 1336 piens,
775 1267 842 1322 ad
893 1283 1081 1322 eorum
1105 1265 1334 1336 gloriam
1364 1265 1636 1321 aedificare
1674 1265 1928 1336 cupiens,
1959 1264 2138 1319 locum

556 1357 761 1427 vulgari
791 1357 892 1414 sub
940 1358 1327 1428 appellatione,
1374 1357 1465 1427 qui
1511 1357 1709 1412 dicitur
1735 1355 1951 1427 Capella
1980 1354 2136 1427 (22),

553 1445 840 1502 aedificavit
877 1465 889 1502 :
918 1465 1078 1518 quem
1108 1447 1375 1518 siquidem
1410 1447 1463 1501 in
1497 1447 1704 1503 honore
1735 1446 1828 1502 Dei
1863 1446 2140 1519 genitricis

551 1547 610 1592 et
637 1548 906 1607 perpetuae
948 1539 1175 1609 virginis
1222 1537 1404 1592 Marhe
1438 1535 1719 1592 fundatum
1749 1576 1766 1603 ,
1793 1536 1907 1591 suis
1945 1536 2139 1606 opibus
2169 1547 2174 1550 ’

553 1631 895 1702 pmpriisque
921 1631 1217 1687 redditibus
1240 1629 1536 1700 ampliavit,
1570 1637 1733 1700 atque
1758 1628 1982 1699 insuper
2017 1644 2138 1699 pre-

558 1723 870 1779 tiosissimis
906 1733 1215 1779 sanctorum
1239 1722 1557 1794 pignoribus
1585 1720 1794 1776 ditavit.
1825 1719 2003 1776 Locus
2037 1736 2138 1775 au-

554 1823 665 1870 tem
691 1816 946 1886 quoniam
974 1786 1257 1871 videbatur
1290 1786 1446 1886 aptus
1490 1821 1546 1868 et
1590 1811 1788 1868 habilis
1813 1813 1991 1867 ordini
2026 1827 2141 1867 mo—
2173 1786 2214 1845 Β

557 1906 768 1961 nastico
788 1947 803 1970 ,
833 1907 1084 1962 abbatem
1119 1906 1456 1975 Ravagerum
1485 1901 1598 1974 (25)
1623 1943 1639 1969 ,
1669 1911 1725 1959 et
1759 1902 2141 1972 congregatio-

556 2011 680 2051 nem
715 1995 942 2051 fratrum
971 2039 986 2062 ,
1017 1995 1246 2053 consilio
1275 2003 1327 2051 et
1363 2010 1591 2051 assensu
1637 1992 1864 2050 Joannis
1899 1995 2012 2066 (24)
2039 1995 2142 2064 pia;

556 2087 831 2141 memoria:
853 2085 1178 2140 Morinorum
1202 2085 1496 2156 pontificis,
1522 2083 1920 2140 institutionem
1954 2084 2012 2139 S.
2039 2084 2138 2141 Be-

555 2177 752 2233 nedicti
783 2193 881 2248 pro
920 2193 1077 2247 posse
1100 2185 1413 2232 servaturos
1439 2217 1454 2242 ,
1484 2175 1787 2231 constituit.
1820 2175 1978 2231 llunc
2009 2191 2140 2230 vero

554 2269 731 2325 locum
765 2279 872 2325 tota
904 2270 1100 2325 virtute
1128 2270 1375 2340 corporis
1407 2283 1471 2324 ac
1513 2267 1708 2338 spiritu
1737 2267 2031 2338 diligebat,
2074 2269 2140 2323 de

553 2361 782 2417 fratrum
826 2370 882 2417 et
930 2377 1227 2432 pauperum
1283 2360 1580 2418 refectione
1629 2359 1863 2415 sollicite
1897 2360 2136 2431 agebat,

551 2462 717 2523 atque
763 2453 959 2508 divinis
1015 2453 1218 2509 intenta
1253 2453 1493 2509 servitiis
1538 2452 1816 2508 humiliter
1844 2461 1899 2507 et
1945 2451 2140 2507 mode-

556 2552 740 2600 ranter
761 2559 884 2598 cum
915 2543 1174 2600 fratribus
1203 2544 1486 2615 psallebat.

1173 2655 1402 2713 CAPUT
1439 2657 1526 2712 Ill.

626 2743 816 2798 Puella
849 2747 1012 2806 surda
1043 2756 1091 2801 et
1117 2759 1260 2801 muta
1283 2748 1474 2816 sapius
1501 2759 1710 2802 sanata.
1737 2746 1868 2802 Pius
1897 2749 2068 2804 obitus

1047 2827 1096 2871 et
1127 2817 1395 2894 sepultura
1419 2817 1486 2870 Β.
1514 2817 1650 2872 Idte.

627 2903 714 2958 10.
753 2903 822 2960 Et
848 2905 974 2976 quia
1008 2917 1229 2964 sanctus
1257 2916 1315 2962 ut
1345 2908 1717 2963 sanctificetur
1755 2909 1824 2964 de
1859 2908 2056 2964 virtute
2082 2908 2137 2964 in

553 2995 809 3052 virtutem
859 2999 1293 3056 condescendere
1337 3009 1567 3055 conatur
1592 3040 1607 3065 ,
1647 2995 1786 3054 idem
1815 3001 1901 3054 Ida
1946 3001 2139 3057 fecisse

555 3090 821 3145 veraciter
853 3091 1186 3147 notificatur.
1216 3091 1420 3148 Eodem
1452 3105 1685 3161 namque
1719 3099 1959 3162 tempore
1980 3134 1994 3158 ,
2029 3108 2138 3163 quo

555 3179 646 3236 illa
667 3181 979 3252 frequenter
1000 3181 1321 3239 versabatur
1336 3181 1478 3237 infra
1489 3182 1824 3247 coenobium,
1839 3182 1927 3236 diu
1948 3194 2138 3239 noctu-

552 3287 663 3344 que
698 3265 990 3330 observans
1030 3273 1343 3345 faciensque
1382 3276 1771 3332 monachorum
1817 3278 2134 3343 servitium,

554 3364 704 3421 venit
747 3363 1068 3422 admirabile
1095 3366 1398 3437 prodigium
1428 3365 1655 3422 factura.
1693 3369 1825 3425 Erat
1855 3379 2032 3426 autem
2063 3370 2136 3426 ibi

552 3457 796 3526 quaedam
819 3456 1053 3527 puellula
1079 3472 1112 3512 a
1148 3458 1429 3513 nativitate
1456 3459 1618 3514 surda
1647 3469 1703 3516 et
1739 3472 1887 3516 muta
1914 3501 1931 3529 ,
1961 3463 2054 3518 sed
2079 3472 2136 3518 et

553 3547 928 3618 temporalium
987 3548 1462 3605 commoditatibus
1524 3552 1848 3608 necessariis
1903 3554 2134 3608 multum

549 3637 812 3693 destituta
871 3655 885 3692 :
931 3638 1020 3693 cui
1077 3638 1403 3696 venerabilis
1451 3637 1542 3695 lda
1589 3656 1809 3696 manum
1853 3643 2137 3700 charitatis

549 3729 847 3785 extendere
874 3727 940 3784 ad
960 3729 1333 3799 quotidianum
1353 3730 1553 3786 victum
1577 3742 1936 3789 consueverat
1959 3731 2133 3805 (Psal.

549 3834 729 3882 van,
784 3819 900 3889 56).
949 3817 1092 3875 Deus
1131 3819 1276 3874 enim
1303 3859 1318 3884 ,
1346 3819 1436 3890 qui
1463 3833 1680 3891 semper
1727 3829 1812 3876 est
1856 3823 1911 3877 in
1939 3822 2136 3876 sanctis

548 3912 662 3966 suis
688 3911 978 3974 mirabilis,
1019 3910 1141 3967 huic
1191 3912 1562 3967 infirmitatem
1609 3912 1757 3967 illam
1803 3914 2136 3985 geminatum

551 4004 795 4070 dederat,
826 4013 886 4058 ut
916 4011 1145 4073 utraque
1168 4004 1480 4060 infirmitate
1508 4013 1755 4059 sanatam
1781 3991 2134 4072 monstraret,

551 4094 620 4149 ad
645 4093 857 4148 laudem
889 4094 972 4149 sui
1008 4095 1274 4161 nominis,
1309 4105 1365 4150 et
1409 4094 1604 4151 merita
1651 4095 2009 4152 sanctissima:
2032 4097 2136 4153 Idae

551 4185 897 4242 declaranda.
926 4185 1152 4242 Factum
1184 4194 1269 4242 est
1301 4195 1515 4252 autem,
1547 4199 1670 4241 cum
1711 4187 1947 4256 quadam
1974 4197 2136 4244 nocte

554 4278 835 4334 matutinis
859 4278 1111 4334 laudibus
1141 4277 1511 4348 persolvendis
1545 4273 1745 4332 fratres
1785 4277 2132 4349 interessent,

554 4371 743 4425 aderat
772 4381 827 4426 et
873 4371 984 4427 Deo
1036 4369 1391 4426 dilectissima
1426 4367 1556 4434 lda;
1602 4368 1973 4439 supradictam
2005 4385 2134 4427 vero

2243 545 2504 600 noverat,
2563 536 2786 591 audiens
2843 543 2900 589 et
2946 549 3107 591 voces
3153 545 3208 593 et
3263 539 3433 594 melos
3481 542 3774 610 psallentium

2243 624 2502 690 fratrum,
2556 624 2696 678 hanc
2745 625 2975 695 primam
3029 625 3189 679 enixa
3239 635 3324 680 est
3373 643 3594 684 vocem:
3623 630 3774 706 Mater,

2241 725 2438 771 mater.
2475 715 2729 772 Accurrit
2771 717 2952 786 itaque
2995 726 3172 772 mater
3217 719 3337 787 ejus
3381 721 3571 778 audire
3613 723 3778 794 filiam,

2239 819 2401 875 quam
2424 807 2658 876 amplius
2685 807 2994 876 loquentem
3021 822 3126 863 non
3149 811 3416 866 audierat.
3440 811 3558 879 Quo
3577 819 3776 886 cognito,

2239 899 2408 954 abbas
2469 898 2783 971 Ravagerus
2837 898 2910 956 Te
2945 899 3116 956 Deum
3163 902 3448 959 laudamus
3497 906 3679 962 iterum
3721 912 3778 964 in-

2239 991 2408 1062 coepit
2440 1009 2454 1045 :
2485 999 2540 1047 et
2568 991 2622 1046 in
2649 991 2945 1046 crastinum
2976 1007 3234 1049 concessa
3263 1005 3350 1050 est
3388 1004 3588 1051 sanata:
3626 1002 3778 1069 puclla

2239 1082 2308 1137 ab
2336 1081 2531 1136 abbate
2556 1082 2864 1151 praebenda.
2901 1081 3065 1137 Multa
3109 1083 3328 1154 quidem
3377 1085 3512 1140 mira
3538 1090 3778 1156 eveniunt,

2239 1182 2299 1229 ut
2351 1173 2683 1229 mirabiliora
2729 1182 2972 1243 tempore
3022 1190 3264 1245 congruo
3319 1189 3629 1248 appareant.
3677 1181 3780 1240 Nam

2240 1262 2367 1327 ista,
2398 1263 2464 1319 de
2495 1279 2600 1333 qua
2629 1278 2770 1317 nunc
2797 1264 3008 1333 agimus
3028 1303 3044 1330 ,
3082 1265 3256 1335 puella
3275 1306 3290 1332 ,
3320 1283 3427 1322 non
3457 1278 3576 1337 post
3598 1269 3781 1342 longum

2243 1364 2455 1424 tempus
2478 1371 2587 1411 suae
2623 1355 2920 1411 curationis
2944 1395 2962 1422 ,
2995 1356 3194 1412 amissa
3231 1356 3539 1428 virginitate
3578 1364 3784 1431 concepit

2239 1457 2296 1504 et
2316 1449 2525 1519 peperit
2555 1466 2569 1502 :
2597 1448 2725 1504 etin
2759 1449 2988 1518 priores,
3022 1449 3221 1518 quibus
3261 1459 3459 1504 sanata
3485 1460 3628 1516 erat,
3663 1452 3785 1506 infir-

2239 1541 2456 1597 mitates
2484 1541 2868 1598 miserabiliter
2895 1541 3132 1607 cecidit,
3157 1550 3320 1612 atque
3351 1557 3450 1612 per
3478 1554 3784 1613 apparentem

2239 1647 2425 1690 casum
2475 1633 2814 1704 praebendam
2885 1633 3139 1703 perdidit.
3225 1633 3468 1705 Contigit
3495 1650 3616 1690 vero
3667 1639 3785 1706 quod

2244 1731 2420 1776 mater
2449 1721 2645 1777 iterum
2677 1722 2728 1776 in
2760 1730 2919 1778 nocte
2956 1721 3235 1792 cujusdam
3278 1737 3491 1794 magna:
3515 1722 3788 1782 festivitatis

2243 1811 2310 1866 ad
2333 1811 2618 1868 ecclesiam
2664 1812 2888 1868 adduxit
2936 1813 3191 1870 miseram
3232 1812 3401 1868 filiam
3427 1832 3440 1868 :
3465 1829 3582 1884 quae
3603 1817 3666 1870 ob
3690 1833 3786 1870 me-

2242 1906 2345 1960 rita
2373 1906 2733 1962 sanctissimae
2779 1905 2886 1961 Idae
2931 1907 3108 1962 denuo
3159 1915 3452 1962 consecuta
3481 1915 3564 1962 est
3606 1909 3787 1963 miseri~

2242 1997 2503 2056 cordiam.
2529 1995 2684 2051 Tunc
2709 1996 2898 2052 laudes
2919 2005 2973 2052 et
2993 1997 3196 2068 gratias
3212 2012 3314 2068 pro
3339 1996 3537 2067 duplici
3560 1997 3796 2054 mimcnlo

2242 2088 2472 2154 fratres,
2531 2089 2621 2158 qui
2672 2089 2951 2154 viderant,
3002 2091 3112 2145 Deo
3161 2089 3512 2146 reddiderunt
3553 2091 3786 2146 latentes.

2241 2179 2384 2234 Proh
2444 2179 2625 2235 dolor!
2689 2178 2899 2235 Cecidit
2951 2179 3150 2236 misera
3201 2197 3418 2236 rursum
3471 2181 3523 2236 in
3574 2184 3790 2238 eamdem

2242 2275 2452 2344 culpam
2501 2275 2824 2345 easdemque
2877 2273 3249 2341 infirmitates;
3281 2284 3338 2330 et
3384 2291 3543 2345 quam
3584 2277 3792 2334 habebat

2241 2368 2476 2436 perdidit
2491 2367 2732 2423 ecclesiae
2749 2368 3112 2438 praebendam.
3137 2367 3244 2423 Sed
3265 2368 3389 2438 quia
3413 2369 3711 2425 misericors
3727 2381 3792 2426 est

2242 2459 2407 2524 Deus,
2441 2460 2532 2529 qui
2577 2457 2639 2514 B.
2673 2459 2832 2514 Petro
2879 2474 2984 2515 non
3037 2460 3211 2514 solum
3237 2459 3458 2530 septies,
3484 2463 3576 2516 sed
3601 2471 3793 2532 septas-

2241 2549 2417 2619 gesies
2454 2549 2654 2619 septies
2702 2550 2947 2620 peccanti
2992 2550 3265 2606 dimittere
3305 2553 3557 2623 pracepit
3595 2553 3789 2624 (Matth.

2242 2655 2374 2694 xvttt
2399 2682 2414 2706 ,
2449 2640 2578 2710 22),
2612 2641 2751 2696 hanc
2781 2639 3141 2710 peccatricem
3184 2642 3345 2697 tertio
3369 2681 3387 2708 ,
3435 2657 3532 2713 per
3578 2644 3725 2698 fidem
3747 2654 3791 2699 εξ

2240 2729 2585 2784 sanctitatem
2632 2745 2746 2785 suze
2790 2729 3003 2784 famula:
3030 2729 3160 2797 Idze,
3186 2732 3404 2786 sanitati
3433 2733 3695 2798 restituit;
3723 2749 3794 2789 sa-

2241 2830 2475 2890 nataque
2530 2821 2725 2876 iterum
2775 2821 3120 2892 praebendam
3160 2822 3395 2891 habens,
3441 2825 3791 2880 castimoniam

2240 2926 2412 2979 usque
2434 2911 2500 2966 ad
2522 2909 2686 2965 finem
2722 2910 2981 2966 servavit.
3029 2911 3097 2964 At
3127 2927 3257 2967 vero
3287 2929 3494 2985 magna;
3518 2914 3792 2970 devotionis

2241 3015 2462 3072 compos
2500 3009 2556 3057 et
2603 3002 2783 3056 meriti
2825 3001 3160 3059 nobilissima
3201 3001 3314 3069 lda,
3363 3019 3493 3074 erga
3520 3019 3652 3075 quos
3679 3019 3790 3059 con-

2241 3099 2518 3146 struxerat
2546 3090 2695 3147 locos
2728 3091 3002 3148 curiosam
3029 3108 3089 3148 se
3121 3092 3351 3159 habens,
3374 3094 3454 3150 uti
3484 3095 3628 3150 omni
3652 3095 3794 3150 corde

2240 3196 2338 3237 suo
2364 3181 2651 3248 inhaerens,
2683 3182 2909 3239 alterius
2937 3184 3162 3239 omnino
3189 3200 3378 3240 curam
3421 3201 3615 3257 gerens
3637 3227 3653 3252 ,
3679 3201 3790 3240 neu-

2241 3283 2383 3329 trum
2411 3274 2716 3330 nullatenus
2736 3276 3021 3345 deserens,
3046 3277 3276 3350 singulis
3304 3287 3357 3333 et
3384 3279 3666 3349 utriusque
3687 3280 3794 3334 fide-

2239 3364 2362 3420 liter
2389 3365 2755 3420 ministrabat.

2310 3455 2398 3510 ii.
2437 3455 2602 3510 Beata
2633 3456 2799 3528 igitur
2842 3457 2963 3524 Ida,
3005 3458 3296 3515 debilitatis
3331 3459 3587 3515 nimirum
3616 3459 3797 3515 viribus

2237 3547 2520 3616 corporis,
2571 3545 2794 3616 jejuniis
2832 3557 2889 3604 et
2936 3548 3131 3619 vigiliis
3184 3549 3629 3620 orationibusque
3675 3551 3796 3603 assi-

2239 3639 2358 3696 duis
2384 3639 2520 3712 (25),
2551 3649 2608 3695 et
2652 3655 2790 3710 quas
2823 3642 3047 3712 gerebat
3074 3641 3127 3696 in
3158 3642 3341 3697 animo
3367 3642 3796 3698 sollicitudinibus

2240 3729 2466 3784 fratrum
2511 3739 2568 3785 et
2611 3745 2909 3800 pauperum
2938 3770 2954 3797 ,
2996 3730 3066 3785 ad
3107 3730 3297 3798 finem,
3325 3733 3483 3802 quasi
3507 3733 3616 3804 jam
3638 3731 3795 3804 prosi-

2237 3836 2385 3875 mttm
2411 3861 2426 3885 ,
2457 3819 2685 3876 feliciter
2729 3823 3020 3886 tendebat;
3053 3837 3161 3876 non
3208 3821 3508 3878 formidans
3542 3824 3607 3880 de
3645 3831 3797 3877 morte

2237 3926 2334 3967 sua
2358 3952 2372 3976 ,
2398 3911 2490 3966 sed
2521 3918 2842 3980 exspectans
2886 3911 3292 3968 retributionem
3316 3929 3346 3966 a
3372 3914 3598 3970 Domino
3629 3928 3797 3986 perpe-

2240 4006 2425 4053 tuam:
2459 3999 2716 4070 paulatim
2761 4014 2891 4054 vero
2921 4000 3190 4056 infirmata
3213 4042 3229 4066 ,
3268 4002 3588 4074 aegritudine
3615 4003 3799 4058 invale-

2237 4100 2444 4154 scente,
2476 4091 2527 4144 in
2561 4090 2816 4144 lectulum
2843 4089 3016 4162 longa:
3037 4091 3375 4148 infirmitatis
3404 4094 3639 4149 devenit.
3669 4094 3799 4147 Tunc

2230 4180 2383 4251 juxta
2414 4180 2565 4236 Pauli
2593 4180 2794 4235 dictum
2843 4182 3172 4238 intrinsecus
3212 4185 3468 4239 roborata
3488 4226 3502 4248 ,
3534 4186 3799 4240 devotione

2238 4274 2464 4343 majore,
2480 4273 2633 4328 chari
2643 4281 2752 4328 tate
2764 4273 3016 4344 largiore,
3031 4273 3219 4328 bonum
3233 4290 3396 4345 opera
3405 4277 3584 4343 batur,
3595 4279 3802 4331 maxime

2238 4369 2306 4422 ad
2330 4369 2639 4422 domesticos
2665 4368 2788 4435 ﬁdei
2817 4367 2962 4438 (Gal.
2991 4385 3069 4435 vt,
3095 4369 3204 4442 10).
3236 4371 3504 4425 Mundana
3549 4371 3802 4439 siquidem

555 4463 826 4518 infirmam
856 4462 1044 4518 eadem
1075 4471 1233 4517 nocte
1260 4468 1433 4515 mater
1454 4459 1571 4530 ejus
1598 4459 1666 4514 ad
1689 4459 1997 4528 ecclesiam,
2024 4479 2131 4517 non
2168 4465 2212 4520 D
2241 4458 2568 4528 proprietate
2616 4458 2842 4522 nudata,
2873 4459 3048 4515 viduis
3083 4469 3137 4516 et
3163 4463 3424 4531 orphanis
3453 4471 3510 4517 et
3532 4461 3801 4531 indigenti-

552 4554 674 4611 sine
698 4562 829 4610 nutu
851 4554 968 4620 Dei,
987 4553 1283 4609 curandam
1310 4550 1536 4607 adduxit
1565 4569 1579 4606 :
1611 4561 1736 4606 tunc
1755 4553 1899 4607 enim
1927 4569 2137 4625 magna:

553 4644 820 4703 festivatis
860 4652 979 4699 erat
1040 4641 1350 4698 celebritas.
1398 4639 1644 4711 Cumque
1697 4641 1872 4711 puella
1919 4642 2135 4698 infirma

553 4731 757 4805 frigore
783 4734 1224 4806 opprimeretur,
1267 4738 1381 4786 toto
1424 4745 1651 4802 corpore
1693 4733 1953 4788 tremuit:
1991 4735 2135 4805 quod

555 4823 805 4880 dulciflua
849 4821 1067 4876 domina
1116 4833 1447 4891 cognoscens
1471 4861 1486 4888 ,
1529 4820 1703 4875 innuit
1731 4821 1797 4876 ad
1822 4837 1882 4878 se
1914 4823 2133 4890 venire,

555 4923 719 4986 atque
743 4915 930 4969 subter
959 4912 1299 4982 chlamydem
1334 4925 1486 4966 suam
1513 4912 1740 4982 benigne
1761 4915 1982 4983 recepit.
2000 4914 2137 4969 Sen-

551 5006 692 5060 tiens
720 5014 898 5059 autem
930 5003 1107 5074 puella
1153 5003 1597 5058 vestimentorum
1649 5006 1972 5061 beatissima:
2024 5006 2134 5060 fra-

549 5090 846 5161 grantiam,
876 5095 984 5149 imo
1017 5092 1334 5149 meritorum
1366 5096 1483 5166 ejus
1509 5095 1983 5152 demonstrandam
2013 5112 2136 5166 gra-

467 5236 474 5242 .
557 5182 686 5237 tiam
716 5220 739 5254 ,
765 5198 894 5239 mox
933 5199 1073 5241 nova
1103 5184 1379 5242 auditione
1424 5202 1520 5244 usa
1563 5196 1674 5256 est,
1715 5203 1877 5259 quam
1907 5203 2014 5244 non
2040 5188 2136 5244 ha-

624 5316 734 5386 [2Ξ)
770 5317 915 5373 Infra
969 5318 1021 5375 in
1071 5318 1346 5376 Analectis
1398 5320 1509 5376 late
1557 5321 1626 5376 de
1659 5322 1763 5377 hac
1819 5321 2134 5379 fundatione

550 5386 780 5510 ῗέἰὲιᾶυῗ,
811 5388 956 5459 quod
984 5404 1048 5446 ea
1077 5390 1276 5448 marito
1299 5391 1594 5448 Eustachio
1619 5392 1688 5449 ab
1708 5392 1884 5463 Iperio
1912 5401 1970 5448 et
2013 5395 2134 5450 aliis

703 5473 730 5510 a
760 5473 844 5510 lll'.

703 5473 790 5510 τιιιι
800 5473 844 5510 Γ.

620 5525 734 5600 (23)
779 5525 1104 5600 Raueugerus
1135 5530 1203 5586 ab
1249 5531 1370 5587 aliis
1423 5531 1710 5598 scribitur,
1755 5532 1834 5588 uti
1863 5531 2029 5588 etiam
2076 5532 2129 5587 in

549 5594 839 5663 diplomate
877 5594 1144 5671 _D_Ilanessis
1186 5602 1400 5659 comitis
1425 5594 1780 5671 Ghisnensis,
1816 5617 1961 5659 anno
1992 5603 2128 5658 1097

550 5675 694 5729 acto,
718 5667 1001 5724 suscribit.

621 5735 733 5808 (24)
777 5737 949 5796 Vitam
979 5740 1042 5797 Β.
1082 5739 1306 5798 Joannis
1335 5743 1723 5801 illustravimus
1754 5744 1825 5799 27
1853 5742 2123 5812 Januarii,

2240 4549 2341 4604 bus
2371 4549 2516 4603 omni
2547 4565 2652 4618 qua
2689 4550 2946 4606 utebatur
2997 4561 3150 4608 veste
3189 4555 3386 4609 donata
3406 4595 3421 4620 ,
3451 4564 3510 4610 ut
3532 4553 3804 4624 Apostolus

2240 4639 2485 4710 prtecipit
2505 4679 2522 4704 ,
2550 4648 2796 4694 sanctam
2826 4643 3132 4698 unctionem
3159 4683 3175 4709 ,
3205 4659 3502 4715 veramque
3544 4654 3708 4715 atque
3739 4645 3802 4694 vi-

2239 4737 2453 4791 vifieam
2504 4743 2942 4797 communionem
3008 4753 3130 4794 cum
3195 4737 3451 4807 lacrymis
3510 4746 3676 4807 atque
3732 4738 3804 4802 pio

2240 4831 2431 4888 affectu
2462 4849 2493 4888 a
2539 4833 2798 4890 fratribus
2828 4833 3100 4904 quaesivit.
3147 4831 3446 4888 Audientes
3476 4848 3604 4888 vero
3635 4847 3804 4885 monac

2238 4923 2324 4978 chi
2372 4923 2438 4978 de
2465 4923 2639 4990 Wast,
2681 4924 2828 4994 quod
2866 4922 3179 4980 beatissima
3213 4921 3304 4977 fda
3334 4930 3519 4993 ageret
3557 4921 3613 4974 in
3641 4931 3805 4975 extre—

2239 5014 2364 5080 mis,
2395 5024 2660 5070 venerunt
2700 5013 2816 5084 ejus
2867 5015 3133 5071 interesse
3175 5013 3390 5069 ciliciis.
3447 5010 3806 5068 Sacr-amentis

2239 5106 2420 5177 itaque
2446 5108 2712 5164 catholice
2737 5108 3025 5176 susceptis,
3055 5118 3241 5164 sancta
3265 5113 3321 5160 et
3343 5105 3675 5161 venerabilis
3706 5105 3800 5162 fda.

2236 5199 2428 5269 spiritu
2455 5199 2772 5271 praphetiaa,
2800 5199 3059 5256 fratribus
3084 5199 3177 5271 qui
3209 5208 3508 5267 venerant,
3535 5214 3674 5253 voce
3694 5212 3802 5264 sup-

2235 5331 2290 5412 in
2320 5331 2653 5412 quadicitur
2685 5330 3612 5412 episcopusordinatus-anno.“le
3633 5346 3804 5412 ,μιξον-

2238 5410 2360 5483 tuus
2389 5401 2544 5483 μδο.
2575 5401 2712 5456 Hine
2740 5401 3104 5483 videturjllud
3135 5401 3418 5483 consilium
3451 5401 3803 5483 initio_datum

2234 5487 2264 5525 a
2298 5470 2356 5523 Β.
2385 5469 2591 5525 Joanne
2617 5472 2846 5527 necdum
2881 5471 3134 5542 episcopo
3158 5513 3172 5536 ,
3205 5480 3261 5526 et
3294 5481 3480 5541 postea
3507 5470 3801 5538 probatum.

2305 5541 2418 5610 (25)
2458 5540 2605 5618 Nihil
2628 5541 2714 5618 hic
2733 5542 2799 5596 de
2815 5542 3088 5618 decrepita
3113 5549 3391 5618 senectute
3411 5541 3801 5618 dicitur,‘qttatu

2232 5626 2526 5736 agnoscere
2575 5611 2776 5666 debent
2825 5614 2917 5681 qui
2969 5610 3140 5684 usque
3183 5612 3253 5670 ad
3297 5626 3499 5668 annum
3551 5610 3693 5667 1122
3725 5614 3804 5665 aut

2236 5681 2259 5737 ί
2303 5681 2371 5736 27
2395 5681 2592 5738 vixisse
2614 5681 2850 5739 tradunt.

2395 5695 2592 5738 VIXISSC
2614 5695 2850 5738 ll'ildlllll.
