  <div class='ocr_page' id='page_1' title='image "/cluster/home/n/w/nwhite01/storage/ocr_20150623/155/hvd.32044015473838/228.png"; bbox 0 0 3808 6306; ppageno 0'>
   <div class='ocr_carea' id='block_1_1' title="bbox 89 315 176 376">
    <p class='ocr_par' dir='ltr' id='par_1_1' title="bbox 89 315 176 376">
     <span class='ocr_line' id='line_1_1' title="bbox 89 315 176 376; baseline -0.023 0"><span class='ocrx_word' id='word_1_1' title='bbox 89 315 176 376; x_wconf 70' lang='lat' dir='ltr'><strong>M5</strong></span> 
     </span>
    </p>
   </div>
   <div class='ocr_carea' id='block_1_2' title="bbox 87 429 1675 518">
    <p class='ocr_par' dir='ltr' id='par_1_2' title="bbox 87 429 1675 518">
     <span class='ocr_line' id='line_1_2' title="bbox 87 429 1675 518; baseline -0.003 -26"><span class='ocrx_word' id='word_1_2' title='bbox 87 440 200 510; x_wconf 86' lang='lat' dir='ltr'><strong>plice</strong></span> <span class='ocrx_word' id='word_1_3' title='bbox 218 432 284 489; x_wconf 90' lang='lat' dir='ltr'><strong>ait</strong></span> <span class='ocrx_word' id='word_1_4' title='bbox 307 449 320 486; x_wconf 89' lang='lat'><strong>:</strong></span> <span class='ocrx_word' id='word_1_5' title='bbox 343 430 552 518; x_wconf 64' lang='lat' dir='ltr'><strong>Ite,.oro</strong></span> <span class='ocrx_word' id='word_1_6' title='bbox 597 439 743 488; x_wconf 86' lang='lat' dir='ltr'><strong>certo</strong></span> <span class='ocrx_word' id='word_1_7' title='bbox 779 429 1028 488; x_wconf 87' lang='lat' dir='ltr'><strong>scientes</strong></span> <span class='ocrx_word' id='word_1_8' title='bbox 1082 431 1206 502; x_wconf 99' lang='lat' dir='ltr'><strong>quia</strong></span> <span class='ocrx_word' id='word_1_9' title='bbox 1235 433 1484 502; x_wconf 83' lang='lat' dir='ltr'><strong>proximo</strong></span> <span class='ocrx_word' id='word_1_10' title='bbox 1513 433 1598 488; x_wconf 93' lang='lat' dir='ltr'><strong>die</strong></span> <span class='ocrx_word' id='word_1_11' title='bbox 1627 435 1675 494; x_wconf 77' lang='grc' dir='ltr'>Α</span> 
     </span>
    </p>
   </div>
   <div class='ocr_carea' id='block_1_3' title="bbox 87 522 1602 599">
    <p class='ocr_par' dir='ltr' id='par_1_3' title="bbox 87 522 1602 599">
     <span class='ocr_line' id='line_1_3' title="bbox 87 522 1602 599; baseline 0.001 -18"><span class='ocrx_word' id='word_1_12' title='bbox 87 525 351 590; x_wconf 86' lang='lat' dir='ltr'><strong>Dominico,</strong></span> <span class='ocrx_word' id='word_1_13' title='bbox 404 525 518 576; x_wconf 86' lang='lat' dir='ltr'><strong>viva</strong></span> <span class='ocrx_word' id='word_1_14' title='bbox 563 522 641 577; x_wconf 91' lang='lat' dir='ltr'><strong>vel</strong></span> <span class='ocrx_word' id='word_1_15' title='bbox 683 531 932 599; x_wconf 83' lang='lat' dir='ltr'><strong>mortua,</strong></span> <span class='ocrx_word' id='word_1_16' title='bbox 979 524 1034 578; x_wconf 91' lang='lat' dir='ltr'><strong>in</strong></span> <span class='ocrx_word' id='word_1_17' title='bbox 1087 522 1316 579; x_wconf 82' lang='lat' dir='ltr'><strong>ecclesia</strong></span> <span class='ocrx_word' id='word_1_18' title='bbox 1344 523 1411 580; x_wconf 91' lang='lat' dir='ltr'><strong>de</strong></span> <span class='ocrx_word' id='word_1_19' title='bbox 1440 523 1602 582; x_wconf 89' lang='lat' dir='ltr'><strong>Wast</strong></span> 
     </span>
    </p>
   </div>
   <div class='ocr_carea' id='block_1_4' title="bbox 84 615 1610 687">
    <p class='ocr_par' dir='ltr' id='par_1_4' title="bbox 84 615 1610 687">
     <span class='ocr_line' id='line_1_4' title="bbox 84 615 1610 687; baseline -0.001 -14"><span class='ocrx_word' id='word_1_20' title='bbox 84 632 294 674; x_wconf 85' lang='lat' dir='ltr'><strong>mansura</strong></span> <span class='ocrx_word' id='word_1_21' title='bbox 322 617 487 670; x_wconf 85' lang='lat' dir='ltr'><strong>fuero.</strong></span> <span class='ocrx_word' id='word_1_22' title='bbox 511 616 752 687; x_wconf 85' lang='lat' dir='ltr'><strong>Cumque</strong></span> <span class='ocrx_word' id='word_1_23' title='bbox 781 632 929 673; x_wconf 90' lang='lat' dir='ltr'><strong>mors</strong></span> <span class='ocrx_word' id='word_1_24' title='bbox 957 615 1284 674; x_wconf 70' lang='lat' dir='ltr'><strong>inevitabilis</strong></span> <span class='ocrx_word' id='word_1_25' title='bbox 1331 617 1399 673; x_wconf 90' lang='lat' dir='ltr'><strong>ad</strong></span> <span class='ocrx_word' id='word_1_26' title='bbox 1433 634 1556 674; x_wconf 89' lang='lat' dir='ltr'><strong>eam</strong></span> <span class='ocrx_word' id='word_1_27' title='bbox 1579 641 1610 686; x_wconf 33' lang='lat'><strong>,‘</strong></span> 
     </span>
    </p>
   </div>
   <div class='ocr_carea' id='block_1_5' title="bbox 52 705 1601 788">
    <p class='ocr_par' dir='ltr' id='par_1_5' title="bbox 52 705 1601 788">
     <span class='ocr_line' id='line_1_5' title="bbox 52 705 1601 788; baseline 0.002 -25"><span class='ocrx_word' id='word_1_28' title='bbox 52 707 405 788; x_wconf 36' lang='lat' dir='ltr'><strong>.przedestinata</strong></span> <span class='ocrx_word' id='word_1_29' title='bbox 451 706 582 763; x_wconf 88' lang='lat' dir='ltr'><strong>hora</strong></span> <span class='ocrx_word' id='word_1_30' title='bbox 636 705 875 763; x_wconf 88' lang='lat' dir='ltr'><strong>debitum</strong></span> <span class='ocrx_word' id='word_1_31' title='bbox 923 723 1081 765; x_wconf 92' lang='lat' dir='ltr'><strong>suum</strong></span> <span class='ocrx_word' id='word_1_32' title='bbox 1135 719 1601 782; x_wconf 60' lang='lat' dir='ltr'><strong>susceptura,vec</strong></span> 
     </span>
    </p>
   </div>
   <div class='ocr_carea' id='block_1_6' title="bbox 78 798 1596 873">
    <p class='ocr_par' dir='ltr' id='par_1_6' title="bbox 78 798 1596 873">
     <span class='ocr_line' id='line_1_6' title="bbox 78 798 1596 873; baseline 0.002 -19"><span class='ocrx_word' id='word_1_33' title='bbox 78 800 246 865; x_wconf 79' lang='lat' dir='ltr'><strong>uisset,</strong></span> <span class='ocrx_word' id='word_1_34' title='bbox 275 798 434 853; x_wconf 88' lang='lat' dir='ltr'><strong>media</strong></span> <span class='ocrx_word' id='word_1_35' title='bbox 459 808 614 854; x_wconf 91' lang='lat' dir='ltr'><strong>nocte</strong></span> <span class='ocrx_word' id='word_1_36' title='bbox 642 798 921 856; x_wconf 88' lang='lat' dir='ltr'><strong>Dominica</strong></span> <span class='ocrx_word' id='word_1_37' title='bbox 951 799 1066 871; x_wconf 70' lang='lat'><strong>(26)</strong></span> <span class='ocrx_word' id='word_1_38' title='bbox 1090 841 1105 867; x_wconf 93' lang='lat'><strong>,</strong></span> <span class='ocrx_word' id='word_1_39' title='bbox 1139 799 1322 857; x_wconf 91' lang='lat' dir='ltr'><strong>Idibus</strong></span> <span class='ocrx_word' id='word_1_40' title='bbox 1362 801 1596 873; x_wconf 83' lang='lat' dir='ltr'><strong>Aprilis,</strong></span> 
     </span>
    </p>
   </div>
   <div class='ocr_carea' id='block_1_7' title="bbox 78 883 1600 966">
    <p class='ocr_par' dir='ltr' id='par_1_7' title="bbox 78 883 1600 966">
     <span class='ocr_line' id='line_1_7' title="bbox 78 883 1600 966; baseline 0.005 -23"><span class='ocrx_word' id='word_1_41' title='bbox 78 888 383 944; x_wconf 70' lang='lat' dir='ltr'><strong>sanctissima:</strong></span> <span class='ocrx_word' id='word_1_42' title='bbox 404 888 507 944; x_wconf 72' lang='lat' dir='ltr'><strong>Idae</strong></span> <span class='ocrx_word' id='word_1_43' title='bbox 526 889 744 960; x_wconf 77' lang='lat' dir='ltr'><strong>spiritus</strong></span> <span class='ocrx_word' id='word_1_44' title='bbox 768 891 947 947; x_wconf 87' lang='lat' dir='ltr'><strong>carnis</strong></span> <span class='ocrx_word' id='word_1_45' title='bbox 967 892 1297 963; x_wconf 77' lang='lat' dir='ltr'><strong>ergastulum</strong></span> <span class='ocrx_word' id='word_1_46' title='bbox 1324 883 1600 966; x_wconf 78' lang='lat' dir='ltr'><strong>vitamque</strong></span> 
     </span>
    </p>
   </div>
   <div class='ocr_carea' id='block_1_8' title="bbox 77 980 1601 1057">
    <p class='ocr_par' dir='ltr' id='par_1_8' title="bbox 77 980 1601 1057">
     <span class='ocr_line' id='line_1_8' title="bbox 77 980 1601 1057; baseline 0.004 -23"><span class='ocrx_word' id='word_1_47' title='bbox 77 987 343 1052; x_wconf 65' lang='lat' dir='ltr'><strong>praesentem</strong></span> <span class='ocrx_word' id='word_1_48' title='bbox 375 980 559 1045; x_wconf 79' lang='lat' dir='ltr'><strong>exuit;</strong></span> <span class='ocrx_word' id='word_1_49' title='bbox 591 989 752 1049; x_wconf 89' lang='lat' dir='ltr'><strong>atque</strong></span> <span class='ocrx_word' id='word_1_50' title='bbox 797 980 964 1037; x_wconf 87' lang='lat' dir='ltr'><strong>vitam</strong></span> <span class='ocrx_word' id='word_1_51' title='bbox 1011 983 1401 1055; x_wconf 83' lang='lat' dir='ltr'><strong>sempiternam</strong></span> <span class='ocrx_word' id='word_1_52' title='bbox 1423 985 1601 1057; x_wconf 88' lang='lat' dir='ltr'><strong>possi-</strong></span> 
     </span>
    </p>
   </div>
   <div class='ocr_carea' id='block_1_9' title="bbox 76 1070 1536 1140">
    <p class='ocr_par' dir='ltr' id='par_1_9' title="bbox 76 1070 1536 1140">
     <span class='ocr_line' id='line_1_9' title="bbox 76 1070 1536 1140; baseline 0.003 -14"><span class='ocrx_word' id='word_1_53' title='bbox 76 1072 197 1136; x_wconf 84' lang='lat' dir='ltr'><strong>dens,</strong></span> <span class='ocrx_word' id='word_1_54' title='bbox 213 1070 550 1140; x_wconf 88' lang='lat' dir='ltr'><strong>jucunditatis</strong></span> <span class='ocrx_word' id='word_1_55' title='bbox 581 1074 836 1128; x_wconf 84' lang='lat' dir='ltr'><strong>amictum</strong></span> <span class='ocrx_word' id='word_1_56' title='bbox 871 1073 1064 1129; x_wconf 88' lang='lat' dir='ltr'><strong>induit.</strong></span> <span class='ocrx_word' id='word_1_57' title='bbox 1531 1119 1536 1122; x_wconf 88' lang='lat'><strong>.</strong></span> 
     </span>
    </p>
   </div>
   <div class='ocr_carea' id='block_1_10' title="bbox 128 1162 1600 1239">
    <p class='ocr_par' dir='ltr' id='par_1_10' title="bbox 128 1162 1600 1239">
     <span class='ocr_line' id='line_1_10' title="bbox 128 1162 1600 1239; baseline 0.006 -24"><span class='ocrx_word' id='word_1_58' title='bbox 128 1162 200 1216; x_wconf 73' lang='lat' dir='ltr'><strong>l2.</strong></span> <span class='ocrx_word' id='word_1_59' title='bbox 235 1162 373 1218; x_wconf 86' lang='lat' dir='ltr'><strong>Tunc</strong></span> <span class='ocrx_word' id='word_1_60' title='bbox 412 1164 644 1235; x_wconf 85' lang='lat' dir='ltr'><strong>quippe,</strong></span> <span class='ocrx_word' id='word_1_61' title='bbox 679 1174 738 1220; x_wconf 91' lang='lat' dir='ltr'><strong>ut</strong></span> <span class='ocrx_word' id='word_1_62' title='bbox 765 1165 973 1234; x_wconf 90' lang='lat' dir='ltr'><strong>justum</strong></span> <span class='ocrx_word' id='word_1_63' title='bbox 1007 1167 1202 1233; x_wconf 79' lang='lat' dir='ltr'><strong>fuerat,</strong></span> <span class='ocrx_word' id='word_1_64' title='bbox 1231 1167 1518 1239; x_wconf 82' lang='lat' dir='ltr'><strong>dignanter</strong></span> <span class='ocrx_word' id='word_1_65' title='bbox 1544 1177 1600 1224; x_wconf 91' lang='lat' dir='ltr'><strong>et</strong></span> 
     </span>
    </p>
   </div>
   <div class='ocr_carea' id='block_1_11' title="bbox 75 1254 1598 1327">
    <p class='ocr_par' dir='ltr' id='par_1_11' title="bbox 75 1254 1598 1327">
     <span class='ocr_line' id='line_1_11' title="bbox 75 1254 1598 1327; baseline 0.005 -19"><span class='ocrx_word' id='word_1_66' title='bbox 75 1254 196 1308; x_wconf 83' lang='lat' dir='ltr'><strong>valde</strong></span> <span class='ocrx_word' id='word_1_67' title='bbox 220 1264 525 1310; x_wconf 89' lang='lat' dir='ltr'><strong>veneranter</strong></span> <span class='ocrx_word' id='word_1_68' title='bbox 551 1271 748 1326; x_wconf 90' lang='lat' dir='ltr'><strong>corpus</strong></span> <span class='ocrx_word' id='word_1_69' title='bbox 769 1259 1159 1327; x_wconf 91' lang='lat' dir='ltr'><strong>compositum,</strong></span> <span class='ocrx_word' id='word_1_70' title='bbox 1204 1260 1258 1315; x_wconf 93' lang='lat' dir='ltr'><strong>in</strong></span> <span class='ocrx_word' id='word_1_71' title='bbox 1311 1259 1598 1318; x_wconf 85' lang='lat' dir='ltr'><strong>ecclesiam</strong></span> 
     </span>
    </p>
   </div>
   <div class='ocr_carea' id='block_1_12' title="bbox 72 1341 1602 1421">
    <p class='ocr_par' dir='ltr' id='par_1_12' title="bbox 72 1341 1602 1421">
     <span class='ocr_line' id='line_1_12' title="bbox 72 1341 1602 1421; baseline 0.007 -26"><span class='ocrx_word' id='word_1_72' title='bbox 72 1351 171 1397; x_wconf 87' lang='lat' dir='ltr'><strong>ante</strong></span> <span class='ocrx_word' id='word_1_73' title='bbox 191 1341 373 1409; x_wconf 83' lang='lat' dir='ltr'><strong>altare,</strong></span> <span class='ocrx_word' id='word_1_74' title='bbox 423 1359 526 1399; x_wconf 94' lang='lat' dir='ltr'><strong>non</strong></span> <span class='ocrx_word' id='word_1_75' title='bbox 583 1345 703 1402; x_wconf 88' lang='lat' dir='ltr'><strong>sine</strong></span> <span class='ocrx_word' id='word_1_76' title='bbox 753 1345 1071 1417; x_wconf 83' lang='lat' dir='ltr'><strong>lacrymosis</strong></span> <span class='ocrx_word' id='word_1_77' title='bbox 1107 1349 1397 1419; x_wconf 75' lang='lat' dir='ltr'><strong>gemitibus</strong></span> <span class='ocrx_word' id='word_1_78' title='bbox 1426 1351 1602 1421; x_wconf 91' lang='lat' dir='ltr'><strong>suspi-</strong></span> 
     </span>
    </p>
   </div>
   <div class='ocr_carea' id='block_1_13' title="bbox 73 1435 1602 1505">
    <p class='ocr_par' dir='ltr' id='par_1_13' title="bbox 73 1435 1602 1505">
     <span class='ocr_line' id='line_1_13' title="bbox 73 1435 1602 1505; baseline 0.005 -16"><span class='ocrx_word' id='word_1_79' title='bbox 73 1435 237 1505; x_wconf 74' lang='lat' dir='ltr'><strong>riisque</strong></span> <span class='ocrx_word' id='word_1_80' title='bbox 263 1435 726 1502; x_wconf 89' lang='lat' dir='ltr'><strong>inenarrabilibus,</strong></span> <span class='ocrx_word' id='word_1_81' title='bbox 760 1437 981 1492; x_wconf 90' lang='lat' dir='ltr'><strong>allatum</strong></span> <span class='ocrx_word' id='word_1_82' title='bbox 1019 1449 1104 1495; x_wconf 89' lang='lat' dir='ltr'><strong>est</strong></span> <span class='ocrx_word' id='word_1_83' title='bbox 1134 1456 1164 1494; x_wconf 92' lang='lat' dir='ltr'><strong>a</strong></span> <span class='ocrx_word' id='word_1_84' title='bbox 1191 1439 1472 1496; x_wconf 80' lang='lat' dir='ltr'><strong>fratribus.</strong></span> <span class='ocrx_word' id='word_1_85' title='bbox 1506 1441 1602 1497; x_wconf 84' lang='lat' dir='ltr'><strong>Vi-</strong></span> 
     </span>
    </p>
   </div>
   <div class='ocr_carea' id='block_1_14' title="bbox 70 1527 1602 1604">
    <p class='ocr_par' dir='ltr' id='par_1_14' title="bbox 70 1527 1602 1604">
     <span class='ocr_line' id='line_1_14' title="bbox 70 1527 1602 1604; baseline 0.006 -23"><span class='ocrx_word' id='word_1_86' title='bbox 70 1527 256 1583; x_wconf 86' lang='lat' dir='ltr'><strong>duarum</strong></span> <span class='ocrx_word' id='word_1_87' title='bbox 275 1536 326 1584; x_wconf 90' lang='lat' dir='ltr'><strong>et</strong></span> <span class='ocrx_word' id='word_1_88' title='bbox 347 1530 754 1599; x_wconf 90' lang='lat' dir='ltr'><strong>orphanorum,</strong></span> <span class='ocrx_word' id='word_1_89' title='bbox 789 1539 845 1586; x_wconf 91' lang='lat' dir='ltr'><strong>et</strong></span> <span class='ocrx_word' id='word_1_90' title='bbox 887 1547 1074 1587; x_wconf 91' lang='lat' dir='ltr'><strong>eorum</strong></span> <span class='ocrx_word' id='word_1_91' title='bbox 1105 1547 1335 1602; x_wconf 90' lang='lat' dir='ltr'><strong>quorum</strong></span> <span class='ocrx_word' id='word_1_92' title='bbox 1379 1533 1602 1604; x_wconf 86' lang='lat' dir='ltr'><strong>gerebat</strong></span> 
     </span>
    </p>
   </div>
   <div class='ocr_carea' id='block_1_15' title="bbox 69 1617 1599 1692">
    <p class='ocr_par' dir='ltr' id='par_1_15' title="bbox 69 1617 1599 1692">
     <span class='ocr_line' id='line_1_15' title="bbox 69 1617 1599 1692; baseline 0.005 -21"><span class='ocrx_word' id='word_1_93' title='bbox 69 1632 237 1681; x_wconf 85' lang='lat' dir='ltr'><strong>curam,</strong></span> <span class='ocrx_word' id='word_1_94' title='bbox 259 1633 410 1673; x_wconf 87' lang='lat' dir='ltr'><strong>voces</strong></span> <span class='ocrx_word' id='word_1_95' title='bbox 438 1617 646 1676; x_wconf 87' lang='lat' dir='ltr'><strong>flebiles</strong></span> <span class='ocrx_word' id='word_1_96' title='bbox 678 1619 1080 1676; x_wconf 87' lang='lat' dir='ltr'><strong>invalescebant</strong></span> <span class='ocrx_word' id='word_1_97' title='bbox 1107 1641 1119 1676; x_wconf 92' lang='lat'>:</span> <span class='ocrx_word' id='word_1_98' title='bbox 1147 1638 1267 1692; x_wconf 64' lang='lat' dir='ltr'><strong>quae</strong></span> <span class='ocrx_word' id='word_1_99' title='bbox 1306 1622 1599 1678; x_wconf 91' lang='lat' dir='ltr'><strong>multorum</strong></span> 
     </span>
    </p>
   </div>
   <div class='ocr_carea' id='block_1_16' title="bbox 69 1708 1600 1786">
    <p class='ocr_par' dir='ltr' id='par_1_16' title="bbox 69 1708 1600 1786">
     <span class='ocr_line' id='line_1_16' title="bbox 69 1708 1600 1786; baseline 0.004 -22"><span class='ocrx_word' id='word_1_100' title='bbox 69 1708 352 1765; x_wconf 80' lang='lat' dir='ltr'><strong>audientium</strong></span> <span class='ocrx_word' id='word_1_101' title='bbox 399 1710 673 1783; x_wconf 87' lang='lat' dir='ltr'><strong>lacrymas</strong></span> <span class='ocrx_word' id='word_1_102' title='bbox 717 1715 1025 1769; x_wconf 88' lang='lat' dir='ltr'><strong>movebant.</strong></span> <span class='ocrx_word' id='word_1_103' title='bbox 1070 1713 1234 1771; x_wconf 82' lang='lat' dir='ltr'><strong>Fama</strong></span> <span class='ocrx_word' id='word_1_104' title='bbox 1265 1729 1482 1786; x_wconf 88' lang='lat' dir='ltr'><strong>quoque</strong></span> <span class='ocrx_word' id='word_1_105' title='bbox 1508 1729 1600 1770; x_wconf 90' lang='lat' dir='ltr'><strong>ve-</strong></span> 
     </span>
    </p>
   </div>
   <div class='ocr_carea' id='block_1_17' title="bbox 67 1799 1603 1877">
    <p class='ocr_par' dir='ltr' id='par_1_17' title="bbox 67 1799 1603 1877">
     <span class='ocr_line' id='line_1_17' title="bbox 67 1799 1603 1877; baseline 0.006 -23"><span class='ocrx_word' id='word_1_106' title='bbox 67 1799 290 1856; x_wconf 86' lang='lat' dir='ltr'><strong>locissima</strong></span> <span class='ocrx_word' id='word_1_107' title='bbox 314 1803 492 1858; x_wconf 92' lang='lat' dir='ltr'><strong>obisse</strong></span> <span class='ocrx_word' id='word_1_108' title='bbox 523 1805 1029 1861; x_wconf 87' lang='lat' dir='ltr'><strong>veneranllssimam</strong></span> <span class='ocrx_word' id='word_1_109' title='bbox 1074 1805 1222 1862; x_wconf 87' lang='lat' dir='ltr'><strong>Idam</strong></span> <span class='ocrx_word' id='word_1_110' title='bbox 1257 1807 1603 1877; x_wconf 88' lang='lat' dir='ltr'><strong>circumqua-</strong></span> 
     </span>
    </p>
   </div>
   <div class='ocr_carea' id='block_1_18' title="bbox 66 1894 1603 1971">
    <p class='ocr_par' dir='ltr' id='par_1_18' title="bbox 66 1894 1603 1971">
     <span class='ocr_line' id='line_1_18' title="bbox 66 1894 1603 1971; baseline 0.007 -26"><span class='ocrx_word' id='word_1_111' title='bbox 66 1907 146 1966; x_wconf 85' lang='lat' dir='ltr'><strong>que</strong></span> <span class='ocrx_word' id='word_1_112' title='bbox 171 1894 441 1961; x_wconf 81' lang='lat' dir='ltr'><strong>nuntiavit,</strong></span> <span class='ocrx_word' id='word_1_113' title='bbox 473 1911 598 1966; x_wconf 65' lang='lat' dir='ltr'><strong>qute</strong></span> <span class='ocrx_word' id='word_1_114' title='bbox 627 1913 798 1968; x_wconf 88' lang='lat' dir='ltr'><strong>usque</strong></span> <span class='ocrx_word' id='word_1_115' title='bbox 819 1899 888 1958; x_wconf 82' lang='lat' dir='ltr'><strong>ad</strong></span> <span class='ocrx_word' id='word_1_116' title='bbox 914 1899 1226 1955; x_wconf 91' lang='lat' dir='ltr'><strong>defunctum</strong></span> <span class='ocrx_word' id='word_1_117' title='bbox 1258 1915 1457 1971; x_wconf 90' lang='lat' dir='ltr'><strong>corpus</strong></span> <span class='ocrx_word' id='word_1_118' title='bbox 1486 1899 1603 1968; x_wconf 88' lang='lat' dir='ltr'><strong>ejus</strong></span> 
     </span>
    </p>
   </div>
   <div class='ocr_carea' id='block_1_19' title="bbox 67 1983 1604 2053">
    <p class='ocr_par' dir='ltr' id='par_1_19' title="bbox 67 1983 1604 2053">
     <span class='ocr_line' id='line_1_19' title="bbox 67 1983 1604 2053; baseline 0.008 -19"><span class='ocrx_word' id='word_1_119' title='bbox 67 1983 299 2053; x_wconf 88' lang='lat' dir='ltr'><strong>utriusque</strong></span> <span class='ocrx_word' id='word_1_120' title='bbox 329 1999 492 2040; x_wconf 80' lang='lat' dir='ltr'><strong>sexus</strong></span> <span class='ocrx_word' id='word_1_121' title='bbox 535 1986 936 2043; x_wconf 89' lang='lat' dir='ltr'><strong>multitudinem</strong></span> <span class='ocrx_word' id='word_1_122' title='bbox 978 1989 1253 2046; x_wconf 81' lang='lat' dir='ltr'><strong>conduxit.</strong></span> <span class='ocrx_word' id='word_1_123' title='bbox 1287 1989 1468 2046; x_wconf 85' lang='lat' dir='ltr'><strong>Abbas</strong></span> <span class='ocrx_word' id='word_1_124' title='bbox 1524 1999 1604 2046; x_wconf 90' lang='lat' dir='ltr'><strong>et-</strong></span> 
     </span>
    </p>
   </div>
   <div class='ocr_carea' id='block_1_20' title="bbox 66 2074 1602 2150">
    <p class='ocr_par' dir='ltr' id='par_1_20' title="bbox 66 2074 1602 2150">
     <span class='ocr_line' id='line_1_20' title="bbox 66 2074 1602 2150; baseline 0.007 -24"><span class='ocrx_word' id='word_1_125' title='bbox 66 2074 178 2138; x_wconf 76' lang='lat' dir='ltr'><strong>enim</strong></span> <span class='ocrx_word' id='word_1_126' title='bbox 201 2083 250 2129; x_wconf 89' lang='lat' dir='ltr'><strong>et</strong></span> <span class='ocrx_word' id='word_1_127' title='bbox 269 2075 515 2130; x_wconf 87' lang='lat' dir='ltr'><strong>monachi</strong></span> <span class='ocrx_word' id='word_1_128' title='bbox 557 2074 616 2132; x_wconf 87' lang='lat' dir='ltr'><strong>S.</strong></span> <span class='ocrx_word' id='word_1_129' title='bbox 641 2076 1178 2150; x_wconf 78' lang='lat' dir='ltr'><strong>Vulmari,quoniam</strong></span> <span class='ocrx_word' id='word_1_130' title='bbox 1211 2079 1294 2134; x_wconf 90' lang='lat' dir='ltr'><strong>vir</strong></span> <span class='ocrx_word' id='word_1_131' title='bbox 1322 2079 1466 2138; x_wconf 92' lang='lat' dir='ltr'><strong>illius</strong></span> <span class='ocrx_word' id='word_1_132' title='bbox 1497 2081 1602 2136; x_wconf 87' lang='lat' dir='ltr'><strong>Eu-</strong></span> 
     </span>
    </p>
   </div>
   <div class='ocr_carea' id='block_1_21' title="bbox 66 2165 1604 2242">
    <p class='ocr_par' dir='ltr' id='par_1_21' title="bbox 66 2165 1604 2242">
     <span class='ocr_line' id='line_1_21' title="bbox 66 2165 1604 2242; baseline 0.006 -23"><span class='ocrx_word' id='word_1_133' title='bbox 66 2165 263 2221; x_wconf 81' lang='lat' dir='ltr'><strong>stachius</strong></span> <span class='ocrx_word' id='word_1_134' title='bbox 286 2166 395 2238; x_wconf 76' lang='grc'><strong>(27)</strong></span> <span class='ocrx_word' id='word_1_135' title='bbox 420 2165 624 2224; x_wconf 89' lang='lat' dir='ltr'><strong>Senior</strong></span> <span class='ocrx_word' id='word_1_136' title='bbox 651 2171 789 2240; x_wconf 88' lang='lat' dir='ltr'><strong>apud</strong></span> <span class='ocrx_word' id='word_1_137' title='bbox 821 2170 943 2227; x_wconf 92' lang='lat' dir='ltr'><strong>illos</strong></span> <span class='ocrx_word' id='word_1_138' title='bbox 965 2172 1207 2241; x_wconf 89' lang='lat' dir='ltr'><strong>sepultus</strong></span> <span class='ocrx_word' id='word_1_139' title='bbox 1235 2172 1414 2228; x_wconf 81' lang='lat' dir='ltr'><strong>fuerat</strong></span> <span class='ocrx_word' id='word_1_140' title='bbox 1438 2214 1453 2236; x_wconf 91' lang='lat'><strong>,</strong></span> <span class='ocrx_word' id='word_1_141' title='bbox 1479 2171 1604 2242; x_wconf 91' lang='lat' dir='ltr'><strong>jure</strong></span> 
     </span>
    </p>
   </div>
   <div class='ocr_carea' id='block_1_22' title="bbox 64 2257 1604 2336">
    <p class='ocr_par' dir='ltr' id='par_1_22' title="bbox 64 2257 1604 2336">
     <span class='ocr_line' id='line_1_22' title="bbox 64 2257 1604 2336; baseline 0.009 -28"><span class='ocrx_word' id='word_1_142' title='bbox 64 2258 183 2326; x_wconf 84' lang='lat' dir='ltr'><strong>quasi</strong></span> <span class='ocrx_word' id='word_1_143' title='bbox 209 2257 548 2322; x_wconf 66' lang='lat' dir='ltr'><strong>haereditario</strong></span> <span class='ocrx_word' id='word_1_144' title='bbox 579 2275 774 2331; x_wconf 90' lang='lat' dir='ltr'><strong>corpus</strong></span> <span class='ocrx_word' id='word_1_145' title='bbox 811 2264 997 2319; x_wconf 80' lang='lat' dir='ltr'><strong>uxoris</strong></span> <span class='ocrx_word' id='word_1_146' title='bbox 1042 2263 1194 2333; x_wconf 79' lang='lat' dir='ltr'><strong>juxta</strong></span> <span class='ocrx_word' id='word_1_147' title='bbox 1246 2265 1423 2320; x_wconf 88' lang='lat' dir='ltr'><strong>virum</strong></span> <span class='ocrx_word' id='word_1_148' title='bbox 1456 2282 1604 2336; x_wconf 61' lang='lat' dir='ltr'><strong>quae.-</strong></span> 
     </span>
    </p>
   </div>
   <div class='ocr_carea' id='block_1_23' title="bbox 64 2343 1603 2419">
    <p class='ocr_par' dir='ltr' id='par_1_23' title="bbox 64 2343 1603 2419">
     <span class='ocr_line' id='line_1_23' title="bbox 64 2343 1603 2419; baseline 0.008 -21"><span class='ocrx_word' id='word_1_149' title='bbox 64 2343 234 2402; x_wconf 87' lang='lat' dir='ltr'><strong>rcbant.</strong></span> <span class='ocrx_word' id='word_1_150' title='bbox 275 2346 537 2414; x_wconf 84' lang='lat' dir='ltr'><strong>Similiter</strong></span> <span class='ocrx_word' id='word_1_151' title='bbox 569 2358 624 2405; x_wconf 90' lang='lat' dir='ltr'><strong>et</strong></span> <span class='ocrx_word' id='word_1_152' title='bbox 652 2351 901 2407; x_wconf 89' lang='lat' dir='ltr'><strong>canonici</strong></span> <span class='ocrx_word' id='word_1_153' title='bbox 943 2350 1183 2408; x_wconf 83' lang='lat' dir='ltr'><strong>Boloniae</strong></span> <span class='ocrx_word' id='word_1_154' title='bbox 1231 2354 1503 2419; x_wconf 84' lang='lat' dir='ltr'><strong>civitatis,</strong></span> <span class='ocrx_word' id='word_1_155' title='bbox 1535 2356 1603 2410; x_wconf 90' lang='lat' dir='ltr'><strong>ob</strong></span> 
     </span>
    </p>
   </div>
   <div class='ocr_carea' id='block_1_24' title="bbox 64 2440 1602 2515">
    <p class='ocr_par' dir='ltr' id='par_1_24' title="bbox 64 2440 1602 2515">
     <span class='ocr_line' id='line_1_24' title="bbox 64 2440 1602 2515; baseline 0.005 -23"><span class='ocrx_word' id='word_1_156' title='bbox 64 2440 367 2495; x_wconf 86' lang='lat' dir='ltr'><strong>reverentiam</strong></span> <span class='ocrx_word' id='word_1_157' title='bbox 394 2440 488 2496; x_wconf 92' lang='lat' dir='ltr'><strong>lllii</strong></span> <span class='ocrx_word' id='word_1_158' title='bbox 523 2441 614 2498; x_wconf 86' lang='lat' dir='ltr'><strong>sui</strong></span> <span class='ocrx_word' id='word_1_159' title='bbox 649 2442 926 2508; x_wconf 84' lang='lat' dir='ltr'><strong>Eustachii</strong></span> <span class='ocrx_word' id='word_1_160' title='bbox 959 2443 1196 2512; x_wconf 91' lang='lat' dir='ltr'><strong>comitis,</strong></span> <span class='ocrx_word' id='word_1_161' title='bbox 1216 2444 1446 2515; x_wconf 87' lang='lat' dir='ltr'><strong>ideoque</strong></span> <span class='ocrx_word' id='word_1_162' title='bbox 1477 2445 1602 2514; x_wconf 87' lang='lat' dir='ltr'><strong>quia</strong></span> 
     </span>
    </p>
   </div>
   <div class='ocr_carea' id='block_1_25' title="bbox 63 2527 1607 2606">
    <p class='ocr_par' dir='ltr' id='par_1_25' title="bbox 63 2527 1607 2606">
     <span class='ocr_line' id='line_1_25' title="bbox 63 2527 1607 2606; baseline 0.007 -25"><span class='ocrx_word' id='word_1_163' title='bbox 63 2527 200 2606; x_wconf 87' lang='lat' dir='ltr'><strong>primo</strong></span> <span class='ocrx_word' id='word_1_164' title='bbox 225 2532 614 2588; x_wconf 87' lang='lat' dir='ltr'><strong>monasterium</strong></span> <span class='ocrx_word' id='word_1_165' title='bbox 658 2533 870 2589; x_wconf 92' lang='lat' dir='ltr'><strong>illorum</strong></span> <span class='ocrx_word' id='word_1_166' title='bbox 903 2535 1348 2600; x_wconf 69' lang='lat' dir='ltr'><strong>reredillcaverat,</strong></span> <span class='ocrx_word' id='word_1_167' title='bbox 1373 2537 1607 2592; x_wconf 56' lang='lat' dir='ltr'><strong>sanctis.</strong></span> 
     </span>
    </p>
   </div>
   <div class='ocr_carea' id='block_1_26' title="bbox 62 2620 1599 2697">
    <p class='ocr_par' dir='ltr' id='par_1_26' title="bbox 62 2620 1599 2697">
     <span class='ocr_line' id='line_1_26' title="bbox 62 2620 1599 2697; baseline 0.005 -23"><span class='ocrx_word' id='word_1_168' title='bbox 62 2620 180 2676; x_wconf 65' lang='lat' dir='ltr'><strong>simae</strong></span> <span class='ocrx_word' id='word_1_169' title='bbox 198 2621 292 2680; x_wconf 67' lang='lat' dir='ltr'><strong>Idae</strong></span> <span class='ocrx_word' id='word_1_170' title='bbox 314 2639 512 2694; x_wconf 88' lang='lat' dir='ltr'><strong>corpus</strong></span> <span class='ocrx_word' id='word_1_171' title='bbox 542 2626 797 2685; x_wconf 66' lang='lat' dir='ltr'><strong>examine</strong></span> <span class='ocrx_word' id='word_1_172' title='bbox 823 2625 1189 2696; x_wconf 91' lang='lat' dir='ltr'><strong>sepeliendum</strong></span> <span class='ocrx_word' id='word_1_173' title='bbox 1217 2628 1599 2697; x_wconf 88' lang='lat' dir='ltr'><strong>requirebant;</strong></span> 
     </span>
    </p>
   </div>
   <div class='ocr_carea' id='block_1_27' title="bbox 62 2710 1606 2787">
    <p class='ocr_par' dir='ltr' id='par_1_27' title="bbox 62 2710 1606 2787">
     <span class='ocr_line' id='line_1_27' title="bbox 62 2710 1606 2787; baseline 0.005 -22"><span class='ocrx_word' id='word_1_174' title='bbox 62 2710 258 2768; x_wconf 75' lang='lat' dir='ltr'><strong>ecclesia:</strong></span> <span class='ocrx_word' id='word_1_175' title='bbox 278 2713 387 2782; x_wconf 70' lang='lat'><strong>(28)</strong></span> <span class='ocrx_word' id='word_1_176' title='bbox 417 2724 606 2771; x_wconf 89' lang='lat' dir='ltr'><strong>autem</strong></span> <span class='ocrx_word' id='word_1_177' title='bbox 659 2715 889 2782; x_wconf 81' lang='lat' dir='ltr'><strong>fratres,</strong></span> <span class='ocrx_word' id='word_1_178' title='bbox 918 2717 1008 2772; x_wconf 92' lang='lat' dir='ltr'><strong>ubi</strong></span> <span class='ocrx_word' id='word_1_179' title='bbox 1044 2717 1296 2786; x_wconf 88' lang='lat' dir='ltr'><strong>finierat,</strong></span> <span class='ocrx_word' id='word_1_180' title='bbox 1320 2717 1468 2787; x_wconf 90' lang='lat' dir='ltr'><strong>juste</strong></span> <span class='ocrx_word' id='word_1_181' title='bbox 1494 2717 1606 2773; x_wconf 93' lang='lat' dir='ltr'><strong>illic</strong></span> 
     </span>
    </p>
   </div>
   <div class='ocr_carea' id='block_1_28' title="bbox 62 2805 1630 2880">
    <p class='ocr_par' dir='ltr' id='par_1_28' title="bbox 62 2805 1630 2880">
     <span class='ocr_line' id='line_1_28' title="bbox 62 2805 1630 2880; baseline 0.005 -23"><span class='ocrx_word' id='word_1_182' title='bbox 62 2815 152 2857; x_wconf 80' lang='lat' dir='ltr'><strong>esse</strong></span> <span class='ocrx_word' id='word_1_183' title='bbox 190 2805 553 2874; x_wconf 85' lang='lat' dir='ltr'><strong>sepeliendum</strong></span> <span class='ocrx_word' id='word_1_184' title='bbox 582 2807 920 2862; x_wconf 77' lang='lat' dir='ltr'><strong>asserebant.</strong></span> <span class='ocrx_word' id='word_1_185' title='bbox 967 2809 1039 2862; x_wconf 82' lang='lat' dir='ltr'><strong>At</strong></span> <span class='ocrx_word' id='word_1_186' title='bbox 1067 2823 1197 2866; x_wconf 90' lang='lat' dir='ltr'><strong>vero</strong></span> <span class='ocrx_word' id='word_1_187' title='bbox 1249 2817 1630 2880; x_wconf 61' lang='lat' dir='ltr'><strong>utrorumque,</strong></span> 
     </span>
    </p>
   </div>
   <div class='ocr_carea' id='block_1_29' title="bbox 62 2891 1606 2972">
    <p class='ocr_par' dir='ltr' id='par_1_29' title="bbox 62 2891 1606 2972">
     <span class='ocr_line' id='line_1_29' title="bbox 62 2891 1606 2972; baseline 0.008 -27"><span class='ocrx_word' id='word_1_188' title='bbox 62 2891 170 2949; x_wconf 85' lang='lat' dir='ltr'><strong>facta</strong></span> <span class='ocrx_word' id='word_1_189' title='bbox 193 2896 386 2965; x_wconf 82' lang='lat' dir='ltr'><strong>petitio,</strong></span> <span class='ocrx_word' id='word_1_190' title='bbox 417 2907 473 2953; x_wconf 91' lang='lat' dir='ltr'><strong>et</strong></span> <span class='ocrx_word' id='word_1_191' title='bbox 499 2912 696 2953; x_wconf 84' lang='lat' dir='ltr'><strong>eorum</strong></span> <span class='ocrx_word' id='word_1_192' title='bbox 727 2906 947 2954; x_wconf 90' lang='lat' dir='ltr'><strong>ostensa</strong></span> <span class='ocrx_word' id='word_1_193' title='bbox 977 2900 1138 2965; x_wconf 88' lang='lat' dir='ltr'><strong>ratio,</strong></span> <span class='ocrx_word' id='word_1_194' title='bbox 1166 2915 1273 2955; x_wconf 92' lang='lat' dir='ltr'><strong>non</strong></span> <span class='ocrx_word' id='word_1_195' title='bbox 1307 2901 1606 2972; x_wconf 73' lang='lat' dir='ltr'><strong>praevalue-</strong></span> 
     </span>
    </p>
   </div>
   <div class='ocr_carea' id='block_1_30' title="bbox 62 2988 1604 3062">
    <p class='ocr_par' dir='ltr' id='par_1_30' title="bbox 62 2988 1604 3062">
     <span class='ocr_line' id='line_1_30' title="bbox 62 2988 1604 3062; baseline 0.006 -24"><span class='ocrx_word' id='word_1_196' title='bbox 62 2995 156 3052; x_wconf 83' lang='lat' dir='ltr'><strong>runt</strong></span> <span class='ocrx_word' id='word_1_197' title='bbox 178 2999 350 3044; x_wconf 90' lang='lat' dir='ltr'><strong>contra</strong></span> <span class='ocrx_word' id='word_1_198' title='bbox 379 2988 714 3061; x_wconf 66' lang='lat' dir='ltr'><strong>praesagium</strong></span> <span class='ocrx_word' id='word_1_199' title='bbox 737 3029 754 3055; x_wconf 95' lang='lat'><strong>,</strong></span> <span class='ocrx_word' id='word_1_200' title='bbox 788 2989 931 3062; x_wconf 86' lang='lat' dir='ltr'><strong>quod</strong></span> <span class='ocrx_word' id='word_1_201' title='bbox 959 2991 1174 3054; x_wconf 70' lang='lat' dir='ltr'><strong>dixerat</strong></span> <span class='ocrx_word' id='word_1_202' title='bbox 1197 2991 1389 3057; x_wconf 89' lang='lat' dir='ltr'><strong>beata,</strong></span> <span class='ocrx_word' id='word_1_203' title='bbox 1423 2991 1604 3048; x_wconf 87' lang='lat' dir='ltr'><strong>vivam</strong></span> 
     </span>
    </p>
   </div>
   <div class='ocr_carea' id='block_1_31' title="bbox 61 3069 1678 3182">
    <p class='ocr_par' dir='ltr' id='par_1_31' title="bbox 61 3069 1678 3182">
     <span class='ocr_line' id='line_1_31' title="bbox 61 3069 1678 3182; baseline 0.011 -54"><span class='ocrx_word' id='word_1_204' title='bbox 61 3076 124 3178; x_wconf 72' lang='lat' dir='ltr'><strong>vel</strong></span> <span class='ocrx_word' id='word_1_205' title='bbox 148 3089 394 3137; x_wconf 89' lang='lat' dir='ltr'><strong>mortuam</strong></span> <span class='ocrx_word' id='word_1_206' title='bbox 419 3083 488 3138; x_wconf 88' lang='lat' dir='ltr'><strong>ad</strong></span> <span class='ocrx_word' id='word_1_207' title='bbox 513 3080 679 3138; x_wconf 79' lang='lat' dir='ltr'><strong>Wast</strong></span> <span class='ocrx_word' id='word_1_208' title='bbox 703 3069 763 3138; x_wconf 88' lang='lat' dir='ltr'><strong>se</strong></span> <span class='ocrx_word' id='word_1_209' title='bbox 786 3083 1068 3148; x_wconf 86' lang='lat' dir='ltr'><strong>Dominico</strong></span> <span class='ocrx_word' id='word_1_210' title='bbox 1097 3085 1184 3140; x_wconf 87' lang='lat' dir='ltr'><strong>die</strong></span> <span class='ocrx_word' id='word_1_211' title='bbox 1211 3087 1461 3156; x_wconf 79' lang='lat' dir='ltr'><strong>proximo</strong></span> <span class='ocrx_word' id='word_1_212' title='bbox 1482 3101 1606 3152; x_wconf 88' lang='lat' dir='ltr'><strong>esse</strong></span> <span class='ocrx_word' id='word_1_213' title='bbox 1631 3117 1678 3182; x_wconf 66' lang='grc' dir='ltr'>ο</span> 
     </span>
    </p>
   </div>
   <div class='ocr_carea' id='block_1_32' title="bbox 61 3167 1602 3249">
    <p class='ocr_par' dir='ltr' id='par_1_32' title="bbox 61 3167 1602 3249">
     <span class='ocr_line' id='line_1_32' title="bbox 61 3167 1602 3249; baseline 0.008 -27"><span class='ocrx_word' id='word_1_214' title='bbox 61 3167 149 3230; x_wconf 75' lang='lat' dir='ltr'><strong>sine</strong></span> <span class='ocrx_word' id='word_1_215' title='bbox 191 3171 338 3238; x_wconf 88' lang='lat' dir='ltr'><strong>dubio</strong></span> <span class='ocrx_word' id='word_1_216' title='bbox 393 3188 738 3240; x_wconf 81' lang='lat' dir='ltr'><strong>mansuram.</strong></span> <span class='ocrx_word' id='word_1_217' title='bbox 801 3173 1086 3230; x_wconf 88' lang='lat' dir='ltr'><strong>Sublatum</strong></span> <span class='ocrx_word' id='word_1_218' title='bbox 1135 3175 1332 3240; x_wconf 71' lang='lat' dir='ltr'><strong>exinde</strong></span> <span class='ocrx_word' id='word_1_219' title='bbox 1370 3193 1602 3249; x_wconf 91' lang='lat' dir='ltr'><strong>corpus,</strong></span> 
     </span>
    </p>
   </div>
   <div class='ocr_carea' id='block_1_33' title="bbox 62 3263 1606 3338">
    <p class='ocr_par' dir='ltr' id='par_1_33' title="bbox 62 3263 1606 3338">
     <span class='ocr_line' id='line_1_33' title="bbox 62 3263 1606 3338; baseline 0.007 -26"><span class='ocrx_word' id='word_1_220' title='bbox 62 3271 221 3323; x_wconf 70' lang='lat' dir='ltr'><strong>sancire</strong></span> <span class='ocrx_word' id='word_1_221' title='bbox 262 3263 476 3334; x_wconf 84' lang='lat' dir='ltr'><strong>impleta</strong></span> <span class='ocrx_word' id='word_1_222' title='bbox 507 3263 828 3336; x_wconf 85' lang='lat' dir='ltr'><strong>prophetia,</strong></span> <span class='ocrx_word' id='word_1_223' title='bbox 857 3265 925 3320; x_wconf 91' lang='lat' dir='ltr'><strong>ad</strong></span> <span class='ocrx_word' id='word_1_224' title='bbox 952 3265 1127 3328; x_wconf 87' lang='lat' dir='ltr'><strong>locum</strong></span> <span class='ocrx_word' id='word_1_225' title='bbox 1169 3267 1256 3323; x_wconf 94' lang='lat' dir='ltr'><strong>ubi</strong></span> <span class='ocrx_word' id='word_1_226' title='bbox 1289 3267 1436 3338; x_wconf 83' lang='lat' dir='ltr'><strong>jacet</strong></span> <span class='ocrx_word' id='word_1_227' title='bbox 1461 3311 1476 3332; x_wconf 91' lang='lat'><strong>,</strong></span> <span class='ocrx_word' id='word_1_228' title='bbox 1511 3271 1606 3324; x_wconf 44' lang='lat' dir='ltr'><strong>de,</strong></span> 
     </span>
    </p>
   </div>
   <div class='ocr_carea' id='block_1_34' title="bbox 62 3355 1608 3426">
    <p class='ocr_par' dir='ltr' id='par_1_34' title="bbox 62 3355 1608 3426">
     <span class='ocr_line' id='line_1_34' title="bbox 62 3355 1608 3426; baseline 0.01 -23"><span class='ocrx_word' id='word_1_229' title='bbox 62 3361 284 3417; x_wconf 83' lang='lat' dir='ltr'><strong>portatum</strong></span> <span class='ocrx_word' id='word_1_230' title='bbox 329 3355 452 3412; x_wconf 88' lang='lat' dir='ltr'><strong>fuit.</strong></span> <span class='ocrx_word' id='word_1_231' title='bbox 497 3355 864 3426; x_wconf 78' lang='lat' dir='ltr'><strong>Congregatis</strong></span> <span class='ocrx_word' id='word_1_232' title='bbox 893 3366 1074 3416; x_wconf 87' lang='lat' dir='ltr'><strong>autem</strong></span> <span class='ocrx_word' id='word_1_233' title='bbox 1111 3359 1187 3415; x_wconf 87' lang='lat' dir='ltr'><strong>ibi</strong></span> <span class='ocrx_word' id='word_1_234' title='bbox 1220 3361 1491 3424; x_wconf 87' lang='lat' dir='ltr'><strong>nonnullis</strong></span> <span class='ocrx_word' id='word_1_235' title='bbox 1519 3378 1608 3419; x_wconf 87' lang='lat' dir='ltr'><strong>re-</strong></span> 
     </span>
    </p>
   </div>
   <div class='ocr_carea' id='block_1_35' title="bbox 61 3438 1604 3521">
    <p class='ocr_par' dir='ltr' id='par_1_35' title="bbox 61 3438 1604 3521">
     <span class='ocr_line' id='line_1_35' title="bbox 61 3438 1604 3521; baseline 0.01 -29"><span class='ocrx_word' id='word_1_236' title='bbox 61 3438 224 3509; x_wconf 85' lang='lat' dir='ltr'><strong>ligiosis</strong></span> <span class='ocrx_word' id='word_1_237' title='bbox 246 3447 488 3514; x_wconf 86' lang='lat' dir='ltr'><strong>personis</strong></span> <span class='ocrx_word' id='word_1_238' title='bbox 519 3487 538 3512; x_wconf 93' lang='lat'><strong>,</strong></span> <span class='ocrx_word' id='word_1_239' title='bbox 561 3448 844 3521; x_wconf 89' lang='lat' dir='ltr'><strong>plebisque</strong></span> <span class='ocrx_word' id='word_1_240' title='bbox 869 3459 1192 3506; x_wconf 86' lang='lat' dir='ltr'><strong>coacervata</strong></span> <span class='ocrx_word' id='word_1_241' title='bbox 1224 3451 1571 3507; x_wconf 87' lang='lat' dir='ltr'><strong>multitudine</strong></span> <span class='ocrx_word' id='word_1_242' title='bbox 1587 3493 1604 3521; x_wconf 94' lang='lat'><strong>,</strong></span> 
     </span>
    </p>
   </div>
   <div class='ocr_carea' id='block_1_36' title="bbox 59 3535 1608 3618">
    <p class='ocr_par' dir='ltr' id='par_1_36' title="bbox 59 3535 1608 3618">
     <span class='ocr_line' id='line_1_36' title="bbox 59 3535 1608 3618; baseline 0.009 -30"><span class='ocrx_word' id='word_1_243' title='bbox 59 3535 302 3609; x_wconf 66' lang='lat' dir='ltr'><strong>sepultura:</strong></span> <span class='ocrx_word' id='word_1_244' title='bbox 323 3581 338 3605; x_wconf 93' lang='lat'><strong>,</strong></span> <span class='ocrx_word' id='word_1_245' title='bbox 367 3552 492 3612; x_wconf 91' lang='lat' dir='ltr'><strong>post</strong></span> <span class='ocrx_word' id='word_1_246' title='bbox 517 3541 716 3599; x_wconf 89' lang='lat' dir='ltr'><strong>nimias</strong></span> <span class='ocrx_word' id='word_1_247' title='bbox 744 3559 776 3598; x_wconf 88' lang='lat' dir='ltr'><strong>a</strong></span> <span class='ocrx_word' id='word_1_248' title='bbox 798 3543 1275 3601; x_wconf 89' lang='lat' dir='ltr'><strong>circumstantibus</strong></span> <span class='ocrx_word' id='word_1_249' title='bbox 1302 3545 1570 3618; x_wconf 87' lang='lat' dir='ltr'><strong>lacrymas</strong></span> <span class='ocrx_word' id='word_1_250' title='bbox 1591 3586 1608 3613; x_wconf 96' lang='lat'><strong>,</strong></span> 
     </span>
    </p>
   </div>
   <div class='ocr_carea' id='block_1_37' title="bbox 60 3631 1609 3707">
    <p class='ocr_par' dir='ltr' id='par_1_37' title="bbox 60 3631 1609 3707">
     <span class='ocr_line' id='line_1_37' title="bbox 60 3631 1609 3707; baseline 0.006 -25"><span class='ocrx_word' id='word_1_251' title='bbox 60 3638 157 3682; x_wconf 77' lang='lat' dir='ltr'><strong>eum</strong></span> <span class='ocrx_word' id='word_1_252' title='bbox 178 3631 455 3699; x_wconf 79' lang='lat' dir='ltr'><strong>gemitibus</strong></span> <span class='ocrx_word' id='word_1_253' title='bbox 489 3633 794 3704; x_wconf 81' lang='lat' dir='ltr'><strong>multisque</strong></span> <span class='ocrx_word' id='word_1_254' title='bbox 819 3633 1153 3691; x_wconf 86' lang='lat' dir='ltr'><strong>clamoribus</strong></span> <span class='ocrx_word' id='word_1_255' title='bbox 1187 3633 1416 3703; x_wconf 73' lang='lat' dir='ltr'><strong>effusas,</strong></span> <span class='ocrx_word' id='word_1_256' title='bbox 1447 3635 1609 3707; x_wconf 82' lang='lat' dir='ltr'><strong>digne</strong></span> 
     </span>
    </p>
   </div>
   <div class='ocr_carea' id='block_1_38' title="bbox 61 3719 1612 3798">
    <p class='ocr_par' dir='ltr' id='par_1_38' title="bbox 61 3719 1612 3798">
     <span class='ocr_line' id='line_1_38' title="bbox 61 3719 1612 3798; baseline 0.01 -31"><span class='ocrx_word' id='word_1_257' title='bbox 61 3725 190 3786; x_wconf 83' lang='lat' dir='ltr'><strong>atque</strong></span> <span class='ocrx_word' id='word_1_258' title='bbox 207 3719 502 3780; x_wconf 84' lang='lat' dir='ltr'><strong>honorifice</strong></span> <span class='ocrx_word' id='word_1_259' title='bbox 538 3725 791 3780; x_wconf 88' lang='lat' dir='ltr'><strong>traditur.</strong></span> <span class='ocrx_word' id='word_1_260' title='bbox 840 3725 995 3780; x_wconf 86' lang='lat' dir='ltr'><strong>Hunc</strong></span> <span class='ocrx_word' id='word_1_261' title='bbox 1035 3741 1164 3798; x_wconf 84' lang='lat' dir='ltr'><strong>ergo</strong></span> <span class='ocrx_word' id='word_1_262' title='bbox 1193 3726 1372 3783; x_wconf 90' lang='lat' dir='ltr'><strong>locum</strong></span> <span class='ocrx_word' id='word_1_263' title='bbox 1401 3727 1493 3783; x_wconf 87' lang='lat' dir='ltr'><strong>Dei</strong></span> <span class='ocrx_word' id='word_1_264' title='bbox 1529 3727 1612 3783; x_wconf 87' lang='lat' dir='ltr'><strong>fa-</strong></span> 
     </span>
    </p>
   </div>
   <div class='ocr_carea' id='block_1_39' title="bbox 63 3810 1612 3890">
    <p class='ocr_par' dir='ltr' id='par_1_39' title="bbox 63 3810 1612 3890">
     <span class='ocr_line' id='line_1_39' title="bbox 63 3810 1612 3890; baseline 0.006 -26"><span class='ocrx_word' id='word_1_265' title='bbox 63 3810 174 3872; x_wconf 77' lang='lat' dir='ltr'><strong>mula</strong></span> <span class='ocrx_word' id='word_1_266' title='bbox 206 3813 382 3878; x_wconf 81' lang='lat' dir='ltr'><strong>vivens</strong></span> <span class='ocrx_word' id='word_1_267' title='bbox 419 3816 596 3873; x_wconf 84' lang='lat' dir='ltr'><strong>corde</strong></span> <span class='ocrx_word' id='word_1_268' title='bbox 624 3818 916 3887; x_wconf 86' lang='lat' dir='ltr'><strong>animoque</strong></span> <span class='ocrx_word' id='word_1_269' title='bbox 951 3817 1172 3884; x_wconf 80' lang='lat' dir='ltr'><strong>dilexit,</strong></span> <span class='ocrx_word' id='word_1_270' title='bbox 1201 3828 1256 3874; x_wconf 87' lang='lat' dir='ltr'><strong>et</strong></span> <span class='ocrx_word' id='word_1_271' title='bbox 1285 3819 1460 3876; x_wconf 90' lang='lat' dir='ltr'><strong>modis</strong></span> <span class='ocrx_word' id='word_1_272' title='bbox 1493 3819 1612 3890; x_wconf 91' lang='lat' dir='ltr'><strong>qni-</strong></span> 
     </span>
    </p>
   </div>
   <div class='ocr_carea' id='block_1_40' title="bbox 61 3896 1611 3978">
    <p class='ocr_par' dir='ltr' id='par_1_40' title="bbox 61 3896 1611 3978">
     <span class='ocr_line' id='line_1_40' title="bbox 61 3896 1611 3978; baseline 0.008 -22"><span class='ocrx_word' id='word_1_273' title='bbox 61 3896 138 3957; x_wconf 86' lang='lat' dir='ltr'><strong>bus</strong></span> <span class='ocrx_word' id='word_1_274' title='bbox 169 3907 328 3974; x_wconf 87' lang='lat' dir='ltr'><strong>potuit</strong></span> <span class='ocrx_word' id='word_1_275' title='bbox 368 3908 436 3964; x_wconf 90' lang='lat' dir='ltr'><strong>ad</strong></span> <span class='ocrx_word' id='word_1_276' title='bbox 471 3909 876 3965; x_wconf 87' lang='lat' dir='ltr'><strong>incrementum</strong></span> <span class='ocrx_word' id='word_1_277' title='bbox 925 3910 1190 3978; x_wconf 79' lang='lat' dir='ltr'><strong>provexit.</strong></span> <span class='ocrx_word' id='word_1_278' title='bbox 1224 3909 1381 3967; x_wconf 87' lang='lat' dir='ltr'><strong>Nunc</strong></span> <span class='ocrx_word' id='word_1_279' title='bbox 1427 3921 1611 3975; x_wconf 82' lang='lat' dir='ltr'><strong>autem</strong></span> 
     </span>
    </p>
   </div>
   <div class='ocr_carea' id='block_1_41' title="bbox 61 4000 1615 4075">
    <p class='ocr_par' dir='ltr' id='par_1_41' title="bbox 61 4000 1615 4075">
     <span class='ocr_line' id='line_1_41' title="bbox 61 4000 1615 4075; baseline 0.01 -30"><span class='ocrx_word' id='word_1_280' title='bbox 61 4001 103 4046; x_wconf 87' lang='lat' dir='ltr'><strong>et</strong></span> <span class='ocrx_word' id='word_1_281' title='bbox 136 4000 310 4054; x_wconf 90' lang='lat' dir='ltr'><strong>amodo</strong></span> <span class='ocrx_word' id='word_1_282' title='bbox 348 4001 524 4056; x_wconf 88' lang='lat' dir='ltr'><strong>etiam</strong></span> <span class='ocrx_word' id='word_1_283' title='bbox 564 4010 775 4058; x_wconf 91' lang='lat' dir='ltr'><strong>mortua</strong></span> <span class='ocrx_word' id='word_1_284' title='bbox 796 4043 813 4068; x_wconf 95' lang='lat'><strong>,</strong></span> <span class='ocrx_word' id='word_1_285' title='bbox 842 4003 1050 4060; x_wconf 87' lang='lat' dir='ltr'><strong>meritis</strong></span> <span class='ocrx_word' id='word_1_286' title='bbox 1081 4012 1243 4074; x_wconf 87' lang='lat' dir='ltr'><strong>atque</strong></span> <span class='ocrx_word' id='word_1_287' title='bbox 1265 4005 1615 4075; x_wconf 89' lang='lat' dir='ltr'><strong>prodentibus</strong></span> 
     </span>
    </p>
   </div>
   <div class='ocr_carea' id='block_1_42' title="bbox 63 4087 1616 4168">
    <p class='ocr_par' dir='ltr' id='par_1_42' title="bbox 63 4087 1616 4168">
     <span class='ocr_line' id='line_1_42' title="bbox 63 4087 1616 4168; baseline 0.012 -33"><span class='ocrx_word' id='word_1_288' title='bbox 63 4087 296 4146; x_wconf 87' lang='lat' dir='ltr'><strong>miraculis</strong></span> <span class='ocrx_word' id='word_1_289' title='bbox 341 4093 588 4162; x_wconf 77' lang='lat' dir='ltr'><strong>protegit</strong></span> <span class='ocrx_word' id='word_1_290' title='bbox 625 4103 682 4150; x_wconf 92' lang='lat' dir='ltr'><strong>et</strong></span> <span class='ocrx_word' id='word_1_291' title='bbox 733 4097 926 4160; x_wconf 86' lang='lat' dir='ltr'><strong>munit.</strong></span> <span class='ocrx_word' id='word_1_292' title='bbox 963 4096 1177 4152; x_wconf 87' lang='lat' dir='ltr'><strong>Debiles</strong></span> <span class='ocrx_word' id='word_1_293' title='bbox 1223 4112 1458 4168; x_wconf 90' lang='lat' dir='ltr'><strong>namque</strong></span> <span class='ocrx_word' id='word_1_294' title='bbox 1500 4097 1616 4154; x_wconf 84' lang='lat' dir='ltr'><strong>sive</strong></span> 
     </span>
    </p>
   </div>
   <div class='ocr_carea' id='block_1_43' title="bbox 64 4171 1616 4259">
    <p class='ocr_par' dir='ltr' id='par_1_43' title="bbox 64 4171 1616 4259">
     <span class='ocr_line' id='line_1_43' title="bbox 64 4171 1616 4259; baseline 0.011 -32"><span class='ocrx_word' id='word_1_295' title='bbox 64 4176 226 4238; x_wconf 88' lang='lat' dir='ltr'><strong>infirmi</strong></span> <span class='ocrx_word' id='word_1_296' title='bbox 251 4186 477 4242; x_wconf 87' lang='lat' dir='ltr'><strong>diversis</strong></span> <span class='ocrx_word' id='word_1_297' title='bbox 513 4202 611 4256; x_wconf 91' lang='lat' dir='ltr'><strong>pro</strong></span> <span class='ocrx_word' id='word_1_298' title='bbox 645 4187 1050 4244; x_wconf 85' lang='lat' dir='ltr'><strong>infirmitatibus</strong></span> <span class='ocrx_word' id='word_1_299' title='bbox 1077 4189 1144 4244; x_wconf 88' lang='lat' dir='ltr'><strong>ad</strong></span> <span class='ocrx_word' id='word_1_300' title='bbox 1168 4171 1474 4259; x_wconf 82' lang='lat' dir='ltr'><strong>sepulcrum</strong></span> <span class='ocrx_word' id='word_1_301' title='bbox 1499 4189 1616 4257; x_wconf 91' lang='lat' dir='ltr'><strong>ejus</strong></span> 
     </span>
    </p>
   </div>
   <div class='ocr_carea' id='block_1_44' title="bbox 65 4271 1617 4350">
    <p class='ocr_par' dir='ltr' id='par_1_44' title="bbox 65 4271 1617 4350">
     <span class='ocr_line' id='line_1_44' title="bbox 65 4271 1617 4350; baseline 0.008 -26"><span class='ocrx_word' id='word_1_302' title='bbox 65 4271 336 4344; x_wconf 81' lang='lat' dir='ltr'><strong>venientes,</strong></span> <span class='ocrx_word' id='word_1_303' title='bbox 365 4277 422 4334; x_wconf 78' lang='lat' dir='ltr'><strong>si&#39;</strong></span> <span class='ocrx_word' id='word_1_304' title='bbox 459 4292 572 4332; x_wconf 88' lang='lat' dir='ltr'><strong>non</strong></span> <span class='ocrx_word' id='word_1_305' title='bbox 604 4277 856 4334; x_wconf 65' lang='lat' dir='ltr'><strong>hmsitant</strong></span> <span class='ocrx_word' id='word_1_306' title='bbox 905 4278 957 4333; x_wconf 94' lang='lat' dir='ltr'><strong>in</strong></span> <span class='ocrx_word' id='word_1_307' title='bbox 992 4277 1116 4344; x_wconf 87' lang='lat' dir='ltr'><strong>fide,</strong></span> <span class='ocrx_word' id='word_1_308' title='bbox 1147 4289 1411 4335; x_wconf 87' lang='lat' dir='ltr'><strong>sanantur</strong></span> <span class='ocrx_word' id='word_1_309' title='bbox 1433 4319 1450 4345; x_wconf 98' lang='lat'><strong>,</strong></span> <span class='ocrx_word' id='word_1_310' title='bbox 1475 4295 1617 4350; x_wconf 69' lang='lat' dir='ltr'><strong>pne-</strong></span> 
     </span>
    </p>
   </div>
   <div class='ocr_carea' id='block_1_45' title="bbox 64 4363 1619 4439">
    <p class='ocr_par' dir='ltr' id='par_1_45' title="bbox 64 4363 1619 4439">
     <span class='ocr_line' id='line_1_45' title="bbox 64 4363 1619 4439; baseline 0.009 -28"><span class='ocrx_word' id='word_1_311' title='bbox 64 4367 210 4416; x_wconf 88' lang='lat' dir='ltr'><strong>stante</strong></span> <span class='ocrx_word' id='word_1_312' title='bbox 237 4363 463 4422; x_wconf 77' lang='lat' dir='ltr'><strong>Domino</strong></span> <span class='ocrx_word' id='word_1_313' title='bbox 499 4379 688 4422; x_wconf 67' lang='lat' dir='ltr'><strong>nosne</strong></span> <span class='ocrx_word' id='word_1_314' title='bbox 733 4367 858 4424; x_wconf 86' lang='lat' dir='ltr'><strong>Jesu</strong></span> <span class='ocrx_word' id='word_1_315' title='bbox 891 4367 1130 4436; x_wconf 88' lang='lat' dir='ltr'><strong>Christo,</strong></span> <span class='ocrx_word' id='word_1_316' title='bbox 1157 4371 1249 4439; x_wconf 85' lang='lat' dir='ltr'><strong>qui</strong></span> <span class='ocrx_word' id='word_1_317' title='bbox 1279 4383 1405 4424; x_wconf 93' lang='lat' dir='ltr'><strong>cum</strong></span> <span class='ocrx_word' id='word_1_318' title='bbox 1458 4367 1619 4426; x_wconf 82' lang='lat' dir='ltr'><strong>Patre</strong></span> 
     </span>
    </p>
   </div>
   <div class='ocr_carea' id='block_1_46' title="bbox 1635 1778 1678 1834">
    <p class='ocr_par' dir='ltr' id='par_1_46' title="bbox 1635 1778 1678 1834">
     <span class='ocr_line' id='line_1_46' title="bbox 1635 1778 1678 1834; baseline 0 0"><span class='ocrx_word' id='word_1_319' title='bbox 1635 1778 1678 1834; x_wconf 83' lang='grc' dir='ltr'><strong>Β</strong></span> 
     </span>
    </p>
   </div>
   <div class='ocr_carea' id='block_1_47' title="bbox 1301 309 1943 368">
    <p class='ocr_par' dir='ltr' id='par_1_47' title="bbox 1301 309 1943 368">
     <span class='ocr_line' id='line_1_47' title="bbox 1301 309 1943 368; baseline 0 -1"><span class='ocrx_word' id='word_1_320' title='bbox 1301 309 1458 368; x_wconf 79' lang='grc' dir='ltr'><strong>νιτΑ</strong></span> <span class='ocrx_word' id='word_1_321' title='bbox 1497 310 1746 368; x_wconf 66' lang='grc' dir='ltr'><strong>ΒΕΑΤκΕ</strong></span> <span class='ocrx_word' id='word_1_322' title='bbox 1783 311 1943 368; x_wconf 61' lang='lat' dir='ltr'><strong>101E.</strong></span> 
     </span>
    </p>
   </div>
   <div class='ocr_carea' id='block_1_48' title="bbox 3175 316 3281 378">
    <p class='ocr_par' dir='ltr' id='par_1_48' title="bbox 3175 316 3281 378">
     <span class='ocr_line' id='line_1_48' title="bbox 3175 316 3281 378; baseline -0.019 0"><span class='ocrx_word' id='word_1_323' title='bbox 3175 316 3281 378; x_wconf 75' lang='grc'><strong>446</strong></span> 
     </span>
    </p>
   </div>
   <div class='ocr_carea' id='block_1_49' title="bbox 1705 431 3283 499">
    <p class='ocr_par' dir='ltr' id='par_1_49' title="bbox 1705 431 3283 499">
     <span class='ocr_line' id='line_1_49' title="bbox 1705 431 3283 499; baseline 0.009 -15"><span class='ocrx_word' id='word_1_324' title='bbox 1705 431 1807 486; x_wconf 82' lang='lat' dir='ltr'><strong>Idae</strong></span> <span class='ocrx_word' id='word_1_325' title='bbox 1857 431 2212 488; x_wconf 69' lang='lat' dir='ltr'><strong>sanctissima:</strong></span> <span class='ocrx_word' id='word_1_326' title='bbox 2261 431 2580 490; x_wconf 89' lang='lat' dir='ltr'><strong>declaranda</strong></span> <span class='ocrx_word' id='word_1_327' title='bbox 2649 434 3058 493; x_wconf 87' lang='lat' dir='ltr'><strong>transtulerunt.</strong></span> <span class='ocrx_word' id='word_1_328' title='bbox 3111 436 3283 499; x_wconf 78' lang='lat' dir='ltr'><strong>Fama</strong></span> 
     </span>
    </p>
   </div>
   <div class='ocr_carea' id='block_1_50' title="bbox 1702 523 3283 601">
    <p class='ocr_par' dir='ltr' id='par_1_50' title="bbox 1702 523 3283 601">
     <span class='ocr_line' id='line_1_50' title="bbox 1702 523 3283 601; baseline 0.005 -23"><span class='ocrx_word' id='word_1_329' title='bbox 1702 523 1885 593; x_wconf 89' lang='lat' dir='ltr'><strong>itaque</strong></span> <span class='ocrx_word' id='word_1_330' title='bbox 1912 538 2019 578; x_wconf 92' lang='lat' dir='ltr'><strong>non</strong></span> <span class='ocrx_word' id='word_1_331' title='bbox 2053 531 2216 589; x_wconf 86' lang='lat' dir='ltr'><strong>tacet,</strong></span> <span class='ocrx_word' id='word_1_332' title='bbox 2248 524 2340 579; x_wconf 86' lang='lat' dir='ltr'><strong>sed</strong></span> <span class='ocrx_word' id='word_1_333' title='bbox 2374 524 2602 590; x_wconf 88' lang='lat' dir='ltr'><strong>clamat;</strong></span> <span class='ocrx_word' id='word_1_334' title='bbox 2637 527 2897 596; x_wconf 85' lang='lat' dir='ltr'><strong>quoniam</strong></span> <span class='ocrx_word' id='word_1_335' title='bbox 2925 529 3127 586; x_wconf 89' lang='lat' dir='ltr'><strong>veritas</strong></span> <span class='ocrx_word' id='word_1_336' title='bbox 3155 547 3283 601; x_wconf 79' lang='lat' dir='ltr'><strong>pro-</strong></span> 
     </span>
    </p>
   </div>
   <div class='ocr_carea' id='block_1_51' title="bbox 1700 612 3286 686">
    <p class='ocr_par' dir='ltr' id='par_1_51' title="bbox 1700 612 3286 686">
     <span class='ocr_line' id='line_1_51' title="bbox 1700 612 3286 686; baseline 0.006 -19"><span class='ocrx_word' id='word_1_337' title='bbox 1700 612 1825 668; x_wconf 91' lang='lat' dir='ltr'><strong>bata</strong></span> <span class='ocrx_word' id='word_1_338' title='bbox 1875 614 2168 684; x_wconf 89' lang='lat' dir='ltr'><strong>compellit.</strong></span> <span class='ocrx_word' id='word_1_339' title='bbox 2225 613 2437 670; x_wconf 85' lang='lat' dir='ltr'><strong>Volavit</strong></span> <span class='ocrx_word' id='word_1_340' title='bbox 2489 615 2653 686; x_wconf 81' lang='lat' dir='ltr'><strong>igitur</strong></span> <span class='ocrx_word' id='word_1_341' title='bbox 2702 616 2950 673; x_wconf 85' lang='lat' dir='ltr'><strong>redolens</strong></span> <span class='ocrx_word' id='word_1_342' title='bbox 2987 621 3286 677; x_wconf 63' lang='lat' dir='ltr'><strong>&#39;atteslatio</strong></span> 
     </span>
    </p>
   </div>
   <div class='ocr_carea' id='block_1_52' title="bbox 1703 704 3277 780">
    <p class='ocr_par' dir='ltr' id='par_1_52' title="bbox 1703 704 3277 780">
     <span class='ocr_line' id='line_1_52' title="bbox 1703 704 3277 780; baseline 0 -21"><span class='ocrx_word' id='word_1_343' title='bbox 1703 705 2089 760; x_wconf 90' lang='lat' dir='ltr'><strong>miraculorum</strong></span> <span class='ocrx_word' id='word_1_344' title='bbox 2118 714 2323 761; x_wconf 65' lang='lat' dir='ltr'><strong>sanctas</strong></span> <span class='ocrx_word' id='word_1_345' title='bbox 2369 721 2542 777; x_wconf 90' lang='lat' dir='ltr'><strong>usque</strong></span> <span class='ocrx_word' id='word_1_346' title='bbox 2587 706 2655 761; x_wconf 87' lang='lat' dir='ltr'><strong>ad</strong></span> <span class='ocrx_word' id='word_1_347' title='bbox 2704 704 2822 774; x_wconf 91' lang='lat' dir='ltr'><strong>ejus</strong></span> <span class='ocrx_word' id='word_1_348' title='bbox 2862 707 3277 780; x_wconf 49' lang='lat' dir='ltr'><strong>propinquitatis</strong></span> 
     </span>
    </p>
   </div>
   <div class='ocr_carea' id='block_1_53' title="bbox 1699 796 3286 872">
    <p class='ocr_par' dir='ltr' id='par_1_53' title="bbox 1699 796 3286 872">
     <span class='ocr_line' id='line_1_53' title="bbox 1699 796 3286 872; baseline 0.004 -22"><span class='ocrx_word' id='word_1_349' title='bbox 1699 797 1975 868; x_wconf 83' lang='lat' dir='ltr'><strong>proximos</strong></span> <span class='ocrx_word' id='word_1_350' title='bbox 2008 797 2061 852; x_wconf 92' lang='lat' dir='ltr'><strong>in</strong></span> <span class='ocrx_word' id='word_1_351' title='bbox 2111 796 2522 865; x_wconf 83' lang='lat' dir='ltr'><strong>Alemanniam;</strong></span> <span class='ocrx_word' id='word_1_352' title='bbox 2568 799 2661 868; x_wconf 92' lang='lat' dir='ltr'><strong>qui</strong></span> <span class='ocrx_word' id='word_1_353' title='bbox 2705 799 3072 872; x_wconf 74' lang='lat' dir='ltr'><strong>glorificantes</strong></span> <span class='ocrx_word' id='word_1_354' title='bbox 3102 801 3286 856; x_wconf 88' lang='lat' dir='ltr'><strong>Domi-</strong></span> 
     </span>
    </p>
   </div>
   <div class='ocr_carea' id='block_1_54' title="bbox 1703 888 3286 961">
    <p class='ocr_par' dir='ltr' id='par_1_54' title="bbox 1703 888 3286 961">
     <span class='ocr_line' id='line_1_54' title="bbox 1703 888 3286 961; baseline 0.001 -19"><span class='ocrx_word' id='word_1_355' title='bbox 1703 903 1831 948; x_wconf 91' lang='lat' dir='ltr'><strong>num</strong></span> <span class='ocrx_word' id='word_1_356' title='bbox 1864 903 2027 961; x_wconf 86' lang='lat' dir='ltr'><strong>super</strong></span> <span class='ocrx_word' id='word_1_357' title='bbox 2049 889 2136 944; x_wconf 88' lang='lat' dir='ltr'><strong>his</strong></span> <span class='ocrx_word' id='word_1_358' title='bbox 2166 888 2398 956; x_wconf 88' lang='lat' dir='ltr'><strong>auditis,</strong></span> <span class='ocrx_word' id='word_1_359' title='bbox 2443 888 2664 944; x_wconf 90' lang='lat' dir='ltr'><strong>modum</strong></span> <span class='ocrx_word' id='word_1_360' title='bbox 2711 898 2891 944; x_wconf 89' lang='lat' dir='ltr'><strong>tamen</strong></span> <span class='ocrx_word' id='word_1_361' title='bbox 2927 903 3034 958; x_wconf 92' lang='lat' dir='ltr'><strong>quo</strong></span> <span class='ocrx_word' id='word_1_362' title='bbox 3062 897 3286 959; x_wconf 92' lang='lat' dir='ltr'><strong>possent</strong></span> 
     </span>
    </p>
   </div>
   <div class='ocr_carea' id='block_1_55' title="bbox 1701 980 3285 1050">
    <p class='ocr_par' dir='ltr' id='par_1_55' title="bbox 1701 980 3285 1050">
     <span class='ocr_line' id='line_1_55' title="bbox 1701 980 3285 1050; baseline 0.001 -14"><span class='ocrx_word' id='word_1_363' title='bbox 1701 994 1899 1050; x_wconf 87' lang='lat' dir='ltr'><strong>corpus</strong></span> <span class='ocrx_word' id='word_1_364' title='bbox 1929 981 1990 1036; x_wconf 91' lang='grc' dir='ltr'><strong>Β.</strong></span> <span class='ocrx_word' id='word_1_365' title='bbox 2023 980 2129 1037; x_wconf 86' lang='lat' dir='ltr'><strong>Idae</strong></span> <span class='ocrx_word' id='word_1_366' title='bbox 2175 981 2303 1038; x_wconf 88' lang='lat' dir='ltr'><strong>illuc</strong></span> <span class='ocrx_word' id='word_1_367' title='bbox 2352 980 2647 1037; x_wconf 86' lang='lat' dir='ltr'><strong>transferre</strong></span> <span class='ocrx_word' id='word_1_368' title='bbox 2689 981 2936 1038; x_wconf 89' lang='lat' dir='ltr'><strong>meditati</strong></span> <span class='ocrx_word' id='word_1_369' title='bbox 2983 989 3128 1036; x_wconf 90' lang='lat' dir='ltr'><strong>sunt.</strong></span> <span class='ocrx_word' id='word_1_370' title='bbox 3161 980 3285 1037; x_wconf 87' lang='lat' dir='ltr'><strong>Sta-</strong></span> 
     </span>
    </p>
   </div>
   <div class='ocr_carea' id='block_1_56' title="bbox 1701 1065 3286 1146">
    <p class='ocr_par' dir='ltr' id='par_1_56' title="bbox 1701 1065 3286 1146">
     <span class='ocr_line' id='line_1_56' title="bbox 1701 1065 3286 1146; baseline 0.001 -18"><span class='ocrx_word' id='word_1_371' title='bbox 1701 1065 1921 1130; x_wconf 83' lang='lat' dir='ltr'><strong>tuerunt</strong></span> <span class='ocrx_word' id='word_1_372' title='bbox 1958 1082 2139 1130; x_wconf 90' lang='lat' dir='ltr'><strong>autem</strong></span> <span class='ocrx_word' id='word_1_373' title='bbox 2167 1073 2460 1146; x_wconf 91' lang='lat' dir='ltr'><strong>quosdam,</strong></span> <span class='ocrx_word' id='word_1_374' title='bbox 2498 1072 2596 1130; x_wconf 89' lang='lat' dir='ltr'><strong>tali</strong></span> <span class='ocrx_word' id='word_1_375' title='bbox 2636 1073 2854 1146; x_wconf 90' lang='lat' dir='ltr'><strong>negotio</strong></span> <span class='ocrx_word' id='word_1_376' title='bbox 2885 1073 3186 1139; x_wconf 88' lang='lat' dir='ltr'><strong>doctiores,</strong></span> <span class='ocrx_word' id='word_1_377' title='bbox 3215 1073 3286 1129; x_wconf 88' lang='lat' dir='ltr'><strong>ad</strong></span> 
     </span>
    </p>
   </div>
   <div class='ocr_carea' id='block_1_57' title="bbox 1701 1164 3287 1239">
    <p class='ocr_par' dir='ltr' id='par_1_57' title="bbox 1701 1164 3287 1239">
     <span class='ocr_line' id='line_1_57' title="bbox 1701 1164 3287 1239; baseline -0.001 -19"><span class='ocrx_word' id='word_1_378' title='bbox 1701 1165 1879 1222; x_wconf 87' lang='lat' dir='ltr'><strong>locum</strong></span> <span class='ocrx_word' id='word_1_379' title='bbox 1920 1167 1975 1222; x_wconf 93' lang='lat' dir='ltr'><strong>in</strong></span> <span class='ocrx_word' id='word_1_380' title='bbox 2009 1180 2116 1238; x_wconf 93' lang='lat' dir='ltr'><strong>quo</strong></span> <span class='ocrx_word' id='word_1_381' title='bbox 2140 1166 2357 1239; x_wconf 89' lang='lat' dir='ltr'><strong>jacebat</strong></span> <span class='ocrx_word' id='word_1_382' title='bbox 2380 1168 2634 1233; x_wconf 83' lang='lat' dir='ltr'><strong>mittere;</strong></span> <span class='ocrx_word' id='word_1_383' title='bbox 2663 1164 2756 1222; x_wconf 91' lang='lat' dir='ltr'><strong>sed</strong></span> <span class='ocrx_word' id='word_1_384' title='bbox 2787 1165 2917 1222; x_wconf 89' lang='lat' dir='ltr'><strong>nihil</strong></span> <span class='ocrx_word' id='word_1_385' title='bbox 2947 1173 3138 1220; x_wconf 88' lang='lat' dir='ltr'><strong>contra</strong></span> <span class='ocrx_word' id='word_1_386' title='bbox 3169 1175 3287 1222; x_wconf 89' lang='lat' dir='ltr'><strong>sta-</strong></span> 
     </span>
    </p>
   </div>
   <div class='ocr_carea' id='block_1_58' title="bbox 1700 1253 3284 1328">
    <p class='ocr_par' dir='ltr' id='par_1_58' title="bbox 1700 1253 3284 1328">
     <span class='ocr_line' id='line_1_58' title="bbox 1700 1253 3284 1328; baseline -0.004 -12"><span class='ocrx_word' id='word_1_387' title='bbox 1700 1268 1875 1316; x_wconf 90' lang='lat' dir='ltr'><strong>tutum</strong></span> <span class='ocrx_word' id='word_1_388' title='bbox 1907 1259 2000 1314; x_wconf 90' lang='lat' dir='ltr'><strong>Dei</strong></span> <span class='ocrx_word' id='word_1_389' title='bbox 2023 1258 2438 1328; x_wconf 70' lang='lat' dir='ltr'><strong>prmvaluerunt.</strong></span> <span class='ocrx_word' id='word_1_390' title='bbox 2463 1257 2688 1328; x_wconf 86' lang='lat' dir='ltr'><strong>Cognita</strong></span> <span class='ocrx_word' id='word_1_391' title='bbox 2731 1265 2910 1311; x_wconf 90' lang='lat' dir='ltr'><strong>autem</strong></span> <span class='ocrx_word' id='word_1_392' title='bbox 2945 1253 3145 1311; x_wconf 85' lang='lat' dir='ltr'><strong>fratres</strong></span> <span class='ocrx_word' id='word_1_393' title='bbox 3175 1255 3284 1311; x_wconf 89' lang='lat' dir='ltr'><strong>loci</strong></span> 
     </span>
    </p>
   </div>
   <div class='ocr_carea' id='block_1_59' title="bbox 1699 1349 3287 1415">
    <p class='ocr_par' dir='ltr' id='par_1_59' title="bbox 1699 1349 3287 1415">
     <span class='ocr_line' id='line_1_59' title="bbox 1699 1349 3287 1415; baseline -0.004 -6"><span class='ocrx_word' id='word_1_394' title='bbox 1699 1368 1890 1409; x_wconf 90' lang='lat' dir='ltr'><strong>eorum</strong></span> <span class='ocrx_word' id='word_1_395' title='bbox 1939 1351 2282 1408; x_wconf 88' lang='lat' dir='ltr'><strong>fraudulenta</strong></span> <span class='ocrx_word' id='word_1_396' title='bbox 2331 1349 2660 1415; x_wconf 86' lang='lat' dir='ltr'><strong>calliditate,</strong></span> <span class='ocrx_word' id='word_1_397' title='bbox 2702 1363 2927 1404; x_wconf 89' lang='lat' dir='ltr'><strong>servare</strong></span> <span class='ocrx_word' id='word_1_398' title='bbox 2972 1349 3287 1404; x_wconf 89' lang='lat' dir='ltr'><strong>thesaurum</strong></span> 
     </span>
    </p>
   </div>
   <div class='ocr_carea' id='block_1_60' title="bbox 1700 1441 3287 1513">
    <p class='ocr_par' dir='ltr' id='par_1_60' title="bbox 1700 1441 3287 1513">
     <span class='ocr_line' id='line_1_60' title="bbox 1700 1441 3287 1513; baseline -0.006 -11"><span class='ocrx_word' id='word_1_399' title='bbox 1700 1449 2024 1502; x_wconf 90' lang='lat' dir='ltr'><strong>studuerunt</strong></span> <span class='ocrx_word' id='word_1_400' title='bbox 2059 1444 2342 1499; x_wconf 90' lang='lat' dir='ltr'><strong>attentius.</strong></span> <span class='ocrx_word' id='word_1_401' title='bbox 2375 1441 2694 1513; x_wconf 89' lang='lat' dir='ltr'><strong>Opportuuo</strong></span> <span class='ocrx_word' id='word_1_402' title='bbox 2726 1441 2921 1496; x_wconf 89' lang='lat' dir='ltr'><strong>deinde</strong></span> <span class='ocrx_word' id='word_1_403' title='bbox 2942 1481 2959 1508; x_wconf 94' lang='lat'><strong>,</strong></span> <span class='ocrx_word' id='word_1_404' title='bbox 2999 1447 3059 1495; x_wconf 92' lang='lat' dir='ltr'><strong>ut</strong></span> <span class='ocrx_word' id='word_1_405' title='bbox 3099 1441 3287 1512; x_wconf 80' lang='lat' dir='ltr'><strong>exige-</strong></span> 
     </span>
    </p>
   </div>
   <div class='ocr_carea' id='block_1_61' title="bbox 1699 1530 3285 1604">
    <p class='ocr_par' dir='ltr' id='par_1_61' title="bbox 1699 1530 3285 1604">
     <span class='ocr_line' id='line_1_61' title="bbox 1699 1530 3285 1604; baseline -0.004 -10"><span class='ocrx_word' id='word_1_406' title='bbox 1699 1538 1794 1594; x_wconf 87' lang='lat' dir='ltr'><strong>bat</strong></span> <span class='ocrx_word' id='word_1_407' title='bbox 1823 1538 1984 1604; x_wconf 90' lang='lat' dir='ltr'><strong>ratio,</strong></span> <span class='ocrx_word' id='word_1_408' title='bbox 2024 1535 2251 1593; x_wconf 91' lang='lat' dir='ltr'><strong>consilio</strong></span> <span class='ocrx_word' id='word_1_409' title='bbox 2278 1535 2414 1590; x_wconf 89' lang='lat' dir='ltr'><strong>inito</strong></span> <span class='ocrx_word' id='word_1_410' title='bbox 2435 1532 2802 1604; x_wconf 91' lang='lat' dir='ltr'><strong>prudentium,</strong></span> <span class='ocrx_word' id='word_1_411' title='bbox 2827 1530 3024 1587; x_wconf 88' lang='lat' dir='ltr'><strong>fratres</strong></span> <span class='ocrx_word' id='word_1_412' title='bbox 3045 1531 3285 1601; x_wconf 68' lang='lat' dir='ltr'><strong>prmdicti</strong></span> 
     </span>
    </p>
   </div>
   <div class='ocr_carea' id='block_1_62' title="bbox 1701 1619 3289 1694">
    <p class='ocr_par' dir='ltr' id='par_1_62' title="bbox 1701 1619 3289 1694">
     <span class='ocr_line' id='line_1_62' title="bbox 1701 1619 3289 1694; baseline -0.006 -12"><span class='ocrx_word' id='word_1_413' title='bbox 1701 1626 1830 1694; x_wconf 93' lang='lat' dir='ltr'><strong>loci,</strong></span> <span class='ocrx_word' id='word_1_414' title='bbox 1856 1626 2105 1682; x_wconf 87' lang='lat' dir='ltr'><strong>visitandi</strong></span> <span class='ocrx_word' id='word_1_415' title='bbox 2136 1639 2336 1694; x_wconf 92' lang='lat' dir='ltr'><strong>corpus</strong></span> <span class='ocrx_word' id='word_1_416' title='bbox 2388 1621 2790 1680; x_wconf 88' lang='lat' dir='ltr'><strong>constituerunt</strong></span> <span class='ocrx_word' id='word_1_417' title='bbox 2835 1621 3003 1679; x_wconf 89' lang='lat' dir='ltr'><strong>diem.</strong></span> <span class='ocrx_word' id='word_1_418' title='bbox 3043 1619 3289 1691; x_wconf 85' lang='lat' dir='ltr'><strong>Congre-</strong></span> 
     </span>
    </p>
   </div>
   <div class='ocr_carea' id='block_1_63' title="bbox 1703 1707 3287 1790">
    <p class='ocr_par' dir='ltr' id='par_1_63' title="bbox 1703 1707 3287 1790">
     <span class='ocr_line' id='line_1_63' title="bbox 1703 1707 3287 1790; baseline -0.006 -18"><span class='ocrx_word' id='word_1_419' title='bbox 1703 1717 1846 1790; x_wconf 88' lang='lat' dir='ltr'><strong>gatis</strong></span> <span class='ocrx_word' id='word_1_420' title='bbox 1871 1725 2050 1772; x_wconf 91' lang='lat' dir='ltr'><strong>autem</strong></span> <span class='ocrx_word' id='word_1_421' title='bbox 2097 1715 2285 1772; x_wconf 93' lang='lat' dir='ltr'><strong>multis</strong></span> <span class='ocrx_word' id='word_1_422' title='bbox 2333 1712 2663 1785; x_wconf 70' lang='lat' dir='ltr'><strong>provinciae,</strong></span> <span class='ocrx_word' id='word_1_423' title='bbox 2707 1719 2952 1781; x_wconf 90' lang='lat' dir='ltr'><strong>apertum</strong></span> <span class='ocrx_word' id='word_1_424' title='bbox 2984 1707 3287 1779; x_wconf 85' lang='lat' dir='ltr'><strong>estsepul-</strong></span> 
     </span>
    </p>
   </div>
   <div class='ocr_carea' id='block_1_64' title="bbox 1704 1801 3284 1880">
    <p class='ocr_par' dir='ltr' id='par_1_64' title="bbox 1704 1801 3284 1880">
     <span class='ocr_line' id='line_1_64' title="bbox 1704 1801 3284 1880; baseline -0.006 -15"><span class='ocrx_word' id='word_1_425' title='bbox 1704 1825 1880 1877; x_wconf 90' lang='lat' dir='ltr'><strong>crum,</strong></span> <span class='ocrx_word' id='word_1_426' title='bbox 1907 1819 1963 1865; x_wconf 90' lang='lat' dir='ltr'><strong>et</strong></span> <span class='ocrx_word' id='word_1_427' title='bbox 1987 1823 2186 1880; x_wconf 90' lang='lat' dir='ltr'><strong>corpus</strong></span> <span class='ocrx_word' id='word_1_428' title='bbox 2207 1806 2563 1864; x_wconf 76' lang='lat' dir='ltr'><strong>sanctissima:</strong></span> <span class='ocrx_word' id='word_1_429' title='bbox 2584 1803 2690 1860; x_wconf 85' lang='lat' dir='ltr'><strong>Idae</strong></span> <span class='ocrx_word' id='word_1_430' title='bbox 2713 1804 2983 1874; x_wconf 84' lang='lat' dir='ltr'><strong>integrum</strong></span> <span class='ocrx_word' id='word_1_431' title='bbox 3002 1843 3018 1871; x_wconf 96' lang='lat'><strong>,</strong></span> <span class='ocrx_word' id='word_1_432' title='bbox 3042 1811 3099 1857; x_wconf 91' lang='lat' dir='ltr'><strong>et</strong></span> <span class='ocrx_word' id='word_1_433' title='bbox 3125 1801 3284 1856; x_wconf 92' lang='lat' dir='ltr'><strong>indu-</strong></span> 
     </span>
    </p>
   </div>
   <div class='ocr_carea' id='block_1_65' title="bbox 1703 1892 3291 1967">
    <p class='ocr_par' dir='ltr' id='par_1_65' title="bbox 1703 1892 3291 1967">
     <span class='ocr_line' id='line_1_65' title="bbox 1703 1892 3291 1967; baseline -0.008 -11"><span class='ocrx_word' id='word_1_434' title='bbox 1703 1908 1943 1956; x_wconf 79' lang='lat' dir='ltr'><strong>mentum</strong></span> <span class='ocrx_word' id='word_1_435' title='bbox 1972 1896 2089 1967; x_wconf 89' lang='lat' dir='ltr'><strong>ejus</strong></span> <span class='ocrx_word' id='word_1_436' title='bbox 2114 1895 2528 1952; x_wconf 89' lang='lat' dir='ltr'><strong>mundissimum</strong></span> <span class='ocrx_word' id='word_1_437' title='bbox 2556 1935 2573 1963; x_wconf 92' lang='lat'><strong>,</strong></span> <span class='ocrx_word' id='word_1_438' title='bbox 2629 1893 2723 1963; x_wconf 90' lang='lat' dir='ltr'><strong>qui</strong></span> <span class='ocrx_word' id='word_1_439' title='bbox 2765 1892 3053 1948; x_wconf 89' lang='lat' dir='ltr'><strong>adfuerunt</strong></span> <span class='ocrx_word' id='word_1_440' title='bbox 3079 1903 3291 1945; x_wconf 88' lang='lat' dir='ltr'><strong>merue-</strong></span> 
     </span>
    </p>
   </div>
   <div class='ocr_carea' id='block_1_66' title="bbox 1704 1983 3293 2060">
    <p class='ocr_par' dir='ltr' id='par_1_66' title="bbox 1704 1983 3293 2060">
     <span class='ocr_line' id='line_1_66' title="bbox 1704 1983 3293 2060; baseline -0.007 -13"><span class='ocrx_word' id='word_1_441' title='bbox 1704 2000 1834 2047; x_wconf 66' lang='lat' dir='ltr'><strong>runt</strong></span> <span class='ocrx_word' id='word_1_442' title='bbox 1857 1991 2192 2060; x_wconf 89' lang='lat' dir='ltr'><strong>conspicere.</strong></span> <span class='ocrx_word' id='word_1_443' title='bbox 2216 1987 2371 2044; x_wconf 87' lang='lat' dir='ltr'><strong>Nulla</strong></span> <span class='ocrx_word' id='word_1_444' title='bbox 2397 2001 2527 2043; x_wconf 90' lang='lat' dir='ltr'><strong>vero</strong></span> <span class='ocrx_word' id='word_1_445' title='bbox 2552 1984 2785 2051; x_wconf 89' lang='lat' dir='ltr'><strong>macula,</strong></span> <span class='ocrx_word' id='word_1_446' title='bbox 2811 1983 3069 2054; x_wconf 87' lang='lat' dir='ltr'><strong>nullaque</strong></span> <span class='ocrx_word' id='word_1_447' title='bbox 3099 1990 3293 2038; x_wconf 84' lang='lat' dir='ltr'><strong>conta-</strong></span> 
     </span>
    </p>
   </div>
   <div class='ocr_carea' id='block_1_67' title="bbox 1704 2074 3290 2150">
    <p class='ocr_par' dir='ltr' id='par_1_67' title="bbox 1704 2074 3290 2150">
     <span class='ocr_line' id='line_1_67' title="bbox 1704 2074 3290 2150; baseline -0.008 -12"><span class='ocrx_word' id='word_1_448' title='bbox 1704 2080 1928 2138; x_wconf 88' lang='lat' dir='ltr'><strong>minatio</strong></span> <span class='ocrx_word' id='word_1_449' title='bbox 1959 2081 2126 2146; x_wconf 90' lang='lat' dir='ltr'><strong>illam,</strong></span> <span class='ocrx_word' id='word_1_450' title='bbox 2155 2095 2276 2150; x_wconf 63' lang='lat' dir='ltr'><strong>quae</strong></span> <span class='ocrx_word' id='word_1_451' title='bbox 2297 2077 2411 2149; x_wconf 89' lang='lat' dir='ltr'><strong>jam</strong></span> <span class='ocrx_word' id='word_1_452' title='bbox 2439 2093 2538 2149; x_wconf 91' lang='lat' dir='ltr'><strong>per</strong></span> <span class='ocrx_word' id='word_1_453' title='bbox 2567 2076 2766 2132; x_wconf 88' lang='lat' dir='ltr'><strong>multos</strong></span> <span class='ocrx_word' id='word_1_454' title='bbox 2787 2075 2904 2132; x_wconf 89' lang='lat' dir='ltr'><strong>dies</strong></span> <span class='ocrx_word' id='word_1_455' title='bbox 2942 2075 3014 2131; x_wconf 89' lang='lat' dir='ltr'><strong>ibi</strong></span> <span class='ocrx_word' id='word_1_456' title='bbox 3035 2074 3290 2146; x_wconf 86' lang='lat' dir='ltr'><strong>jacuerat</strong></span> 
     </span>
    </p>
   </div>
   <div class='ocr_carea' id='block_1_68' title="bbox 1705 2164 3290 2239">
    <p class='ocr_par' dir='ltr' id='par_1_68' title="bbox 1705 2164 3290 2239">
     <span class='ocr_line' id='line_1_68' title="bbox 1705 2164 3290 2239; baseline -0.007 -8"><span class='ocrx_word' id='word_1_457' title='bbox 1705 2187 1916 2232; x_wconf 86' lang='lat' dir='ltr'><strong>mortua</strong></span> <span class='ocrx_word' id='word_1_458' title='bbox 1941 2215 1956 2239; x_wconf 94' lang='lat'><strong>,</strong></span> <span class='ocrx_word' id='word_1_459' title='bbox 1984 2172 2311 2228; x_wconf 88' lang='lat' dir='ltr'><strong>labefactare</strong></span> <span class='ocrx_word' id='word_1_460' title='bbox 2336 2184 2481 2226; x_wconf 90' lang='lat' dir='ltr'><strong>nunc</strong></span> <span class='ocrx_word' id='word_1_461' title='bbox 2506 2183 2678 2239; x_wconf 89' lang='lat' dir='ltr'><strong>usque</strong></span> <span class='ocrx_word' id='word_1_462' title='bbox 2707 2167 3119 2224; x_wconf 87' lang='lat' dir='ltr'><strong>convaluerant.</strong></span> <span class='ocrx_word' id='word_1_463' title='bbox 3145 2164 3290 2222; x_wconf 88' lang='lat' dir='ltr'><strong>Odo-</strong></span> 
     </span>
    </p>
   </div>
   <div class='ocr_carea' id='block_1_69' title="bbox 1706 2257 3294 2338">
    <p class='ocr_par' dir='ltr' id='par_1_69' title="bbox 1706 2257 3294 2338">
     <span class='ocr_line' id='line_1_69' title="bbox 1706 2257 3294 2338; baseline -0.008 -14"><span class='ocrx_word' id='word_1_464' title='bbox 1706 2268 1782 2324; x_wconf 90' lang='lat' dir='ltr'><strong>ris</strong></span> <span class='ocrx_word' id='word_1_465' title='bbox 1831 2267 2075 2338; x_wconf 89' lang='lat' dir='ltr'><strong>pravitas</strong></span> <span class='ocrx_word' id='word_1_466' title='bbox 2123 2264 2271 2320; x_wconf 90' lang='lat' dir='ltr'><strong>nulla</strong></span> <span class='ocrx_word' id='word_1_467' title='bbox 2308 2270 2552 2320; x_wconf 88' lang='lat' dir='ltr'><strong>astantes</strong></span> <span class='ocrx_word' id='word_1_468' title='bbox 2589 2258 2851 2326; x_wconf 70' lang='lat' dir='ltr'><strong>offendit,</strong></span> <span class='ocrx_word' id='word_1_469' title='bbox 2897 2257 3096 2314; x_wconf 85' lang='lat' dir='ltr'><strong>exinde</strong></span> <span class='ocrx_word' id='word_1_470' title='bbox 3134 2272 3294 2330; x_wconf 88' lang='lat' dir='ltr'><strong>egre-</strong></span> 
     </span>
    </p>
   </div>
   <div class='ocr_carea' id='block_1_70' title="bbox 1705 2348 3292 2426">
    <p class='ocr_par' dir='ltr' id='par_1_70' title="bbox 1705 2348 3292 2426">
     <span class='ocr_line' id='line_1_70' title="bbox 1705 2348 3292 2426; baseline -0.008 -10"><span class='ocrx_word' id='word_1_471' title='bbox 1705 2359 1891 2426; x_wconf 90' lang='lat' dir='ltr'><strong>diens;</strong></span> <span class='ocrx_word' id='word_1_472' title='bbox 1937 2360 2031 2414; x_wconf 91' lang='lat' dir='ltr'><strong>sed</strong></span> <span class='ocrx_word' id='word_1_473' title='bbox 2085 2355 2326 2412; x_wconf 88' lang='lat' dir='ltr'><strong>suavitas</strong></span> <span class='ocrx_word' id='word_1_474' title='bbox 2367 2353 2596 2426; x_wconf 86' lang='lat' dir='ltr'><strong>replevit</strong></span> <span class='ocrx_word' id='word_1_475' title='bbox 2639 2351 2776 2409; x_wconf 87' lang='lat' dir='ltr'><strong>satis</strong></span> <span class='ocrx_word' id='word_1_476' title='bbox 2825 2348 3098 2406; x_wconf 72' lang='lat' dir='ltr'><strong>sufficiens</strong></span> <span class='ocrx_word' id='word_1_477' title='bbox 3130 2363 3147 2405; x_wconf 88' lang='lat'><strong>:</strong></span> <span class='ocrx_word' id='word_1_478' title='bbox 3185 2350 3292 2405; x_wconf 88' lang='lat' dir='ltr'><strong>hoe</strong></span> 
     </span>
    </p>
   </div>
   <div class='ocr_carea' id='block_1_71' title="bbox 1705 2441 3292 2518">
    <p class='ocr_par' dir='ltr' id='par_1_71' title="bbox 1705 2441 3292 2518">
     <span class='ocr_line' id='line_1_71' title="bbox 1705 2441 3292 2518; baseline -0.006 -14"><span class='ocrx_word' id='word_1_479' title='bbox 1705 2458 1886 2504; x_wconf 90' lang='lat' dir='ltr'><strong>autem</strong></span> <span class='ocrx_word' id='word_1_480' title='bbox 1915 2491 1931 2514; x_wconf 94' lang='lat'><strong>,</strong></span> <span class='ocrx_word' id='word_1_481' title='bbox 1957 2461 2017 2505; x_wconf 90' lang='lat' dir='ltr'><strong>ut</strong></span> <span class='ocrx_word' id='word_1_482' title='bbox 2048 2449 2268 2518; x_wconf 87' lang='lat' dir='ltr'><strong>dignum</strong></span> <span class='ocrx_word' id='word_1_483' title='bbox 2319 2454 2433 2514; x_wconf 90' lang='lat' dir='ltr'><strong>est,</strong></span> <span class='ocrx_word' id='word_1_484' title='bbox 2457 2444 2707 2502; x_wconf 87' lang='lat' dir='ltr'><strong>fidelibus</strong></span> <span class='ocrx_word' id='word_1_485' title='bbox 2733 2441 3061 2500; x_wconf 90' lang='lat' dir='ltr'><strong>credendum</strong></span> <span class='ocrx_word' id='word_1_486' title='bbox 3093 2455 3292 2512; x_wconf 90' lang='lat' dir='ltr'><strong>magno</strong></span> 
     </span>
    </p>
   </div>
   <div class='ocr_carea' id='block_1_72' title="bbox 1705 2539 2406 2613">
    <p class='ocr_par' dir='ltr' id='par_1_72' title="bbox 1705 2539 2406 2613">
     <span class='ocr_line' id='line_1_72' title="bbox 1705 2539 2406 2613; baseline -0.009 -15"><span class='ocrx_word' id='word_1_487' title='bbox 1705 2557 1803 2613; x_wconf 89' lang='lat' dir='ltr'><strong>pro</strong></span> <span class='ocrx_word' id='word_1_488' title='bbox 1829 2539 2091 2600; x_wconf 87' lang='lat' dir='ltr'><strong>miraculo</strong></span> <span class='ocrx_word' id='word_1_489' title='bbox 2124 2545 2406 2595; x_wconf 87' lang='lat' dir='ltr'><strong>testamur.</strong></span> 
     </span>
    </p>
   </div>
   <div class='ocr_carea' id='block_1_73' title="bbox 1705 2623 3294 2702">
    <p class='ocr_par' dir='ltr' id='par_1_73' title="bbox 1705 2623 3294 2702">
     <span class='ocr_line' id='line_1_73' title="bbox 1705 2623 3294 2702; baseline -0.004 -16"><span class='ocrx_word' id='word_1_490' title='bbox 1705 2631 1865 2702; x_wconf 65' lang='lat' dir='ltr'><strong>mu.</strong></span> <span class='ocrx_word' id='word_1_491' title='bbox 1887 2632 2017 2686; x_wconf 87' lang='lat' dir='ltr'><strong>Erat</strong></span> <span class='ocrx_word' id='word_1_492' title='bbox 2046 2629 2260 2700; x_wconf 86' lang='lat' dir='ltr'><strong>quidem</strong></span> <span class='ocrx_word' id='word_1_493' title='bbox 2287 2630 2528 2695; x_wconf 89' lang='lat' dir='ltr'><strong>interea,</strong></span> <span class='ocrx_word' id='word_1_494' title='bbox 2555 2642 2676 2698; x_wconf 69' lang='lat' dir='ltr'><strong>quae</strong></span> <span class='ocrx_word' id='word_1_495' title='bbox 2703 2626 2976 2699; x_wconf 68' lang='lat' dir='ltr'><strong>praeclarae</strong></span> <span class='ocrx_word' id='word_1_496' title='bbox 2996 2624 3121 2679; x_wconf 73' lang='lat' dir='ltr'><strong>vitze</strong></span> <span class='ocrx_word' id='word_1_497' title='bbox 3147 2623 3294 2680; x_wconf 87' lang='lat' dir='ltr'><strong>illius</strong></span> 
     </span>
    </p>
   </div>
   <div class='ocr_carea' id='block_1_74' title="bbox 1707 2715 3290 2795">
    <p class='ocr_par' dir='ltr' id='par_1_74' title="bbox 1707 2715 3290 2795">
     <span class='ocr_line' id='line_1_74' title="bbox 1707 2715 3290 2795; baseline -0.007 -13"><span class='ocrx_word' id='word_1_498' title='bbox 1707 2725 1875 2782; x_wconf 82' lang='lat' dir='ltr'><strong>refert</strong></span> <span class='ocrx_word' id='word_1_499' title='bbox 1898 2722 2126 2795; x_wconf 88' lang='lat' dir='ltr'><strong>insignia</strong></span> <span class='ocrx_word' id='word_1_500' title='bbox 2152 2762 2167 2788; x_wconf 96' lang='lat'><strong>,</strong></span> <span class='ocrx_word' id='word_1_501' title='bbox 2195 2721 2245 2776; x_wconf 93' lang='lat' dir='ltr'><strong>ei</strong></span> <span class='ocrx_word' id='word_1_502' title='bbox 2274 2721 2438 2777; x_wconf 91' lang='lat' dir='ltr'><strong>etiam</strong></span> <span class='ocrx_word' id='word_1_503' title='bbox 2483 2718 2678 2776; x_wconf 91' lang='lat' dir='ltr'><strong>collata</strong></span> <span class='ocrx_word' id='word_1_504' title='bbox 2711 2725 2834 2788; x_wconf 92' lang='lat' dir='ltr'><strong>post</strong></span> <span class='ocrx_word' id='word_1_505' title='bbox 2859 2724 3088 2772; x_wconf 91' lang='lat' dir='ltr'><strong>mortem</strong></span> <span class='ocrx_word' id='word_1_506' title='bbox 3115 2715 3290 2771; x_wconf 84' lang='lat' dir='ltr'><strong>virtus</strong></span> 
     </span>
    </p>
   </div>
   <div class='ocr_carea' id='block_1_75' title="bbox 1707 2808 3294 2888">
    <p class='ocr_par' dir='ltr' id='par_1_75' title="bbox 1707 2808 3294 2888">
     <span class='ocr_line' id='line_1_75' title="bbox 1707 2808 3294 2888; baseline -0.009 -12"><span class='ocrx_word' id='word_1_507' title='bbox 1707 2816 1924 2888; x_wconf 84' lang='lat' dir='ltr'><strong>fugandi</strong></span> <span class='ocrx_word' id='word_1_508' title='bbox 1955 2813 2242 2879; x_wconf 67' lang='lat' dir='ltr'><strong>daemonia,</strong></span> <span class='ocrx_word' id='word_1_509' title='bbox 2265 2813 2406 2869; x_wconf 90' lang='lat' dir='ltr'><strong>sicut</strong></span> <span class='ocrx_word' id='word_1_510' title='bbox 2426 2808 2784 2881; x_wconf 88' lang='lat' dir='ltr'><strong>quorumdam</strong></span> <span class='ocrx_word' id='word_1_511' title='bbox 2814 2808 3012 2865; x_wconf 78' lang='lat' dir='ltr'><strong>obnixe</strong></span> <span class='ocrx_word' id='word_1_512' title='bbox 3036 2815 3294 2863; x_wconf 86' lang='lat' dir='ltr'><strong>asserunt</strong></span> 
     </span>
    </p>
   </div>
   <div class='ocr_carea' id='block_1_76' title="bbox 1709 2897 3291 2972">
    <p class='ocr_par' dir='ltr' id='par_1_76' title="bbox 1709 2897 3291 2972">
     <span class='ocr_line' id='line_1_76' title="bbox 1709 2897 3291 2972; baseline -0.008 -8"><span class='ocrx_word' id='word_1_513' title='bbox 1709 2907 2038 2964; x_wconf 89' lang='lat' dir='ltr'><strong>testimonia.</strong></span> <span class='ocrx_word' id='word_1_514' title='bbox 2077 2903 2304 2960; x_wconf 82' lang='lat' dir='ltr'><strong>Cuidam</strong></span> <span class='ocrx_word' id='word_1_515' title='bbox 2341 2916 2535 2972; x_wconf 90' lang='lat' dir='ltr'><strong>nempe</strong></span> <span class='ocrx_word' id='word_1_516' title='bbox 2553 2899 2772 2971; x_wconf 91' lang='lat' dir='ltr'><strong>juveni,</strong></span> <span class='ocrx_word' id='word_1_517' title='bbox 2804 2899 2872 2954; x_wconf 90' lang='lat' dir='ltr'><strong>de</strong></span> <span class='ocrx_word' id='word_1_518' title='bbox 2893 2897 3020 2952; x_wconf 90' lang='lat' dir='ltr'><strong>villa</strong></span> <span class='ocrx_word' id='word_1_519' title='bbox 3048 2911 3169 2968; x_wconf 73' lang='lat' dir='ltr'><strong>quae</strong></span> <span class='ocrx_word' id='word_1_520' title='bbox 3194 2911 3291 2953; x_wconf 83' lang='lat' dir='ltr'><strong>vo-</strong></span> 
     </span>
    </p>
   </div>
   <div class='ocr_carea' id='block_1_77' title="bbox 1709 2986 3293 3065">
    <p class='ocr_par' dir='ltr' id='par_1_77' title="bbox 1709 2986 3293 3065">
     <span class='ocr_line' id='line_1_77' title="bbox 1709 2986 3293 3065; baseline -0.012 -8"><span class='ocrx_word' id='word_1_521' title='bbox 1709 3005 1866 3059; x_wconf 83' lang='lat' dir='ltr'><strong>catur</strong></span> <span class='ocrx_word' id='word_1_522' title='bbox 1890 2995 2110 3052; x_wconf 85' lang='lat' dir='ltr'><strong>Vertum</strong></span> <span class='ocrx_word' id='word_1_523' title='bbox 2142 3033 2160 3062; x_wconf 94' lang='lat'><strong>,</strong></span> <span class='ocrx_word' id='word_1_524' title='bbox 2185 2993 2407 3065; x_wconf 91' lang='lat' dir='ltr'><strong>spiritus</strong></span> <span class='ocrx_word' id='word_1_525' title='bbox 2435 3004 2669 3060; x_wconf 85' lang='lat' dir='ltr'><strong>nequam</strong></span> <span class='ocrx_word' id='word_1_526' title='bbox 2709 2987 2959 3059; x_wconf 86' lang='lat' dir='ltr'><strong>apparuit</strong></span> <span class='ocrx_word' id='word_1_527' title='bbox 2987 3029 3003 3054; x_wconf 96' lang='lat'><strong>,</strong></span> <span class='ocrx_word' id='word_1_528' title='bbox 3050 2987 3118 3042; x_wconf 91' lang='lat' dir='ltr'><strong>ad</strong></span> <span class='ocrx_word' id='word_1_529' title='bbox 3146 2986 3293 3042; x_wconf 87' lang='lat' dir='ltr'><strong>simi-</strong></span> 
     </span>
    </p>
   </div>
   <div class='ocr_carea' id='block_1_78' title="bbox 1709 3077 3294 3152">
    <p class='ocr_par' dir='ltr' id='par_1_78' title="bbox 1709 3077 3294 3152">
     <span class='ocr_line' id='line_1_78' title="bbox 1709 3077 3294 3152; baseline -0.006 -10"><span class='ocrx_word' id='word_1_530' title='bbox 1709 3086 1986 3146; x_wconf 90' lang='lat' dir='ltr'><strong>litudinem</strong></span> <span class='ocrx_word' id='word_1_531' title='bbox 2015 3084 2193 3150; x_wconf 87' lang='lat' dir='ltr'><strong>bovis,</strong></span> <span class='ocrx_word' id='word_1_532' title='bbox 2221 3082 2585 3152; x_wconf 89' lang='lat' dir='ltr'><strong>auferensque</strong></span> <span class='ocrx_word' id='word_1_533' title='bbox 2611 3079 2680 3135; x_wconf 90' lang='lat' dir='ltr'><strong>ab</strong></span> <span class='ocrx_word' id='word_1_534' title='bbox 2707 3093 2772 3136; x_wconf 90' lang='lat' dir='ltr'><strong>eo</strong></span> <span class='ocrx_word' id='word_1_535' title='bbox 2796 3095 3036 3144; x_wconf 88' lang='lat' dir='ltr'><strong>sensum,</strong></span> <span class='ocrx_word' id='word_1_536' title='bbox 3067 3077 3294 3132; x_wconf 87' lang='lat' dir='ltr'><strong>intravit</strong></span> 
     </span>
    </p>
   </div>
   <div class='ocr_carea' id='block_1_79' title="bbox 1707 3167 3289 3246">
    <p class='ocr_par' dir='ltr' id='par_1_79' title="bbox 1707 3167 3289 3246">
     <span class='ocr_line' id='line_1_79' title="bbox 1707 3167 3289 3246; baseline -0.007 -12"><span class='ocrx_word' id='word_1_537' title='bbox 1707 3180 1762 3242; x_wconf 87' lang='lat' dir='ltr'><strong>in</strong></span> <span class='ocrx_word' id='word_1_538' title='bbox 1792 3177 1944 3234; x_wconf 75' lang='lat' dir='ltr'><strong>ilum</strong></span> <span class='ocrx_word' id='word_1_539' title='bbox 1979 3191 1996 3232; x_wconf 85' lang='lat'><strong>:</strong></span> <span class='ocrx_word' id='word_1_540' title='bbox 2031 3175 2222 3233; x_wconf 90' lang='lat' dir='ltr'><strong>faciem</strong></span> <span class='ocrx_word' id='word_1_541' title='bbox 2249 3174 2449 3246; x_wconf 84' lang='lat' dir='ltr'><strong>quippe</strong></span> <span class='ocrx_word' id='word_1_542' title='bbox 2482 3171 2662 3227; x_wconf 87' lang='lat' dir='ltr'><strong>miseri</strong></span> <span class='ocrx_word' id='word_1_543' title='bbox 2699 3169 2918 3240; x_wconf 85' lang='lat' dir='ltr'><strong>juvenis</strong></span> <span class='ocrx_word' id='word_1_544' title='bbox 2961 3169 3118 3226; x_wconf 87' lang='lat' dir='ltr'><strong>valde</strong></span> <span class='ocrx_word' id='word_1_545' title='bbox 3142 3167 3289 3225; x_wconf 56' lang='lat' dir='ltr'><strong>fero-</strong></span> 
     </span>
    </p>
   </div>
   <div class='ocr_carea' id='block_1_80' title="bbox 1706 3260 3295 3335">
    <p class='ocr_par' dir='ltr' id='par_1_80' title="bbox 1706 3260 3295 3335">
     <span class='ocr_line' id='line_1_80' title="bbox 1706 3260 3295 3335; baseline -0.006 -9"><span class='ocrx_word' id='word_1_546' title='bbox 1706 3283 1846 3335; x_wconf 85' lang='lat' dir='ltr'><strong>cem,</strong></span> <span class='ocrx_word' id='word_1_547' title='bbox 1880 3282 2090 3324; x_wconf 88' lang='lat' dir='ltr'><strong>cassam</strong></span> <span class='ocrx_word' id='word_1_548' title='bbox 2138 3274 2194 3322; x_wconf 91' lang='lat' dir='ltr'><strong>et</strong></span> <span class='ocrx_word' id='word_1_549' title='bbox 2223 3264 2521 3321; x_wconf 87' lang='lat' dir='ltr'><strong>terribilem</strong></span> <span class='ocrx_word' id='word_1_550' title='bbox 2550 3277 2736 3319; x_wconf 89' lang='lat' dir='ltr'><strong>vocem</strong></span> <span class='ocrx_word' id='word_1_551' title='bbox 2760 3302 2774 3327; x_wconf 95' lang='lat'><strong>,</strong></span> <span class='ocrx_word' id='word_1_552' title='bbox 2807 3271 2865 3316; x_wconf 93' lang='lat' dir='ltr'><strong>ut</strong></span> <span class='ocrx_word' id='word_1_553' title='bbox 2893 3274 3012 3316; x_wconf 90' lang='lat' dir='ltr'><strong>mos</strong></span> <span class='ocrx_word' id='word_1_554' title='bbox 3037 3269 3140 3326; x_wconf 91' lang='lat' dir='ltr'><strong>est,</strong></span> <span class='ocrx_word' id='word_1_555' title='bbox 3165 3260 3295 3316; x_wconf 87' lang='lat' dir='ltr'><strong>fecit</strong></span> 
     </span>
    </p>
   </div>
   <div class='ocr_carea' id='block_1_81' title="bbox 1708 3351 3293 3425">
    <p class='ocr_par' dir='ltr' id='par_1_81' title="bbox 1708 3351 3293 3425">
     <span class='ocr_line' id='line_1_81' title="bbox 1708 3351 3293 3425; baseline -0.006 -9"><span class='ocrx_word' id='word_1_556' title='bbox 1708 3358 2060 3425; x_wconf 67' lang='lat' dir='ltr'><strong>daemonium;</strong></span> <span class='ocrx_word' id='word_1_557' title='bbox 2117 3355 2289 3411; x_wconf 88' lang='lat' dir='ltr'><strong>oculis</strong></span> <span class='ocrx_word' id='word_1_558' title='bbox 2340 3355 2765 3423; x_wconf 85' lang='lat' dir='ltr'><strong>circumquaque</strong></span> <span class='ocrx_word' id='word_1_559' title='bbox 2813 3352 3083 3422; x_wconf 86' lang='lat' dir='ltr'><strong>respicere</strong></span> <span class='ocrx_word' id='word_1_560' title='bbox 3125 3351 3293 3407; x_wconf 87' lang='lat' dir='ltr'><strong>torvis</strong></span> 
     </span>
    </p>
   </div>
   <div class='ocr_carea' id='block_1_82' title="bbox 1708 3440 3293 3515">
    <p class='ocr_par' dir='ltr' id='par_1_82' title="bbox 1708 3440 3293 3515">
     <span class='ocr_line' id='line_1_82' title="bbox 1708 3440 3293 3515; baseline -0.006 -9"><span class='ocrx_word' id='word_1_561' title='bbox 1708 3459 1767 3506; x_wconf 92' lang='lat' dir='ltr'><strong>et</strong></span> <span class='ocrx_word' id='word_1_562' title='bbox 1796 3448 2159 3515; x_wconf 89' lang='lat' dir='ltr'><strong>terribilibus,</strong></span> <span class='ocrx_word' id='word_1_563' title='bbox 2193 3446 2418 3501; x_wconf 90' lang='lat' dir='ltr'><strong>fetidum</strong></span> <span class='ocrx_word' id='word_1_564' title='bbox 2450 3445 2700 3500; x_wconf 90' lang='lat' dir='ltr'><strong>emittere</strong></span> <span class='ocrx_word' id='word_1_565' title='bbox 2746 3452 2965 3512; x_wconf 90' lang='lat' dir='ltr'><strong>sputum</strong></span> <span class='ocrx_word' id='word_1_566' title='bbox 3005 3456 3075 3496; x_wconf 78' lang='lat' dir='ltr'><strong>ex</strong></span> <span class='ocrx_word' id='word_1_567' title='bbox 3118 3440 3293 3497; x_wconf 89' lang='lat' dir='ltr'><strong>fauci-</strong></span> 
     </span>
    </p>
   </div>
   <div class='ocr_carea' id='block_1_83' title="bbox 1709 3529 3296 3611">
    <p class='ocr_par' dir='ltr' id='par_1_83' title="bbox 1709 3529 3296 3611">
     <span class='ocr_line' id='line_1_83' title="bbox 1709 3529 3296 3611; baseline -0.009 -14"><span class='ocrx_word' id='word_1_568' title='bbox 1709 3541 1841 3609; x_wconf 89' lang='lat' dir='ltr'><strong>bus,</strong></span> <span class='ocrx_word' id='word_1_569' title='bbox 1885 3539 2132 3611; x_wconf 88' lang='lat' dir='ltr'><strong>proferre</strong></span> <span class='ocrx_word' id='word_1_570' title='bbox 2175 3537 2474 3608; x_wconf 82' lang='lat' dir='ltr'><strong>singultus,</strong></span> <span class='ocrx_word' id='word_1_571' title='bbox 2525 3543 2582 3592; x_wconf 89' lang='lat' dir='ltr'><strong>ct</strong></span> <span class='ocrx_word' id='word_1_572' title='bbox 2625 3533 2860 3590; x_wconf 90' lang='lat' dir='ltr'><strong>stridere</strong></span> <span class='ocrx_word' id='word_1_573' title='bbox 2886 3532 3138 3587; x_wconf 68' lang='lat' dir='ltr'><strong>dentlius</strong></span> <span class='ocrx_word' id='word_1_574' title='bbox 3162 3529 3296 3584; x_wconf 86' lang='lat' dir='ltr'><strong>fecit</strong></span> 
     </span>
    </p>
   </div>
   <div class='ocr_carea' id='block_1_84' title="bbox 1710 3621 3292 3703">
    <p class='ocr_par' dir='ltr' id='par_1_84' title="bbox 1710 3621 3292 3703">
     <span class='ocr_line' id='line_1_84' title="bbox 1710 3621 3292 3703; baseline -0.009 -15"><span class='ocrx_word' id='word_1_575' title='bbox 1710 3648 1834 3698; x_wconf 87' lang='lat' dir='ltr'><strong>eum</strong></span> <span class='ocrx_word' id='word_1_576' title='bbox 1875 3633 2159 3703; x_wconf 86' lang='lat' dir='ltr'><strong>malignus.</strong></span> <span class='ocrx_word' id='word_1_577' title='bbox 2203 3629 2354 3685; x_wconf 90' lang='lat' dir='ltr'><strong>Illum</strong></span> <span class='ocrx_word' id='word_1_578' title='bbox 2403 3629 2585 3698; x_wconf 85' lang='lat' dir='ltr'><strong>itaque</strong></span> <span class='ocrx_word' id='word_1_579' title='bbox 2631 3641 2756 3682; x_wconf 91' lang='lat' dir='ltr'><strong>cum</strong></span> <span class='ocrx_word' id='word_1_580' title='bbox 2807 3623 2874 3679; x_wconf 89' lang='lat' dir='ltr'><strong>ad</strong></span> <span class='ocrx_word' id='word_1_581' title='bbox 2907 3621 3160 3680; x_wconf 82' lang='lat' dir='ltr'><strong>nonnulla</strong></span> <span class='ocrx_word' id='word_1_582' title='bbox 3192 3636 3292 3692; x_wconf 79' lang='lat' dir='ltr'><strong>pa-</strong></span> 
     </span>
    </p>
   </div>
   <div class='ocr_carea' id='block_1_85' title="bbox 1712 3709 3295 3792">
    <p class='ocr_par' dir='ltr' id='par_1_85' title="bbox 1712 3709 3295 3792">
     <span class='ocr_line' id='line_1_85' title="bbox 1712 3709 3295 3792; baseline -0.011 -12"><span class='ocrx_word' id='word_1_583' title='bbox 1712 3732 1895 3780; x_wconf 83' lang='lat' dir='ltr'><strong>rentes</strong></span> <span class='ocrx_word' id='word_1_584' title='bbox 1933 3721 2051 3792; x_wconf 87' lang='lat' dir='ltr'><strong>ejus</strong></span> <span class='ocrx_word' id='word_1_585' title='bbox 2096 3721 2320 3791; x_wconf 80' lang='lat' dir='ltr'><strong>pignora</strong></span> <span class='ocrx_word' id='word_1_586' title='bbox 2361 3725 2671 3774; x_wconf 87' lang='lat' dir='ltr'><strong>sanctorum</strong></span> <span class='ocrx_word' id='word_1_587' title='bbox 2703 3713 3022 3779; x_wconf 76' lang='lat' dir='ltr'><strong>duxissent,</strong></span> <span class='ocrx_word' id='word_1_588' title='bbox 3050 3709 3295 3780; x_wconf 79' lang='lat' dir='ltr'><strong>nihilque</strong></span> 
     </span>
    </p>
   </div>
   <div class='ocr_carea' id='block_1_86' title="bbox 1711 3803 3295 3887">
    <p class='ocr_par' dir='ltr' id='par_1_86' title="bbox 1711 3803 3295 3887">
     <span class='ocr_line' id='line_1_86' title="bbox 1711 3803 3295 3887; baseline -0.008 -16"><span class='ocrx_word' id='word_1_589' title='bbox 1711 3815 2087 3887; x_wconf 77' lang='lat' dir='ltr'><strong>profecissent,</strong></span> <span class='ocrx_word' id='word_1_590' title='bbox 2124 3809 2338 3865; x_wconf 86' lang='lat' dir='ltr'><strong>tandem</strong></span> <span class='ocrx_word' id='word_1_591' title='bbox 2371 3807 2438 3862; x_wconf 88' lang='lat' dir='ltr'><strong>ad</strong></span> <span class='ocrx_word' id='word_1_592' title='bbox 2469 3807 2774 3877; x_wconf 85' lang='lat' dir='ltr'><strong>sepulcrum</strong></span> <span class='ocrx_word' id='word_1_593' title='bbox 2807 3804 2864 3858; x_wconf 82' lang='grc' dir='ltr'><strong>Β.</strong></span> <span class='ocrx_word' id='word_1_594' title='bbox 2899 3803 3003 3858; x_wconf 65' lang='lat' dir='ltr'><strong>Idm</strong></span> <span class='ocrx_word' id='word_1_595' title='bbox 3050 3803 3295 3858; x_wconf 76' lang='lat' dir='ltr'><strong>adduxe-</strong></span> 
     </span>
    </p>
   </div>
   <div class='ocr_carea' id='block_1_87' title="bbox 1717 3891 3296 3972">
    <p class='ocr_par' dir='ltr' id='par_1_87' title="bbox 1717 3891 3296 3972">
     <span class='ocr_line' id='line_1_87' title="bbox 1717 3891 3296 3972; baseline -0.01 -11"><span class='ocrx_word' id='word_1_596' title='bbox 1717 3913 1864 3969; x_wconf 75' lang='lat' dir='ltr'><strong>runt.</strong></span> <span class='ocrx_word' id='word_1_597' title='bbox 1903 3904 2074 3972; x_wconf 83' lang='lat' dir='ltr'><strong>Quem</strong></span> <span class='ocrx_word' id='word_1_598' title='bbox 2108 3917 2173 3958; x_wconf 79' lang='lat' dir='ltr'><strong>ex</strong></span> <span class='ocrx_word' id='word_1_599' title='bbox 2214 3900 2324 3964; x_wconf 83' lang='lat' dir='ltr'><strong>alto</strong></span> <span class='ocrx_word' id='word_1_600' title='bbox 2374 3897 2586 3954; x_wconf 90' lang='lat' dir='ltr'><strong>meritis</strong></span> <span class='ocrx_word' id='word_1_601' title='bbox 2634 3904 2835 3951; x_wconf 61' lang='lat' dir='ltr'><strong>Sanctae</strong></span> <span class='ocrx_word' id='word_1_602' title='bbox 2879 3891 3140 3950; x_wconf 86' lang='lat' dir='ltr'><strong>Dominus</strong></span> <span class='ocrx_word' id='word_1_603' title='bbox 3171 3905 3296 3962; x_wconf 83' lang='lat' dir='ltr'><strong>pro-</strong></span> 
     </span>
    </p>
   </div>
   <div class='ocr_carea' id='block_1_88' title="bbox 1714 3981 3298 4067">
    <p class='ocr_par' dir='ltr' id='par_1_88' title="bbox 1714 3981 3298 4067">
     <span class='ocr_line' id='line_1_88' title="bbox 1714 3981 3298 4067; baseline -0.009 -15"><span class='ocrx_word' id='word_1_604' title='bbox 1714 3995 1980 4067; x_wconf 89' lang='lat' dir='ltr'><strong>spiciens,</strong></span> <span class='ocrx_word' id='word_1_605' title='bbox 2010 4002 2130 4066; x_wconf 89' lang='lat' dir='ltr'><strong>post</strong></span> <span class='ocrx_word' id='word_1_606' title='bbox 2155 3990 2390 4050; x_wconf 88' lang='lat' dir='ltr'><strong>triduum</strong></span> <span class='ocrx_word' id='word_1_607' title='bbox 2420 3987 2581 4048; x_wconf 83' lang='lat' dir='ltr'><strong>rediit</strong></span> <span class='ocrx_word' id='word_1_608' title='bbox 2608 4000 2774 4042; x_wconf 89' lang='lat' dir='ltr'><strong>sanus</strong></span> <span class='ocrx_word' id='word_1_609' title='bbox 2801 3993 2856 4041; x_wconf 91' lang='lat' dir='ltr'><strong>et</strong></span> <span class='ocrx_word' id='word_1_610' title='bbox 2895 3981 3214 4064; x_wconf 86' lang='lat' dir='ltr'><strong>incolumis,</strong></span> <span class='ocrx_word' id='word_1_611' title='bbox 3239 3989 3298 4038; x_wconf 87' lang='lat' dir='ltr'><strong>et</strong></span> 
     </span>
    </p>
   </div>
   <div class='ocr_carea' id='block_1_89' title="bbox 1716 4075 3192 4158">
    <p class='ocr_par' dir='ltr' id='par_1_89' title="bbox 1716 4075 3192 4158">
     <span class='ocr_line' id='line_1_89' title="bbox 1716 4075 3192 4158; baseline -0.012 -13"><span class='ocrx_word' id='word_1_612' title='bbox 1716 4089 1772 4146; x_wconf 88' lang='lat' dir='ltr'><strong>in</strong></span> <span class='ocrx_word' id='word_1_613' title='bbox 1805 4088 1910 4144; x_wconf 89' lang='lat' dir='ltr'><strong>fide</strong></span> <span class='ocrx_word' id='word_1_614' title='bbox 1937 4102 2100 4158; x_wconf 89' lang='lat' dir='ltr'><strong>quam</strong></span> <span class='ocrx_word' id='word_1_615' title='bbox 2130 4085 2302 4141; x_wconf 91' lang='lat' dir='ltr'><strong>hostis</strong></span> <span class='ocrx_word' id='word_1_616' title='bbox 2330 4083 2380 4139; x_wconf 91' lang='lat' dir='ltr'><strong>ei</strong></span> <span class='ocrx_word' id='word_1_617' title='bbox 2403 4079 2722 4144; x_wconf 90' lang='lat' dir='ltr'><strong>abstulerat,</strong></span> <span class='ocrx_word' id='word_1_618' title='bbox 2749 4077 2883 4134; x_wconf 91' lang='lat' dir='ltr'><strong>nihil</strong></span> <span class='ocrx_word' id='word_1_619' title='bbox 2917 4075 3192 4133; x_wconf 85' lang='lat' dir='ltr'><strong>deficiens.</strong></span> 
     </span>
    </p>
   </div>
   <div class='ocr_carea' id='block_1_90' title="bbox 1789 4166 3295 4247">
    <p class='ocr_par' dir='ltr' id='par_1_90' title="bbox 1789 4166 3295 4247">
     <span class='ocr_line' id='line_1_90' title="bbox 1789 4166 3295 4247; baseline -0.009 -12"><span class='ocrx_word' id='word_1_620' title='bbox 1789 4179 1878 4235; x_wconf 84' lang='grc'><strong>15.</strong></span> <span class='ocrx_word' id='word_1_621' title='bbox 1913 4176 2074 4234; x_wconf 82' lang='lat' dir='ltr'><strong>Aliud</strong></span> <span class='ocrx_word' id='word_1_622' title='bbox 2119 4189 2334 4247; x_wconf 89' lang='lat' dir='ltr'><strong>quoque</strong></span> <span class='ocrx_word' id='word_1_623' title='bbox 2375 4187 2483 4229; x_wconf 88' lang='lat' dir='ltr'><strong>non</strong></span> <span class='ocrx_word' id='word_1_624' title='bbox 2531 4169 2796 4227; x_wconf 86' lang='lat' dir='ltr'><strong>dissimile</strong></span> <span class='ocrx_word' id='word_1_625' title='bbox 2851 4168 2980 4224; x_wconf 90' lang='lat' dir='ltr'><strong>huic</strong></span> <span class='ocrx_word' id='word_1_626' title='bbox 3035 4166 3295 4222; x_wconf 89' lang='lat' dir='ltr'><strong>miraculo</strong></span> 
     </span>
    </p>
   </div>
   <div class='ocr_carea' id='block_1_91' title="bbox 1717 4260 3298 4340">
    <p class='ocr_par' dir='ltr' id='par_1_91' title="bbox 1717 4260 3298 4340">
     <span class='ocr_line' id='line_1_91' title="bbox 1717 4260 3298 4340; baseline -0.013 -9"><span class='ocrx_word' id='word_1_627' title='bbox 1717 4271 2059 4337; x_wconf 90' lang='lat' dir='ltr'><strong>miraculum,</strong></span> <span class='ocrx_word' id='word_1_628' title='bbox 2090 4283 2186 4340; x_wconf 91' lang='lat' dir='ltr'><strong>per</strong></span> <span class='ocrx_word' id='word_1_629' title='bbox 2216 4267 2410 4323; x_wconf 85' lang='lat' dir='ltr'><strong>merita</strong></span> <span class='ocrx_word' id='word_1_630' title='bbox 2433 4263 2674 4336; x_wconf 88' lang='lat' dir='ltr'><strong>ejusdem</strong></span> <span class='ocrx_word' id='word_1_631' title='bbox 2705 4263 2816 4318; x_wconf 91' lang='lat' dir='ltr'><strong>Deo</strong></span> <span class='ocrx_word' id='word_1_632' title='bbox 2849 4260 3080 4324; x_wconf 84' lang='lat' dir='ltr'><strong>dilectae,</strong></span> <span class='ocrx_word' id='word_1_633' title='bbox 3107 4273 3298 4330; x_wconf 85' lang='lat' dir='ltr'><strong>perpe-</strong></span> 
     </span>
    </p>
   </div>
   <div class='ocr_carea' id='block_1_92' title="bbox 1717 4351 3297 4424">
    <p class='ocr_par' dir='ltr' id='par_1_92' title="bbox 1717 4351 3297 4424">
     <span class='ocr_line' id='line_1_92' title="bbox 1717 4351 3297 4424; baseline -0.011 -1"><span class='ocrx_word' id='word_1_634' title='bbox 1717 4373 1920 4423; x_wconf 85' lang='lat' dir='ltr'><strong>tratum</strong></span> <span class='ocrx_word' id='word_1_635' title='bbox 1969 4377 2002 4422; x_wconf 83' lang='lat' dir='ltr'><strong>a</strong></span> <span class='ocrx_word' id='word_1_636' title='bbox 2042 4359 2224 4416; x_wconf 91' lang='lat' dir='ltr'><strong>multis</strong></span> <span class='ocrx_word' id='word_1_637' title='bbox 2255 4357 2521 4414; x_wconf 90' lang='lat' dir='ltr'><strong>asseritur</strong></span> <span class='ocrx_word' id='word_1_638' title='bbox 2546 4396 2562 4422; x_wconf 95' lang='lat'><strong>,</strong></span> <span class='ocrx_word' id='word_1_639' title='bbox 2591 4367 2756 4424; x_wconf 90' lang='lat' dir='ltr'><strong>atque</strong></span> <span class='ocrx_word' id='word_1_640' title='bbox 2779 4394 2795 4419; x_wconf 92' lang='lat'><strong>,</strong></span> <span class='ocrx_word' id='word_1_641' title='bbox 2829 4360 2890 4406; x_wconf 89' lang='lat' dir='ltr'><strong>ut</strong></span> <span class='ocrx_word' id='word_1_642' title='bbox 2927 4351 3148 4422; x_wconf 87' lang='lat' dir='ltr'><strong>dignum</strong></span> <span class='ocrx_word' id='word_1_643' title='bbox 3176 4360 3259 4405; x_wconf 85' lang='lat' dir='ltr'><strong>est</strong></span> <span class='ocrx_word' id='word_1_644' title='bbox 3281 4388 3297 4415; x_wconf 91' lang='lat'><strong>,</strong></span> 
     </span>
    </p>
   </div>
   <div class='ocr_carea' id='block_1_93' title="bbox 59 4442 3301 4540">
    <p class='ocr_par' dir='ltr' id='par_1_93' title="bbox 59 4442 3301 4540">
     <span class='ocr_line' id='line_1_93' title="bbox 59 4442 3301 4540; baseline -0.004 -34"><span class='ocrx_word' id='word_1_645' title='bbox 59 4458 101 4504; x_wconf 86' lang='lat' dir='ltr'><strong>el</strong></span> <span class='ocrx_word' id='word_1_646' title='bbox 137 4450 324 4523; x_wconf 87' lang='lat' dir='ltr'><strong>Spiritu</strong></span> <span class='ocrx_word' id='word_1_647' title='bbox 355 4467 553 4518; x_wconf 89' lang='lat' dir='ltr'><strong>sancto</strong></span> <span class='ocrx_word' id='word_1_648' title='bbox 581 4459 713 4516; x_wconf 90' lang='lat' dir='ltr'><strong>vivit</strong></span> <span class='ocrx_word' id='word_1_649' title='bbox 763 4470 818 4516; x_wconf 90' lang='lat' dir='ltr'><strong>et</strong></span> <span class='ocrx_word' id='word_1_650' title='bbox 862 4469 1056 4533; x_wconf 88' lang='lat' dir='ltr'><strong>regnat</strong></span> <span class='ocrx_word' id='word_1_651' title='bbox 1094 4460 1267 4530; x_wconf 92' lang='lat' dir='ltr'><strong>Deus,</strong></span> <span class='ocrx_word' id='word_1_652' title='bbox 1295 4477 1391 4534; x_wconf 89' lang='lat' dir='ltr'><strong>per</strong></span> <span class='ocrx_word' id='word_1_653' title='bbox 1428 4463 1612 4522; x_wconf 88' lang='lat' dir='ltr'><strong>omnia</strong></span> <span class='ocrx_word' id='word_1_654' title='bbox 1648 4484 1693 4540; x_wconf 74' lang='grc' dir='ltr'><strong>Ι)</strong></span> <span class='ocrx_word' id='word_1_655' title='bbox 1721 4455 2036 4514; x_wconf 89' lang='lat' dir='ltr'><strong>memoriter</strong></span> <span class='ocrx_word' id='word_1_656' title='bbox 2079 4467 2179 4524; x_wconf 92' lang='lat' dir='ltr'><strong>pro</strong></span> <span class='ocrx_word' id='word_1_657' title='bbox 2213 4466 2409 4520; x_wconf 89' lang='lat' dir='ltr'><strong>magno</strong></span> <span class='ocrx_word' id='word_1_658' title='bbox 2431 4447 2710 4505; x_wconf 89' lang='lat' dir='ltr'><strong>recolitur.</strong></span> <span class='ocrx_word' id='word_1_659' title='bbox 2748 4445 2885 4502; x_wconf 80' lang='lat' dir='ltr'><strong>V&#39;illa</strong></span> <span class='ocrx_word' id='word_1_660' title='bbox 2917 4442 3160 4514; x_wconf 77' lang='lat' dir='ltr'><strong>quaedam</strong></span> <span class='ocrx_word' id='word_1_661' title='bbox 3203 4457 3301 4495; x_wconf 85' lang='lat' dir='ltr'><strong>no-.-</strong></span> 
     </span>
    </p>
   </div>
   <div class='ocr_carea' id='block_1_94' title="bbox 59 4547 818 4617">
    <p class='ocr_par' dir='ltr' id='par_1_94' title="bbox 59 4547 818 4617">
     <span class='ocr_line' id='line_1_94' title="bbox 59 4547 818 4617; baseline 0.011 -20"><span class='ocrx_word' id='word_1_662' title='bbox 59 4547 222 4604; x_wconf 68' lang='lat' dir='ltr'><strong>sacula</strong></span> <span class='ocrx_word' id='word_1_663' title='bbox 249 4550 592 4607; x_wconf 81' lang='lat' dir='ltr'><strong>saeculorum.</strong></span> <span class='ocrx_word' id='word_1_664' title='bbox 624 4552 818 4617; x_wconf 74' lang='lat' dir='ltr'><strong>Amen,</strong></span> 
     </span>
    </p>
   </div>
   <div class='ocr_carea' id='block_1_95' title="bbox 642 4638 996 4696">
    <p class='ocr_par' dir='ltr' id='par_1_95' title="bbox 642 4638 996 4696">
     <span class='ocr_line' id='line_1_95' title="bbox 642 4638 996 4696; baseline -0.003 0"><span class='ocrx_word' id='word_1_665' title='bbox 642 4638 869 4696; x_wconf 78' lang='lat' dir='ltr'><strong>CAPUT</strong></span> <span class='ocrx_word' id='word_1_666' title='bbox 906 4639 996 4695; x_wconf 83' lang='lat' dir='ltr'><strong>IV.</strong></span> 
     </span>
    </p>
   </div>
   <div class='ocr_carea' id='block_1_96' title="bbox 79 4725 1462 4804">
    <p class='ocr_par' dir='ltr' id='par_1_96' title="bbox 79 4725 1462 4804">
     <span class='ocr_line' id='line_1_96' title="bbox 79 4725 1462 4804; baseline 0.005 -22"><span class='ocrx_word' id='word_1_667' title='bbox 79 4760 82 4764; x_wconf 93' lang='lat'><strong>-</strong></span> <span class='ocrx_word' id='word_1_668' title='bbox 175 4725 364 4798; x_wconf 80' lang='lat' dir='ltr'><strong>Corpus</strong></span> <span class='ocrx_word' id='word_1_669' title='bbox 387 4734 773 4803; x_wconf 78' lang='lat' dir='ltr'><strong>incorruptum.</strong></span> <span class='ocrx_word' id='word_1_670' title='bbox 801 4731 1066 4788; x_wconf 78' lang='lat' dir='ltr'><strong>Miracula</strong></span> <span class='ocrx_word' id='word_1_671' title='bbox 1085 4745 1199 4804; x_wconf 85' lang='lat' dir='ltr'><strong>post</strong></span> <span class='ocrx_word' id='word_1_672' title='bbox 1224 4746 1462 4790; x_wconf 84' lang='lat' dir='ltr'><strong>mortem.</strong></span> 
     </span>
    </p>
   </div>
   <div class='ocr_carea' id='block_1_97' title="bbox 118 4815 1612 4895">
    <p class='ocr_par' dir='ltr' id='par_1_97' title="bbox 118 4815 1612 4895">
     <span class='ocr_line' id='line_1_97' title="bbox 118 4815 1612 4895; baseline 0.007 -27"><span class='ocrx_word' id='word_1_673' title='bbox 118 4815 194 4871; x_wconf 78' lang='grc'><strong>15.</strong></span> <span class='ocrx_word' id='word_1_674' title='bbox 233 4819 450 4890; x_wconf 89' lang='lat' dir='ltr'><strong>Sepulta</strong></span> <span class='ocrx_word' id='word_1_675' title='bbox 485 4823 685 4894; x_wconf 91' lang='lat' dir='ltr'><strong>quippe</strong></span> <span class='ocrx_word' id='word_1_676' title='bbox 733 4823 1048 4879; x_wconf 89' lang='lat' dir='ltr'><strong>beatissima</strong></span> <span class='ocrx_word' id='word_1_677' title='bbox 1095 4825 1220 4894; x_wconf 89' lang='lat' dir='ltr'><strong>Ida,</strong></span> <span class='ocrx_word' id='word_1_678' title='bbox 1271 4827 1322 4880; x_wconf 91' lang='lat' dir='ltr'><strong>in</strong></span> <span class='ocrx_word' id='word_1_679' title='bbox 1377 4826 1496 4880; x_wconf 89' lang='lat' dir='ltr'><strong>loco</strong></span> <span class='ocrx_word' id='word_1_680' title='bbox 1521 4825 1612 4895; x_wconf 94' lang='lat' dir='ltr'><strong>qui</strong></span> 
     </span>
    </p>
   </div>
   <div class='ocr_carea' id='block_1_98' title="bbox 61 4911 1612 4984">
    <p class='ocr_par' dir='ltr' id='par_1_98' title="bbox 61 4911 1612 4984">
     <span class='ocr_line' id='line_1_98' title="bbox 61 4911 1612 4984; baseline 0.007 -25"><span class='ocrx_word' id='word_1_681' title='bbox 61 4915 181 4962; x_wconf 81' lang='lat' dir='ltr'><strong>nunc</strong></span> <span class='ocrx_word' id='word_1_682' title='bbox 205 4924 373 4980; x_wconf 87' lang='lat' dir='ltr'><strong>usque</strong></span> <span class='ocrx_word' id='word_1_683' title='bbox 401 4911 614 4983; x_wconf 84' lang='lat' dir='ltr'><strong>vulgari</strong></span> <span class='ocrx_word' id='word_1_684' title='bbox 658 4913 760 4968; x_wconf 91' lang='lat' dir='ltr'><strong>sub</strong></span> <span class='ocrx_word' id='word_1_685' title='bbox 804 4912 1166 4984; x_wconf 90' lang='lat' dir='ltr'><strong>appellatione</strong></span> <span class='ocrx_word' id='word_1_686' title='bbox 1196 4916 1395 4972; x_wconf 89' lang='lat' dir='ltr'><strong>dicitur</strong></span> <span class='ocrx_word' id='word_1_687' title='bbox 1427 4915 1612 4980; x_wconf 82' lang='lat' dir='ltr'><strong>Wast,</strong></span> 
     </span>
    </p>
   </div>
   <div class='ocr_carea' id='block_1_99' title="bbox 62 4996 1618 5079">
    <p class='ocr_par' dir='ltr' id='par_1_99' title="bbox 62 4996 1618 5079">
     <span class='ocr_line' id='line_1_99' title="bbox 62 4996 1618 5079; baseline 0.007 -27"><span class='ocrx_word' id='word_1_688' title='bbox 62 4996 181 5054; x_wconf 79' lang='lat' dir='ltr'><strong>sicut</strong></span> <span class='ocrx_word' id='word_1_689' title='bbox 201 5001 274 5058; x_wconf 88' lang='lat' dir='ltr'><strong>illi</strong></span> <span class='ocrx_word' id='word_1_690' title='bbox 303 5005 486 5060; x_wconf 90' lang='lat' dir='ltr'><strong>divina</strong></span> <span class='ocrx_word' id='word_1_691' title='bbox 512 5004 844 5077; x_wconf 88' lang='lat' dir='ltr'><strong>promiserat</strong></span> <span class='ocrx_word' id='word_1_692' title='bbox 878 5020 1132 5075; x_wconf 85' lang='lat' dir='ltr'><strong>censura,</strong></span> <span class='ocrx_word' id='word_1_693' title='bbox 1165 5007 1428 5079; x_wconf 87' lang='lat' dir='ltr'><strong>cujusque</strong></span> <span class='ocrx_word' id='word_1_694' title='bbox 1455 5023 1618 5063; x_wconf 84' lang='lat' dir='ltr'><strong>sexus</strong></span> 
     </span>
    </p>
   </div>
   <div class='ocr_carea' id='block_1_100' title="bbox 62 5093 1612 5170">
    <p class='ocr_par' dir='ltr' id='par_1_100' title="bbox 62 5093 1612 5170">
     <span class='ocr_line' id='line_1_100' title="bbox 62 5093 1612 5170; baseline 0.008 -31"><span class='ocrx_word' id='word_1_695' title='bbox 62 5093 271 5148; x_wconf 90' lang='lat' dir='ltr'><strong>nonnulli</strong></span> <span class='ocrx_word' id='word_1_696' title='bbox 319 5111 350 5150; x_wconf 90' lang='lat' dir='ltr'><strong>a</strong></span> <span class='ocrx_word' id='word_1_697' title='bbox 392 5097 626 5154; x_wconf 86' lang='lat' dir='ltr'><strong>diversis</strong></span> <span class='ocrx_word' id='word_1_698' title='bbox 668 5097 1015 5169; x_wconf 87' lang='lat' dir='ltr'><strong>languoribus</strong></span> <span class='ocrx_word' id='word_1_699' title='bbox 1063 5101 1246 5156; x_wconf 89' lang='lat' dir='ltr'><strong>sanari</strong></span> <span class='ocrx_word' id='word_1_700' title='bbox 1297 5107 1612 5170; x_wconf 71' lang='lat' dir='ltr'><strong>cmperunt;</strong></span> 
     </span>
    </p>
   </div>
   <div class='ocr_carea' id='block_1_101' title="bbox 63 5189 1618 5264">
    <p class='ocr_par' dir='ltr' id='par_1_101' title="bbox 63 5189 1618 5264">
     <span class='ocr_line' id='line_1_101' title="bbox 63 5189 1618 5264; baseline 0.006 -26"><span class='ocrx_word' id='word_1_701' title='bbox 63 5194 174 5248; x_wconf 69' lang='lat' dir='ltr'><strong>Quos</strong></span> <span class='ocrx_word' id='word_1_702' title='bbox 192 5189 374 5259; x_wconf 86' lang='lat' dir='ltr'><strong>utique</strong></span> <span class='ocrx_word' id='word_1_703' title='bbox 418 5207 526 5248; x_wconf 86' lang='lat' dir='ltr'><strong>non</strong></span> <span class='ocrx_word' id='word_1_704' title='bbox 579 5193 835 5252; x_wconf 66' lang='lat' dir='ltr'><strong>hazsilans</strong></span> <span class='ocrx_word' id='word_1_705' title='bbox 881 5197 950 5251; x_wconf 92' lang='lat' dir='ltr'><strong>ad</strong></span> <span class='ocrx_word' id='word_1_706' title='bbox 993 5194 1298 5264; x_wconf 91' lang='lat' dir='ltr'><strong>sepulcrum</strong></span> <span class='ocrx_word' id='word_1_707' title='bbox 1335 5193 1454 5260; x_wconf 87' lang='lat' dir='ltr'><strong>ejus</strong></span> <span class='ocrx_word' id='word_1_708' title='bbox 1485 5193 1618 5248; x_wconf 86' lang='lat' dir='ltr'><strong>fides</strong></span> 
     </span>
    </p>
   </div>
   <div class='ocr_carea' id='block_1_102' title="bbox 65 5275 1615 5356">
    <p class='ocr_par' dir='ltr' id='par_1_102' title="bbox 65 5275 1615 5356">
     <span class='ocr_line' id='line_1_102' title="bbox 65 5275 1615 5356; baseline 0.007 -27"><span class='ocrx_word' id='word_1_709' title='bbox 65 5275 301 5340; x_wconf 79' lang='lat' dir='ltr'><strong>perduxit.</strong></span> <span class='ocrx_word' id='word_1_710' title='bbox 331 5281 557 5338; x_wconf 81' lang='lat' dir='ltr'><strong>Famam</strong></span> <span class='ocrx_word' id='word_1_711' title='bbox 585 5286 802 5356; x_wconf 91' lang='lat' dir='ltr'><strong>quidem</strong></span> <span class='ocrx_word' id='word_1_712' title='bbox 836 5287 1222 5344; x_wconf 89' lang='lat' dir='ltr'><strong>miraculorum</strong></span> <span class='ocrx_word' id='word_1_713' title='bbox 1244 5326 1260 5352; x_wconf 96' lang='lat'><strong>,</strong></span> <span class='ocrx_word' id='word_1_714' title='bbox 1301 5299 1408 5340; x_wconf 92' lang='lat' dir='ltr'><strong>non</strong></span> <span class='ocrx_word' id='word_1_715' title='bbox 1440 5285 1615 5340; x_wconf 90' lang='lat' dir='ltr'><strong>solum</strong></span> 
     </span>
    </p>
   </div>
   <div class='ocr_carea' id='block_1_103' title="bbox 65 5368 1617 5452">
    <p class='ocr_par' dir='ltr' id='par_1_103' title="bbox 65 5368 1617 5452">
     <span class='ocr_line' id='line_1_103' title="bbox 65 5368 1617 5452; baseline 0.008 -32"><span class='ocrx_word' id='word_1_716' title='bbox 65 5375 143 5428; x_wconf 76' lang='lat' dir='ltr'><strong>per</strong></span> <span class='ocrx_word' id='word_1_717' title='bbox 162 5368 442 5427; x_wconf 89' lang='lat' dir='ltr'><strong>circuitum</strong></span> <span class='ocrx_word' id='word_1_718' title='bbox 470 5414 485 5440; x_wconf 92' lang='lat'><strong>,</strong></span> <span class='ocrx_word' id='word_1_719' title='bbox 517 5389 703 5432; x_wconf 83' lang='lat' dir='ltr'><strong>verum</strong></span> <span class='ocrx_word' id='word_1_720' title='bbox 749 5379 916 5435; x_wconf 87' lang='lat' dir='ltr'><strong>etiam</strong></span> <span class='ocrx_word' id='word_1_721' title='bbox 956 5378 1116 5452; x_wconf 89' lang='lat' dir='ltr'><strong>longe</strong></span> <span class='ocrx_word' id='word_1_722' title='bbox 1161 5377 1378 5448; x_wconf 88' lang='lat' dir='ltr'><strong>lateque</strong></span> <span class='ocrx_word' id='word_1_723' title='bbox 1420 5378 1617 5432; x_wconf 90' lang='lat' dir='ltr'><strong>merita</strong></span> 
     </span>
    </p>
   </div>
   <div class='ocr_carea' id='block_1_104' title="bbox 127 5537 1625 5618">
    <p class='ocr_par' dir='ltr' id='par_1_104' title="bbox 127 5537 1625 5618">
     <span class='ocr_line' id='line_1_104' title="bbox 127 5537 1625 5618; baseline 0 -17"><span class='ocrx_word' id='word_1_724' title='bbox 127 5537 230 5616; x_wconf 55' lang='grc' dir='ltr'><strong>(ξοδ)</strong></span> <span class='ocrx_word' id='word_1_725' title='bbox 267 5541 528 5600; x_wconf 68' lang='lat' dir='ltr'><strong>Mortuam</strong></span> <span class='ocrx_word' id='word_1_726' title='bbox 555 5547 728 5604; x_wconf 88' lang='lat' dir='ltr'><strong>videri</strong></span> <span class='ocrx_word' id='word_1_727' title='bbox 781 5563 927 5605; x_wconf 85' lang='lat' dir='ltr'><strong>anno</strong></span> <span class='ocrx_word' id='word_1_728' title='bbox 977 5548 1155 5615; x_wconf 81' lang='grc'><strong>1115,</strong></span> <span class='ocrx_word' id='word_1_729' title='bbox 1215 5545 1625 5618; x_wconf 85' lang='lat' dir='ltr'><strong>septuagenaria</strong></span> 
     </span>
    </p>
   </div>
   <div class='ocr_carea' id='block_1_105' title="bbox 67 5618 1625 5732">
    <p class='ocr_par' dir='ltr' id='par_1_105' title="bbox 67 5618 1625 5732">
     <span class='ocr_line' id='line_1_105' title="bbox 67 5618 1625 5732; baseline 0.006 -69"><span class='ocrx_word' id='word_1_730' title='bbox 67 5620 334 5732; x_wconf 42' lang='lat' dir='ltr'><strong>migrent,</strong></span> <span class='ocrx_word' id='word_1_731' title='bbox 391 5631 558 5689; x_wconf 84' lang='lat' dir='ltr'><strong>supra</strong></span> <span class='ocrx_word' id='word_1_732' title='bbox 602 5619 875 5684; x_wconf 72' lang='lat' dir='ltr'><strong>diximus;</strong></span> <span class='ocrx_word' id='word_1_733' title='bbox 937 5628 1167 5690; x_wconf 88' lang='lat' dir='ltr'><strong>eratque</strong></span> <span class='ocrx_word' id='word_1_734' title='bbox 1235 5619 1516 5686; x_wconf 67' lang='lat' dir='ltr'><strong>Dominica</strong></span> <span class='ocrx_word' id='word_1_735' title='bbox 1571 5618 1625 5673; x_wconf 92' lang='lat' dir='ltr'><strong>in</strong></span> 
     </span>
    </p>
   </div>
   <div class='ocr_carea' id='block_1_106' title="bbox 126 5749 1626 5829">
    <p class='ocr_par' dir='ltr' id='par_1_106' title="bbox 126 5749 1626 5829">
     <span class='ocr_line' id='line_1_106' title="bbox 126 5749 1626 5829; baseline -0.003 -11"><span class='ocrx_word' id='word_1_736' title='bbox 126 5749 227 5824; x_wconf 67' lang='grc' dir='ltr'><strong>(Ἦ)</strong></span> <span class='ocrx_word' id='word_1_737' title='bbox 262 5753 614 5829; x_wconf 84' lang='lat' dir='ltr'><strong>Eustachius,</strong></span> <span class='ocrx_word' id='word_1_738' title='bbox 659 5758 786 5818; x_wconf 86' lang='lat' dir='ltr'><strong>licet</strong></span> <span class='ocrx_word' id='word_1_739' title='bbox 827 5760 971 5818; x_wconf 77' lang='lat' dir='ltr'><strong>illius</strong></span> <span class='ocrx_word' id='word_1_740' title='bbox 1014 5759 1575 5826; x_wconf 79' lang='lat' dir='ltr'><strong>Eustachiilcomitis</strong></span> <span class='ocrx_word' id='word_1_741' title='bbox 1612 5800 1626 5827; x_wconf 92' lang='lat'><strong>,</strong></span> 
     </span>
    </p>
   </div>
   <div class='ocr_carea' id='block_1_107' title="bbox 1719 4536 3300 4611">
    <p class='ocr_par' dir='ltr' id='par_1_107' title="bbox 1719 4536 3300 4611">
     <span class='ocr_line' id='line_1_107' title="bbox 1719 4536 3300 4611; baseline -0.013 -5"><span class='ocrx_word' id='word_1_742' title='bbox 1719 4550 1868 4606; x_wconf 84' lang='lat' dir='ltr'><strong>tuine</strong></span> <span class='ocrx_word' id='word_1_743' title='bbox 2037 4554 2121 4601; x_wconf 88' lang='lat' dir='ltr'><strong>est</strong></span> <span class='ocrx_word' id='word_1_744' title='bbox 2166 4544 2270 4600; x_wconf 87' lang='lat' dir='ltr'><strong>sita</strong></span> <span class='ocrx_word' id='word_1_745' title='bbox 2303 4557 2409 4597; x_wconf 91' lang='lat' dir='ltr'><strong>non</strong></span> <span class='ocrx_word' id='word_1_746' title='bbox 2456 4540 2610 4611; x_wconf 76' lang='lat' dir='ltr'><strong>longe</strong></span> <span class='ocrx_word' id='word_1_747' title='bbox 2641 4554 2671 4594; x_wconf 88' lang='lat' dir='ltr'><strong>a</strong></span> <span class='ocrx_word' id='word_1_748' title='bbox 2706 4536 3035 4593; x_wconf 88' lang='lat' dir='ltr'><strong>monasterio</strong></span> <span class='ocrx_word' id='word_1_749' title='bbox 3055 4575 3071 4600; x_wconf 94' lang='lat'><strong>,</strong></span> <span class='ocrx_word' id='word_1_750' title='bbox 3101 4536 3155 4589; x_wconf 90' lang='lat' dir='ltr'><strong>in</strong></span> <span class='ocrx_word' id='word_1_751' title='bbox 3190 4549 3300 4602; x_wconf 91' lang='lat' dir='ltr'><strong>quo</strong></span> 
     </span>
    </p>
   </div>
   <div class='ocr_carea' id='block_1_108' title="bbox 1719 4624 3300 4701">
    <p class='ocr_par' dir='ltr' id='par_1_108' title="bbox 1719 4624 3300 4701">
     <span class='ocr_line' id='line_1_108' title="bbox 1719 4624 3300 4701; baseline -0.013 -5"><span class='ocrx_word' id='word_1_752' title='bbox 1719 4641 1889 4697; x_wconf 89' lang='lat' dir='ltr'><strong>multa</strong></span> <span class='ocrx_word' id='word_1_753' title='bbox 1921 4635 2150 4692; x_wconf 88' lang='lat' dir='ltr'><strong>infirmis</strong></span> <span class='ocrx_word' id='word_1_754' title='bbox 2177 4648 2320 4688; x_wconf 88' lang='lat' dir='ltr'><strong>nunc</strong></span> <span class='ocrx_word' id='word_1_755' title='bbox 2345 4646 2514 4701; x_wconf 91' lang='lat' dir='ltr'><strong>usque</strong></span> <span class='ocrx_word' id='word_1_756' title='bbox 2561 4629 2851 4685; x_wconf 90' lang='lat' dir='ltr'><strong>sanitatum</strong></span> <span class='ocrx_word' id='word_1_757' title='bbox 2881 4624 3139 4682; x_wconf 89' lang='lat' dir='ltr'><strong>beneficia</strong></span> <span class='ocrx_word' id='word_1_758' title='bbox 3163 4637 3300 4693; x_wconf 75' lang='lat' dir='ltr'><strong>pra:-</strong></span> 
     </span>
    </p>
   </div>
   <div class='ocr_carea' id='block_1_109' title="bbox 1722 4713 3302 4792">
    <p class='ocr_par' dir='ltr' id='par_1_109' title="bbox 1722 4713 3302 4792">
     <span class='ocr_line' id='line_1_109' title="bbox 1722 4713 3302 4792; baseline -0.015 -5"><span class='ocrx_word' id='word_1_759' title='bbox 1722 4739 1831 4787; x_wconf 87' lang='lat' dir='ltr'><strong>stat</strong></span> <span class='ocrx_word' id='word_1_760' title='bbox 1852 4730 1942 4784; x_wconf 88' lang='lat' dir='ltr'><strong>Ida</strong></span> <span class='ocrx_word' id='word_1_761' title='bbox 1964 4729 2155 4792; x_wconf 87' lang='lat' dir='ltr'><strong>beata;</strong></span> <span class='ocrx_word' id='word_1_762' title='bbox 2193 4723 2346 4792; x_wconf 89' lang='lat' dir='ltr'><strong>cujus</strong></span> <span class='ocrx_word' id='word_1_763' title='bbox 2377 4731 2504 4776; x_wconf 88' lang='lat' dir='ltr'><strong>ante</strong></span> <span class='ocrx_word' id='word_1_764' title='bbox 2551 4720 2812 4775; x_wconf 91' lang='lat' dir='ltr'><strong>tumulmn</strong></span> <span class='ocrx_word' id='word_1_765' title='bbox 2855 4717 3074 4786; x_wconf 92' lang='lat' dir='ltr'><strong>quidam</strong></span> <span class='ocrx_word' id='word_1_766' title='bbox 3103 4713 3302 4768; x_wconf 71' lang='lat' dir='ltr'><strong>daemo-</strong></span> 
     </span>
    </p>
   </div>
   <div class='ocr_carea' id='block_1_110' title="bbox 1721 4807 3302 4888">
    <p class='ocr_par' dir='ltr' id='par_1_110' title="bbox 1721 4807 3302 4888">
     <span class='ocr_line' id='line_1_110' title="bbox 1721 4807 3302 4888; baseline -0.015 -9"><span class='ocrx_word' id='word_1_767' title='bbox 1721 4825 1948 4886; x_wconf 90' lang='lat' dir='ltr'><strong>niacus,</strong></span> <span class='ocrx_word' id='word_1_768' title='bbox 1977 4836 2043 4875; x_wconf 80' lang='lat' dir='ltr'><strong>ex</strong></span> <span class='ocrx_word' id='word_1_769' title='bbox 2077 4815 2387 4888; x_wconf 88' lang='lat' dir='ltr'><strong>supradicta</strong></span> <span class='ocrx_word' id='word_1_770' title='bbox 2431 4813 2590 4879; x_wconf 88' lang='lat' dir='ltr'><strong>villa,</strong></span> <span class='ocrx_word' id='word_1_771' title='bbox 2635 4811 2832 4882; x_wconf 87' lang='lat' dir='ltr'><strong>ligatus</strong></span> <span class='ocrx_word' id='word_1_772' title='bbox 2857 4807 3174 4868; x_wconf 88' lang='lat' dir='ltr'><strong>adducitur,</strong></span> <span class='ocrx_word' id='word_1_773' title='bbox 3208 4819 3302 4872; x_wconf 85' lang='lat' dir='ltr'><strong>pa-</strong></span> 
     </span>
    </p>
   </div>
   <div class='ocr_carea' id='block_1_111' title="bbox 1723 4897 3304 4974">
    <p class='ocr_par' dir='ltr' id='par_1_111' title="bbox 1723 4897 3304 4974">
     <span class='ocr_line' id='line_1_111' title="bbox 1723 4897 3304 4974; baseline -0.016 -4"><span class='ocrx_word' id='word_1_774' title='bbox 1723 4924 1904 4970; x_wconf 88' lang='lat' dir='ltr'><strong>rentes</strong></span> <span class='ocrx_word' id='word_1_775' title='bbox 1942 4921 2123 4968; x_wconf 89' lang='lat' dir='ltr'><strong>autem</strong></span> <span class='ocrx_word' id='word_1_776' title='bbox 2173 4917 2230 4964; x_wconf 86' lang='lat' dir='ltr'><strong>et</strong></span> <span class='ocrx_word' id='word_1_777' title='bbox 2275 4905 2438 4962; x_wconf 83' lang='lat' dir='ltr'><strong>amici</strong></span> <span class='ocrx_word' id='word_1_778' title='bbox 2487 4905 2604 4974; x_wconf 90' lang='lat' dir='ltr'><strong>ejus</strong></span> <span class='ocrx_word' id='word_1_779' title='bbox 2625 4918 2748 4958; x_wconf 88' lang='lat' dir='ltr'><strong>cum</strong></span> <span class='ocrx_word' id='word_1_780' title='bbox 2798 4897 3055 4970; x_wconf 86' lang='lat' dir='ltr'><strong>lacrymis</strong></span> <span class='ocrx_word' id='word_1_781' title='bbox 3097 4909 3192 4966; x_wconf 92' lang='lat' dir='ltr'><strong>pro</strong></span> <span class='ocrx_word' id='word_1_782' title='bbox 3237 4908 3304 4948; x_wconf 93' lang='lat' dir='ltr'><strong>co</strong></span> 
     </span>
    </p>
   </div>
   <div class='ocr_carea' id='block_1_112' title="bbox 1720 4986 3306 5075">
    <p class='ocr_par' dir='ltr' id='par_1_112' title="bbox 1720 4986 3306 5075">
     <span class='ocr_line' id='line_1_112' title="bbox 1720 4986 3306 5075; baseline -0.018 -10"><span class='ocrx_word' id='word_1_783' title='bbox 1720 5006 2050 5064; x_wconf 59' lang='lat' dir='ltr'><strong>beatissima;</strong></span> <span class='ocrx_word' id='word_1_784' title='bbox 2088 5003 2362 5075; x_wconf 82' lang='lat' dir='ltr'><strong>supplices</strong></span> <span class='ocrx_word' id='word_1_785' title='bbox 2395 4997 2764 5068; x_wconf 73' lang='lat' dir='ltr'><strong>efﬂagitabant</strong></span> <span class='ocrx_word' id='word_1_786' title='bbox 2800 4989 3134 5059; x_wconf 76' lang='lat' dir='ltr'><strong>suffragium.</strong></span> <span class='ocrx_word' id='word_1_787' title='bbox 3162 4986 3306 5054; x_wconf 86' lang='lat' dir='ltr'><strong>Quo-</strong></span> 
     </span>
    </p>
   </div>
   <div class='ocr_carea' id='block_1_113' title="bbox 1723 5077 3304 5161">
    <p class='ocr_par' dir='ltr' id='par_1_113' title="bbox 1723 5077 3304 5161">
     <span class='ocr_line' id='line_1_113' title="bbox 1723 5077 3304 5161; baseline -0.016 -6"><span class='ocrx_word' id='word_1_788' title='bbox 1723 5115 1844 5155; x_wconf 86' lang='lat' dir='ltr'><strong>rum</strong></span> <span class='ocrx_word' id='word_1_789' title='bbox 1868 5097 2213 5154; x_wconf 86' lang='lat' dir='ltr'><strong>devotionem</strong></span> <span class='ocrx_word' id='word_1_790' title='bbox 2248 5093 2518 5161; x_wconf 80' lang='lat' dir='ltr'><strong>ﬁdemque</strong></span> <span class='ocrx_word' id='word_1_791' title='bbox 2537 5129 2552 5153; x_wconf 93' lang='lat'><strong>,</strong></span> <span class='ocrx_word' id='word_1_792' title='bbox 2575 5085 2782 5142; x_wconf 88' lang='lat' dir='ltr'><strong>meritis</strong></span> <span class='ocrx_word' id='word_1_793' title='bbox 2811 5092 2867 5138; x_wconf 90' lang='lat' dir='ltr'><strong>et</strong></span> <span class='ocrx_word' id='word_1_794' title='bbox 2899 5077 3304 5136; x_wconf 79' lang='lat' dir='ltr'><strong>intercessioni-</strong></span> 
     </span>
    </p>
   </div>
   <div class='ocr_carea' id='block_1_114' title="bbox 1722 5169 3306 5248">
    <p class='ocr_par' dir='ltr' id='par_1_114' title="bbox 1722 5169 3306 5248">
     <span class='ocr_line' id='line_1_114' title="bbox 1722 5169 3306 5248; baseline -0.015 -4"><span class='ocrx_word' id='word_1_795' title='bbox 1722 5189 1826 5244; x_wconf 90' lang='lat' dir='ltr'><strong>bus</strong></span> <span class='ocrx_word' id='word_1_796' title='bbox 1851 5186 1958 5244; x_wconf 72' lang='lat' dir='ltr'><strong>Ida:</strong></span> <span class='ocrx_word' id='word_1_797' title='bbox 1978 5183 2303 5242; x_wconf 86' lang='lat' dir='ltr'><strong>venerabilis</strong></span> <span class='ocrx_word' id='word_1_798' title='bbox 2327 5220 2344 5247; x_wconf 94' lang='lat'><strong>,</strong></span> <span class='ocrx_word' id='word_1_799' title='bbox 2389 5177 2693 5248; x_wconf 89' lang='lat' dir='ltr'><strong>suscipiens</strong></span> <span class='ocrx_word' id='word_1_800' title='bbox 2729 5171 3040 5230; x_wconf 84' lang='lat' dir='ltr'><strong>misericors</strong></span> <span class='ocrx_word' id='word_1_801' title='bbox 3063 5178 3120 5226; x_wconf 88' lang='lat' dir='ltr'><strong>et</strong></span> <span class='ocrx_word' id='word_1_802' title='bbox 3147 5169 3306 5224; x_wconf 83' lang='lat' dir='ltr'><strong>misc-</strong></span> 
     </span>
    </p>
   </div>
   <div class='ocr_carea' id='block_1_115' title="bbox 1725 5263 3308 5340">
    <p class='ocr_par' dir='ltr' id='par_1_115' title="bbox 1725 5263 3308 5340">
     <span class='ocr_line' id='line_1_115' title="bbox 1725 5263 3308 5340; baseline -0.015 -7"><span class='ocrx_word' id='word_1_803' title='bbox 1725 5288 1877 5334; x_wconf 87' lang='lat' dir='ltr'><strong>ralor</strong></span> <span class='ocrx_word' id='word_1_804' title='bbox 1915 5275 2218 5340; x_wconf 86' lang='lat' dir='ltr'><strong>Dominus,</strong></span> <span class='ocrx_word' id='word_1_805' title='bbox 2279 5271 2422 5327; x_wconf 87' lang='lat' dir='ltr'><strong>sicut</strong></span> <span class='ocrx_word' id='word_1_806' title='bbox 2466 5263 2820 5339; x_wconf 84' lang='lat' dir='ltr'><strong>paralyticum</strong></span> <span class='ocrx_word' id='word_1_807' title='bbox 2863 5275 3046 5320; x_wconf 90' lang='lat' dir='ltr'><strong>coram</strong></span> <span class='ocrx_word' id='word_1_808' title='bbox 3100 5274 3160 5315; x_wconf 88' lang='lat' dir='ltr'><strong>se</strong></span> <span class='ocrx_word' id='word_1_809' title='bbox 3211 5271 3308 5325; x_wconf 84' lang='lat' dir='ltr'><strong>per</strong></span> 
     </span>
    </p>
   </div>
   <div class='ocr_carea' id='block_1_116' title="bbox 1729 5347 3309 5440">
    <p class='ocr_par' dir='ltr' id='par_1_116' title="bbox 1729 5347 3309 5440">
     <span class='ocr_line' id='line_1_116' title="bbox 1729 5347 3309 5440; baseline -0.015 -14"><span class='ocrx_word' id='word_1_810' title='bbox 1729 5368 1942 5440; x_wconf 83' lang='lat' dir='ltr'><strong>tegulas</strong></span> <span class='ocrx_word' id='word_1_811' title='bbox 1977 5365 2307 5424; x_wconf 87' lang='lat' dir='ltr'><strong>submissum</strong></span> <span class='ocrx_word' id='word_1_812' title='bbox 2349 5358 2607 5425; x_wconf 79' lang='lat' dir='ltr'><strong>sanavit,</strong></span> <span class='ocrx_word' id='word_1_813' title='bbox 2660 5355 2736 5412; x_wconf 87' lang='lat' dir='ltr'><strong>ita</strong></span> <span class='ocrx_word' id='word_1_814' title='bbox 2786 5353 2947 5410; x_wconf 87' lang='lat' dir='ltr'><strong>istum</strong></span> <span class='ocrx_word' id='word_1_815' title='bbox 2985 5367 3018 5414; x_wconf 80' lang='lat' dir='ltr'><strong>a</strong></span> <span class='ocrx_word' id='word_1_816' title='bbox 3048 5347 3309 5406; x_wconf 61' lang='lat' dir='ltr'><strong>daemonis</strong></span> 
     </span>
    </p>
   </div>
   <div class='ocr_carea' id='block_1_117' title="bbox 1730 5521 3306 5612">
    <p class='ocr_par' dir='ltr' id='par_1_117' title="bbox 1730 5521 3306 5612">
     <span class='ocr_line' id='line_1_117' title="bbox 1730 5521 3306 5612; baseline -0.018 -12"><span class='ocrx_word' id='word_1_817' title='bbox 1730 5543 1934 5600; x_wconf 89' lang='lat' dir='ltr'><strong>Senior</strong></span> <span class='ocrx_word' id='word_1_818' title='bbox 1964 5539 2267 5612; x_wconf 70' lang='lat' dir='ltr'><strong>appellatur</strong></span> <span class='ocrx_word' id='word_1_819' title='bbox 2311 5541 2560 5612; x_wconf 71' lang='lat' dir='ltr'><strong>respectu</strong></span> <span class='ocrx_word' id='word_1_820' title='bbox 2602 5528 2880 5612; x_wconf 68' lang='lat' dir='ltr'><strong>Eustachii</strong></span> <span class='ocrx_word' id='word_1_821' title='bbox 2919 5521 3306 5612; x_wconf 54' lang='lat' dir='ltr'><strong>llbejnsdilii,</strong></span> 
     </span>
    </p>
   </div>
   <div class='ocr_carea' id='block_1_118' title="bbox 1731 5590 3305 5684">
    <p class='ocr_par' dir='ltr' id='par_1_118' title="bbox 1731 5590 3305 5684">
     <span class='ocr_line' id='line_1_118' title="bbox 1731 5590 3305 5684; baseline -0.013 -16"><span class='ocrx_word' id='word_1_822' title='bbox 1731 5590 2703 5684; x_wconf 42' lang='lat' dir='ltr'><strong>ijui&#39;-dumrbaie-Vitascriberetur</strong></span> <span class='ocrx_word' id='word_1_823' title='bbox 2751 5599 2928 5656; x_wconf 86' lang='lat' dir='ltr'><strong>adhuc</strong></span> <span class='ocrx_word' id='word_1_824' title='bbox 2968 5590 3170 5652; x_wconf 80' lang='lat' dir='ltr'><strong>vixisse</strong></span> <span class='ocrx_word' id='word_1_825' title='bbox 3221 5590 3305 5647; x_wconf 86' lang='lat' dir='ltr'><strong>vi-</strong></span> 
     </span>
    </p>
   </div>
   <div class='ocr_carea' id='block_1_119' title="bbox 1733 5685 2864 5831">
    <p class='ocr_par' dir='ltr' id='par_1_119' title="bbox 1733 5685 2864 5831">
     <span class='ocr_line' id='line_1_119' title="bbox 1733 5685 2864 5831; baseline -0.015 -18"><span class='ocrx_word' id='word_1_826' title='bbox 1733 5685 1928 5831; x_wconf 43' lang='lat' dir='ltr'><strong>deis?)</strong></span> <span class='ocrx_word' id='word_1_827' title='bbox 1966 5749 2204 5812; x_wconf 82' lang='lat' dir='ltr'><strong>Ecclesia</strong></span> <span class='ocrx_word' id='word_1_828' title='bbox 2225 5751 2285 5807; x_wconf 90' lang='lat' dir='ltr'><strong>B.</strong></span> <span class='ocrx_word' id='word_1_829' title='bbox 2321 5748 2502 5810; x_wconf 67' lang='lat' dir='ltr'><strong>Maria!</strong></span> <span class='ocrx_word' id='word_1_830' title='bbox 2529 5745 2596 5804; x_wconf 82' lang='lat' dir='ltr'><strong>de</strong></span> <span class='ocrx_word' id='word_1_831' title='bbox 2625 5739 2864 5814; x_wconf 80' lang='lat' dir='ltr'><strong>Capella.</strong></span> 
     </span>
    </p>
   </div>
  </div>
