  <div class='ocr_page' id='page_1' title='image "/cluster/home/n/w/nwhite01/storage/ocr_20150623/155/hvd.32044015473838/229.png"; bbox 0 0 1919 3153; ppageno 0'>
   <div class='ocr_carea' id='block_1_1' title="bbox 271 189 324 217">
    <p class='ocr_par' dir='ltr' id='par_1_1' title="bbox 271 189 324 217">
     <span class='ocr_line' id='line_1_1' title="bbox 271 189 324 217; baseline -0.019 0"><span class='ocrx_word' id='word_1_1' title='bbox 271 189 324 217; x_wconf 69' lang='grc'><strong>447</strong></span> 
     </span>
    </p>
   </div>
   <div class='ocr_carea' id='block_1_2' title="bbox 699 189 1886 226">
    <p class='ocr_par' dir='ltr' id='par_1_2' title="bbox 699 189 1886 226">
     <span class='ocr_line' id='line_1_2' title="bbox 699 189 1886 226; baseline 0.002 -9"><span class='ocrx_word' id='word_1_2' title='bbox 699 190 744 217; x_wconf 82' lang='grc' dir='ltr'><strong>ΑΙ)</strong></span> <span class='ocrx_word' id='word_1_3' title='bbox 763 189 989 218; x_wconf 68' lang='lat' dir='ltr'><strong>GODEFRIDUM</strong></span> <span class='ocrx_word' id='word_1_4' title='bbox 1004 190 1227 218; x_wconf 81' lang='lat' dir='ltr'><strong>APPENDICES.</strong></span> <span class='ocrx_word' id='word_1_5' title='bbox 1243 205 1276 212; x_wconf 65' lang='grc' dir='ltr'><strong>-ι</strong></span> <span class='ocrx_word' id='word_1_6' title='bbox 1300 190 1447 218; x_wconf 77' lang='lat' dir='ltr'><strong>APPEND.</strong></span> <span class='ocrx_word' id='word_1_7' title='bbox 1465 190 1485 217; x_wconf 93' lang='grc' dir='ltr'><strong>Ι.</strong></span> <span class='ocrx_word' id='word_1_8' title='bbox 1847 191 1886 226; x_wconf 70' lang='lat' dir='ltr'><strong>iis</strong></span> 
     </span>
    </p>
   </div>
   <div class='ocr_carea' id='block_1_3' title="bbox 270 245 1887 282">
    <p class='ocr_par' dir='ltr' id='par_1_3' title="bbox 270 245 1887 282">
     <span class='ocr_line' id='line_1_3' title="bbox 270 245 1887 282; baseline 0.002 -9"><span class='ocrx_word' id='word_1_9' title='bbox 270 245 446 282; x_wconf 79' lang='lat' dir='ltr'><strong>oppressione</strong></span> <span class='ocrx_word' id='word_1_10' title='bbox 459 245 583 273; x_wconf 77' lang='lat' dir='ltr'><strong>liberavit</strong></span> <span class='ocrx_word' id='word_1_11' title='bbox 596 268 603 280; x_wconf 91' lang='lat'><strong>,</strong></span> <span class='ocrx_word' id='word_1_12' title='bbox 618 252 644 274; x_wconf 90' lang='lat' dir='ltr'><strong>et</strong></span> <span class='ocrx_word' id='word_1_13' title='bbox 659 247 683 273; x_wconf 93' lang='lat' dir='ltr'><strong>in</strong></span> <span class='ocrx_word' id='word_1_14' title='bbox 698 255 727 274; x_wconf 89' lang='lat' dir='ltr'><strong>se</strong></span> <span class='ocrx_word' id='word_1_15' title='bbox 744 248 956 279; x_wconf 83' lang='lat' dir='ltr'><strong>reconciliatum,</strong></span> <span class='ocrx_word' id='word_1_16' title='bbox 972 248 1061 275; x_wconf 67' lang='lat' dir='ltr'><strong>essul-</strong></span> <span class='ocrx_word' id='word_1_17' title='bbox 1076 249 1099 277; x_wconf 81' lang='grc' dir='ltr'><strong>Λ</strong></span> <span class='ocrx_word' id='word_1_18' title='bbox 1113 247 1217 275; x_wconf 88' lang='lat' dir='ltr'><strong>Surdus</strong></span> <span class='ocrx_word' id='word_1_19' title='bbox 1231 248 1315 279; x_wconf 86' lang='lat' dir='ltr'><strong>audit,</strong></span> <span class='ocrx_word' id='word_1_20' title='bbox 1340 251 1429 275; x_wconf 91' lang='lat' dir='ltr'><strong>mutus</strong></span> <span class='ocrx_word' id='word_1_21' title='bbox 1448 247 1577 282; x_wconf 91' lang='lat' dir='ltr'><strong>loquitur,</strong></span> <span class='ocrx_word' id='word_1_22' title='bbox 1590 255 1731 282; x_wconf 85' lang='lat' dir='ltr'><strong>possessus</strong></span> <span class='ocrx_word' id='word_1_23' title='bbox 1752 255 1767 274; x_wconf 86' lang='lat' dir='ltr'><strong>a</strong></span> <span class='ocrx_word' id='word_1_24' title='bbox 1786 248 1887 278; x_wconf 74' lang='lat' dir='ltr'><strong>dammae</strong></span> 
     </span>
    </p>
   </div>
   <div class='ocr_carea' id='block_1_4' title="bbox 271 293 1062 328">
    <p class='ocr_par' dir='ltr' id='par_1_4' title="bbox 271 293 1062 328">
     <span class='ocr_line' id='line_1_4' title="bbox 271 293 1062 328; baseline 0.001 -8"><span class='ocrx_word' id='word_1_25' title='bbox 271 293 392 321; x_wconf 89' lang='lat' dir='ltr'><strong>tantibus</strong></span> <span class='ocrx_word' id='word_1_26' title='bbox 410 293 455 328; x_wconf 92' lang='lat' dir='ltr'><strong>qui</strong></span> <span class='ocrx_word' id='word_1_27' title='bbox 475 300 536 321; x_wconf 86' lang='lat' dir='ltr'><strong>eum</strong></span> <span class='ocrx_word' id='word_1_28' title='bbox 554 294 723 320; x_wconf 83' lang='lat' dir='ltr'><strong>adduxerant</strong></span> <span class='ocrx_word' id='word_1_29' title='bbox 735 314 743 327; x_wconf 93' lang='lat'><strong>,</strong></span> <span class='ocrx_word' id='word_1_30' title='bbox 757 293 791 320; x_wconf 88' lang='lat' dir='ltr'><strong>ad</strong></span> <span class='ocrx_word' id='word_1_31' title='bbox 805 293 913 321; x_wconf 90' lang='lat' dir='ltr'><strong>domum</strong></span> <span class='ocrx_word' id='word_1_32' title='bbox 929 302 1006 321; x_wconf 83' lang='lat' dir='ltr'><strong>suam</strong></span> <span class='ocrx_word' id='word_1_33' title='bbox 1020 301 1062 321; x_wconf 92' lang='lat' dir='ltr'><strong>rc—</strong></span> 
     </span>
    </p>
   </div>
   <div class='ocr_carea' id='block_1_5' title="bbox 271 339 767 367">
    <p class='ocr_par' dir='ltr' id='par_1_5' title="bbox 271 339 767 367">
     <span class='ocr_line' id='line_1_5' title="bbox 271 339 767 367; baseline -0.002 -1"><span class='ocrx_word' id='word_1_34' title='bbox 271 339 356 367; x_wconf 86' lang='lat' dir='ltr'><strong>Inisit.</strong></span> <span class='ocrx_word' id='word_1_35' title='bbox 762 360 767 365; x_wconf 79' lang='lat'><strong>.</strong></span> 
     </span>
    </p>
   </div>
   <div class='ocr_carea' id='block_1_6' title="bbox 307 384 1063 418">
    <p class='ocr_par' dir='ltr' id='par_1_6' title="bbox 307 384 1063 418">
     <span class='ocr_line' id='line_1_6' title="bbox 307 384 1063 418; baseline 0.003 -6"><span class='ocrx_word' id='word_1_36' title='bbox 307 384 350 412; x_wconf 75' lang='grc'><strong>16.</strong></span> <span class='ocrx_word' id='word_1_37' title='bbox 370 385 557 412; x_wconf 71' lang='lat' dir='ltr'><strong>Admiratione</strong></span> <span class='ocrx_word' id='word_1_38' title='bbox 581 385 692 418; x_wconf 70' lang='lat' dir='ltr'><strong>dignum</strong></span> <span class='ocrx_word' id='word_1_39' title='bbox 718 389 747 412; x_wconf 89' lang='lat' dir='ltr'><strong>et</strong></span> <span class='ocrx_word' id='word_1_40' title='bbox 772 385 963 413; x_wconf 83' lang='lat' dir='ltr'><strong>recordatione</strong></span> <span class='ocrx_word' id='word_1_41' title='bbox 989 386 1063 415; x_wconf 80' lang='lat' dir='ltr'><strong>aliud</strong></span> 
     </span>
    </p>
   </div>
   <div class='ocr_carea' id='block_1_7' title="bbox 271 429 1063 467">
    <p class='ocr_par' dir='ltr' id='par_1_7' title="bbox 271 429 1063 467">
     <span class='ocr_line' id='line_1_7' title="bbox 271 429 1063 467; baseline 0.004 -10"><span class='ocrx_word' id='word_1_42' title='bbox 271 430 499 458; x_wconf 85' lang='lat' dir='ltr'><strong>manifestandum</strong></span> <span class='ocrx_word' id='word_1_43' title='bbox 519 434 560 458; x_wconf 88' lang='lat' dir='ltr'><strong>est</strong></span> <span class='ocrx_word' id='word_1_44' title='bbox 583 429 707 458; x_wconf 81' lang='lat' dir='ltr'><strong>fidelibus</strong></span> <span class='ocrx_word' id='word_1_45' title='bbox 734 429 914 464; x_wconf 86' lang='lat' dir='ltr'><strong>miraculum,</strong></span> <span class='ocrx_word' id='word_1_46' title='bbox 935 433 1005 467; x_wconf 91' lang='lat' dir='ltr'><strong>quod</strong></span> <span class='ocrx_word' id='word_1_47' title='bbox 1028 432 1063 461; x_wconf 90' lang='lat' dir='ltr'><strong>ad</strong></span> 
     </span>
    </p>
   </div>
   <div class='ocr_carea' id='block_1_8' title="bbox 271 468 1063 506">
    <p class='ocr_par' dir='ltr' id='par_1_8' title="bbox 271 468 1063 506">
     <span class='ocr_line' id='line_1_8' title="bbox 271 468 1063 506; baseline 0.003 -2"><span class='ocrx_word' id='word_1_48' title='bbox 271 477 379 504; x_wconf 88' lang='lat' dir='ltr'><strong>laudem</strong></span> <span class='ocrx_word' id='word_1_49' title='bbox 396 477 438 504; x_wconf 92' lang='lat' dir='ltr'><strong>sui</strong></span> <span class='ocrx_word' id='word_1_50' title='bbox 453 477 570 504; x_wconf 88' lang='lat' dir='ltr'><strong>nominis</strong></span> <span class='ocrx_word' id='word_1_51' title='bbox 583 481 610 503; x_wconf 91' lang='lat' dir='ltr'><strong>et</strong></span> <span class='ocrx_word' id='word_1_52' title='bbox 624 476 657 504; x_wconf 88' lang='lat' dir='ltr'><strong>ad</strong></span> <span class='ocrx_word' id='word_1_53' title='bbox 669 477 870 505; x_wconf 79' lang='lat' dir='ltr'><strong>venerationem</strong></span> <span class='ocrx_word' id='word_1_54' title='bbox 882 468 1063 506; x_wconf 71' lang='lat' dir='ltr'><strong>sanctissimae</strong></span> 
     </span>
    </p>
   </div>
   <div class='ocr_carea' id='block_1_9' title="bbox 270 522 1061 558">
    <p class='ocr_par' dir='ltr' id='par_1_9' title="bbox 270 522 1061 558">
     <span class='ocr_line' id='line_1_9' title="bbox 270 522 1061 558; baseline 0.003 -9"><span class='ocrx_word' id='word_1_55' title='bbox 270 522 322 549; x_wconf 68' lang='lat' dir='ltr'><strong>Ida:</strong></span> <span class='ocrx_word' id='word_1_56' title='bbox 336 523 452 558; x_wconf 80' lang='lat' dir='ltr'><strong>peregit,</strong></span> <span class='ocrx_word' id='word_1_57' title='bbox 469 523 503 549; x_wconf 91' lang='lat' dir='ltr'><strong>ob</strong></span> <span class='ocrx_word' id='word_1_58' title='bbox 517 522 611 549; x_wconf 87' lang='lat' dir='ltr'><strong>merita</strong></span> <span class='ocrx_word' id='word_1_59' title='bbox 636 522 694 557; x_wconf 85' lang='lat' dir='ltr'><strong>ejus</strong></span> <span class='ocrx_word' id='word_1_60' title='bbox 705 542 713 555; x_wconf 93' lang='lat'><strong>,</strong></span> <span class='ocrx_word' id='word_1_61' title='bbox 730 523 821 550; x_wconf 81' lang='lat' dir='ltr'><strong>divina</strong></span> <span class='ocrx_word' id='word_1_62' title='bbox 842 523 1002 558; x_wconf 86' lang='lat' dir='ltr'><strong>clementia,</strong></span> <span class='ocrx_word' id='word_1_63' title='bbox 1019 532 1061 552; x_wconf 83' lang='lat' dir='ltr'><strong>su-</strong></span> 
     </span>
    </p>
   </div>
   <div class='ocr_carea' id='block_1_10' title="bbox 270 567 1064 606">
    <p class='ocr_par' dir='ltr' id='par_1_10' title="bbox 270 567 1064 606">
     <span class='ocr_line' id='line_1_10' title="bbox 270 567 1064 606; baseline 0.004 -12"><span class='ocrx_word' id='word_1_64' title='bbox 270 567 400 603; x_wconf 89' lang='lat' dir='ltr'><strong>pradictis</strong></span> <span class='ocrx_word' id='word_1_65' title='bbox 415 567 518 603; x_wconf 64' lang='lat' dir='ltr'><strong>aequale</strong></span> <span class='ocrx_word' id='word_1_66' title='bbox 533 568 684 596; x_wconf 83' lang='lat' dir='ltr'><strong>miraculis.</strong></span> <span class='ocrx_word' id='word_1_67' title='bbox 702 568 775 596; x_wconf 88' lang='lat' dir='ltr'><strong>ldem</strong></span> <span class='ocrx_word' id='word_1_68' title='bbox 801 577 865 597; x_wconf 90' lang='lat' dir='ltr'><strong>vero</strong></span> <span class='ocrx_word' id='word_1_69' title='bbox 880 569 1006 597; x_wconf 89' lang='lat' dir='ltr'><strong>inimicus</strong></span> <span class='ocrx_word' id='word_1_70' title='bbox 1018 577 1064 606; x_wconf 79' lang='lat' dir='ltr'><strong>ge-</strong></span> 
     </span>
    </p>
   </div>
   <div class='ocr_carea' id='block_1_11' title="bbox 270 614 1064 651">
    <p class='ocr_par' dir='ltr' id='par_1_11' title="bbox 270 614 1064 651">
     <span class='ocr_line' id='line_1_11' title="bbox 270 614 1064 651; baseline 0.003 -10"><span class='ocrx_word' id='word_1_71' title='bbox 270 614 343 641; x_wconf 83' lang='lat' dir='ltr'><strong>neris</strong></span> <span class='ocrx_word' id='word_1_72' title='bbox 362 615 486 647; x_wconf 80' lang='lat' dir='ltr'><strong>humani,</strong></span> <span class='ocrx_word' id='word_1_73' title='bbox 501 614 546 649; x_wconf 92' lang='lat' dir='ltr'><strong>qui</strong></span> <span class='ocrx_word' id='word_1_74' title='bbox 562 622 669 649; x_wconf 88' lang='lat' dir='ltr'><strong>semper</strong></span> <span class='ocrx_word' id='word_1_75' title='bbox 683 619 809 649; x_wconf 84' lang='lat' dir='ltr'><strong>tanquam</strong></span> <span class='ocrx_word' id='word_1_76' title='bbox 831 615 870 643; x_wconf 87' lang='lat' dir='ltr'><strong>leo</strong></span> <span class='ocrx_word' id='word_1_77' title='bbox 895 616 1000 651; x_wconf 77' lang='lat' dir='ltr'><strong>rugiens</strong></span> <span class='ocrx_word' id='word_1_78' title='bbox 1011 616 1064 643; x_wconf 83' lang='lat' dir='ltr'><strong>cir-</strong></span> 
     </span>
    </p>
   </div>
   <div class='ocr_carea' id='block_1_12' title="bbox 268 660 1063 696">
    <p class='ocr_par' dir='ltr' id='par_1_12' title="bbox 268 660 1063 696">
     <span class='ocr_line' id='line_1_12' title="bbox 268 660 1063 696; baseline 0.003 -9"><span class='ocrx_word' id='word_1_79' title='bbox 268 660 322 687; x_wconf 79' lang='lat' dir='ltr'><strong>cuit</strong></span> <span class='ocrx_word' id='word_1_80' title='bbox 335 667 454 694; x_wconf 68' lang='lat' dir='ltr'><strong>quivre&quot;:</strong></span> <span class='ocrx_word' id='word_1_81' title='bbox 476 669 552 695; x_wconf 83' lang='lat' dir='ltr'><strong>quem</strong></span> <span class='ocrx_word' id='word_1_82' title='bbox 570 660 674 688; x_wconf 83' lang='lat' dir='ltr'><strong>deuoret</strong></span> <span class='ocrx_word' id='word_1_83' title='bbox 698 660 724 696; x_wconf 90' lang='grc'><strong>(1</strong></span> <span class='ocrx_word' id='word_1_84' title='bbox 737 660 809 688; x_wconf 85' lang='lat' dir='ltr'><strong>Petr.</strong></span> <span class='ocrx_word' id='word_1_85' title='bbox 824 670 850 694; x_wconf 82' lang='lat' dir='ltr'><strong>v,</strong></span> <span class='ocrx_word' id='word_1_86' title='bbox 865 661 904 696; x_wconf 88' lang='lat'><strong>8),</strong></span> <span class='ocrx_word' id='word_1_87' title='bbox 917 662 1063 696; x_wconf 84' lang='lat' dir='ltr'><strong>quamdam</strong></span> 
     </span>
    </p>
   </div>
   <div class='ocr_carea' id='block_1_13' title="bbox 269 705 1064 742">
    <p class='ocr_par' dir='ltr' id='par_1_13' title="bbox 269 705 1064 742">
     <span class='ocr_line' id='line_1_13' title="bbox 269 705 1064 742; baseline 0.004 -10"><span class='ocrx_word' id='word_1_88' title='bbox 269 706 302 732; x_wconf 90' lang='lat' dir='ltr'><strong>de</strong></span> <span class='ocrx_word' id='word_1_89' title='bbox 315 705 451 733; x_wconf 89' lang='lat' dir='ltr'><strong>territorio</strong></span> <span class='ocrx_word' id='word_1_90' title='bbox 464 706 616 733; x_wconf 85' lang='lat' dir='ltr'><strong>Boloniensi</strong></span> <span class='ocrx_word' id='word_1_91' title='bbox 631 707 816 734; x_wconf 80' lang='lat' dir='ltr'><strong>mulierculam</strong></span> <span class='ocrx_word' id='word_1_92' title='bbox 830 707 938 741; x_wconf 82' lang='lat' dir='ltr'><strong>invasit,</strong></span> <span class='ocrx_word' id='word_1_93' title='bbox 952 706 1064 742; x_wconf 88' lang='lat' dir='ltr'><strong>ejusque</strong></span> 
     </span>
    </p>
   </div>
   <div class='ocr_carea' id='block_1_14' title="bbox 268 751 1062 788">
    <p class='ocr_par' dir='ltr' id='par_1_14' title="bbox 268 751 1062 788">
     <span class='ocr_line' id='line_1_14' title="bbox 268 751 1062 788; baseline 0.003 -10"><span class='ocrx_word' id='word_1_94' title='bbox 268 751 393 785; x_wconf 81' lang='lat' dir='ltr'><strong>spiritum</strong></span> <span class='ocrx_word' id='word_1_95' title='bbox 411 752 510 779; x_wconf 90' lang='lat' dir='ltr'><strong>bonum</strong></span> <span class='ocrx_word' id='word_1_96' title='bbox 523 751 635 786; x_wconf 77' lang='lat' dir='ltr'><strong>expulit,</strong></span> <span class='ocrx_word' id='word_1_97' title='bbox 647 759 673 779; x_wconf 89' lang='lat' dir='ltr'><strong>et</strong></span> <span class='ocrx_word' id='word_1_98' title='bbox 688 753 714 779; x_wconf 93' lang='lat' dir='ltr'><strong>in</strong></span> <span class='ocrx_word' id='word_1_99' title='bbox 731 760 763 780; x_wconf 88' lang='lat' dir='ltr'><strong>ea</strong></span> <span class='ocrx_word' id='word_1_100' title='bbox 775 753 826 780; x_wconf 88' lang='lat' dir='ltr'><strong>sibi</strong></span> <span class='ocrx_word' id='word_1_101' title='bbox 838 753 928 780; x_wconf 87' lang='lat' dir='ltr'><strong>sedem</strong></span> <span class='ocrx_word' id='word_1_102' title='bbox 946 753 1062 788; x_wconf 87' lang='lat' dir='ltr'><strong>paravit.</strong></span> 
     </span>
    </p>
   </div>
   <div class='ocr_carea' id='block_1_15' title="bbox 269 795 1063 833">
    <p class='ocr_par' dir='ltr' id='par_1_15' title="bbox 269 795 1063 833">
     <span class='ocr_line' id='line_1_15' title="bbox 269 795 1063 833; baseline 0.003 -9"><span class='ocrx_word' id='word_1_103' title='bbox 269 795 424 832; x_wconf 87' lang='lat' dir='ltr'><strong>Pcragratis</strong></span> <span class='ocrx_word' id='word_1_104' title='bbox 440 798 539 832; x_wconf 91' lang='lat' dir='ltr'><strong>quippe</strong></span> <span class='ocrx_word' id='word_1_105' title='bbox 553 805 615 825; x_wconf 93' lang='lat' dir='ltr'><strong>cum</strong></span> <span class='ocrx_word' id='word_1_106' title='bbox 637 798 681 825; x_wconf 91' lang='lat' dir='ltr'><strong>illa</strong></span> <span class='ocrx_word' id='word_1_107' title='bbox 699 798 789 826; x_wconf 91' lang='lat' dir='ltr'><strong>multis</strong></span> <span class='ocrx_word' id='word_1_108' title='bbox 810 803 965 826; x_wconf 89' lang='lat' dir='ltr'><strong>sanctorum</strong></span> <span class='ocrx_word' id='word_1_109' title='bbox 981 799 1063 833; x_wconf 85' lang='lat' dir='ltr'><strong>locis,</strong></span> 
     </span>
    </p>
   </div>
   <div class='ocr_carea' id='block_1_16' title="bbox 269 843 1063 879">
    <p class='ocr_par' dir='ltr' id='par_1_16' title="bbox 269 843 1063 879">
     <span class='ocr_line' id='line_1_16' title="bbox 269 843 1063 879; baseline 0.005 -12"><span class='ocrx_word' id='word_1_110' title='bbox 269 847 395 876; x_wconf 87' lang='lat' dir='ltr'><strong>parentes</strong></span> <span class='ocrx_word' id='word_1_111' title='bbox 412 850 466 870; x_wconf 93' lang='lat' dir='ltr'><strong>non</strong></span> <span class='ocrx_word' id='word_1_112' title='bbox 488 843 659 878; x_wconf 83' lang='lat' dir='ltr'><strong>proficientes</strong></span> <span class='ocrx_word' id='word_1_113' title='bbox 677 844 710 871; x_wconf 89' lang='lat' dir='ltr'><strong>ad</strong></span> <span class='ocrx_word' id='word_1_114' title='bbox 732 844 841 879; x_wconf 89' lang='lat' dir='ltr'><strong>propria</strong></span> <span class='ocrx_word' id='word_1_115' title='bbox 867 844 967 871; x_wconf 88' lang='lat' dir='ltr'><strong>reversi</strong></span> <span class='ocrx_word' id='word_1_116' title='bbox 989 848 1063 872; x_wconf 89' lang='lat' dir='ltr'><strong>sunt.</strong></span> 
     </span>
    </p>
   </div>
   <div class='ocr_carea' id='block_1_17' title="bbox 273 886 1063 924">
    <p class='ocr_par' dir='ltr' id='par_1_17' title="bbox 273 886 1063 924">
     <span class='ocr_line' id='line_1_17' title="bbox 273 886 1063 924; baseline 0.004 -11"><span class='ocrx_word' id='word_1_117' title='bbox 273 886 461 922; x_wconf 84' lang='lat' dir='ltr'><strong>Torquebatur</strong></span> <span class='ocrx_word' id='word_1_118' title='bbox 475 889 566 916; x_wconf 89' lang='lat' dir='ltr'><strong>acrius</strong></span> <span class='ocrx_word' id='word_1_119' title='bbox 589 888 686 916; x_wconf 82' lang='lat' dir='ltr'><strong>misera</strong></span> <span class='ocrx_word' id='word_1_120' title='bbox 709 897 789 923; x_wconf 88' lang='lat' dir='ltr'><strong>quam</strong></span> <span class='ocrx_word' id='word_1_121' title='bbox 806 889 879 924; x_wconf 92' lang='lat' dir='ltr'><strong>prius</strong></span> <span class='ocrx_word' id='word_1_122' title='bbox 899 897 914 916; x_wconf 91' lang='lat' dir='ltr'><strong>a</strong></span> <span class='ocrx_word' id='word_1_123' title='bbox 929 889 1063 922; x_wconf 67' lang='lat' dir='ltr'><strong>daemone,</strong></span> 
     </span>
    </p>
   </div>
   <div class='ocr_carea' id='block_1_18' title="bbox 271 925 1102 968">
    <p class='ocr_par' dir='ltr' id='par_1_18' title="bbox 271 925 1102 968">
     <span class='ocr_line' id='line_1_18' title="bbox 271 925 1102 968; baseline 0.006 -11"><span class='ocrx_word' id='word_1_124' title='bbox 271 932 433 966; x_wconf 85' lang='lat' dir='ltr'><strong>amissisque</strong></span> <span class='ocrx_word' id='word_1_125' title='bbox 459 933 555 960; x_wconf 70' lang='lat' dir='ltr'><strong>animm</strong></span> <span class='ocrx_word' id='word_1_126' title='bbox 582 933 757 968; x_wconf 84' lang='lat' dir='ltr'><strong>corporisque</strong></span> <span class='ocrx_word' id='word_1_127' title='bbox 779 934 924 962; x_wconf 89' lang='lat' dir='ltr'><strong>virtutibus</strong></span> <span class='ocrx_word' id='word_1_128' title='bbox 938 955 945 967; x_wconf 94' lang='lat'><strong>,</strong></span> <span class='ocrx_word' id='word_1_129' title='bbox 962 934 1065 962; x_wconf 88' lang='lat' dir='ltr'><strong>discer-</strong></span> <span class='ocrx_word' id='word_1_130' title='bbox 1081 925 1102 951; x_wconf 79' lang='grc' dir='ltr'><strong>Β</strong></span> 
     </span>
    </p>
   </div>
   <div class='ocr_carea' id='block_1_19' title="bbox 271 977 1064 1015">
    <p class='ocr_par' dir='ltr' id='par_1_19' title="bbox 271 977 1064 1015">
     <span class='ocr_line' id='line_1_19' title="bbox 271 977 1064 1015; baseline 0.008 -13"><span class='ocrx_word' id='word_1_131' title='bbox 271 983 340 1010; x_wconf 83' lang='lat' dir='ltr'><strong>pens</strong></span> <span class='ocrx_word' id='word_1_132' title='bbox 355 981 381 1003; x_wconf 91' lang='lat' dir='ltr'><strong>et</strong></span> <span class='ocrx_word' id='word_1_133' title='bbox 393 977 528 1004; x_wconf 86' lang='lat' dir='ltr'><strong>dilanians</strong></span> <span class='ocrx_word' id='word_1_134' title='bbox 539 985 568 1005; x_wconf 90' lang='lat' dir='ltr'><strong>se</strong></span> <span class='ocrx_word' id='word_1_135' title='bbox 577 978 684 1011; x_wconf 88' lang='lat' dir='ltr'><strong>jacehat</strong></span> <span class='ocrx_word' id='word_1_136' title='bbox 702 979 793 1013; x_wconf 83' lang='lat' dir='ltr'><strong>ligata.</strong></span> <span class='ocrx_word' id='word_1_137' title='bbox 814 979 899 1007; x_wconf 84' lang='lat' dir='ltr'><strong>Mater</strong></span> <span class='ocrx_word' id='word_1_138' title='bbox 914 987 979 1007; x_wconf 91' lang='lat' dir='ltr'><strong>vero</strong></span> <span class='ocrx_word' id='word_1_139' title='bbox 998 988 1064 1015; x_wconf 90' lang='lat' dir='ltr'><strong>sua,</strong></span> 
     </span>
    </p>
   </div>
   <div class='ocr_carea' id='block_1_20' title="bbox 273 1022 1062 1059">
    <p class='ocr_par' dir='ltr' id='par_1_20' title="bbox 273 1022 1062 1059">
     <span class='ocr_line' id='line_1_20' title="bbox 273 1022 1062 1059; baseline 0.005 -10"><span class='ocrx_word' id='word_1_140' title='bbox 273 1022 413 1050; x_wconf 84' lang='lat' dir='ltr'><strong>recordata</strong></span> <span class='ocrx_word' id='word_1_141' title='bbox 441 1024 592 1051; x_wconf 91' lang='lat' dir='ltr'><strong>sanctitatis</strong></span> <span class='ocrx_word' id='word_1_142' title='bbox 612 1029 638 1051; x_wconf 88' lang='lat' dir='ltr'><strong>et</strong></span> <span class='ocrx_word' id='word_1_143' title='bbox 654 1024 781 1059; x_wconf 75' lang='lat' dir='ltr'><strong>potentia:</strong></span> <span class='ocrx_word' id='word_1_144' title='bbox 804 1025 981 1053; x_wconf 77' lang='lat' dir='ltr'><strong>sanctissimze</strong></span> <span class='ocrx_word' id='word_1_145' title='bbox 996 1025 1062 1058; x_wconf 63' lang='lat' dir='ltr'><strong>Idae,</strong></span> 
     </span>
    </p>
   </div>
   <div class='ocr_carea' id='block_1_21' title="bbox 272 1067 1063 1103">
    <p class='ocr_par' dir='ltr' id='par_1_21' title="bbox 272 1067 1063 1103">
     <span class='ocr_line' id='line_1_21' title="bbox 272 1067 1063 1103; baseline 0.005 -10"><span class='ocrx_word' id='word_1_146' title='bbox 272 1074 354 1101; x_wconf 81' lang='lat' dir='ltr'><strong>super</strong></span> <span class='ocrx_word' id='word_1_147' title='bbox 378 1067 531 1101; x_wconf 89' lang='lat' dir='ltr'><strong>hujusmodi</strong></span> <span class='ocrx_word' id='word_1_148' title='bbox 559 1068 744 1095; x_wconf 82' lang='lat' dir='ltr'><strong>infirmitatem</strong></span> <span class='ocrx_word' id='word_1_149' title='bbox 772 1069 886 1103; x_wconf 58' lang='lat' dir='ltr'><strong>habitat,</strong></span> <span class='ocrx_word' id='word_1_150' title='bbox 912 1069 994 1097; x_wconf 86' lang='lat' dir='ltr'><strong>filiam</strong></span> <span class='ocrx_word' id='word_1_151' title='bbox 1011 1078 1063 1097; x_wconf 87' lang='lat' dir='ltr'><strong>una</strong></span> 
     </span>
    </p>
   </div>
   <div class='ocr_carea' id='block_1_22' title="bbox 272 1113 1065 1150">
    <p class='ocr_par' dir='ltr' id='par_1_22' title="bbox 272 1113 1065 1150">
     <span class='ocr_line' id='line_1_22' title="bbox 272 1113 1065 1150; baseline 0.005 -11"><span class='ocrx_word' id='word_1_152' title='bbox 272 1120 334 1140; x_wconf 88' lang='lat' dir='ltr'><strong>cum</strong></span> <span class='ocrx_word' id='word_1_153' title='bbox 350 1113 484 1140; x_wconf 89' lang='lat' dir='ltr'><strong>nonnullis</strong></span> <span class='ocrx_word' id='word_1_154' title='bbox 494 1113 660 1148; x_wconf 83' lang='lat' dir='ltr'><strong>parentibus,</strong></span> <span class='ocrx_word' id='word_1_155' title='bbox 674 1113 788 1141; x_wconf 69' lang='lat' dir='ltr'><strong>infirmae</strong></span> <span class='ocrx_word' id='word_1_156' title='bbox 804 1116 936 1150; x_wconf 83' lang='lat' dir='ltr'><strong>gavisuris</strong></span> <span class='ocrx_word' id='word_1_157' title='bbox 952 1117 985 1143; x_wconf 88' lang='lat' dir='ltr'><strong>de</strong></span> <span class='ocrx_word' id='word_1_158' title='bbox 998 1116 1065 1144; x_wconf 86' lang='lat' dir='ltr'><strong>libe-</strong></span> 
     </span>
    </p>
   </div>
   <div class='ocr_carea' id='block_1_23' title="bbox 272 1158 1064 1193">
    <p class='ocr_par' dir='ltr' id='par_1_23' title="bbox 272 1158 1064 1193">
     <span class='ocr_line' id='line_1_23' title="bbox 272 1158 1064 1193; baseline 0.005 -9"><span class='ocrx_word' id='word_1_159' title='bbox 272 1158 378 1185; x_wconf 86' lang='lat' dir='ltr'><strong>ratione</strong></span> <span class='ocrx_word' id='word_1_160' title='bbox 392 1158 473 1184; x_wconf 86' lang='lat' dir='ltr'><strong>simul</strong></span> <span class='ocrx_word' id='word_1_161' title='bbox 489 1163 516 1185; x_wconf 90' lang='lat' dir='ltr'><strong>et</strong></span> <span class='ocrx_word' id='word_1_162' title='bbox 526 1159 642 1186; x_wconf 87' lang='lat' dir='ltr'><strong>sanitate</strong></span> <span class='ocrx_word' id='word_1_163' title='bbox 657 1159 760 1193; x_wconf 73' lang='lat' dir='ltr'><strong>puellm,</strong></span> <span class='ocrx_word' id='word_1_164' title='bbox 778 1160 811 1186; x_wconf 91' lang='lat' dir='ltr'><strong>ad</strong></span> <span class='ocrx_word' id='word_1_165' title='bbox 828 1160 856 1187; x_wconf 91' lang='lat' dir='ltr'><strong>S.</strong></span> <span class='ocrx_word' id='word_1_166' title='bbox 873 1159 1024 1192; x_wconf 83' lang='lat' dir='ltr'><strong>Michaelis,</strong></span> <span class='ocrx_word' id='word_1_167' title='bbox 1038 1161 1064 1188; x_wconf 92' lang='lat' dir='ltr'><strong>in</strong></span> 
     </span>
    </p>
   </div>
   <div class='ocr_carea' id='block_1_24' title="bbox 271 1202 1065 1239">
    <p class='ocr_par' dir='ltr' id='par_1_24' title="bbox 271 1202 1065 1239">
     <span class='ocr_line' id='line_1_24' title="bbox 271 1202 1065 1239; baseline 0.005 -11"><span class='ocrx_word' id='word_1_168' title='bbox 271 1210 322 1237; x_wconf 87' lang='lat' dir='ltr'><strong>qua</strong></span> <span class='ocrx_word' id='word_1_169' title='bbox 340 1202 432 1230; x_wconf 88' lang='lat' dir='ltr'><strong>multis</strong></span> <span class='ocrx_word' id='word_1_170' title='bbox 449 1202 492 1230; x_wconf 90' lang='lat' dir='ltr'><strong>Ida</strong></span> <span class='ocrx_word' id='word_1_171' title='bbox 504 1203 675 1231; x_wconf 87' lang='lat' dir='ltr'><strong>sanctissima</strong></span> <span class='ocrx_word' id='word_1_172' title='bbox 692 1205 857 1239; x_wconf 73' lang='lat' dir='ltr'><strong>operabatur</strong></span> <span class='ocrx_word' id='word_1_173' title='bbox 872 1205 1001 1238; x_wconf 84' lang='lat' dir='ltr'><strong>salutem,</strong></span> <span class='ocrx_word' id='word_1_174' title='bbox 1019 1212 1065 1232; x_wconf 81' lang='lat' dir='ltr'><strong>ve-</strong></span> 
     </span>
    </p>
   </div>
   <div class='ocr_carea' id='block_1_25' title="bbox 271 1248 1065 1285">
    <p class='ocr_par' dir='ltr' id='par_1_25' title="bbox 271 1248 1065 1285">
     <span class='ocr_line' id='line_1_25' title="bbox 271 1248 1065 1285; baseline 0.006 -11"><span class='ocrx_word' id='word_1_175' title='bbox 271 1248 533 1275; x_wconf 84' lang='lat' dir='ltr'><strong>neruntecclesiam.</strong></span> <span class='ocrx_word' id='word_1_176' title='bbox 550 1249 611 1282; x_wconf 88' lang='lat' dir='ltr'><strong>Qui,</strong></span> <span class='ocrx_word' id='word_1_177' title='bbox 636 1249 699 1276; x_wconf 92' lang='lat' dir='ltr'><strong>dum</strong></span> <span class='ocrx_word' id='word_1_178' title='bbox 723 1254 786 1277; x_wconf 86' lang='lat' dir='ltr'><strong>ante</strong></span> <span class='ocrx_word' id='word_1_179' title='bbox 807 1250 946 1285; x_wconf 81' lang='lat' dir='ltr'><strong>cujusdam</strong></span> <span class='ocrx_word' id='word_1_180' title='bbox 970 1251 1065 1279; x_wconf 88' lang='lat' dir='ltr'><strong>altaris</strong></span> 
     </span>
    </p>
   </div>
   <div class='ocr_carea' id='block_1_26' title="bbox 270 1293 1063 1331">
    <p class='ocr_par' dir='ltr' id='par_1_26' title="bbox 270 1293 1063 1331">
     <span class='ocr_line' id='line_1_26' title="bbox 270 1293 1063 1331; baseline 0.005 -12"><span class='ocrx_word' id='word_1_181' title='bbox 270 1293 444 1327; x_wconf 65' lang='lat' dir='ltr'><strong>praesentiant:</strong></span> <span class='ocrx_word' id='word_1_182' title='bbox 459 1301 520 1320; x_wconf 91' lang='lat' dir='ltr'><strong>cum</strong></span> <span class='ocrx_word' id='word_1_183' title='bbox 538 1294 643 1320; x_wconf 89' lang='lat' dir='ltr'><strong>iulirma</strong></span> <span class='ocrx_word' id='word_1_184' title='bbox 668 1295 849 1322; x_wconf 75' lang='lat' dir='ltr'><strong>excubasseut</strong></span> <span class='ocrx_word' id='word_1_185' title='bbox 865 1304 912 1331; x_wconf 89' lang='lat' dir='ltr'><strong>per</strong></span> <span class='ocrx_word' id='word_1_186' title='bbox 926 1296 1063 1329; x_wconf 90' lang='lat' dir='ltr'><strong>triduum,</strong></span> 
     </span>
    </p>
   </div>
   <div class='ocr_carea' id='block_1_27' title="bbox 270 1339 1066 1374">
    <p class='ocr_par' dir='ltr' id='par_1_27' title="bbox 270 1339 1066 1374">
     <span class='ocr_line' id='line_1_27' title="bbox 270 1339 1066 1374; baseline 0.006 -10"><span class='ocrx_word' id='word_1_187' title='bbox 270 1346 369 1374; x_wconf 84' lang='lat' dir='ltr'><strong>magna</strong></span> <span class='ocrx_word' id='word_1_188' title='bbox 386 1346 447 1365; x_wconf 86' lang='lat' dir='ltr'><strong>cum</strong></span> <span class='ocrx_word' id='word_1_189' title='bbox 465 1339 609 1366; x_wconf 87' lang='lat' dir='ltr'><strong>devotione</strong></span> <span class='ocrx_word' id='word_1_190' title='bbox 624 1345 769 1374; x_wconf 75' lang='lat' dir='ltr'><strong>rogarunt,</strong></span> <span class='ocrx_word' id='word_1_191' title='bbox 787 1346 815 1369; x_wconf 89' lang='lat' dir='ltr'><strong>ut</strong></span> <span class='ocrx_word' id='word_1_192' title='bbox 838 1342 963 1369; x_wconf 86' lang='lat' dir='ltr'><strong>monachi</strong></span> <span class='ocrx_word' id='word_1_193' title='bbox 978 1343 1066 1370; x_wconf 82' lang='lat' dir='ltr'><strong>eccle-</strong></span> 
     </span>
    </p>
   </div>
   <div class='ocr_carea' id='block_1_28' title="bbox 269 1383 1064 1420">
    <p class='ocr_par' dir='ltr' id='par_1_28' title="bbox 269 1383 1064 1420">
     <span class='ocr_line' id='line_1_28' title="bbox 269 1383 1064 1420; baseline 0.004 -10"><span class='ocrx_word' id='word_1_194' title='bbox 269 1383 317 1411; x_wconf 69' lang='lat' dir='ltr'><strong>site</strong></span> <span class='ocrx_word' id='word_1_195' title='bbox 349 1383 483 1410; x_wconf 80' lang='lat' dir='ltr'><strong>inﬁrmam</strong></span> <span class='ocrx_word' id='word_1_196' title='bbox 513 1384 615 1418; x_wconf 88' lang='lat' dir='ltr'><strong>portari</strong></span> <span class='ocrx_word' id='word_1_197' title='bbox 653 1384 775 1412; x_wconf 83' lang='lat' dir='ltr'><strong>sinerent</strong></span> <span class='ocrx_word' id='word_1_198' title='bbox 810 1391 874 1413; x_wconf 89' lang='lat' dir='ltr'><strong>ante</strong></span> <span class='ocrx_word' id='word_1_199' title='bbox 907 1386 1064 1420; x_wconf 89' lang='lat' dir='ltr'><strong>sepulcrum</strong></span> 
     </span>
    </p>
   </div>
   <div class='ocr_carea' id='block_1_29' title="bbox 270 1427 1065 1466">
    <p class='ocr_par' dir='ltr' id='par_1_29' title="bbox 270 1427 1065 1466">
     <span class='ocr_line' id='line_1_29' title="bbox 270 1427 1065 1466; baseline 0.005 -12"><span class='ocrx_word' id='word_1_200' title='bbox 270 1427 299 1454; x_wconf 89' lang='lat' dir='ltr'><strong>S.</strong></span> <span class='ocrx_word' id='word_1_201' title='bbox 316 1428 368 1455; x_wconf 73' lang='lat' dir='ltr'><strong>ldze</strong></span> <span class='ocrx_word' id='word_1_202' title='bbox 382 1437 390 1462; x_wconf 84' lang='lat'><strong>;</strong></span> <span class='ocrx_word' id='word_1_203' title='bbox 409 1428 481 1463; x_wconf 89' lang='lat' dir='ltr'><strong>quod</strong></span> <span class='ocrx_word' id='word_1_204' title='bbox 496 1427 597 1456; x_wconf 86' lang='lat' dir='ltr'><strong>factum</strong></span> <span class='ocrx_word' id='word_1_205' title='bbox 609 1433 661 1456; x_wconf 89' lang='lat' dir='ltr'><strong>est.</strong></span> <span class='ocrx_word' id='word_1_206' title='bbox 680 1429 746 1457; x_wconf 86' lang='lat' dir='ltr'><strong>Erat</strong></span> <span class='ocrx_word' id='word_1_207' title='bbox 763 1435 825 1458; x_wconf 90' lang='lat' dir='ltr'><strong>tunc</strong></span> <span class='ocrx_word' id='word_1_208' title='bbox 842 1431 951 1465; x_wconf 86' lang='lat' dir='ltr'><strong>quidem</strong></span> <span class='ocrx_word' id='word_1_209' title='bbox 968 1430 1065 1466; x_wconf 86' lang='lat' dir='ltr'><strong>Vigilia</strong></span> 
     </span>
    </p>
   </div>
   <div class='ocr_carea' id='block_1_30' title="bbox 269 1474 1064 1511">
    <p class='ocr_par' dir='ltr' id='par_1_30' title="bbox 269 1474 1064 1511">
     <span class='ocr_line' id='line_1_30' title="bbox 269 1474 1064 1511; baseline 0.003 -10"><span class='ocrx_word' id='word_1_210' title='bbox 269 1474 300 1501; x_wconf 87' lang='lat' dir='ltr'><strong>B.</strong></span> <span class='ocrx_word' id='word_1_211' title='bbox 314 1474 426 1502; x_wconf 82' lang='lat' dir='ltr'><strong>Joannis</strong></span> <span class='ocrx_word' id='word_1_212' title='bbox 442 1475 583 1510; x_wconf 61' lang='lat' dir='ltr'><strong>Baptistae;</strong></span> <span class='ocrx_word' id='word_1_213' title='bbox 597 1476 759 1511; x_wconf 88' lang='lat' dir='ltr'><strong>vespertinis</strong></span> <span class='ocrx_word' id='word_1_214' title='bbox 773 1482 862 1505; x_wconf 86' lang='lat' dir='ltr'><strong>autem</strong></span> <span class='ocrx_word' id='word_1_215' title='bbox 875 1477 993 1511; x_wconf 88' lang='lat' dir='ltr'><strong>peractis</strong></span> <span class='ocrx_word' id='word_1_216' title='bbox 1003 1476 1064 1504; x_wconf 82' lang='lat' dir='ltr'><strong>olli-</strong></span> 
     </span>
    </p>
   </div>
   <div class='ocr_carea' id='block_1_31' title="bbox 271 1520 1064 1558">
    <p class='ocr_par' dir='ltr' id='par_1_31' title="bbox 271 1520 1064 1558">
     <span class='ocr_line' id='line_1_31' title="bbox 271 1520 1064 1558; baseline 0.005 -11"><span class='ocrx_word' id='word_1_217' title='bbox 271 1520 340 1553; x_wconf 89' lang='lat' dir='ltr'><strong>ciis,</strong></span> <span class='ocrx_word' id='word_1_218' title='bbox 365 1528 414 1555; x_wconf 88' lang='lat' dir='ltr'><strong>per</strong></span> <span class='ocrx_word' id='word_1_219' title='bbox 427 1521 522 1548; x_wconf 89' lang='lat' dir='ltr'><strong>merita</strong></span> <span class='ocrx_word' id='word_1_220' title='bbox 548 1521 576 1548; x_wconf 84' lang='lat' dir='ltr'><strong>S.</strong></span> <span class='ocrx_word' id='word_1_221' title='bbox 592 1521 654 1554; x_wconf 72' lang='lat' dir='ltr'><strong>idat,</strong></span> <span class='ocrx_word' id='word_1_222' title='bbox 674 1526 817 1558; x_wconf 83' lang='lat' dir='ltr'><strong>utramque</strong></span> <span class='ocrx_word' id='word_1_223' title='bbox 838 1523 951 1550; x_wconf 91' lang='lat' dir='ltr'><strong>salutem</strong></span> <span class='ocrx_word' id='word_1_224' title='bbox 967 1523 1064 1558; x_wconf 87' lang='lat' dir='ltr'><strong>adepta</strong></span> 
     </span>
    </p>
   </div>
   <div class='ocr_carea' id='block_1_32' title="bbox 270 1565 1065 1601">
    <p class='ocr_par' dir='ltr' id='par_1_32' title="bbox 270 1565 1065 1601">
     <span class='ocr_line' id='line_1_32' title="bbox 270 1565 1065 1601; baseline 0.005 -9"><span class='ocrx_word' id='word_1_225' title='bbox 270 1565 370 1601; x_wconf 90' lang='lat' dir='ltr'><strong>puella,</strong></span> <span class='ocrx_word' id='word_1_226' title='bbox 383 1566 465 1601; x_wconf 86' lang='lat' dir='ltr'><strong>coepit</strong></span> <span class='ocrx_word' id='word_1_227' title='bbox 478 1574 574 1593; x_wconf 85' lang='lat' dir='ltr'><strong>vocare</strong></span> <span class='ocrx_word' id='word_1_228' title='bbox 592 1571 727 1600; x_wconf 84' lang='lat' dir='ltr'><strong>matrem,</strong></span> <span class='ocrx_word' id='word_1_229' title='bbox 746 1573 774 1595; x_wconf 89' lang='lat' dir='ltr'><strong>et</strong></span> <span class='ocrx_word' id='word_1_230' title='bbox 797 1574 826 1595; x_wconf 84' lang='lat' dir='ltr'><strong>se</strong></span> <span class='ocrx_word' id='word_1_231' title='bbox 841 1576 935 1595; x_wconf 89' lang='lat' dir='ltr'><strong>sanam</strong></span> <span class='ocrx_word' id='word_1_232' title='bbox 950 1572 977 1596; x_wconf 88' lang='lat' dir='ltr'><strong>et</strong></span> <span class='ocrx_word' id='word_1_233' title='bbox 989 1569 1065 1596; x_wconf 79' lang='lat' dir='ltr'><strong>inco—</strong></span> 
     </span>
    </p>
   </div>
   <div class='ocr_carea' id='block_1_33' title="bbox 269 1611 1062 1649">
    <p class='ocr_par' dir='ltr' id='par_1_33' title="bbox 269 1611 1062 1649">
     <span class='ocr_line' id='line_1_33' title="bbox 269 1611 1062 1649; baseline 0.005 -11"><span class='ocrx_word' id='word_1_234' title='bbox 269 1611 370 1638; x_wconf 82' lang='lat' dir='ltr'><strong>lumem</strong></span> <span class='ocrx_word' id='word_1_235' title='bbox 384 1612 502 1647; x_wconf 87' lang='lat' dir='ltr'><strong>professa</strong></span> <span class='ocrx_word' id='word_1_236' title='bbox 519 1617 569 1640; x_wconf 88' lang='lat' dir='ltr'><strong>est.</strong></span> <span class='ocrx_word' id='word_1_237' title='bbox 589 1613 635 1641; x_wconf 90' lang='lat' dir='ltr'><strong>Sic</strong></span> <span class='ocrx_word' id='word_1_238' title='bbox 655 1614 729 1641; x_wconf 86' lang='lat' dir='ltr'><strong>enim</strong></span> <span class='ocrx_word' id='word_1_239' title='bbox 751 1621 799 1649; x_wconf 89' lang='lat' dir='ltr'><strong>per</strong></span> <span class='ocrx_word' id='word_1_240' title='bbox 819 1615 900 1641; x_wconf 79' lang='lat' dir='ltr'><strong>istam</strong></span> <span class='ocrx_word' id='word_1_241' title='bbox 918 1614 963 1641; x_wconf 88' lang='lat' dir='ltr'><strong>Dei</strong></span> <span class='ocrx_word' id='word_1_242' title='bbox 976 1615 1062 1642; x_wconf 72' lang='lat' dir='ltr'><strong>solita:</strong></span> 
     </span>
    </p>
   </div>
   <div class='ocr_carea' id='block_1_34' title="bbox 270 1657 1062 1693">
    <p class='ocr_par' dir='ltr' id='par_1_34' title="bbox 270 1657 1062 1693">
     <span class='ocr_line' id='line_1_34' title="bbox 270 1657 1062 1693; baseline 0.005 -10"><span class='ocrx_word' id='word_1_243' title='bbox 270 1657 379 1693; x_wconf 90' lang='lat' dir='ltr'><strong>pietatis</strong></span> <span class='ocrx_word' id='word_1_244' title='bbox 393 1658 492 1693; x_wconf 86' lang='lat' dir='ltr'><strong>gratia,</strong></span> <span class='ocrx_word' id='word_1_245' title='bbox 506 1658 659 1686; x_wconf 88' lang='lat' dir='ltr'><strong>interventu</strong></span> <span class='ocrx_word' id='word_1_246' title='bbox 677 1659 763 1687; x_wconf 77' lang='lat' dir='ltr'><strong>beata:</strong></span> <span class='ocrx_word' id='word_1_247' title='bbox 783 1664 810 1687; x_wconf 87' lang='lat' dir='ltr'><strong>et</strong></span> <span class='ocrx_word' id='word_1_248' title='bbox 823 1660 985 1687; x_wconf 83' lang='lat' dir='ltr'><strong>venerabilis</strong></span> <span class='ocrx_word' id='word_1_249' title='bbox 998 1660 1062 1693; x_wconf 80' lang='lat' dir='ltr'><strong>ld:e,</strong></span> 
     </span>
    </p>
   </div>
   <div class='ocr_carea' id='block_1_35' title="bbox 271 1702 1061 1742">
    <p class='ocr_par' dir='ltr' id='par_1_35' title="bbox 271 1702 1061 1742">
     <span class='ocr_line' id='line_1_35' title="bbox 271 1702 1061 1742; baseline 0.005 -12"><span class='ocrx_word' id='word_1_250' title='bbox 271 1702 376 1730; x_wconf 81' lang='lat' dir='ltr'><strong>refulsit</strong></span> <span class='ocrx_word' id='word_1_251' title='bbox 402 1712 409 1730; x_wconf 94' lang='lat'>:</span> <span class='ocrx_word' id='word_1_252' title='bbox 434 1704 505 1732; x_wconf 82' lang='lat' dir='ltr'><strong>sicut</strong></span> <span class='ocrx_word' id='word_1_253' title='bbox 526 1706 560 1732; x_wconf 93' lang='lat' dir='ltr'><strong>de</strong></span> <span class='ocrx_word' id='word_1_254' title='bbox 583 1705 635 1732; x_wconf 92' lang='lat' dir='ltr'><strong>alio</strong></span> <span class='ocrx_word' id='word_1_255' title='bbox 661 1713 711 1740; x_wconf 88' lang='lat' dir='ltr'><strong>per</strong></span> <span class='ocrx_word' id='word_1_256' title='bbox 737 1705 911 1742; x_wconf 81' lang='lat' dir='ltr'><strong>Evangelium</strong></span> <span class='ocrx_word' id='word_1_257' title='bbox 937 1706 1061 1734; x_wconf 89' lang='lat' dir='ltr'><strong>dicitur:</strong></span> 
     </span>
    </p>
   </div>
   <div class='ocr_carea' id='block_1_36' title="bbox 306 1793 1063 1835">
    <p class='ocr_par' dir='ltr' id='par_1_36' title="bbox 306 1793 1063 1835">
     <span class='ocr_line' id='line_1_36' title="bbox 306 1793 1063 1835; baseline 0.005 -15"><span class='ocrx_word' id='word_1_258' title='bbox 306 1793 534 1835; x_wconf 65' lang='lat' dir='ltr'><strong>(2Q)__Mac_htiltlis</strong></span> <span class='ocrx_word' id='word_1_259' title='bbox 543 1797 608 1835; x_wconf 64' lang='lat' dir='ltr'><strong>sive</strong></span> <span class='ocrx_word' id='word_1_260' title='bbox 618 1797 777 1835; x_wconf 54' lang='lat' dir='ltr'><strong>_¥1tlllllll_is,</strong></span> <span class='ocrx_word' id='word_1_261' title='bbox 795 1801 866 1835; x_wconf 37' lang='lat' dir='ltr'><strong>nata»</strong></span> <span class='ocrx_word' id='word_1_262' title='bbox 879 1801 955 1835; x_wconf 80' lang='lat' dir='ltr'><strong>patre</strong></span> <span class='ocrx_word' id='word_1_263' title='bbox 969 1797 1063 1835; x_wconf 61' lang='lat' dir='ltr'><strong>Eusta-</strong></span> 
     </span>
    </p>
   </div>
   <div class='ocr_carea' id='block_1_37' title="bbox 270 1829 1063 1866">
    <p class='ocr_par' dir='ltr' id='par_1_37' title="bbox 270 1829 1063 1866">
     <span class='ocr_line' id='line_1_37' title="bbox 270 1829 1063 1866; baseline 0.003 -9"><span class='ocrx_word' id='word_1_264' title='bbox 270 1829 333 1866; x_wconf 81' lang='lat' dir='ltr'><strong>chio</strong></span> <span class='ocrx_word' id='word_1_265' title='bbox 348 1829 379 1866; x_wconf 82' lang='lat' dir='ltr'><strong>ill</strong></span> <span class='ocrx_word' id='word_1_266' title='bbox 394 1835 421 1857; x_wconf 80' lang='lat' dir='ltr'><strong>et</strong></span> <span class='ocrx_word' id='word_1_267' title='bbox 436 1830 519 1857; x_wconf 85' lang='lat' dir='ltr'><strong>Maria</strong></span> <span class='ocrx_word' id='word_1_268' title='bbox 540 1832 594 1864; x_wconf 85' lang='lat' dir='ltr'><strong>tilia</strong></span> <span class='ocrx_word' id='word_1_269' title='bbox 617 1832 740 1860; x_wconf 79' lang='lat' dir='ltr'><strong>Malcomi</strong></span> <span class='ocrx_word' id='word_1_270' title='bbox 759 1832 830 1866; x_wconf 85' lang='lat' dir='ltr'><strong>regis</strong></span> <span class='ocrx_word' id='word_1_271' title='bbox 850 1829 959 1860; x_wconf 73' lang='lat' dir='ltr'><strong>Scotize.</strong></span> <span class='ocrx_word' id='word_1_272' title='bbox 974 1832 1063 1866; x_wconf 84' lang='lat' dir='ltr'><strong>Nupta</strong></span> 
     </span>
    </p>
   </div>
   <div class='ocr_carea' id='block_1_38' title="bbox 270 1864 1064 1902">
    <p class='ocr_par' dir='ltr' id='par_1_38' title="bbox 270 1864 1064 1902">
     <span class='ocr_line' id='line_1_38' title="bbox 270 1864 1064 1902; baseline 0.006 -12"><span class='ocrx_word' id='word_1_273' title='bbox 270 1872 302 1891; x_wconf 84' lang='lat' dir='ltr'><strong>ea</strong></span> <span class='ocrx_word' id='word_1_274' title='bbox 317 1864 367 1902; x_wconf 84' lang='lat' dir='ltr'><strong>fui_t</strong></span> <span class='ocrx_word' id='word_1_275' title='bbox 382 1866 521 1902; x_wconf 50' lang='lat' dir='ltr'><strong>Stephano</strong></span> <span class='ocrx_word' id='word_1_276' title='bbox 536 1868 628 1894; x_wconf 88' lang='lat' dir='ltr'><strong>comiti</strong></span> <span class='ocrx_word' id='word_1_277' title='bbox 644 1867 761 1895; x_wconf 85' lang='lat' dir='ltr'><strong>Bleseusi</strong></span> <span class='ocrx_word' id='word_1_278' title='bbox 774 1864 801 1893; x_wconf 75' lang='lat' dir='ltr'><strong>et</strong></span> <span class='ocrx_word' id='word_1_279' title='bbox 816 1867 962 1900; x_wconf 82' lang='lat' dir='ltr'><strong>Moritouii,</strong></span> <span class='ocrx_word' id='word_1_280' title='bbox 976 1872 1003 1895; x_wconf 91' lang='lat' dir='ltr'><strong>et</strong></span> <span class='ocrx_word' id='word_1_281' title='bbox 1014 1864 1064 1902; x_wconf 77' lang='lat' dir='ltr'><strong>per</strong></span> 
     </span>
    </p>
   </div>
   <div class='ocr_carea' id='block_1_39' title="bbox 270 1900 1064 1938">
    <p class='ocr_par' dir='ltr' id='par_1_39' title="bbox 270 1900 1064 1938">
     <span class='ocr_line' id='line_1_39' title="bbox 270 1900 1064 1938; baseline 0.005 -12"><span class='ocrx_word' id='word_1_282' title='bbox 270 1907 330 1927; x_wconf 88' lang='lat' dir='ltr'><strong>eam</strong></span> <span class='ocrx_word' id='word_1_283' title='bbox 347 1900 480 1938; x_wconf 64' lang='lat' dir='ltr'><strong>Dolopiae.</strong></span> <span class='ocrx_word' id='word_1_284' title='bbox 495 1910 547 1938; x_wconf 14' lang='lat' dir='ltr'><strong>nec?</strong></span> <span class='ocrx_word' id='word_1_285' title='bbox 559 1902 603 1930; x_wconf 88' lang='lat' dir='ltr'><strong>diu</strong></span> <span class='ocrx_word' id='word_1_286' title='bbox 627 1908 687 1938; x_wconf 84' lang='lat' dir='ltr'><strong>post</strong></span> <span class='ocrx_word' id='word_1_287' title='bbox 710 1903 736 1929; x_wconf 90' lang='lat' dir='ltr'><strong>in</strong></span> <span class='ocrx_word' id='word_1_288' title='bbox 759 1910 848 1937; x_wconf 83' lang='lat' dir='ltr'><strong>regem</strong></span> <span class='ocrx_word' id='word_1_289' title='bbox 872 1903 974 1938; x_wconf 64' lang='lat' dir='ltr'><strong>Anglia:</strong></span> <span class='ocrx_word' id='word_1_290' title='bbox 986 1900 1064 1930; x_wconf 81' lang='lat' dir='ltr'><strong>coro-</strong></span> 
     </span>
    </p>
   </div>
   <div class='ocr_carea' id='block_1_40' title="bbox 271 1935 1063 1972">
    <p class='ocr_par' dir='ltr' id='par_1_40' title="bbox 271 1935 1063 1972">
     <span class='ocr_line' id='line_1_40' title="bbox 271 1935 1063 1972; baseline 0.006 -12"><span class='ocrx_word' id='word_1_291' title='bbox 271 1940 356 1972; x_wconf 62' lang='lat' dir='ltr'><strong>nato,</strong></span> <span class='ocrx_word' id='word_1_292' title='bbox 369 1935 473 1972; x_wconf 76' lang='lat' dir='ltr'><strong>scilicet</strong></span> <span class='ocrx_word' id='word_1_293' title='bbox 498 1935 634 1964; x_wconf 67' lang='lat' dir='ltr'><strong>Kalendis</strong></span> <span class='ocrx_word' id='word_1_294' title='bbox 650 1937 771 1972; x_wconf 78' lang='lat' dir='ltr'><strong>Januarii</strong></span> <span class='ocrx_word' id='word_1_295' title='bbox 790 1935 853 1964; x_wconf 77' lang='lat' dir='ltr'><strong>anni</strong></span> <span class='ocrx_word' id='word_1_296' title='bbox 876 1935 962 1970; x_wconf 70' lang='lat'><strong>“36;</strong></span> <span class='ocrx_word' id='word_1_297' title='bbox 976 1942 1003 1965; x_wconf 86' lang='lat' dir='ltr'><strong>et</strong></span> <span class='ocrx_word' id='word_1_298' title='bbox 1017 1945 1063 1964; x_wconf 83' lang='lat' dir='ltr'><strong>su-</strong></span> 
     </span>
    </p>
   </div>
   <div class='ocr_carea' id='block_1_41' title="bbox 270 1969 1061 2008">
    <p class='ocr_par' dir='ltr' id='par_1_41' title="bbox 270 1969 1061 2008">
     <span class='ocr_line' id='line_1_41' title="bbox 270 1969 1061 2008; baseline 0.005 -13"><span class='ocrx_word' id='word_1_299' title='bbox 270 1969 369 2008; x_wconf 81' lang='lat' dir='ltr'><strong>perfuit</strong></span> <span class='ocrx_word' id='word_1_300' title='bbox 389 1970 532 2008; x_wconf 35' lang='lat' dir='ltr'><strong>‘Matliildis</strong></span> <span class='ocrx_word' id='word_1_301' title='bbox 562 1973 652 2007; x_wconf 76' lang='lat' dir='ltr'><strong>regina</strong></span> <span class='ocrx_word' id='word_1_302' title='bbox 679 1969 763 2008; x_wconf 79' lang='lat' dir='ltr'><strong>usque</strong></span> <span class='ocrx_word' id='word_1_303' title='bbox 786 1973 820 1999; x_wconf 85' lang='lat' dir='ltr'><strong>ad</strong></span> <span class='ocrx_word' id='word_1_304' title='bbox 844 1969 1061 2004; x_wconf 32' lang='lat' dir='ltr'><strong>anuum&#39;HSEt,</strong></span> 
     </span>
    </p>
   </div>
   <div class='ocr_carea' id='block_1_42' title="bbox 270 2004 1061 2043">
    <p class='ocr_par' dir='ltr' id='par_1_42' title="bbox 270 2004 1061 2043">
     <span class='ocr_line' id='line_1_42' title="bbox 270 2004 1061 2043; baseline 0.004 -12"><span class='ocrx_word' id='word_1_305' title='bbox 270 2004 375 2040; x_wconf 67' lang='lat' dir='ltr'><strong>sepulta</strong></span> <span class='ocrx_word' id='word_1_306' title='bbox 388 2005 415 2034; x_wconf 90' lang='lat' dir='ltr'><strong>in</strong></span> <span class='ocrx_word' id='word_1_307' title='bbox 430 2006 492 2033; x_wconf 83' lang='lat' dir='ltr'><strong>villa</strong></span> <span class='ocrx_word' id='word_1_308' title='bbox 509 2008 582 2043; x_wconf 74' lang='lat' dir='ltr'><strong>regia</strong></span> <span class='ocrx_word' id='word_1_309' title='bbox 592 2004 774 2040; x_wconf 37' lang='lat' dir='ltr'><strong>vFe&#39;rashe&#39;im,</strong></span> <span class='ocrx_word' id='word_1_310' title='bbox 791 2008 818 2035; x_wconf 92' lang='lat' dir='ltr'><strong>in</strong></span> <span class='ocrx_word' id='word_1_311' title='bbox 832 2016 882 2042; x_wconf 90' lang='lat' dir='ltr'><strong>qua</strong></span> <span class='ocrx_word' id='word_1_312' title='bbox 898 2013 1061 2036; x_wconf 90' lang='lat' dir='ltr'><strong>conventum</strong></span> 
     </span>
    </p>
   </div>
   <div class='ocr_carea' id='block_1_43' title="bbox 278 2095 1316 2108">
    <p class='ocr_par' dir='ltr' id='par_1_43' title="bbox 278 2095 1316 2108">
     <span class='ocr_line' id='line_1_43' title="bbox 278 2095 1316 2108; baseline -0.003 1"><span class='ocrx_word' id='word_1_313' title='bbox 278 2095 1316 2108; x_wconf 41' lang='grc' dir='ltr'><strong>*πῃπῇ-Ψ·-</strong></span> 
     </span>
    </p>
   </div>
   <div class='ocr_carea' id='block_1_44' title="bbox 1114 294 1887 330">
    <p class='ocr_par' dir='ltr' id='par_1_44' title="bbox 1114 294 1887 330">
     <span class='ocr_line' id='line_1_44' title="bbox 1114 294 1887 330; baseline 0.003 -9"><span class='ocrx_word' id='word_1_314' title='bbox 1114 294 1246 322; x_wconf 88' lang='lat' dir='ltr'><strong>liberatur</strong></span> <span class='ocrx_word' id='word_1_315' title='bbox 1267 294 1376 329; x_wconf 74' lang='lat' dir='ltr'><strong>(Matth.</strong></span> <span class='ocrx_word' id='word_1_316' title='bbox 1402 303 1440 327; x_wconf 76' lang='lat' dir='ltr'><strong>xi,</strong></span> <span class='ocrx_word' id='word_1_317' title='bbox 1464 295 1504 328; x_wconf 84' lang='lat'><strong>5).</strong></span> <span class='ocrx_word' id='word_1_318' title='bbox 1531 294 1616 321; x_wconf 81' lang='lat' dir='ltr'><strong>Facto</strong></span> <span class='ocrx_word' id='word_1_319' title='bbox 1638 299 1730 321; x_wconf 88' lang='lat' dir='ltr'><strong>autem</strong></span> <span class='ocrx_word' id='word_1_320' title='bbox 1747 301 1836 326; x_wconf 84' lang='lat' dir='ltr'><strong>mane,</strong></span> <span class='ocrx_word' id='word_1_321' title='bbox 1851 304 1887 330; x_wconf 83' lang='lat' dir='ltr'><strong>pm</strong></span> 
     </span>
    </p>
   </div>
   <div class='ocr_carea' id='block_1_45' title="bbox 1114 340 1887 375">
    <p class='ocr_par' dir='ltr' id='par_1_45' title="bbox 1114 340 1887 375">
     <span class='ocr_line' id='line_1_45' title="bbox 1114 340 1887 375; baseline 0 -8"><span class='ocrx_word' id='word_1_322' title='bbox 1114 341 1206 368; x_wconf 88' lang='lat' dir='ltr'><strong>audito</strong></span> <span class='ocrx_word' id='word_1_323' title='bbox 1218 341 1364 375; x_wconf 88' lang='lat' dir='ltr'><strong>miraculo,</strong></span> <span class='ocrx_word' id='word_1_324' title='bbox 1381 349 1433 368; x_wconf 94' lang='lat' dir='ltr'><strong>non</strong></span> <span class='ocrx_word' id='word_1_325' title='bbox 1456 340 1543 368; x_wconf 88' lang='lat' dir='ltr'><strong>solum</strong></span> <span class='ocrx_word' id='word_1_326' title='bbox 1559 344 1700 375; x_wconf 86' lang='lat' dir='ltr'><strong>parentes,</strong></span> <span class='ocrx_word' id='word_1_327' title='bbox 1718 346 1809 366; x_wconf 86' lang='lat' dir='ltr'><strong>verum</strong></span> <span class='ocrx_word' id='word_1_328' title='bbox 1822 340 1887 368; x_wconf 87' lang='lat' dir='ltr'><strong>etiam</strong></span> 
     </span>
    </p>
   </div>
   <div class='ocr_carea' id='block_1_46' title="bbox 1113 383 1889 418">
    <p class='ocr_par' dir='ltr' id='par_1_46' title="bbox 1113 383 1889 418">
     <span class='ocr_line' id='line_1_46' title="bbox 1113 383 1889 418; baseline -0.001 -4"><span class='ocrx_word' id='word_1_329' title='bbox 1113 386 1208 414; x_wconf 76' lang='lat' dir='ltr'><strong>vicina:</strong></span> <span class='ocrx_word' id='word_1_330' title='bbox 1228 386 1366 414; x_wconf 87' lang='lat' dir='ltr'><strong>allinilatis</strong></span> <span class='ocrx_word' id='word_1_331' title='bbox 1387 386 1479 418; x_wconf 90' lang='lat' dir='ltr'><strong>multi,</strong></span> <span class='ocrx_word' id='word_1_332' title='bbox 1504 393 1564 414; x_wconf 91' lang='lat' dir='ltr'><strong>cum</strong></span> <span class='ocrx_word' id='word_1_333' title='bbox 1580 383 1762 413; x_wconf 85' lang='lat' dir='ltr'><strong>oblationibus</strong></span> <span class='ocrx_word' id='word_1_334' title='bbox 1776 383 1860 412; x_wconf 77' lang='lat' dir='ltr'><strong>laudes</strong></span> <span class='ocrx_word' id='word_1_335' title='bbox 1869 390 1889 413; x_wconf 86' lang='lat' dir='ltr'><strong>et</strong></span> 
     </span>
    </p>
   </div>
   <div class='ocr_carea' id='block_1_47' title="bbox 1114 429 1888 467">
    <p class='ocr_par' dir='ltr' id='par_1_47' title="bbox 1114 429 1888 467">
     <span class='ocr_line' id='line_1_47' title="bbox 1114 429 1888 467; baseline -0.001 -8"><span class='ocrx_word' id='word_1_336' title='bbox 1114 432 1216 467; x_wconf 80' lang='lat' dir='ltr'><strong>gratias</strong></span> <span class='ocrx_word' id='word_1_337' title='bbox 1230 432 1285 459; x_wconf 93' lang='lat' dir='ltr'><strong>Deo</strong></span> <span class='ocrx_word' id='word_1_338' title='bbox 1306 437 1334 459; x_wconf 88' lang='lat' dir='ltr'><strong>et</strong></span> <span class='ocrx_word' id='word_1_339' title='bbox 1356 432 1385 459; x_wconf 90' lang='lat' dir='ltr'><strong>S.</strong></span> <span class='ocrx_word' id='word_1_340' title='bbox 1411 431 1464 459; x_wconf 72' lang='lat' dir='ltr'><strong>Idae</strong></span> <span class='ocrx_word' id='word_1_341' title='bbox 1477 430 1645 467; x_wconf 74' lang='lat' dir='ltr'><strong>gratulantes</strong></span> <span class='ocrx_word' id='word_1_342' title='bbox 1660 429 1828 463; x_wconf 85' lang='lat' dir='ltr'><strong>obtulerunt,</strong></span> <span class='ocrx_word' id='word_1_343' title='bbox 1842 438 1888 466; x_wconf 80' lang='lat' dir='ltr'><strong>gau-</strong></span> 
     </span>
    </p>
   </div>
   <div class='ocr_carea' id='block_1_48' title="bbox 1114 479 1455 513">
    <p class='ocr_par' dir='ltr' id='par_1_48' title="bbox 1114 479 1455 513">
     <span class='ocr_line' id='line_1_48' title="bbox 1114 479 1455 513; baseline -0.003 -7"><span class='ocrx_word' id='word_1_344' title='bbox 1114 479 1263 513; x_wconf 86' lang='lat' dir='ltr'><strong>dentesque</strong></span> <span class='ocrx_word' id='word_1_345' title='bbox 1275 482 1455 505; x_wconf 87' lang='lat' dir='ltr'><strong>recesserunt.</strong></span> 
     </span>
    </p>
   </div>
   <div class='ocr_carea' id='block_1_49' title="bbox 1151 522 1889 560">
    <p class='ocr_par' dir='ltr' id='par_1_49' title="bbox 1151 522 1889 560">
     <span class='ocr_line' id='line_1_49' title="bbox 1151 522 1889 560; baseline -0.003 -8"><span class='ocrx_word' id='word_1_346' title='bbox 1151 525 1194 552; x_wconf 85' lang='grc'><strong>17.</strong></span> <span class='ocrx_word' id='word_1_347' title='bbox 1215 524 1297 552; x_wconf 83' lang='lat' dir='ltr'><strong>Beata</strong></span> <span class='ocrx_word' id='word_1_348' title='bbox 1313 525 1404 560; x_wconf 83' lang='lat' dir='ltr'><strong>itaque</strong></span> <span class='ocrx_word' id='word_1_349' title='bbox 1420 524 1464 551; x_wconf 88' lang='lat' dir='ltr'><strong>lda</strong></span> <span class='ocrx_word' id='word_1_350' title='bbox 1477 523 1648 551; x_wconf 87' lang='lat' dir='ltr'><strong>dilectionem</strong></span> <span class='ocrx_word' id='word_1_351' title='bbox 1666 522 1714 550; x_wconf 88' lang='lat' dir='ltr'><strong>Dei</strong></span> <span class='ocrx_word' id='word_1_352' title='bbox 1727 542 1735 555; x_wconf 90' lang='lat'><strong>,</strong></span> <span class='ocrx_word' id='word_1_353' title='bbox 1749 529 1808 557; x_wconf 68' lang='lat' dir='ltr'><strong>qua:</strong></span> <span class='ocrx_word' id='word_1_354' title='bbox 1820 522 1889 556; x_wconf 79' lang='lat' dir='ltr'><strong>prima</strong></span> 
     </span>
    </p>
   </div>
   <div class='ocr_carea' id='block_1_50' title="bbox 1115 566 1889 604">
    <p class='ocr_par' dir='ltr' id='par_1_50' title="bbox 1115 566 1889 604">
     <span class='ocr_line' id='line_1_50' title="bbox 1115 566 1889 604; baseline -0.004 -8"><span class='ocrx_word' id='word_1_355' title='bbox 1115 574 1171 602; x_wconf 81' lang='lat' dir='ltr'><strong>est,</strong></span> <span class='ocrx_word' id='word_1_356' title='bbox 1194 574 1222 596; x_wconf 89' lang='lat' dir='ltr'><strong>et</strong></span> <span class='ocrx_word' id='word_1_357' title='bbox 1240 570 1355 604; x_wconf 64' lang='lat' dir='ltr'><strong>proximi</strong></span> <span class='ocrx_word' id='word_1_358' title='bbox 1372 573 1486 604; x_wconf 73' lang='lat' dir='ltr'><strong>generat</strong></span> <span class='ocrx_word' id='word_1_359' title='bbox 1505 575 1642 599; x_wconf 88' lang='lat' dir='ltr'><strong>amorem,</strong></span> <span class='ocrx_word' id='word_1_360' title='bbox 1655 575 1736 602; x_wconf 81' lang='lat' dir='ltr'><strong>quant</strong></span> <span class='ocrx_word' id='word_1_361' title='bbox 1753 566 1842 594; x_wconf 84' lang='lat' dir='ltr'><strong>vivens</strong></span> <span class='ocrx_word' id='word_1_362' title='bbox 1852 567 1889 594; x_wconf 78' lang='lat' dir='ltr'><strong>ha-</strong></span> 
     </span>
    </p>
   </div>
   <div class='ocr_carea' id='block_1_51' title="bbox 1115 612 1891 650">
    <p class='ocr_par' dir='ltr' id='par_1_51' title="bbox 1115 612 1891 650">
     <span class='ocr_line' id='line_1_51' title="bbox 1115 612 1891 650; baseline -0.001 -8"><span class='ocrx_word' id='word_1_363' title='bbox 1115 615 1205 642; x_wconf 91' lang='lat' dir='ltr'><strong>buisse</strong></span> <span class='ocrx_word' id='word_1_364' title='bbox 1220 615 1387 650; x_wconf 85' lang='lat' dir='ltr'><strong>dignoscitur</strong></span> <span class='ocrx_word' id='word_1_365' title='bbox 1402 636 1409 648; x_wconf 90' lang='lat'><strong>,</strong></span> <span class='ocrx_word' id='word_1_366' title='bbox 1423 619 1485 650; x_wconf 90' lang='lat' dir='ltr'><strong>post</strong></span> <span class='ocrx_word' id='word_1_367' title='bbox 1497 618 1611 641; x_wconf 87' lang='lat' dir='ltr'><strong>mortem</strong></span> <span class='ocrx_word' id='word_1_368' title='bbox 1623 613 1705 641; x_wconf 88' lang='lat' dir='ltr'><strong>etiam</strong></span> <span class='ocrx_word' id='word_1_369' title='bbox 1717 620 1770 639; x_wconf 91' lang='lat' dir='ltr'><strong>non</strong></span> <span class='ocrx_word' id='word_1_370' title='bbox 1781 612 1891 641; x_wconf 86' lang='lat' dir='ltr'><strong>deseruit.</strong></span> 
     </span>
    </p>
   </div>
   <div class='ocr_carea' id='block_1_52' title="bbox 1115 658 1891 696">
    <p class='ocr_par' dir='ltr' id='par_1_52' title="bbox 1115 658 1891 696">
     <span class='ocr_line' id='line_1_52' title="bbox 1115 658 1891 696; baseline -0.003 -9"><span class='ocrx_word' id='word_1_371' title='bbox 1115 660 1171 688; x_wconf 87' lang='lat' dir='ltr'><strong>llac</strong></span> <span class='ocrx_word' id='word_1_372' title='bbox 1183 660 1265 696; x_wconf 83' lang='lat' dir='ltr'><strong>igitur</strong></span> <span class='ocrx_word' id='word_1_373' title='bbox 1280 661 1426 688; x_wconf 88' lang='lat' dir='ltr'><strong>dilectione</strong></span> <span class='ocrx_word' id='word_1_374' title='bbox 1447 661 1628 696; x_wconf 90' lang='lat' dir='ltr'><strong>propinquos,</strong></span> <span class='ocrx_word' id='word_1_375' title='bbox 1648 666 1699 686; x_wconf 89' lang='lat' dir='ltr'><strong>nec</strong></span> <span class='ocrx_word' id='word_1_376' title='bbox 1722 666 1775 685; x_wconf 87' lang='lat' dir='ltr'><strong>non</strong></span> <span class='ocrx_word' id='word_1_377' title='bbox 1799 658 1891 685; x_wconf 80' lang='lat' dir='ltr'><strong>natione</strong></span> 
     </span>
    </p>
   </div>
   <div class='ocr_carea' id='block_1_53' title="bbox 1115 703 1890 743">
    <p class='ocr_par' dir='ltr' id='par_1_53' title="bbox 1115 703 1890 743">
     <span class='ocr_line' id='line_1_53' title="bbox 1115 703 1890 743; baseline -0.006 -9"><span class='ocrx_word' id='word_1_378' title='bbox 1115 707 1276 743; x_wconf 85' lang='lat' dir='ltr'><strong>longinquos</strong></span> <span class='ocrx_word' id='word_1_379' title='bbox 1289 706 1450 738; x_wconf 86' lang='lat' dir='ltr'><strong>nonnullos,</strong></span> <span class='ocrx_word' id='word_1_380' title='bbox 1464 714 1575 733; x_wconf 86' lang='lat' dir='ltr'><strong>sanasse</strong></span> <span class='ocrx_word' id='word_1_381' title='bbox 1591 713 1606 732; x_wconf 86' lang='lat' dir='ltr'><strong>a</strong></span> <span class='ocrx_word' id='word_1_382' title='bbox 1626 705 1711 732; x_wconf 87' lang='lat' dir='ltr'><strong>variis</strong></span> <span class='ocrx_word' id='word_1_383' title='bbox 1732 703 1890 739; x_wconf 73' lang='lat' dir='ltr'><strong>languoribus</strong></span> 
     </span>
    </p>
   </div>
   <div class='ocr_carea' id='block_1_54' title="bbox 1116 748 1892 788">
    <p class='ocr_par' dir='ltr' id='par_1_54' title="bbox 1116 748 1892 788">
     <span class='ocr_line' id='line_1_54' title="bbox 1116 748 1892 788; baseline -0.006 -8"><span class='ocrx_word' id='word_1_384' title='bbox 1116 754 1254 787; x_wconf 86' lang='lat' dir='ltr'><strong>probatur.</strong></span> <span class='ocrx_word' id='word_1_385' title='bbox 1270 752 1390 788; x_wconf 80' lang='lat' dir='ltr'><strong>Contigit</strong></span> <span class='ocrx_word' id='word_1_386' title='bbox 1409 756 1498 779; x_wconf 89' lang='lat' dir='ltr'><strong>autem</strong></span> <span class='ocrx_word' id='word_1_387' title='bbox 1521 751 1593 786; x_wconf 88' lang='lat' dir='ltr'><strong>quod</strong></span> <span class='ocrx_word' id='word_1_388' title='bbox 1616 749 1740 785; x_wconf 84' lang='lat' dir='ltr'><strong>improba</strong></span> <span class='ocrx_word' id='word_1_389' title='bbox 1764 753 1791 775; x_wconf 91' lang='lat' dir='ltr'><strong>et</strong></span> <span class='ocrx_word' id='word_1_390' title='bbox 1810 748 1892 776; x_wconf 82' lang='lat' dir='ltr'><strong>misera</strong></span> 
     </span>
    </p>
   </div>
   <div class='ocr_carea' id='block_1_55' title="bbox 1116 794 1894 830">
    <p class='ocr_par' dir='ltr' id='par_1_55' title="bbox 1116 794 1894 830">
     <span class='ocr_line' id='line_1_55' title="bbox 1116 794 1894 830; baseline -0.008 -4"><span class='ocrx_word' id='word_1_391' title='bbox 1116 798 1260 826; x_wconf 85' lang='lat' dir='ltr'><strong>infirmitas</strong></span> <span class='ocrx_word' id='word_1_392' title='bbox 1272 798 1403 830; x_wconf 85' lang='lat' dir='ltr'><strong>febrium,</strong></span> <span class='ocrx_word' id='word_1_393' title='bbox 1420 797 1467 825; x_wconf 86' lang='lat' dir='ltr'><strong>lilii</strong></span> <span class='ocrx_word' id='word_1_394' title='bbox 1483 797 1524 825; x_wconf 91' lang='lat' dir='ltr'><strong>sui</strong></span> <span class='ocrx_word' id='word_1_395' title='bbox 1541 797 1625 824; x_wconf 86' lang='lat' dir='ltr'><strong>filiam</strong></span> <span class='ocrx_word' id='word_1_396' title='bbox 1635 816 1643 827; x_wconf 84' lang='lat'><strong>.</strong></span> <span class='ocrx_word' id='word_1_397' title='bbox 1657 795 1777 823; x_wconf 76' lang='lat' dir='ltr'><strong>Bolonize</strong></span> <span class='ocrx_word' id='word_1_398' title='bbox 1788 794 1894 821; x_wconf 88' lang='lat' dir='ltr'><strong>comitis-</strong></span> 
     </span>
    </p>
   </div>
   <div class='ocr_carea' id='block_1_56' title="bbox 1116 840 1893 879">
    <p class='ocr_par' dir='ltr' id='par_1_56' title="bbox 1116 840 1893 879">
     <span class='ocr_line' id='line_1_56' title="bbox 1116 840 1893 879; baseline -0.006 -8"><span class='ocrx_word' id='word_1_399' title='bbox 1116 853 1185 878; x_wconf 85' lang='lat' dir='ltr'><strong>sam,</strong></span> <span class='ocrx_word' id='word_1_400' title='bbox 1203 845 1310 871; x_wconf 88' lang='lat' dir='ltr'><strong>nomine</strong></span> <span class='ocrx_word' id='word_1_401' title='bbox 1324 843 1496 871; x_wconf 86' lang='lat' dir='ltr'><strong>Machtildem</strong></span> <span class='ocrx_word' id='word_1_402' title='bbox 1507 843 1577 879; x_wconf 75' lang='lat'><strong>(29),</strong></span> <span class='ocrx_word' id='word_1_403' title='bbox 1589 842 1691 870; x_wconf 82' lang='lat' dir='ltr'><strong>acriter</strong></span> <span class='ocrx_word' id='word_1_404' title='bbox 1704 840 1818 875; x_wconf 84' lang='lat' dir='ltr'><strong>arripuit</strong></span> <span class='ocrx_word' id='word_1_405' title='bbox 1830 847 1837 866; x_wconf 93' lang='lat'>:</span> <span class='ocrx_word' id='word_1_406' title='bbox 1850 840 1893 867; x_wconf 77' lang='lat' dir='ltr'><strong>ista</strong></span> 
     </span>
    </p>
   </div>
   <div class='ocr_carea' id='block_1_57' title="bbox 1117 886 1893 925">
    <p class='ocr_par' dir='ltr' id='par_1_57' title="bbox 1117 886 1893 925">
     <span class='ocr_line' id='line_1_57' title="bbox 1117 886 1893 925; baseline -0.006 -7"><span class='ocrx_word' id='word_1_407' title='bbox 1117 899 1180 918; x_wconf 88' lang='lat' dir='ltr'><strong>vero</strong></span> <span class='ocrx_word' id='word_1_408' title='bbox 1194 898 1246 918; x_wconf 93' lang='lat' dir='ltr'><strong>non</strong></span> <span class='ocrx_word' id='word_1_409' title='bbox 1260 890 1394 918; x_wconf 90' lang='lat' dir='ltr'><strong>modicum</strong></span> <span class='ocrx_word' id='word_1_410' title='bbox 1415 897 1463 925; x_wconf 89' lang='lat' dir='ltr'><strong>per</strong></span> <span class='ocrx_word' id='word_1_411' title='bbox 1484 894 1589 924; x_wconf 84' lang='lat' dir='ltr'><strong>tempus</strong></span> <span class='ocrx_word' id='word_1_412' title='bbox 1600 888 1693 915; x_wconf 89' lang='lat' dir='ltr'><strong>nimiis</strong></span> <span class='ocrx_word' id='word_1_413' title='bbox 1704 887 1798 915; x_wconf 85' lang='lat' dir='ltr'><strong>attrita</strong></span> <span class='ocrx_word' id='word_1_414' title='bbox 1808 886 1893 914; x_wconf 82' lang='lat' dir='ltr'><strong>dolori-</strong></span> 
     </span>
    </p>
   </div>
   <div class='ocr_carea' id='block_1_58' title="bbox 1115 933 1894 971">
    <p class='ocr_par' dir='ltr' id='par_1_58' title="bbox 1115 933 1894 971">
     <span class='ocr_line' id='line_1_58' title="bbox 1115 933 1894 971; baseline -0.005 -7"><span class='ocrx_word' id='word_1_415' title='bbox 1115 938 1176 969; x_wconf 88' lang='lat' dir='ltr'><strong>bus,</strong></span> <span class='ocrx_word' id='word_1_416' title='bbox 1194 938 1300 964; x_wconf 86' lang='lat' dir='ltr'><strong>tandem</strong></span> <span class='ocrx_word' id='word_1_417' title='bbox 1319 935 1461 964; x_wconf 87' lang='lat' dir='ltr'><strong>conlidens</strong></span> <span class='ocrx_word' id='word_1_418' title='bbox 1473 940 1554 971; x_wconf 89' lang='lat' dir='ltr'><strong>atque</strong></span> <span class='ocrx_word' id='word_1_419' title='bbox 1578 942 1746 971; x_wconf 73' lang='lat' dir='ltr'><strong>praesumens</strong></span> <span class='ocrx_word' id='word_1_420' title='bbox 1758 934 1791 961; x_wconf 90' lang='lat' dir='ltr'><strong>de</strong></span> <span class='ocrx_word' id='word_1_421' title='bbox 1807 933 1894 961; x_wconf 72' lang='lat' dir='ltr'><strong>beatis~</strong></span> 
     </span>
    </p>
   </div>
   <div class='ocr_carea' id='block_1_59' title="bbox 1115 979 1895 1016">
    <p class='ocr_par' dir='ltr' id='par_1_59' title="bbox 1115 979 1895 1016">
     <span class='ocr_line' id='line_1_59' title="bbox 1115 979 1895 1016; baseline -0.005 -7"><span class='ocrx_word' id='word_1_422' title='bbox 1115 982 1192 1009; x_wconf 66' lang='lat' dir='ltr'><strong>simae</strong></span> <span class='ocrx_word' id='word_1_423' title='bbox 1208 982 1259 1009; x_wconf 64' lang='lat' dir='ltr'><strong>Ida:</strong></span> <span class='ocrx_word' id='word_1_424' title='bbox 1273 981 1432 1014; x_wconf 81' lang='lat' dir='ltr'><strong>sanctitate,</strong></span> <span class='ocrx_word' id='word_1_425' title='bbox 1449 980 1530 1008; x_wconf 89' lang='lat' dir='ltr'><strong>simul</strong></span> <span class='ocrx_word' id='word_1_426' title='bbox 1553 986 1581 1008; x_wconf 89' lang='lat' dir='ltr'><strong>et</strong></span> <span class='ocrx_word' id='word_1_427' title='bbox 1605 980 1664 1016; x_wconf 82' lang='lat' dir='ltr'><strong>ejus</strong></span> <span class='ocrx_word' id='word_1_428' title='bbox 1682 987 1716 1007; x_wconf 72' lang='lat' dir='ltr'><strong>ex</strong></span> <span class='ocrx_word' id='word_1_429' title='bbox 1730 987 1783 1014; x_wconf 90' lang='lat' dir='ltr'><strong>qua</strong></span> <span class='ocrx_word' id='word_1_430' title='bbox 1799 979 1895 1006; x_wconf 84' lang='lat' dir='ltr'><strong>descen-</strong></span> 
     </span>
    </p>
   </div>
   <div class='ocr_carea' id='block_1_60' title="bbox 1115 1024 1895 1064">
    <p class='ocr_par' dir='ltr' id='par_1_60' title="bbox 1115 1024 1895 1064">
     <span class='ocr_line' id='line_1_60' title="bbox 1115 1024 1895 1064; baseline -0.001 -11"><span class='ocrx_word' id='word_1_431' title='bbox 1115 1027 1193 1055; x_wconf 87' lang='lat' dir='ltr'><strong>derat</strong></span> <span class='ocrx_word' id='word_1_432' title='bbox 1205 1027 1440 1061; x_wconf 85' lang='lat' dir='ltr'><strong>consauguinitate</strong></span> <span class='ocrx_word' id='word_1_433' title='bbox 1448 1046 1456 1060; x_wconf 92' lang='lat'><strong>,</strong></span> <span class='ocrx_word' id='word_1_434' title='bbox 1472 1025 1593 1054; x_wconf 87' lang='lat' dir='ltr'><strong>sananda</strong></span> <span class='ocrx_word' id='word_1_435' title='bbox 1616 1024 1743 1060; x_wconf 84' lang='lat' dir='ltr'><strong>sepulcro</strong></span> <span class='ocrx_word' id='word_1_436' title='bbox 1750 1024 1895 1064; x_wconf 71' lang='lat' dir='ltr'><strong>venerando</strong></span> 
     </span>
    </p>
   </div>
   <div class='ocr_carea' id='block_1_61' title="bbox 1115 1070 1895 1108">
    <p class='ocr_par' dir='ltr' id='par_1_61' title="bbox 1115 1070 1895 1108">
     <span class='ocr_line' id='line_1_61' title="bbox 1115 1070 1895 1108; baseline -0.005 -7"><span class='ocrx_word' id='word_1_437' title='bbox 1115 1082 1177 1101; x_wconf 90' lang='lat' dir='ltr'><strong>cum</strong></span> <span class='ocrx_word' id='word_1_438' title='bbox 1200 1073 1291 1101; x_wconf 89' lang='lat' dir='ltr'><strong>multis</strong></span> <span class='ocrx_word' id='word_1_439' title='bbox 1315 1081 1344 1101; x_wconf 85' lang='lat' dir='ltr'><strong>se</strong></span> <span class='ocrx_word' id='word_1_440' title='bbox 1369 1073 1564 1108; x_wconf 64' lang='lat' dir='ltr'><strong>prtcsentavit:</strong></span> <span class='ocrx_word' id='word_1_441' title='bbox 1586 1080 1657 1107; x_wconf 68' lang='lat' dir='ltr'><strong>quae,</strong></span> <span class='ocrx_word' id='word_1_442' title='bbox 1678 1072 1743 1099; x_wconf 91' lang='lat' dir='ltr'><strong>dum</strong></span> <span class='ocrx_word' id='word_1_443' title='bbox 1759 1070 1856 1098; x_wconf 90' lang='lat' dir='ltr'><strong>devotis</strong></span> <span class='ocrx_word' id='word_1_444' title='bbox 1873 1075 1895 1098; x_wconf 85' lang='lat' dir='ltr'><strong>et</strong></span> 
     </span>
    </p>
   </div>
   <div class='ocr_carea' id='block_1_62' title="bbox 1116 1115 1895 1155">
    <p class='ocr_par' dir='ltr' id='par_1_62' title="bbox 1116 1115 1895 1155">
     <span class='ocr_line' id='line_1_62' title="bbox 1116 1115 1895 1155; baseline -0.008 -8"><span class='ocrx_word' id='word_1_445' title='bbox 1116 1119 1302 1155; x_wconf 85' lang='lat' dir='ltr'><strong>multiplicatis</strong></span> <span class='ocrx_word' id='word_1_446' title='bbox 1319 1118 1446 1154; x_wconf 83' lang='lat' dir='ltr'><strong>precibus</strong></span> <span class='ocrx_word' id='word_1_447' title='bbox 1468 1117 1634 1146; x_wconf 56' lang='lat' dir='ltr'><strong>beatissima;</strong></span> <span class='ocrx_word' id='word_1_448' title='bbox 1654 1116 1755 1144; x_wconf 87' lang='lat' dir='ltr'><strong>merita</strong></span> <span class='ocrx_word' id='word_1_449' title='bbox 1777 1115 1895 1150; x_wconf 85' lang='lat' dir='ltr'><strong>postulas-</strong></span> 
     </span>
    </p>
   </div>
   <div class='ocr_carea' id='block_1_63' title="bbox 1116 1161 1896 1199">
    <p class='ocr_par' dir='ltr' id='par_1_63' title="bbox 1116 1161 1896 1199">
     <span class='ocr_line' id='line_1_63' title="bbox 1116 1161 1896 1199; baseline -0.008 -7"><span class='ocrx_word' id='word_1_450' title='bbox 1116 1170 1157 1193; x_wconf 91' lang='lat' dir='ltr'><strong>set</strong></span> <span class='ocrx_word' id='word_1_451' title='bbox 1169 1186 1176 1198; x_wconf 95' lang='lat'><strong>,</strong></span> <span class='ocrx_word' id='word_1_452' title='bbox 1190 1169 1251 1199; x_wconf 87' lang='lat' dir='ltr'><strong>post</strong></span> <span class='ocrx_word' id='word_1_453' title='bbox 1263 1164 1460 1198; x_wconf 87' lang='lat' dir='ltr'><strong>aliquantulum</strong></span> <span class='ocrx_word' id='word_1_454' title='bbox 1482 1171 1566 1191; x_wconf 71' lang='lat' dir='ltr'><strong>mora:</strong></span> <span class='ocrx_word' id='word_1_455' title='bbox 1579 1170 1644 1191; x_wconf 87' lang='lat' dir='ltr'><strong>sana</strong></span> <span class='ocrx_word' id='word_1_456' title='bbox 1664 1166 1693 1190; x_wconf 89' lang='lat' dir='ltr'><strong>et.</strong></span> <span class='ocrx_word' id='word_1_457' title='bbox 1710 1161 1848 1188; x_wconf 89' lang='lat' dir='ltr'><strong>incolumis</strong></span> <span class='ocrx_word' id='word_1_458' title='bbox 1862 1168 1896 1187; x_wconf 86' lang='lat' dir='ltr'><strong>re-</strong></span> 
     </span>
    </p>
   </div>
   <div class='ocr_carea' id='block_1_64' title="bbox 1116 1206 1893 1245">
    <p class='ocr_par' dir='ltr' id='par_1_64' title="bbox 1116 1206 1893 1245">
     <span class='ocr_line' id='line_1_64' title="bbox 1116 1206 1893 1245; baseline -0.01 -6"><span class='ocrx_word' id='word_1_459' title='bbox 1116 1213 1210 1240; x_wconf 85' lang='lat' dir='ltr'><strong>cessit.</strong></span> <span class='ocrx_word' id='word_1_460' title='bbox 1224 1211 1269 1239; x_wconf 86' lang='lat' dir='ltr'><strong>Sic</strong></span> <span class='ocrx_word' id='word_1_461' title='bbox 1285 1212 1387 1245; x_wconf 86' lang='lat' dir='ltr'><strong>utique,</strong></span> <span class='ocrx_word' id='word_1_462' title='bbox 1404 1210 1572 1243; x_wconf 82' lang='lat' dir='ltr'><strong>mandatum,</strong></span> <span class='ocrx_word' id='word_1_463' title='bbox 1587 1208 1699 1244; x_wconf 89' lang='lat' dir='ltr'><strong>quodin</strong></span> <span class='ocrx_word' id='word_1_464' title='bbox 1716 1208 1775 1243; x_wconf 86' lang='lat' dir='ltr'><strong>lege</strong></span> <span class='ocrx_word' id='word_1_465' title='bbox 1789 1206 1893 1233; x_wconf 86' lang='lat' dir='ltr'><strong>amicum</strong></span> 
     </span>
    </p>
   </div>
   <div class='ocr_carea' id='block_1_65' title="bbox 1116 1249 1895 1291">
    <p class='ocr_par' dir='ltr' id='par_1_65' title="bbox 1116 1249 1895 1291">
     <span class='ocr_line' id='line_1_65' title="bbox 1116 1249 1895 1291; baseline -0.006 -9"><span class='ocrx_word' id='word_1_466' title='bbox 1116 1256 1228 1290; x_wconf 80' lang='lat' dir='ltr'><strong>diligere</strong></span> <span class='ocrx_word' id='word_1_467' title='bbox 1253 1255 1375 1291; x_wconf 57' lang='lat' dir='ltr'><strong>praecipit</strong></span> <span class='ocrx_word' id='word_1_468' title='bbox 1398 1254 1472 1290; x_wconf 81' lang='lat' dir='ltr'><strong>(Leu.</strong></span> <span class='ocrx_word' id='word_1_469' title='bbox 1502 1261 1568 1286; x_wconf 76' lang='lat' dir='ltr'><strong>xu,</strong></span> <span class='ocrx_word' id='word_1_470' title='bbox 1593 1252 1657 1288; x_wconf 76' lang='lat' dir='ltr'><strong>l3),</strong></span> <span class='ocrx_word' id='word_1_471' title='bbox 1674 1251 1835 1280; x_wconf 80' lang='lat' dir='ltr'><strong>venerabilis</strong></span> <span class='ocrx_word' id='word_1_472' title='bbox 1858 1249 1895 1277; x_wconf 81' lang='lat' dir='ltr'><strong>Dei</strong></span> 
     </span>
    </p>
   </div>
   <div class='ocr_carea' id='block_1_66' title="bbox 1116 1297 1895 1336">
    <p class='ocr_par' dir='ltr' id='par_1_66' title="bbox 1116 1297 1895 1336">
     <span class='ocr_line' id='line_1_66' title="bbox 1116 1297 1895 1336; baseline -0.006 -7"><span class='ocrx_word' id='word_1_473' title='bbox 1116 1302 1216 1329; x_wconf 85' lang='lat' dir='ltr'><strong>famula</strong></span> <span class='ocrx_word' id='word_1_474' title='bbox 1233 1302 1353 1336; x_wconf 87' lang='lat' dir='ltr'><strong>implevit</strong></span> <span class='ocrx_word' id='word_1_475' title='bbox 1374 1301 1430 1329; x_wconf 90' lang='lat' dir='ltr'><strong>Ida.</strong></span> <span class='ocrx_word' id='word_1_476' title='bbox 1443 1300 1509 1328; x_wconf 89' lang='lat' dir='ltr'><strong>lllud</strong></span> <span class='ocrx_word' id='word_1_477' title='bbox 1525 1306 1616 1328; x_wconf 90' lang='lat' dir='ltr'><strong>autem</strong></span> <span class='ocrx_word' id='word_1_478' title='bbox 1629 1299 1778 1334; x_wconf 58' lang='lat' dir='ltr'><strong>Sapientia</strong></span> <span class='ocrx_word' id='word_1_479' title='bbox 1798 1306 1848 1333; x_wconf 91' lang='lat' dir='ltr'><strong>quo</strong></span> <span class='ocrx_word' id='word_1_480' title='bbox 1861 1297 1895 1324; x_wconf 89' lang='lat' dir='ltr'><strong>di-</strong></span> 
     </span>
    </p>
   </div>
   <div class='ocr_carea' id='block_1_67' title="bbox 1116 1341 1895 1381">
    <p class='ocr_par' dir='ltr' id='par_1_67' title="bbox 1116 1341 1895 1381">
     <span class='ocr_line' id='line_1_67' title="bbox 1116 1341 1895 1381; baseline -0.006 -6"><span class='ocrx_word' id='word_1_481' title='bbox 1116 1347 1187 1375; x_wconf 89' lang='lat' dir='ltr'><strong>citur</strong></span> <span class='ocrx_word' id='word_1_482' title='bbox 1211 1355 1218 1374; x_wconf 87' lang='lat'><strong>:</strong></span> <span class='ocrx_word' id='word_1_483' title='bbox 1244 1346 1300 1381; x_wconf 85' lang='lat' dir='ltr'><strong>Ego</strong></span> <span class='ocrx_word' id='word_1_484' title='bbox 1323 1347 1459 1381; x_wconf 73' lang='lat' dir='ltr'><strong>diligentes</strong></span> <span class='ocrx_word' id='word_1_485' title='bbox 1486 1355 1527 1373; x_wconf 78' lang='lat' dir='ltr'><strong>me</strong></span> <span class='ocrx_word' id='word_1_486' title='bbox 1549 1346 1631 1381; x_wconf 83' lang='lat' dir='ltr'><strong>diligo</strong></span> <span class='ocrx_word' id='word_1_487' title='bbox 1647 1343 1741 1379; x_wconf 79' lang='lat' dir='ltr'><strong>(Prov.</strong></span> <span class='ocrx_word' id='word_1_488' title='bbox 1762 1352 1825 1377; x_wconf 78' lang='lat' dir='ltr'><strong>Vill,</strong></span> <span class='ocrx_word' id='word_1_489' title='bbox 1846 1341 1895 1378; x_wconf 80' lang='grc' dir='ltr'><strong>ΓΙ).</strong></span> 
     </span>
    </p>
   </div>
   <div class='ocr_carea' id='block_1_68' title="bbox 1116 1387 1895 1427">
    <p class='ocr_par' dir='ltr' id='par_1_68' title="bbox 1116 1387 1895 1427">
     <span class='ocr_line' id='line_1_68' title="bbox 1116 1387 1895 1427; baseline -0.004 -9"><span class='ocrx_word' id='word_1_490' title='bbox 1116 1392 1262 1419; x_wconf 87' lang='lat' dir='ltr'><strong>sanitatum</strong></span> <span class='ocrx_word' id='word_1_491' title='bbox 1292 1391 1408 1427; x_wconf 79' lang='lat' dir='ltr'><strong>gratiam</strong></span> <span class='ocrx_word' id='word_1_492' title='bbox 1443 1390 1582 1426; x_wconf 81' lang='lat' dir='ltr'><strong>largiendo</strong></span> <span class='ocrx_word' id='word_1_493' title='bbox 1615 1389 1811 1417; x_wconf 85' lang='lat' dir='ltr'><strong>I&#39;amulantibus</strong></span> <span class='ocrx_word' id='word_1_494' title='bbox 1838 1387 1895 1421; x_wconf 87' lang='lat' dir='ltr'><strong>sibi,</strong></span> 
     </span>
    </p>
   </div>
   <div class='ocr_carea' id='block_1_69' title="bbox 1116 1435 1749 1472">
    <p class='ocr_par' dir='ltr' id='par_1_69' title="bbox 1116 1435 1749 1472">
     <span class='ocr_line' id='line_1_69' title="bbox 1116 1435 1749 1472; baseline -0.003 -8"><span class='ocrx_word' id='word_1_495' title='bbox 1116 1437 1277 1472; x_wconf 86' lang='lat' dir='ltr'><strong>alienisque,</strong></span> <span class='ocrx_word' id='word_1_496' title='bbox 1290 1437 1312 1464; x_wconf 87' lang='lat' dir='ltr'><strong>si</strong></span> <span class='ocrx_word' id='word_1_497' title='bbox 1327 1437 1408 1464; x_wconf 89' lang='lat' dir='ltr'><strong>corde</strong></span> <span class='ocrx_word' id='word_1_498' title='bbox 1422 1436 1592 1472; x_wconf 86' lang='lat' dir='ltr'><strong>supplicant,</strong></span> <span class='ocrx_word' id='word_1_499' title='bbox 1607 1435 1749 1470; x_wconf 87' lang='lat' dir='ltr'><strong>adimplet.</strong></span> 
     </span>
    </p>
   </div>
   <div class='ocr_carea' id='block_1_70' title="bbox 1151 1479 1895 1518">
    <p class='ocr_par' dir='ltr' id='par_1_70' title="bbox 1151 1479 1895 1518">
     <span class='ocr_line' id='line_1_70' title="bbox 1151 1479 1895 1518; baseline -0.007 -8"><span class='ocrx_word' id='word_1_500' title='bbox 1151 1484 1194 1510; x_wconf 83' lang='grc'><strong>18.</strong></span> <span class='ocrx_word' id='word_1_501' title='bbox 1215 1483 1327 1510; x_wconf 87' lang='lat' dir='ltr'><strong>Cuidam</strong></span> <span class='ocrx_word' id='word_1_502' title='bbox 1344 1490 1461 1517; x_wconf 88' lang='lat' dir='ltr'><strong>namque</strong></span> <span class='ocrx_word' id='word_1_503' title='bbox 1486 1482 1591 1518; x_wconf 84' lang='lat' dir='ltr'><strong>Hugoni</strong></span> <span class='ocrx_word' id='word_1_504' title='bbox 1616 1481 1768 1512; x_wconf 85' lang='lat' dir='ltr'><strong>tnonacho,</strong></span> <span class='ocrx_word' id='word_1_505' title='bbox 1780 1479 1806 1507; x_wconf 91' lang='lat' dir='ltr'><strong>ei</strong></span> <span class='ocrx_word' id='word_1_506' title='bbox 1825 1479 1895 1506; x_wconf 74' lang='lat' dir='ltr'><strong>dero-</strong></span> 
     </span>
    </p>
   </div>
   <div class='ocr_carea' id='block_1_71' title="bbox 1117 1522 1896 1562">
    <p class='ocr_par' dir='ltr' id='par_1_71' title="bbox 1117 1522 1896 1562">
     <span class='ocr_line' id='line_1_71' title="bbox 1117 1522 1896 1562; baseline -0.008 -6"><span class='ocrx_word' id='word_1_507' title='bbox 1117 1529 1220 1556; x_wconf 83' lang='lat' dir='ltr'><strong>tissiine</strong></span> <span class='ocrx_word' id='word_1_508' title='bbox 1235 1533 1315 1556; x_wconf 85' lang='lat' dir='ltr'><strong>nocte</strong></span> <span class='ocrx_word' id='word_1_509' title='bbox 1329 1528 1426 1562; x_wconf 83' lang='lat' dir='ltr'><strong>dieque</strong></span> <span class='ocrx_word' id='word_1_510' title='bbox 1439 1527 1568 1555; x_wconf 88' lang='lat' dir='ltr'><strong>servienti</strong></span> <span class='ocrx_word' id='word_1_511' title='bbox 1578 1548 1585 1560; x_wconf 84' lang='grc'><em>,</em></span> <span class='ocrx_word' id='word_1_512' title='bbox 1601 1526 1727 1562; x_wconf 82' lang='lat' dir='ltr'><strong>passione</strong></span> <span class='ocrx_word' id='word_1_513' title='bbox 1741 1524 1853 1553; x_wconf 81' lang='lat' dir='ltr'><strong>febrium</strong></span> <span class='ocrx_word' id='word_1_514' title='bbox 1864 1522 1896 1550; x_wconf 81' lang='lat' dir='ltr'><strong>ui-</strong></span> 
     </span>
    </p>
   </div>
   <div class='ocr_carea' id='block_1_72' title="bbox 1117 1568 1896 1607">
    <p class='ocr_par' dir='ltr' id='par_1_72' title="bbox 1117 1568 1896 1607">
     <span class='ocr_line' id='line_1_72' title="bbox 1117 1568 1896 1607; baseline -0.005 -8"><span class='ocrx_word' id='word_1_515' title='bbox 1117 1573 1199 1599; x_wconf 92' lang='lat' dir='ltr'><strong>mium</strong></span> <span class='ocrx_word' id='word_1_516' title='bbox 1214 1571 1323 1605; x_wconf 86' lang='lat' dir='ltr'><strong>alllicto,</strong></span> <span class='ocrx_word' id='word_1_517' title='bbox 1337 1580 1389 1599; x_wconf 92' lang='lat' dir='ltr'><strong>non</strong></span> <span class='ocrx_word' id='word_1_518' title='bbox 1403 1576 1516 1607; x_wconf 70' lang='lat' dir='ltr'><strong>sperata:</strong></span> <span class='ocrx_word' id='word_1_519' title='bbox 1529 1571 1655 1599; x_wconf 85' lang='lat' dir='ltr'><strong>sanitatis</strong></span> <span class='ocrx_word' id='word_1_520' title='bbox 1666 1592 1673 1604; x_wconf 92' lang='lat'><strong>,</strong></span> <span class='ocrx_word' id='word_1_521' title='bbox 1689 1571 1725 1598; x_wconf 89' lang='lat' dir='ltr'><strong>ob</strong></span> <span class='ocrx_word' id='word_1_522' title='bbox 1740 1568 1896 1597; x_wconf 76' lang='lat' dir='ltr'><strong>familiarita-</strong></span> 
     </span>
    </p>
   </div>
   <div class='ocr_carea' id='block_1_73' title="bbox 1116 1616 1896 1653">
    <p class='ocr_par' dir='ltr' id='par_1_73' title="bbox 1116 1616 1896 1653">
     <span class='ocr_line' id='line_1_73' title="bbox 1116 1616 1896 1653; baseline -0.006 -8"><span class='ocrx_word' id='word_1_523' title='bbox 1116 1622 1211 1646; x_wconf 90' lang='lat' dir='ltr'><strong>temet</strong></span> <span class='ocrx_word' id='word_1_524' title='bbox 1231 1618 1404 1650; x_wconf 90' lang='lat' dir='ltr'><strong>servitutem,</strong></span> <span class='ocrx_word' id='word_1_525' title='bbox 1420 1625 1489 1653; x_wconf 86' lang='lat' dir='ltr'><strong>quas</strong></span> <span class='ocrx_word' id='word_1_526' title='bbox 1508 1621 1609 1645; x_wconf 66' lang='lat' dir='ltr'><strong>sanctae</strong></span> <span class='ocrx_word' id='word_1_527' title='bbox 1621 1616 1723 1644; x_wconf 89' lang='lat' dir='ltr'><strong>viventi</strong></span> <span class='ocrx_word' id='word_1_528' title='bbox 1746 1620 1774 1643; x_wconf 88' lang='lat' dir='ltr'><strong>et</strong></span> <span class='ocrx_word' id='word_1_529' title='bbox 1793 1617 1896 1641; x_wconf 62' lang='lat' dir='ltr'><strong>mortua</strong></span> 
     </span>
    </p>
   </div>
   <div class='ocr_carea' id='block_1_74' title="bbox 1117 1659 1898 1698">
    <p class='ocr_par' dir='ltr' id='par_1_74' title="bbox 1117 1659 1898 1698">
     <span class='ocr_line' id='line_1_74' title="bbox 1117 1659 1898 1698; baseline 0 -8"><span class='ocrx_word' id='word_1_530' title='bbox 1117 1664 1296 1698; x_wconf 87' lang='lat' dir='ltr'><strong>impenderat,</strong></span> <span class='ocrx_word' id='word_1_531' title='bbox 1307 1664 1422 1698; x_wconf 85' lang='lat' dir='ltr'><strong>gratiam</strong></span> <span class='ocrx_word' id='word_1_532' title='bbox 1436 1662 1570 1690; x_wconf 63' lang='lat' dir='ltr'><strong>exhibuit.</strong></span> <span class='ocrx_word' id='word_1_533' title='bbox 1587 1661 1627 1690; x_wconf 87' lang='lat' dir='ltr'><strong>Tu</strong></span> <span class='ocrx_word' id='word_1_534' title='bbox 1645 1666 1737 1689; x_wconf 88' lang='lat' dir='ltr'><strong>autem</strong></span> <span class='ocrx_word' id='word_1_535' title='bbox 1751 1681 1759 1695; x_wconf 90' lang='lat'><strong>,</strong></span> <span class='ocrx_word' id='word_1_536' title='bbox 1772 1659 1879 1688; x_wconf 86' lang='lat' dir='ltr'><strong>Domine</strong></span> <span class='ocrx_word' id='word_1_537' title='bbox 1891 1677 1898 1690; x_wconf 70' lang='grc' dir='ltr'><strong>ν</strong></span> 
     </span>
    </p>
   </div>
   <div class='ocr_carea' id='block_1_75' title="bbox 1117 1708 1557 1745">
    <p class='ocr_par' dir='ltr' id='par_1_75' title="bbox 1117 1708 1557 1745">
     <span class='ocr_line' id='line_1_75' title="bbox 1117 1708 1557 1745; baseline -0.002 -8"><span class='ocrx_word' id='word_1_538' title='bbox 1117 1709 1248 1737; x_wconf 85' lang='lat' dir='ltr'><strong>miserere</strong></span> <span class='ocrx_word' id='word_1_539' title='bbox 1262 1709 1357 1737; x_wconf 90' lang='lat' dir='ltr'><strong>nostri.</strong></span> <span class='ocrx_word' id='word_1_540' title='bbox 1374 1709 1430 1736; x_wconf 88' lang='lat' dir='ltr'><strong>Deo</strong></span> <span class='ocrx_word' id='word_1_541' title='bbox 1445 1708 1557 1745; x_wconf 82' lang='lat' dir='ltr'><strong>gratias.</strong></span> 
     </span>
    </p>
   </div>
   <div class='ocr_carea' id='block_1_76' title="bbox 1118 1796 1899 1832">
    <p class='ocr_par' dir='ltr' id='par_1_76' title="bbox 1118 1796 1899 1832">
     <span class='ocr_line' id='line_1_76' title="bbox 1118 1796 1899 1832; baseline -0.005 -7"><span class='ocrx_word' id='word_1_542' title='bbox 1118 1799 1314 1826; x_wconf 84' lang='lat' dir='ltr'><strong>monachorum</strong></span> <span class='ocrx_word' id='word_1_543' title='bbox 1342 1802 1369 1825; x_wconf 91' lang='lat' dir='ltr'><strong>et</strong></span> <span class='ocrx_word' id='word_1_544' title='bbox 1393 1797 1564 1825; x_wconf 86' lang='lat' dir='ltr'><strong>mansionem</strong></span> <span class='ocrx_word' id='word_1_545' title='bbox 1583 1804 1677 1824; x_wconf 81' lang='lat' dir='ltr'><strong>comm</strong></span> <span class='ocrx_word' id='word_1_546' title='bbox 1695 1796 1754 1832; x_wconf 80' lang='lat' dir='ltr'><strong>ipsa</strong></span> <span class='ocrx_word' id='word_1_547' title='bbox 1772 1796 1899 1832; x_wconf 52' lang='lat' dir='ltr'><strong>disposnef</strong></span> 
     </span>
    </p>
   </div>
   <div class='ocr_carea' id='block_1_77' title="bbox 1118 1830 1899 1873">
    <p class='ocr_par' dir='ltr' id='par_1_77' title="bbox 1118 1830 1899 1873">
     <span class='ocr_line' id='line_1_77' title="bbox 1118 1830 1899 1873; baseline -0.005 -12"><span class='ocrx_word' id='word_1_548' title='bbox 1118 1838 1174 1866; x_wconf 86' lang='lat' dir='ltr'><strong>rat,</strong></span> <span class='ocrx_word' id='word_1_549' title='bbox 1198 1834 1234 1873; x_wconf 85' lang='lat' dir='ltr'><strong>uti</strong></span> <span class='ocrx_word' id='word_1_550' title='bbox 1255 1833 1358 1873; x_wconf 70' lang='lat' dir='ltr'><strong>scribit</strong></span> <span class='ocrx_word' id='word_1_551' title='bbox 1372 1832 1492 1873; x_wconf 73' lang='lat' dir='ltr'><strong>Joannes</strong></span> <span class='ocrx_word' id='word_1_552' title='bbox 1506 1833 1589 1873; x_wconf 83' lang='lat' dir='ltr'><strong>_prior</strong></span> <span class='ocrx_word' id='word_1_553' title='bbox 1604 1830 1836 1873; x_wconf 41' lang='lat' dir='ltr'><strong>_H:‘I_gusta\densi&#39;s‘</strong></span> <span class='ocrx_word' id='word_1_554' title='bbox 1843 1852 1851 1864; x_wconf 87' lang='lat'><strong>,</strong></span> <span class='ocrx_word' id='word_1_555' title='bbox 1862 1830 1899 1873; x_wconf 69' lang='lat' dir='ltr'><strong>qui</strong></span> 
     </span>
    </p>
   </div>
   <div class='ocr_carea' id='block_1_78' title="bbox 1117 1866 1900 1903">
    <p class='ocr_par' dir='ltr' id='par_1_78' title="bbox 1117 1866 1900 1903">
     <span class='ocr_line' id='line_1_78' title="bbox 1117 1866 1900 1903; baseline -0.006 -6"><span class='ocrx_word' id='word_1_556' title='bbox 1117 1874 1181 1897; x_wconf 90' lang='lat' dir='ltr'><strong>tunc</strong></span> <span class='ocrx_word' id='word_1_557' title='bbox 1207 1869 1328 1900; x_wconf 82' lang='lat' dir='ltr'><strong>vivebat.</strong></span> <span class='ocrx_word' id='word_1_558' title='bbox 1352 1869 1378 1895; x_wconf 95' lang='lat' dir='ltr'><strong>in</strong></span> <span class='ocrx_word' id='word_1_559' title='bbox 1400 1866 1556 1903; x_wconf 86' lang='lat' dir='ltr'><strong>Appendice</strong></span> <span class='ocrx_word' id='word_1_560' title='bbox 1576 1868 1611 1895; x_wconf 83' lang='lat' dir='ltr'><strong>ad</strong></span> <span class='ocrx_word' id='word_1_561' title='bbox 1635 1866 1793 1903; x_wconf 78' lang='lat' dir='ltr'><strong>Simeonem</strong></span> <span class='ocrx_word' id='word_1_562' title='bbox 1818 1866 1900 1903; x_wconf 74' lang='lat' dir='ltr'><strong>Donet-</strong></span> 
     </span>
    </p>
   </div>
   <div class='ocr_carea' id='block_1_79' title="bbox 1117 1901 1899 1936">
    <p class='ocr_par' dir='ltr' id='par_1_79' title="bbox 1117 1901 1899 1936">
     <span class='ocr_line' id='line_1_79' title="bbox 1117 1901 1899 1936; baseline -0.005 -5"><span class='ocrx_word' id='word_1_563' title='bbox 1117 1911 1248 1931; x_wconf 89' lang='lat' dir='ltr'><strong>mensem.</strong></span> <span class='ocrx_word' id='word_1_564' title='bbox 1265 1904 1332 1936; x_wconf 84' lang='lat' dir='ltr'><strong>Quia</strong></span> <span class='ocrx_word' id='word_1_565' title='bbox 1355 1901 1452 1931; x_wconf 78' lang='lat' dir='ltr'><strong>auctor</strong></span> <span class='ocrx_word' id='word_1_566' title='bbox 1474 1903 1542 1931; x_wconf 78' lang='lat' dir='ltr'><strong>Viue</strong></span> <span class='ocrx_word' id='word_1_567' title='bbox 1563 1902 1643 1936; x_wconf 88' lang='lat' dir='ltr'><strong>hujus</strong></span> <span class='ocrx_word' id='word_1_568' title='bbox 1667 1901 1835 1929; x_wconf 81' lang='lat' dir='ltr'><strong>matrimonii</strong></span> <span class='ocrx_word' id='word_1_569' title='bbox 1856 1908 1899 1928; x_wconf 86' lang='lat' dir='ltr'><strong>nou</strong></span> 
     </span>
    </p>
   </div>
   <div class='ocr_carea' id='block_1_80' title="bbox 1116 1936 1900 1980">
    <p class='ocr_par' dir='ltr' id='par_1_80' title="bbox 1116 1936 1900 1980">
     <span class='ocr_line' id='line_1_80' title="bbox 1116 1936 1900 1980; baseline -0.004 -14"><span class='ocrx_word' id='word_1_570' title='bbox 1116 1939 1260 1980; x_wconf 77' lang='lat' dir='ltr'><strong>meminit,</strong></span> <span class='ocrx_word' id='word_1_571' title='bbox 1277 1939 1443 1966; x_wconf 89' lang='lat' dir='ltr'><strong>arbitramur</strong></span> <span class='ocrx_word' id='word_1_572' title='bbox 1459 1943 1524 1966; x_wconf 89' lang='lat' dir='ltr'><strong>ante</strong></span> <span class='ocrx_word' id='word_1_573' title='bbox 1545 1936 1611 1965; x_wconf 84' lang='lat' dir='ltr'><strong>illud</strong></span> <span class='ocrx_word' id='word_1_574' title='bbox 1635 1942 1745 1973; x_wconf 88' lang='lat' dir='ltr'><strong>tempus</strong></span> <span class='ocrx_word' id='word_1_575' title='bbox 1765 1944 1827 1964; x_wconf 88' lang='lat' dir='ltr'><strong>eum</strong></span> <span class='ocrx_word' id='word_1_576' title='bbox 1842 1936 1900 1964; x_wconf 85' lang='lat' dir='ltr'><strong>scri-</strong></span> 
     </span>
    </p>
   </div>
   <div class='ocr_carea' id='block_1_81' title="bbox 1115 1981 1212 2009">
    <p class='ocr_par' dir='ltr' id='par_1_81' title="bbox 1115 1981 1212 2009">
     <span class='ocr_line' id='line_1_81' title="bbox 1115 1981 1212 2009; baseline 0 -8"><span class='ocrx_word' id='word_1_577' title='bbox 1115 1981 1212 2009; x_wconf 85' lang='lat' dir='ltr'><strong>pstsse.</strong></span> 
     </span>
    </p>
   </div>
   <div class='ocr_carea' id='block_1_82' title="bbox 1443 2090 1898 2104">
    <p class='ocr_par' dir='ltr' id='par_1_82' title="bbox 1443 2090 1898 2104">
     <span class='ocr_line' id='line_1_82' title="bbox 1443 2090 1898 2104; baseline -0.002 -1"><span class='ocrx_word' id='word_1_578' title='bbox 1443 2090 1898 2104; x_wconf 49' lang='lat' dir='ltr'><strong>c———-———————d</strong></span> 
     </span>
    </p>
   </div>
   <div class='ocr_carea' id='block_1_83' title="bbox 901 2162 1308 2221">
    <p class='ocr_par' dir='ltr' id='par_1_83' title="bbox 901 2162 1308 2221">
     <span class='ocr_line' id='line_1_83' title="bbox 901 2162 1308 2221; baseline -0.007 -1"><span class='ocrx_word' id='word_1_579' title='bbox 901 2163 1066 2220; x_wconf 82' lang='lat' dir='ltr'><strong>ALIA</strong></span> <span class='ocrx_word' id='word_1_580' title='bbox 1106 2162 1308 2221; x_wconf 82' lang='lat' dir='ltr'><strong>VITA.</strong></span> 
     </span>
    </p>
   </div>
   <div class='ocr_carea' id='block_1_84' title="bbox 609 2271 1560 2303">
    <p class='ocr_par' dir='ltr' id='par_1_84' title="bbox 609 2271 1560 2303">
     <span class='ocr_line' id='line_1_84' title="bbox 609 2271 1560 2303; baseline -0.003 -1"><span class='ocrx_word' id='word_1_581' title='bbox 609 2274 774 2303; x_wconf 76' lang='lat' dir='ltr'><strong>AUCTORE</strong></span> <span class='ocrx_word' id='word_1_582' title='bbox 792 2273 924 2303; x_wconf 81' lang='lat' dir='ltr'><strong>JOANNE</strong></span> <span class='ocrx_word' id='word_1_583' title='bbox 943 2272 1167 2302; x_wconf 83' lang='lat' dir='ltr'><strong>GUILLEMANS</strong></span> <span class='ocrx_word' id='word_1_584' title='bbox 1188 2273 1362 2301; x_wconf 79' lang='lat' dir='ltr'><strong>CANONICO</strong></span> <span class='ocrx_word' id='word_1_585' title='bbox 1381 2271 1560 2302; x_wconf 78' lang='lat' dir='ltr'><strong>REGULARI</strong></span> 
     </span>
    </p>
   </div>
   <div class='ocr_carea' id='block_1_85' title="bbox 864 2349 1326 2388">
    <p class='ocr_par' dir='ltr' id='par_1_85' title="bbox 864 2349 1326 2388">
     <span class='ocr_line' id='line_1_85' title="bbox 864 2349 1326 2388; baseline -0.006 -9"><span class='ocrx_word' id='word_1_586' title='bbox 864 2351 918 2388; x_wconf 76' lang='lat' dir='ltr'><strong>(Ex</strong></span> <span class='ocrx_word' id='word_1_587' title='bbox 933 2359 982 2378; x_wconf 75' lang='lat' dir='ltr'><strong>nis.</strong></span> <span class='ocrx_word' id='word_1_588' title='bbox 998 2350 1086 2377; x_wconf 81' lang='lat' dir='ltr'><strong>codice</strong></span> <span class='ocrx_word' id='word_1_589' title='bbox 1100 2350 1212 2377; x_wconf 78' lang='lat' dir='ltr'><strong>Rubew—</strong></span> <span class='ocrx_word' id='word_1_590' title='bbox 1219 2349 1326 2386; x_wconf 74' lang='lat' dir='ltr'><strong>Vallis.)</strong></span> 
     </span>
    </p>
   </div>
   <div class='ocr_carea' id='block_1_86' title="bbox 570 2463 764 2492">
    <p class='ocr_par' dir='ltr' id='par_1_86' title="bbox 570 2463 764 2492">
     <span class='ocr_line' id='line_1_86' title="bbox 570 2463 764 2492; baseline -0.005 0"><span class='ocrx_word' id='word_1_591' title='bbox 570 2463 764 2492; x_wconf 75' lang='lat' dir='ltr'><strong>PROLOGUS.</strong></span> 
     </span>
    </p>
   </div>
   <div class='ocr_carea' id='block_1_87' title="bbox 306 2508 1065 2542">
    <p class='ocr_par' dir='ltr' id='par_1_87' title="bbox 306 2508 1065 2542">
     <span class='ocr_line' id='line_1_87' title="bbox 306 2508 1065 2542; baseline -0.008 0"><span class='ocrx_word' id='word_1_592' title='bbox 306 2516 333 2542; x_wconf 76' lang='grc'><strong>1.</strong></span> <span class='ocrx_word' id='word_1_593' title='bbox 352 2510 527 2541; x_wconf 83' lang='lat' dir='ltr'><strong>Festivitatcs</strong></span> <span class='ocrx_word' id='word_1_594' title='bbox 551 2515 707 2538; x_wconf 87' lang='lat' dir='ltr'><strong>sanctarum</strong></span> <span class='ocrx_word' id='word_1_595' title='bbox 725 2510 867 2537; x_wconf 85' lang='lat' dir='ltr'><strong>viduarum</strong></span> <span class='ocrx_word' id='word_1_596' title='bbox 894 2508 1065 2537; x_wconf 88' lang='lat' dir='ltr'><strong>curriculosa</strong></span> 
     </span>
    </p>
   </div>
   <div class='ocr_carea' id='block_1_88' title="bbox 271 2555 1067 2598">
    <p class='ocr_par' dir='ltr' id='par_1_88' title="bbox 271 2555 1067 2598">
     <span class='ocr_line' id='line_1_88' title="bbox 271 2555 1067 2598; baseline -0.008 -9"><span class='ocrx_word' id='word_1_597' title='bbox 271 2569 321 2598; x_wconf 81' lang='lat' dir='ltr'><strong>per</strong></span> <span class='ocrx_word' id='word_1_598' title='bbox 333 2560 396 2588; x_wconf 86' lang='lat' dir='ltr'><strong>anni</strong></span> <span class='ocrx_word' id='word_1_599' title='bbox 415 2563 536 2592; x_wconf 80' lang='lat' dir='ltr'><strong>tempera</strong></span> <span class='ocrx_word' id='word_1_600' title='bbox 559 2559 623 2585; x_wconf 86' lang='lat' dir='ltr'><strong>dum</strong></span> <span class='ocrx_word' id='word_1_601' title='bbox 641 2557 821 2588; x_wconf 87' lang='lat' dir='ltr'><strong>revolvimus,</strong></span> <span class='ocrx_word' id='word_1_602' title='bbox 836 2556 985 2583; x_wconf 87' lang='lat' dir='ltr'><strong>immensas</strong></span> <span class='ocrx_word' id='word_1_603' title='bbox 998 2555 1067 2583; x_wconf 81' lang='lat' dir='ltr'><strong>divi-</strong></span> 
     </span>
    </p>
   </div>
   <div class='ocr_carea' id='block_1_89' title="bbox 273 2602 1067 2635">
    <p class='ocr_par' dir='ltr' id='par_1_89' title="bbox 273 2602 1067 2635">
     <span class='ocr_line' id='line_1_89' title="bbox 273 2602 1067 2635; baseline -0.009 0"><span class='ocrx_word' id='word_1_604' title='bbox 273 2615 370 2635; x_wconf 86' lang='lat' dir='ltr'><strong>narum</strong></span> <span class='ocrx_word' id='word_1_605' title='bbox 385 2606 517 2633; x_wconf 89' lang='lat' dir='ltr'><strong>virtutum</strong></span> <span class='ocrx_word' id='word_1_606' title='bbox 531 2604 624 2632; x_wconf 82' lang='lat' dir='ltr'><strong>laudes</strong></span> <span class='ocrx_word' id='word_1_607' title='bbox 641 2603 691 2632; x_wconf 85' lang='lat' dir='ltr'><strong>soli</strong></span> <span class='ocrx_word' id='word_1_608' title='bbox 714 2603 770 2630; x_wconf 88' lang='lat' dir='ltr'><strong>Deo</strong></span> <span class='ocrx_word' id='word_1_609' title='bbox 790 2602 935 2630; x_wconf 87' lang='lat' dir='ltr'><strong>referimus</strong></span> <span class='ocrx_word' id='word_1_610' title='bbox 949 2611 956 2629; x_wconf 75' lang='grc' dir='ltr'><strong>ε</strong></span> <span class='ocrx_word' id='word_1_611' title='bbox 972 2608 1067 2629; x_wconf 87' lang='lat' dir='ltr'><strong>earum</strong></span> 
     </span>
    </p>
   </div>
   <div class='ocr_carea' id='block_1_90' title="bbox 273 2647 1067 2685">
    <p class='ocr_par' dir='ltr' id='par_1_90' title="bbox 273 2647 1067 2685">
     <span class='ocr_line' id='line_1_90' title="bbox 273 2647 1067 2685; baseline -0.006 -6"><span class='ocrx_word' id='word_1_612' title='bbox 273 2650 452 2679; x_wconf 86' lang='lat' dir='ltr'><strong>nihilominus</strong></span> <span class='ocrx_word' id='word_1_613' title='bbox 476 2649 607 2685; x_wconf 77' lang='lat' dir='ltr'><strong>exemplis</strong></span> <span class='ocrx_word' id='word_1_614' title='bbox 629 2649 662 2677; x_wconf 89' lang='lat' dir='ltr'><strong>ad</strong></span> <span class='ocrx_word' id='word_1_615' title='bbox 687 2656 808 2677; x_wconf 85' lang='lat' dir='ltr'><strong>amorem</strong></span> <span class='ocrx_word' id='word_1_616' title='bbox 827 2647 948 2676; x_wconf 62' lang='lat' dir='ltr'><strong>caelestis</strong></span> <span class='ocrx_word' id='word_1_617' title='bbox 972 2647 1067 2683; x_wconf 56' lang='lat' dir='ltr'><strong>patria</strong></span> 
     </span>
    </p>
   </div>
   <div class='ocr_carea' id='block_1_91' title="bbox 273 2693 1067 2731">
    <p class='ocr_par' dir='ltr' id='par_1_91' title="bbox 273 2693 1067 2731">
     <span class='ocr_line' id='line_1_91' title="bbox 273 2693 1067 2731; baseline -0.005 -8"><span class='ocrx_word' id='word_1_618' title='bbox 273 2702 422 2731; x_wconf 86' lang='lat' dir='ltr'><strong>properare</strong></span> <span class='ocrx_word' id='word_1_619' title='bbox 442 2702 591 2727; x_wconf 86' lang='lat' dir='ltr'><strong>conamur,</strong></span> <span class='ocrx_word' id='word_1_620' title='bbox 611 2699 745 2730; x_wconf 77' lang='lat' dir='ltr'><strong>quatenus</strong></span> <span class='ocrx_word' id='word_1_621' title='bbox 764 2693 798 2721; x_wconf 87' lang='lat' dir='ltr'><strong>ad</strong></span> <span class='ocrx_word' id='word_1_622' title='bbox 823 2693 991 2721; x_wconf 89' lang='lat' dir='ltr'><strong>mansionem</strong></span> <span class='ocrx_word' id='word_1_623' title='bbox 1006 2700 1067 2727; x_wconf 88' lang='lat' dir='ltr'><strong>per-</strong></span> 
     </span>
    </p>
   </div>
   <div class='ocr_carea' id='block_1_92' title="bbox 273 2737 1066 2778">
    <p class='ocr_par' dir='ltr' id='par_1_92' title="bbox 273 2737 1066 2778">
     <span class='ocr_line' id='line_1_92' title="bbox 273 2737 1066 2778; baseline -0.006 -9"><span class='ocrx_word' id='word_1_624' title='bbox 273 2741 349 2778; x_wconf 87' lang='lat' dir='ltr'><strong>petui</strong></span> <span class='ocrx_word' id='word_1_625' title='bbox 363 2740 470 2768; x_wconf 86' lang='lat' dir='ltr'><strong>decoris</strong></span> <span class='ocrx_word' id='word_1_626' title='bbox 484 2761 491 2774; x_wconf 92' lang='lat'><strong>,</strong></span> <span class='ocrx_word' id='word_1_627' title='bbox 514 2740 558 2768; x_wconf 91' lang='lat' dir='ltr'><strong>ubi</strong></span> <span class='ocrx_word' id='word_1_628' title='bbox 583 2740 626 2767; x_wconf 78' lang='lat' dir='ltr'><strong>lux</strong></span> <span class='ocrx_word' id='word_1_629' title='bbox 650 2747 764 2767; x_wconf 75' lang='lat' dir='ltr'><strong>summa:</strong></span> <span class='ocrx_word' id='word_1_630' title='bbox 786 2739 919 2767; x_wconf 85' lang='lat' dir='ltr'><strong>claritatis</strong></span> <span class='ocrx_word' id='word_1_631' title='bbox 941 2737 1066 2773; x_wconf 82' lang='lat' dir='ltr'><strong>refulget,</strong></span> 
     </span>
    </p>
   </div>
   <div class='ocr_carea' id='block_1_93' title="bbox 274 2783 1067 2820">
    <p class='ocr_par' dir='ltr' id='par_1_93' title="bbox 274 2783 1067 2820">
     <span class='ocr_line' id='line_1_93' title="bbox 274 2783 1067 2820; baseline -0.006 -6"><span class='ocrx_word' id='word_1_632' title='bbox 274 2786 395 2814; x_wconf 81' lang='lat' dir='ltr'><strong>Auctore</strong></span> <span class='ocrx_word' id='word_1_633' title='bbox 411 2792 517 2813; x_wconf 89' lang='lat' dir='ltr'><strong>summo</strong></span> <span class='ocrx_word' id='word_1_634' title='bbox 538 2785 665 2820; x_wconf 74' lang='lat' dir='ltr'><strong>iuvante,</strong></span> <span class='ocrx_word' id='word_1_635' title='bbox 686 2793 735 2820; x_wconf 89' lang='lat' dir='ltr'><strong>per</strong></span> <span class='ocrx_word' id='word_1_636' title='bbox 749 2789 893 2820; x_wconf 84' lang='lat' dir='ltr'><strong>angustum</strong></span> <span class='ocrx_word' id='word_1_637' title='bbox 909 2783 1006 2811; x_wconf 88' lang='lat' dir='ltr'><strong>callem</strong></span> <span class='ocrx_word' id='word_1_638' title='bbox 1021 2783 1067 2817; x_wconf 90' lang='lat' dir='ltr'><strong>qui</strong></span> 
     </span>
    </p>
   </div>
   <div class='ocr_carea' id='block_1_94' title="bbox 275 2828 1067 2865">
    <p class='ocr_par' dir='ltr' id='par_1_94' title="bbox 275 2828 1067 2865">
     <span class='ocr_line' id='line_1_94' title="bbox 275 2828 1067 2865; baseline -0.005 -6"><span class='ocrx_word' id='word_1_639' title='bbox 275 2832 352 2859; x_wconf 86' lang='lat' dir='ltr'><strong>ducit</strong></span> <span class='ocrx_word' id='word_1_640' title='bbox 364 2831 398 2859; x_wconf 92' lang='lat' dir='ltr'><strong>ad</strong></span> <span class='ocrx_word' id='word_1_641' title='bbox 413 2831 512 2864; x_wconf 88' lang='lat' dir='ltr'><strong>vitam,</strong></span> <span class='ocrx_word' id='word_1_642' title='bbox 526 2831 697 2860; x_wconf 87' lang='lat' dir='ltr'><strong>consecuturi</strong></span> <span class='ocrx_word' id='word_1_643' title='bbox 716 2838 764 2865; x_wconf 86' lang='lat' dir='ltr'><strong>per</strong></span> <span class='ocrx_word' id='word_1_644' title='bbox 781 2837 828 2858; x_wconf 90' lang='lat' dir='ltr'><strong>eos</strong></span> <span class='ocrx_word' id='word_1_645' title='bbox 843 2833 870 2857; x_wconf 89' lang='lat' dir='ltr'><strong>et</strong></span> <span class='ocrx_word' id='word_1_646' title='bbox 884 2837 945 2857; x_wconf 93' lang='lat' dir='ltr'><strong>cum</strong></span> <span class='ocrx_word' id='word_1_647' title='bbox 965 2828 1067 2857; x_wconf 87' lang='lat' dir='ltr'><strong>eisdem</strong></span> 
     </span>
    </p>
   </div>
   <div class='ocr_carea' id='block_1_95' title="bbox 276 2874 1068 2914">
    <p class='ocr_par' dir='ltr' id='par_1_95' title="bbox 276 2874 1068 2914">
     <span class='ocr_line' id='line_1_95' title="bbox 276 2874 1068 2914; baseline -0.003 -9"><span class='ocrx_word' id='word_1_648' title='bbox 276 2877 398 2908; x_wconf 80' lang='lat' dir='ltr'><strong>fructum</strong></span> <span class='ocrx_word' id='word_1_649' title='bbox 413 2877 626 2913; x_wconf 77' lang='lat' dir='ltr'><strong>sexagesimum,</strong></span> <span class='ocrx_word' id='word_1_650' title='bbox 652 2876 790 2914; x_wconf 83' lang='lat' dir='ltr'><strong>perpetuis</strong></span> <span class='ocrx_word' id='word_1_651' title='bbox 812 2875 917 2905; x_wconf 85' lang='lat' dir='ltr'><strong>nisibus</strong></span> <span class='ocrx_word' id='word_1_652' title='bbox 943 2874 1068 2903; x_wconf 86' lang='lat' dir='ltr'><strong>incedere</strong></span> 
     </span>
    </p>
   </div>
   <div class='ocr_carea' id='block_1_96' title="bbox 1076 2456 1902 2495">
    <p class='ocr_par' dir='ltr' id='par_1_96' title="bbox 1076 2456 1902 2495">
     <span class='ocr_line' id='line_1_96' title="bbox 1076 2456 1902 2495; baseline -0.01 -4"><span class='ocrx_word' id='word_1_653' title='bbox 1076 2465 1102 2495; x_wconf 90' lang='lat' dir='ltr'><strong>D</strong></span> <span class='ocrx_word' id='word_1_654' title='bbox 1117 2463 1272 2494; x_wconf 84' lang='lat' dir='ltr'><strong>valeamus;</strong></span> <span class='ocrx_word' id='word_1_655' title='bbox 1288 2465 1371 2495; x_wconf 90' lang='lat' dir='ltr'><strong>atque</strong></span> <span class='ocrx_word' id='word_1_656' title='bbox 1396 2459 1468 2487; x_wconf 80' lang='lat' dir='ltr'><strong>illam</strong></span> <span class='ocrx_word' id='word_1_657' title='bbox 1492 2457 1680 2487; x_wconf 84' lang='lat' dir='ltr'><strong>delectabilem</strong></span> <span class='ocrx_word' id='word_1_658' title='bbox 1694 2465 1789 2486; x_wconf 83' lang='lat' dir='ltr'><strong>vocem</strong></span> <span class='ocrx_word' id='word_1_659' title='bbox 1808 2456 1902 2485; x_wconf 86' lang='lat' dir='ltr'><strong>Domini</strong></span> 
     </span>
    </p>
   </div>
   <div class='ocr_carea' id='block_1_97' title="bbox 1116 2502 1904 2540">
    <p class='ocr_par' dir='ltr' id='par_1_97' title="bbox 1116 2502 1904 2540">
     <span class='ocr_line' id='line_1_97' title="bbox 1116 2502 1904 2540; baseline -0.009 -4"><span class='ocrx_word' id='word_1_660' title='bbox 1116 2509 1220 2540; x_wconf 87' lang='lat' dir='ltr'><strong>audire,</strong></span> <span class='ocrx_word' id='word_1_661' title='bbox 1235 2507 1351 2535; x_wconf 87' lang='lat' dir='ltr'><strong>dicentis</strong></span> <span class='ocrx_word' id='word_1_662' title='bbox 1366 2514 1373 2533; x_wconf 94' lang='lat'>:</span> <span class='ocrx_word' id='word_1_663' title='bbox 1397 2505 1487 2534; x_wconf 77' lang='lat' dir='ltr'><strong>Venite</strong></span> <span class='ocrx_word' id='word_1_664' title='bbox 1497 2525 1506 2538; x_wconf 94' lang='lat'><strong>,</strong></span> <span class='ocrx_word' id='word_1_665' title='bbox 1521 2504 1649 2532; x_wconf 73' lang='lat' dir='ltr'><strong>benedicti</strong></span> <span class='ocrx_word' id='word_1_666' title='bbox 1663 2502 1755 2531; x_wconf 73' lang='lat' dir='ltr'><strong>Patria</strong></span> <span class='ocrx_word' id='word_1_667' title='bbox 1773 2504 1824 2531; x_wconf 75' lang='grc' dir='ltr'><strong>ιιεὶ</strong></span> <span class='ocrx_word' id='word_1_668' title='bbox 1834 2524 1842 2535; x_wconf 89' lang='lat'><strong>,</strong></span> <span class='ocrx_word' id='word_1_669' title='bbox 1853 2510 1904 2538; x_wconf 68' lang='lat' dir='ltr'><strong>pcr-</strong></span> 
     </span>
    </p>
   </div>
   <div class='ocr_carea' id='block_1_98' title="bbox 1117 2547 1905 2588">
    <p class='ocr_par' dir='ltr' id='par_1_98' title="bbox 1117 2547 1905 2588">
     <span class='ocr_line' id='line_1_98' title="bbox 1117 2547 1905 2588; baseline -0.009 -8"><span class='ocrx_word' id='word_1_670' title='bbox 1117 2555 1193 2588; x_wconf 83' lang='lat' dir='ltr'><strong>cipite</strong></span> <span class='ocrx_word' id='word_1_671' title='bbox 1218 2560 1326 2587; x_wconf 83' lang='lat' dir='ltr'><strong>regnum</strong></span> <span class='ocrx_word' id='word_1_672' title='bbox 1353 2550 1437 2588; x_wconf 84' lang='lat' dir='ltr'><strong>quod_</strong></span> <span class='ocrx_word' id='word_1_673' title='bbox 1452 2550 1524 2578; x_wconf 69' lang='lat' dir='ltr'><strong>vobis</strong></span> <span class='ocrx_word' id='word_1_674' title='bbox 1547 2553 1670 2584; x_wconf 74' lang='lat' dir='ltr'><strong>paratum</strong></span> <span class='ocrx_word' id='word_1_675' title='bbox 1695 2553 1734 2581; x_wconf 70' lang='lat' dir='ltr'><strong>est</strong></span> <span class='ocrx_word' id='word_1_676' title='bbox 1760 2547 1794 2575; x_wconf 73' lang='lat' dir='ltr'><strong>ab</strong></span> <span class='ocrx_word' id='word_1_677' title='bbox 1818 2547 1905 2582; x_wconf 72' lang='lat' dir='ltr'><strong>origin</strong></span> 
     </span>
    </p>
   </div>
   <div class='ocr_carea' id='block_1_99' title="bbox 1116 2593 1905 2632">
    <p class='ocr_par' dir='ltr' id='par_1_99' title="bbox 1116 2593 1905 2632">
     <span class='ocr_line' id='line_1_99' title="bbox 1116 2593 1905 2632; baseline -0.01 -5"><span class='ocrx_word' id='word_1_678' title='bbox 1116 2600 1208 2627; x_wconf 81' lang='lat' dir='ltr'><strong>mundi</strong></span> <span class='ocrx_word' id='word_1_679' title='bbox 1221 2598 1329 2631; x_wconf 83' lang='lat' dir='ltr'><strong>(Matth.</strong></span> <span class='ocrx_word' id='word_1_680' title='bbox 1345 2605 1409 2630; x_wconf 72' lang='grc' dir='ltr'><strong>ην,</strong></span> <span class='ocrx_word' id='word_1_681' title='bbox 1421 2596 1468 2632; x_wconf 73' lang='grc'><strong>56)</strong></span> <span class='ocrx_word' id='word_1_682' title='bbox 1478 2617 1487 2629; x_wconf 87' lang='grc'><em>,</em></span> <span class='ocrx_word' id='word_1_683' title='bbox 1509 2603 1560 2631; x_wconf 91' lang='lat' dir='ltr'><strong>pro</strong></span> <span class='ocrx_word' id='word_1_684' title='bbox 1581 2593 1731 2631; x_wconf 75' lang='lat' dir='ltr'><strong>laboribus,</strong></span> <span class='ocrx_word' id='word_1_685' title='bbox 1746 2594 1848 2629; x_wconf 83' lang='lat' dir='ltr'><strong>quibus</strong></span> <span class='ocrx_word' id='word_1_686' title='bbox 1858 2596 1905 2620; x_wconf 82' lang='lat' dir='ltr'><strong>stu-</strong></span> 
     </span>
    </p>
   </div>
   <div class='ocr_carea' id='block_1_100' title="bbox 1117 2639 1905 2677">
    <p class='ocr_par' dir='ltr' id='par_1_100' title="bbox 1117 2639 1905 2677">
     <span class='ocr_line' id='line_1_100' title="bbox 1117 2639 1905 2677; baseline -0.01 -5"><span class='ocrx_word' id='word_1_687' title='bbox 1117 2645 1192 2673; x_wconf 89' lang='lat' dir='ltr'><strong>diose</strong></span> <span class='ocrx_word' id='word_1_688' title='bbox 1217 2643 1343 2672; x_wconf 84' lang='lat' dir='ltr'><strong>certastis</strong></span> <span class='ocrx_word' id='word_1_689' title='bbox 1368 2649 1376 2670; x_wconf 90' lang='lat'><strong>:</strong></span> <span class='ocrx_word' id='word_1_690' title='bbox 1405 2642 1496 2677; x_wconf 87' lang='lat' dir='ltr'><strong>ibique</strong></span> <span class='ocrx_word' id='word_1_691' title='bbox 1525 2639 1766 2668; x_wconf 86' lang='lat' dir='ltr'><strong>immaroessibiles</strong></span> <span class='ocrx_word' id='word_1_692' title='bbox 1798 2644 1905 2667; x_wconf 75' lang='lat' dir='ltr'><strong>coronas</strong></span> 
     </span>
    </p>
   </div>
   <div class='ocr_carea' id='block_1_101' title="bbox 1119 2681 1906 2726">
    <p class='ocr_par' dir='ltr' id='par_1_101' title="bbox 1119 2681 1906 2726">
     <span class='ocr_line' id='line_1_101' title="bbox 1119 2681 1906 2726; baseline -0.011 -8"><span class='ocrx_word' id='word_1_693' title='bbox 1119 2690 1257 2726; x_wconf 82' lang='lat' dir='ltr'><strong>accipietis</strong></span> <span class='ocrx_word' id='word_1_694' title='bbox 1270 2689 1304 2717; x_wconf 86' lang='lat' dir='ltr'><strong>ab</strong></span> <span class='ocrx_word' id='word_1_695' title='bbox 1318 2689 1363 2716; x_wconf 92' lang='lat' dir='ltr'><strong>illo</strong></span> <span class='ocrx_word' id='word_1_696' title='bbox 1376 2687 1500 2723; x_wconf 38' lang='lat' dir='ltr'><strong>qui‘dicit</strong></span> <span class='ocrx_word' id='word_1_697' title='bbox 1514 2695 1522 2714; x_wconf 87' lang='lat'><strong>:</strong></span> <span class='ocrx_word' id='word_1_698' title='bbox 1544 2685 1636 2714; x_wconf 69' lang='lat' dir='ltr'><strong>Venite</strong></span> <span class='ocrx_word' id='word_1_699' title='bbox 1646 2684 1681 2713; x_wconf 72' lang='lat' dir='ltr'><strong>uti</strong></span> <span class='ocrx_word' id='word_1_700' title='bbox 1694 2693 1747 2719; x_wconf 80' lang='lat' dir='ltr'><strong>me,</strong></span> <span class='ocrx_word' id='word_1_701' title='bbox 1758 2692 1850 2712; x_wconf 65' lang='lat' dir='ltr'><strong>omne;</strong></span> <span class='ocrx_word' id='word_1_702' title='bbox 1869 2681 1906 2718; x_wconf 72' lang='lat' dir='ltr'><strong>qui</strong></span> 
     </span>
    </p>
   </div>
   <div class='ocr_carea' id='block_1_102' title="bbox 1117 2730 1906 2767">
    <p class='ocr_par' dir='ltr' id='par_1_102' title="bbox 1117 2730 1906 2767">
     <span class='ocr_line' id='line_1_102' title="bbox 1117 2730 1906 2767; baseline -0.01 -4"><span class='ocrx_word' id='word_1_703' title='bbox 1117 2736 1242 2763; x_wconf 76' lang='lat' dir='ltr'><strong>laboratis</strong></span> <span class='ocrx_word' id='word_1_704' title='bbox 1256 2740 1279 2762; x_wconf 83' lang='lat' dir='ltr'><strong>et</strong></span> <span class='ocrx_word' id='word_1_705' title='bbox 1294 2734 1396 2761; x_wconf 82' lang='lat' dir='ltr'><strong>onerati</strong></span> <span class='ocrx_word' id='word_1_706' title='bbox 1411 2733 1484 2766; x_wconf 67' lang='lat' dir='ltr'><strong>estis,</strong></span> <span class='ocrx_word' id='word_1_707' title='bbox 1505 2737 1530 2760; x_wconf 81' lang='lat' dir='ltr'><strong>et</strong></span> <span class='ocrx_word' id='word_1_708' title='bbox 1545 2740 1593 2767; x_wconf 73' lang='lat' dir='ltr'><strong>ego</strong></span> <span class='ocrx_word' id='word_1_709' title='bbox 1607 2731 1724 2766; x_wconf 75' lang='lat' dir='ltr'><strong>reﬁciam</strong></span> <span class='ocrx_word' id='word_1_710' title='bbox 1745 2738 1812 2762; x_wconf 72' lang='lat' dir='ltr'><strong>vos;</strong></span> <span class='ocrx_word' id='word_1_711' title='bbox 1821 2730 1906 2764; x_wconf 71' lang='lat' dir='ltr'><strong>jugm</strong></span> 
     </span>
    </p>
   </div>
   <div class='ocr_carea' id='block_1_103' title="bbox 1117 2774 1906 2810">
    <p class='ocr_par' dir='ltr' id='par_1_103' title="bbox 1117 2774 1906 2810">
     <span class='ocr_line' id='line_1_103' title="bbox 1117 2774 1906 2810; baseline -0.013 -2"><span class='ocrx_word' id='word_1_712' title='bbox 1117 2781 1186 2808; x_wconf 83' lang='lat' dir='ltr'><strong>enim</strong></span> <span class='ocrx_word' id='word_1_713' title='bbox 1198 2789 1283 2808; x_wconf 82' lang='lat' dir='ltr'><strong>meum</strong></span> <span class='ocrx_word' id='word_1_714' title='bbox 1296 2788 1376 2807; x_wconf 70' lang='lat' dir='ltr'><strong>suave</strong></span> <span class='ocrx_word' id='word_1_715' title='bbox 1393 2783 1430 2807; x_wconf 75' lang='lat' dir='ltr'><strong>est</strong></span> <span class='ocrx_word' id='word_1_716' title='bbox 1451 2783 1476 2806; x_wconf 81' lang='lat' dir='ltr'><strong>et</strong></span> <span class='ocrx_word' id='word_1_717' title='bbox 1493 2785 1560 2805; x_wconf 72' lang='grc' dir='ltr'><strong>υκαι</strong></span> <span class='ocrx_word' id='word_1_718' title='bbox 1571 2784 1658 2804; x_wconf 74' lang='lat' dir='ltr'><strong>meum</strong></span> <span class='ocrx_word' id='word_1_719' title='bbox 1671 2775 1735 2803; x_wconf 71' lang='lat' dir='ltr'><strong>leve.</strong></span> <span class='ocrx_word' id='word_1_720' title='bbox 1750 2774 1860 2810; x_wconf 67' lang='lat' dir='ltr'><strong>(lauit.</strong></span> <span class='ocrx_word' id='word_1_721' title='bbox 1874 2780 1906 2803; x_wconf 76' lang='lat' dir='ltr'><strong>ll,</strong></span> 
     </span>
    </p>
   </div>
   <div class='ocr_carea' id='block_1_104' title="bbox 1118 2820 1907 2861">
    <p class='ocr_par' dir='ltr' id='par_1_104' title="bbox 1118 2820 1907 2861">
     <span class='ocr_line' id='line_1_104' title="bbox 1118 2820 1907 2861; baseline -0.011 -8"><span class='ocrx_word' id='word_1_722' title='bbox 1118 2826 1176 2861; x_wconf 79' lang='lat'><strong>30.)</strong></span> <span class='ocrx_word' id='word_1_723' title='bbox 1192 2826 1225 2853; x_wconf 81' lang='lat' dir='ltr'><strong>Et</strong></span> <span class='ocrx_word' id='word_1_724' title='bbox 1236 2825 1381 2860; x_wconf 86' lang='lat' dir='ltr'><strong>Apostolus</strong></span> <span class='ocrx_word' id='word_1_725' title='bbox 1399 2824 1438 2852; x_wconf 89' lang='lat' dir='ltr'><strong>ait</strong></span> <span class='ocrx_word' id='word_1_726' title='bbox 1451 2833 1458 2851; x_wconf 90' lang='lat'><strong>:</strong></span> <span class='ocrx_word' id='word_1_727' title='bbox 1476 2823 1543 2857; x_wconf 67' lang='lat' dir='ltr'><strong>Qui:</strong></span> <span class='ocrx_word' id='word_1_728' title='bbox 1553 2831 1600 2850; x_wconf 70' lang='lat' dir='ltr'><strong>nos</strong></span> <span class='ocrx_word' id='word_1_729' title='bbox 1614 2821 1746 2857; x_wconf 67' lang='lat' dir='ltr'><strong>separabit</strong></span> <span class='ocrx_word' id='word_1_730' title='bbox 1760 2829 1778 2848; x_wconf 71' lang='grc' dir='ltr'><strong><em>ι</em></strong></span> <span class='ocrx_word' id='word_1_731' title='bbox 1789 2820 1907 2847; x_wconf 70' lang='lat' dir='ltr'><strong>chariton</strong></span> 
     </span>
    </p>
   </div>
   <div class='ocr_carea' id='block_1_105' title="bbox 1119 2863 1908 2906">
    <p class='ocr_par' dir='ltr' id='par_1_105' title="bbox 1119 2863 1908 2906">
     <span class='ocr_line' id='line_1_105' title="bbox 1119 2863 1908 2906; baseline -0.008 -7"><span class='ocrx_word' id='word_1_732' title='bbox 1119 2871 1238 2900; x_wconf 76' lang='lat' dir='ltr'><strong>Christi?</strong></span> <span class='ocrx_word' id='word_1_733' title='bbox 1262 2870 1409 2899; x_wconf 79' lang='lat' dir='ltr'><strong>Tribulatio</strong></span> <span class='ocrx_word' id='word_1_734' title='bbox 1428 2878 1464 2899; x_wconf 82' lang='lat' dir='ltr'><strong>an</strong></span> <span class='ocrx_word' id='word_1_735' title='bbox 1485 2869 1588 2906; x_wconf 67' lang='lat' dir='ltr'><strong>(umet?</strong></span> <span class='ocrx_word' id='word_1_736' title='bbox 1609 2877 1646 2897; x_wconf 78' lang='lat' dir='ltr'><strong>an</strong></span> <span class='ocrx_word' id='word_1_737' title='bbox 1661 2868 1768 2905; x_wconf 66' lang='lat' dir='ltr'><strong>frigus!</strong></span> <span class='ocrx_word' id='word_1_738' title='bbox 1780 2875 1817 2895; x_wconf 78' lang='lat' dir='ltr'><strong>an</strong></span> <span class='ocrx_word' id='word_1_739' title='bbox 1829 2863 1908 2894; x_wconf 64' lang='lat' dir='ltr'><strong>non?</strong></span> 
     </span>
    </p>
   </div>
  </div>
