3838 6306
99 379 180 440 ιιι

1189 370 1354 433 ALIA
1405 372 1566 430 VITA
1608 371 1859 430 ΒΕΑΤᾹΞ
1896 367 2055 428 IDE.

3171 371 3284 434 ιεο,

95 512 146 548 αι
163 489 285 546 rita?
305 502 366 541 an
389 482 664 556 periculum
688 483 716 540 .’
747 501 818 540 an
855 483 1103 556 gladius?
1129 485 1307 558 (Rom.
1334 503 1452 554 vnt,
1476 487 1593 560 55.)
1624 487 1669 546 Α
1697 484 1836 539 viter
1859 483 2220 548 educaverat,
2256 479 2325 536 ad
2375 478 2552 537 locum
2599 478 2760 538 Wast
2796 483 3155 556 appellatum,
3188 488 3278 544 ln-

90 586 139 641 ει
164 585 323 637 iterum
366 578 471 645 ipse
515 574 772 631 Dominus
812 576 866 630 in
915 575 1202 649 Evangelia
1246 579 1325 633 ait
1356 596 1372 633 :
1399 578 1582 650 Ignem

88 672 174 728 mu'
207 668 378 720 mittere
405 667 457 718 in
481 673 674 718 terram
699 705 717 731 ,
765 679 925 734 quem
954 664 1076 721 volo
1118 676 1176 720 ut
1212 667 1399 722 ardeat
1427 667 1580 738 (Luc.

87 781 155 820 xu.
177 761 269 827 ιθ).
298 758 381 812 llis
399 756 550 811 solati
580 758 753 812 sacris
779 757 1145 823 adminiculis,
1179 758 1351 816 hostis
1375 760 1584 831 antiqui

84 852 294 906 calcemus
326 845 540 901 insidias
578 863 592 900 :
626 856 686 901 ut
729 861 852 902 cum
900 847 1058 904 beata
1107 847 1199 904 Ida
1247 849 1582 907 nobilissima

83 953 270 999 matrona
301 937 468 1010 (cujus
501 947 652 1010 gesta
689 937 776 994 hic
816 939 1055 996 breviter
1083 939 1328 998 inserere
1359 941 1582 998 curabio

81 1049 182 1098 mus,
201 1041 295 1086 tum
339 1031 456 1101 quia
503 1031 740 1088 virtuosa
774 1045 938 1099 sunt,
979 1041 1092 1090 tum
1135 1035 1264 1106 quia
1305 1035 1582 1106 proposito

79 1133 216 1180 nostro
238 1129 552 1192 congruunt;
583 1137 706 1177 eum
739 1123 876 1194 ipsa,
905 1125 973 1180 de
1002 1139 1108 1196 qua
1142 1125 1232 1180 hic
1269 1126 1327 1180 ﬁt
1355 1127 1577 1194 mentio,

76 1213 274 1283 tlestirpe
294 1210 654 1268 Carolidarum
681 1213 960 1283 prodierit,
993 1215 1060 1269 ad
1088 1215 1271 1271 sedem
1295 1216 1582 1286 pervenia-

74 1319 159 1358 mus
179 1300 485 1373 “arigeram,
527 1301 912 1372 perpetualiter
939 1319 1063 1358 cum
1102 1317 1168 1360 ea
1216 1307 1492 1374 regnaturi
1523 1307 1577 1362 in

74 1395 334 1450 coelestibus.
358 1392 574 1453 Amen.’
951 1401 954 1404 ’

319 1485 680 1542 ΗιετοιιῑεΔ
724 1485 1022 1544 RELATIO
1064 1486 1267 1545 VITE.

117 1578 158 1632 2.
188 1577 293 1633 Fuit
319 1579 557 1647 quaedam
587 1580 768 1649 virgo,
794 1578 1127 1636 nobilissima
1167 1593 1354 1639 exorta
1385 1571 1575 1656 prosa-

70 1669 160 1740 pia,
180 1667 374 1740 insignis
411 1669 840 1737 adulescentula,
865 1673 1088 1729 nomine
1123 1674 1260 1743 Ida;
1294 1677 1448 1748 cujus
1477 1693 1576 1747 pa-

72 1773 143 1824 ter,
165 1761 353 1817 nomine
375 1759 734 1830 Godelridns,
777 1765 983 1834 primus
1003 1767 1146 1837 apud
1189 1768 1574 1839 imperatorem

71 1851 318 1916 ustilit,et
354 1865 536 1908 eomes
566 1851 932 1912 Ardennensis
964 1857 1192 1925 claruit;
1227 1869 1406 1916 mater
1443 1876 1576 1919 vero

73 1941 250 2008 ejnsuoa
271 1941 437 1998 minus
463 1942 684 2008 nobilis,
712 1943 857 2004 Doda
891 1947 1208 2004 vocabatur.
1231 1948 1364 2005 Erat
1391 1961 1574 2008 autem

72 2043 330 2104 mtcmporc
363 2033 591 2107 inclytus
622 2051 805 2092 eomes
844 2036 1112 2106 Bolonire,
1136 2041 1353 2100 nomine
1382 2043 1576 2100 Eusta-

70 2125 168 2187 tius,
184 2124 304 2179 ﬁlius
330 2123 552 2180 Eustatii
601 2135 660 2181 et
701 2125 972 2184 Mathildis
1014 2129 1378 2188 Bruxelleusis
1402 2133 1572 2192 comi-

69 2215 186 2282 tisse,
222 2214 361 2283 cujus
396 2217 630 2272 secundi
673 2217 903 2274 Eustatii
944 2235 1082 2277 uxor
1122 2223 1184 2280 ὃ.
1218 2224 1304 2280 Ida
1336 2223 1529 2282 ell’ecta
1551 2268 1568 2293 ,

67 2317 142 2363 tres
157 2309 195 2362 ei
221 2307 552 2380 ﬁliosgenuit
577 2350 596 2377 ,
637 2310 888 2366 videlicet
907 2310 1262 2372 Godofritlum
1285 2355 1302 2382 ,
1354 2316 1571 2375 Baldui-

63 2416 150 2455 nam
181 2411 228 2456 ct
253 2401 563 2462 Eustatium.
598 2403 730 2460 Haec
757 2405 895 2462 ﬁlios
921 2405 976 2462 in
1018 2409 1164 2464 omni
1203 2411 1484 2482 disciplina
1515 2423 1571 2470 et

65 2493 201 2547 tituore
237 2493 320 2548 Dei
348 2495 631 2560 educavit,
680 2506 738 2552 et
763 2512 884 2567 quae
908 2497 1068 2570 digna
1108 2504 1567 2576 suntprlncipatu

63 2599 173 2652 agere
203 2587 362 2642 docuit
383 2629 400 2652 ,
429 2598 600 2659 atque
630 2591 698 2646 ad
719 2605 944 2650 sanctos
987 2605 1042 2650 et
1081 2594 1254 2651 bonos
1284 2614 1461 2654 mores
1486 2599 1572 2654 in-

65 2676 264 2733 famavit.
291 2676 481 2734 Horum
501 2679 860 2750 Godefridns,
898 2693 1020 2756 post
1048 2695 1276 2742 mortem
1313 2687 1564 2748 avunculi

63 2766 115 2818 sui
133 2765 362 2824 Godelridi
399 2769 628 2830 Gibbosi
651 2814 668 2838 ,
724 2776 984 2847 majorem
1012 2786 1224 2848 partem
1256 2777 1568 2838 Brabuttlite

64 2855 260 2921 posselit,
289 2868 340 2912 et
364 2864 714 2928 postmodum
759 2865 968 2927 electus
994 2877 1079 2923 est
1111 2883 1202 2926 rex
1230 2879 1284 2926 et
1312 2870 1566 2941 princeps

64 2946 428 3016 inllicrusalem,
479 2965 774 3026 postquam
822 2968 966 3014 terra
1009 2969 1194 3016 saneta
1243 2971 1562 3032 recuperata

63 3035 168 3094 inita
190 3039 516 3109 Christianis,
557 3063 630 3104 ac
659 3059 782 3120 post
826 3066 950 3106 eum
985 3050 1159 3108 frater
1187 3051 1307 3122 ejus
1348 3054 1563 3108 Baldui-

63 3143 157 3184 nas:
179 3135 251 3202 qui
271 3136 444 3192 multis
469 3138 792 3194 claruerunt
820 3142 1062 3202 victoriis
1077 3154 1269 3204 contra
1299 3146 1558 3216 perﬁdam

61 3230 209 3287 gentem
232 3221 667 3282 Sarracenorum.
695 3228 1030 3302 Factumque
1057 3241 1139 3288 est
1181 3244 1240 3290 ut
1285 3250 1408 3290 cum
1441 3245 1556 3290 tan-

63 3320 181 3365 lorum
200 3312 246 3368 Β.
273 3314 353 3370 Ida
386 3329 562 3373 mater
611 3331 758 3378 esset
787 3322 1054 3390 ﬁliorum,
1089 3341 1196 3382 non
1232 3327 1439 3384 sineret
1462 3343 1558 3385 eos

61 3402 206 3468 alienis,
232 3408 313 3463 sed
333 3412 569 3480 propriis
598 3412 790 3468 lactari
823 3416 1101 3472 uberibus.

103 3495 140 3548 3.
168 3497 376 3569 Cumque
415 3520 614 3560 comes
652 3505 932 3563 Eustatius
969 3510 1050 3565 vir
1088 3526 1221 3566 suus
1250 3512 1396 3567 illam
1426 3529 1558 3569 con-

57 3587 223 3654 spiceret
241 3594 477 3650 omnibus
502 3595 822 3662 amabilem,
851 3600 1170 3671 cunctisque
1199 3600 1519 3670 placabilem
1539 3643 1555 3665 .

58 3689 93 3731 et
112 3673 350 3748 peremnia
387 3687 746 3755 laudabilem,
779 3706 1116 3762 nequaquam
1147 3693 1371 3750 moleste
1394 3697 1557 3752 susti-

58 3773 154 3838 nuit;
180 3791 340 3833 verum
368 3780 540 3836 etiam.
563 3793 628 3836 ut
655 3781 706 3836 in
732 3782 890 3845 bonis
925 3798 1282 3852 perseverans
1307 3787 1378 3841 ad
1404 3797 1559 3842 antc-

58 3864 152 3919 riora
171 3876 215 3923 et
237 3871 443 3927 meliora
477 3873 714 3931 tendere
739 3885 1053 3942 conaretur,
1085 3877 1381 3934 admonuit.
1413 3879 1556 3936 San-

55 3964 222 4016 tlavero
264 3961 344 4016 Ida
373 3973 434 4018 ιιι
477 3967 741 4036 cognovit
784 3982 912 4037 erga
965 3983 1025 4024 se
1071 3969 1170 4026 viri
1210 3971 1294 4026 sui
1331 3971 1555 4029 Eustatii

56 4051 205 4141 comitis
227 4054 548 4114 Bolonicnsis
581 4059 911 4117 voluntatem
941 4063 1163 4128 bonam,
1193 4065 1360 4134 erepit
1385 4066 1562 4122 eccle-

55 4144 127 4187 sus
141 4148 447 4208 construere,
481 4159 758 4214 pauperes
785 4160 1034 4201 recreare
1074 4162 1140 4203 ac
1169 4149 1377 4215 ditare,
1405 4165 1470 4206 ac
1503 4151 1556 4205 in

56 4225 150 4278 omni
193 4243 336 4297 opere
382 4233 674 4290 charitatis
743 4243 802 4290 et
873 4236 1260 4295 misericordiae
1317 4221 1555 4310 perlecta

56 4314 238 4374 existere.
277 4321 364 4377 llis
405 4323 576 4395 igitur
620 4326 828 4383 devotis
879 4329 1072 4388 studiis
1120 4332 1245 4387 dum
1285 4332 1558 4404 eleganter

55 4404 231 4473 Wlleret,
253 4412 329 4466 vir
352 4413 469 4482 ejus
487 4415 776 4474 Ettstatins
826 4432 1011 4476 comes
1057 4419 1110 4474 in
1137 4421 1366 4476 Domino
1393 4424 1557 4478 mori-

1587 3188 1629 3246 C

1685 584 1897 633 stanter
1926 590 1992 632 ac
2037 575 2235 632 devote
2277 574 2632 647 supplicavit;
2670 584 2834 648 atque
2857 578 3072 635 obnixis
3098 582 3277 650 preci-

1684 667 1788 724 bus
1819 667 2098 733 exoravit,
2138 675 2409 738 quatenus
2460 666 2606 723 inter
2652 667 2850 724 fratres
2882 683 3004 722 eam
3045 669 3300 732 haeretli-,

1684 763 1846 812 taret.
1877 757 2112 814 Sanctus
2163 766 2346 813 autem
2397 771 2464 814 ac
2512 756 2621 816 Deo
2669 757 2900 816 dilectus
2950 760 3105 832 Hugo
3157 762 3300 826 hac,

1683 847 1936 914 audiens,
1963 845 2203 918 ejusdem
2232 847 2478 918 petitioni
2530 849 2822 918 satisfecit,
2859 852 3142 910 tlestinans
3164 854 3277 910 fra-

1683 942 1796 992 tres
1814 936 1882 990 ad
1905 937 2292 992 monasterium
2327 939 2749 994 construendum
2779 942 2846 996 de
2879 957 3038 998 novo.

1755 1027 1808 1082 5.
1850 1027 1977 1083 Post
2005 1028 2122 1083 haec
2148 1029 2377 1100 contigit
2400 1038 2460 1084 ut
2485 1031 2793 1086 beatissima
2824 1030 2912 1087 Ida
2947 1035 2998 1088 in
3021 1034 3269 1106 Angliam

1659 1119 1995 1198 navigaret:
2020 1133 2163 1188 quze,
2190 1119 2317 1174 dum
2345 1121 2633 1192 quamdam
2657 1121 2941 1178 ecclesiam
2967 1120 3288 1194 ingredere?

1681 1218 1792 1278 tur,
1823 1209 2036 1266 obviam
2086 1209 2276 1278 habuit
2321 1213 2609 1282 quemdam
2643 1211 2894 1270 claudum
2939 1231 3269 1286 pauperem,

1680 1311 1951 1373 petentem
1982 1301 2383 1374 eleemosynam
2422 1303 2491 1359 ab
2518 1319 2611 1371 ea;
2641 1320 2762 1376 qua:
2789 1323 2896 1362 non
2921 1308 3082 1362 modo
3103 1324 3270 1380 pecu-

1677 1395 1782 1450 niae
1809 1395 2006 1465 stipem
2033 1394 2210 1450 eidem
2240 1394 2505 1467 erogavit,
2531 1411 2720 1452 verum
2739 1399 2904 1453 etiam
2946 1399 3023 1454 illi
3045 1416 3267 1456 manum

1679 1485 2009 1556 porrigendo
2039 1485 2211 1555 ipsum
2235 1487 2412 1541 erexit
2438 1500 2504 1540 ac
2525 1489 2759 1543 sanavit.
2789 1489 2992 1545 Dehinc
3018 1507 3268 1546 remeans

1676 1592 1748 1634 ex
1792 1577 1982 1648 Anglia
2011 1618 2027 1644 ,
2076 1577 2218 1648 apud
2257 1577 2566 1634 Bruxellatn
2595 1617 2611 1645 ,
2656 1580 2930 1636 civitatem
2963 1582 3270 1640 Brabautite

1678 1671 2096 1738 nobilissimam,
2131 1669 2213 1726 vel
2243 1671 2390 1726 circa
2413 1685 2564 1736 eam,
2597 1687 2790 1743 magna
2836 1689 2902 1728 ex
2953 1683 3108 1744 parte
3143 1677 3270 1730 vitae

1678 1776 1810 1826 sunt,
1843 1761 2178 1817 mansionem
2231 1759 2360 1816 fecit
2412 1774 2429 1814 :
2489 1769 2545 1816 et
2586 1759 2750 1830 juxta“
2791 1762 3087 1834 Genepiam
3117 1766 3268 1834 (3|),

1608 1835 1652 1896 Β
1679 1868 1800 1909 cum
1840 1853 1964 1908 tiliis
2009 1851 2388 1908 honestissime
2410 1865 2761 1916 conversans,
2793 1852 3076 1906 habitavit.
3114 1851 3263 1909 Μοιιο

1675 1952 1884 2000 stratur
1929 1944 2039 2000 illic
2066 1959 2238 2016 usque
2282 1944 2440 1998 hodie
2480 1942 2604 1997 fons
2653 1943 2793 1998 sacri
2846 1945 3146 2013 baptisterii
3211 1949 3264 2001 in

1673 2050 1784 2105 quo
1814 2034 2142 2092 (iodefridus
2167 2034 2285 2106 ejus
2315 2035 2713 2105 primogenittts
2759 2033 2932 2090 fertur
2965 2036 3129 2094 fuisse
3164 2037 3268 2094 iui-

1676 2128 1866 2183 tiatus.

1742 2221 1797 2277 6.
1837 2219 2062 2276 Factum
2091 2228 2178 2277 est
2202 2228 2382 2276 autem
2427 2219 2666 2289 postbzec
2688 2259 2704 2286 ,
2747 2234 2870 2274 cum
2898 2221 3132 2290 quadam
3164 2235 3266 2276 no-

1671 2324 1759 2371 cte
1784 2312 2132 2369 sanctissima
2163 2312 2253 2368 Ida
2283 2328 2390 2367 una
2417 2329 2538 2367 eum
2589 2310 2844 2367 fratribus
2875 2313 3153 2367 matutinis
3177 2313 3265 2368 in-

1670 2410 1900 2459 teresset
1945 2401 2225 2466 laudibus,
2272 2402 2415 2457 venit
2459 2402 2526 2457 ad
2569 2417 2687 2458 eam
2732 2403 2956 2474 supplex
3001 2404 3253 2471 quaedam

1671 2491 1886 2557 mulier,
1904 2493 2106 2547 habens
2121 2505 2307 2555 secum
2340 2491 2501 2545 ﬁliam
2531 2506 2686 2546 suam
2713 2493 2933 2546 surdam
2953 2500 3006 2548 et
3031 2503 3258 2560 mutatu,

1667 2599 1831 2654 quant
1875 2584 2029 2639 beata
2074 2595 2318 2661 matrona
2369 2582 2614 2653 pristina:
2655 2584 2874 2638 sanitati
2913 2584 3174 2647 restituit,
3205 2593 3262 2640 et

1666 2686 1727 2736 ut
1762 2676 1816 2731 in
1839 2676 2078 2732 crastina
2103 2717 2120 2741 ,
2152 2677 2220 2731 ab
2260 2675 2458 2732 abbate
2499 2675 2598 2729 loci
2633 2675 2794 2737 illius.
2829 2675 3016 2746 puella:
3052 2685 3258 2730 sanata!

1667 2767 1959 2839 prtebenda
1992 2767 2384 2824 concederetur
2418 2767 2745 2837 impetravit.
2779 2766 2910 2833 Otia:
2945 2766 3118 2836 puclla
3149 2783 3256 2822 non

1666 2860 1837 2916 multo
1860 2869 1999 2932 post,
2048 2860 2342 2933 instigante
2387 2861 2601 2930 generis
2637 2859 2857 2914 humani
2909 2859 3152 2925 inimico,
3186 2860 3254 2914 de
3289 2935 3292 2938 ἢ

1664 2952 1898 3022 quodam
1934 2951 2051 3006 viro
2079 2952 2325 3022 concepit
2355 2961 2408 3006 et
2440 2952 2683 3022 peperit,
2721 2966 2785 3007 ac
2814 2942 3035 3022 perinde
3066 2951 3114 3014 in
3147 2957 3257 3024 pri-

1663 3045 1836 3102 stinas
1866 3046 2210 3102 inﬁrmitates
2257 3047 2484 3112 decidit,
2527 3046 2980 3118 praebendumque
3023 3045 3122 3099 sibi
3159 3046 3257 3100 imo

1663 3147 1929 3208 petratam
1960 3139 2163 3194 amisit.
2198 3138 2305 3194 Sed
2336 3140 2553 3196 tandem
2589 3139 2659 3193 ob
2699 3139 2894 3192 merita
2927 3138 3255 3192 venerabilis
3291 3127 3294 3130 ’

1661 3230 1765 3285 Ida:
1819 3231 1996 3285 denuo
2049 3239 2339 3286 consecuta
2395 3240 2478 3286 est
2527 3231 2989 3293 misericordiam,
3030 3240 3086 3285 et
3128 3239 3254 3284 tunc

1659 3321 1862 3391 gratias
1901 3337 1998 3392 pro
2032 3323 2230 3392 duplici
2267 3322 2528 3378 miraculo
2565 3324 2760 3377 fratres
2800 3309 3150 3378 reddiderunt
3173 3323 3258 3376 al-

1661 3411 1872 3466 tissimo
1900 3412 2026 3466 Deo.
2074 3411 2205 3468 Post
2246 3413 2514 3467 modicum
2551 3413 2774 3483 praefata
2810 3413 2982 3484 puella
3006 3455 3023 3480 ,
3053 3412 3254 3466 iterum

1659 3501 1997 3567 recidivans,
2024 3503 2270 3572 concepit
2299 3513 2354 3558 et
2395 3505 2629 3574 peperit;
2661 3515 2715 3560 et
2739 3507 2809 3559 ob
2837 3506 2938 3559 hoc
2973 3503 3131 3558 tertio
3154 3519 3249 3558 ee-

1659 3595 1792 3649 cidit
1833 3594 1886 3649 in
1919 3595 2175 3663 pristinas
2212 3595 2591 3663 inﬁrmitates,
2623 3598 2709 3651 cui
2744 3597 2803 3651 Il.
2844 3596 2932 3649 Ida
2961 3596 3118 3650 tertio
3146 3592 3252 3648 mi—

1660 3695 1803 3742 serta
1862 3685 2002 3752 fuit,
2053 3696 2108 3742 et
2136 3702 2254 3741 eam
2297 3687 2544 3742 oratione
2581 3686 2721 3742 facta
2752 3686 2994 3758 pristina:
3025 3683 3249 3740 sanitati

1661 3777 1921 3834 restituit.
2898 3821 2900 3824 ,
2965 3855 2968 3858 ἢ

1731 3871 1782 3925 7.
1826 3869 2065 3927 Tandem
2092 3872 2414 3927 venerabilis
2453 3871 2568 3935 Ida,
2617 3872 2744 3927 dum
2786 3872 2961 3928 debile
2991 3888 3054 3927 ac
3087 3881 3236 3928 tene-

1660 3977 1780 4017 rum
1809 3976 2006 4031 corpus
2053 3978 2210 4017 suum
2240 3963 2466 4033 vigiliis,
2494 3961 2750 4033 jejuniis,
2785 3972 2948 4033 atque
2985 3964 3250 4018 orationi-

1661 4053 1760 4108 lms
1790 4053 2044 4108 continue
2079 4054 2429 4125 castigasset,
2461 4054 2722 4109 inﬁrmari
2765 4055 2932 4124 ccepit
2977 4070 3040 4109 ac
3072 4056 3136 4110 de
3161 4055 3247 4110 die

1661 4145 1715 4200 in
1740 4144 1881 4200 diem
1913 4144 2169 4200 nimirum
2201 4144 2466 4207 deﬁcere;
2494 4154 2549 4200 et
2569 4146 2649 4200 sic
2671 4147 2739 4200 ad
2770 4145 2931 4199 ﬁnem
2955 4145 3110 4216 quasi
3131 4144 3246 4214 jam
3277 4205 3283 4213 ⁴

1660 4235 1966 4305 proximum
2022 4235 2292 4292 tendebat.
2353 4235 2648 4291 Audientes
2679 4225 3125 4308 _vero'monachi
3177 4223 3284 4289 de.

1659 4323 1815 4380 Wast
1842 4366 1858 4391 ,
1901 4327 2045 4396 quod
2090 4325 2438 4382 sanctissima
2494 4335 2669 4381 mater
2714 4341 2899 4380 eorum
2946 4326 3248 4396 spiritualis

1663 4427 1845 4500 ageret
1875 4419 1927 4474 in
1977 4420 2237 4474 extremis
2265 4461 2280 4484 ,
2311 4428 2595 4489 eruperunt
2645 4419 2800 4474 valde
2835 4420 3146 4475 contristari
3177 4421 3244 4476 de
3277 4489 3280 4492 ,

57 4502 141 4552 tur:
168 4515 268 4594 quae
288 4516 404 4575 post
427 4508 574 4572 haec,
604 4509 721 4578 ipso
746 4510 956 4582 sepulto
979 4554 996 4582 ,
1027 4513 1096 4568 ad
1130 4523 1383 4585 parentes
1427 4531 1558 4572 suos
1587 4534 1634 4594 υ
1661 4519 1838 4566 morte
1887 4509 2075 4581 ipsius.
2124 4510 2294 4564 Media
2328 4511 2489 4582 igitur
2527 4521 2686 4566 nocte
2715 4510 3027 4578 Dominica,
3063 4511 3246 4566 Idibus

54 4591 289 4648 revertitur.
315 4595 436 4652 Haec
484 4596 552 4652 Β.
581 4597 671 4666 lda
717 4609 841 4670 post
869 4611 1098 4658 mortem
1140 4604 1241 4658 viri
1289 4605 1370 4659 sui
1429 4621 1556 4661 sau-

54 4679 228 4740 distime
246 4687 396 4756 vixit;
426 4692 560 4760 quin
616 4702 671 4748 et
696 4693 749 4749 in
790 4696 899 4750 vita
922 4703 978 4750 et
1007 4706 1128 4767 post
1147 4709 1376 4758 mortem
1400 4715 1552 4756 suam
1589 4741 1592 4746 -

53 4768 192 4843 claruit
214 4779 494 4838 miraculis.
519 4781 766 4853 Denique
791 4785 969 4855 primo
991 4787 1140 4842 venit
1167 4789 1234 4843 ad
1260 4790 1553 4859 quamdam

53 4863 296 4936 ecclesiam,
324 4873 374 4927 in
398 4874 610 4948 honore
651 4874 710 4932 S.
740 4875 1054 4950 Walburgis
1083 4880 1309 4952 virginis
1333 4881 1554 4938 dedica-

54 4960 128 5006 tam
164 4963 325 5017 orandi
375 4967 583 5036 gratia:
644 4976 700 5039 et
748 4968 940 5026 videns
994 4970 1207 5027 eminus
1272 4973 1552 5030 mulierem

54 5039 274 5116 llitll'opieo
304 5057 490 5112 morbo
516 5073 616 5127 per
647 5068 816 5114 totum
841 5075 1038 5130 corpus
1063 5077 1398 5134 oppressam,
1428 5080 1549 5120 eam

55 5140 224 5205 Propriis
247 5146 486 5203 manibus
518 5149 586 5202 de
621 5158 764 5204 terra
799 5150 1027 5217 levavit;
1065 5159 1119 5207 et
1144 5168 1308 5209 orans
1335 5168 1400 5207 ac
1429 5169 1549 5209 eam

56 5237 213 5294 sanans,
237 5236 297 5288 ad
311 5240 532 5316 propria
567 5242 828 5309 repedare
854 5241 1122 5310 permisit.

100 5316 138 5370 l.
167 5323 444 5392 Adveniens
469 5341 647 5394 autem
674 5333 1004 5388 venerabilis
1039 5332 1097 5386 Β.
1131 5333 1220 5388 lda
1245 5335 1310 5388 ad
1333 5334 1552 5390 Clunia-

58 5408 180 5496 φιλεῖς
193 5417 412 5474 ecclesiae
433 5419 630 5478 fratres
654 5423 789 5495 (50),
813 5423 872 5479 S.
907 5423 1115 5496 Hugoni
1138 5465 1158 5490 ,
1182 5425 1423 5496 ejusdem
1454 5441 1548 5482 ec-

60 5493 181 5586 tlesiae
202 5511 624 5568 reverendissimo
649 5493 865 5579 abbati,
903 5523 963 5570 ut
999 5493 1238 5570 mitteret
1280 5517 1545 5586 quosdam

61 5585 347 5687 dediscipul'ts
382 5603 497 5658 suis
522 5644 538 5669 ,
579 5620 714 5674 quos
762 5605 815 5661 in
845 5606 1129 5678 disciplina
1160 5585 1388 5680 regulari
1426 5625 1549 5680 gra-

108 5700 188 5788 (Ξθ)
202 5707 418 5788 “Videtur
434 5715 614 5788 potius
629 5725 732 5788 per
750 5717 961 5775 litteras
980 5727 1076 5776 aut
1095 5720 1316 5778 nuntios
1345 5724 1544 5777 missos

63 5767 106 5818 ad
129 5767 183 5826 SI
201 5767 462 5850 llugouetnr

1659 4599 1880 4672 Aprilis,
1917 4600 2301 4656 sacratissima:
2330 4601 2433 4655 Ida:
2459 4602 2683 4670 spiritus
2703 4601 2884 4656 carnis
2910 4600 3241 4670 ergastulum

1658 4688 1897 4746 deseruit
1924 4730 1939 4753 ,
1985 4706 2050 4747 ac
2081 4693 2204 4747 vitae
2254 4692 2539 4761 pmsentis
2571 4681 2794 4746 exuvias
2838 4689 3043 4751 subiit,
3080 4695 3245 4756 atque

1657 4781 1824 4836 vitam
1851 4783 2174 4854 possidendo
2202 4792 2519 4856 perpetuam
2548 4824 2563 4850 ,
2602 4781 2960 4852 jncnnditatis
2983 4779 3240 4834 amictum

1659 4873 1881 4929 induere
1907 4875 2121 4930 meruit.

1727 4969 1782 5025 8.
1823 4968 2061 5025 Tandem
2089 5012 2105 5040 ,
2162 4979 2223 5025 ut
2268 4969 2477 5040 justum
2519 4969 2725 5032 fuerat,
2757 4953 2956 5038 corpus
2995 4965 3242 5038 gloriosa:

1655 5070 1918 5118 matrona:
1948 5073 2076 5119 ante
2122 5065 2292 5120 altare
2314 5104 2331 5130 ,
2377 5079 2485 5118 non
2536 5063 2652 5117 sine
2682 5061 3000 5131 lacrymosis
3027 5059 3239 5128 gemiti-
3277 5135 3280 5138 .

1655 5152 1776 5220 bus,
1807 5153 2029 5209 allatum
2058 5164 2142 5209 est
2177 5170 2206 5208 a
2255 5153 2516 5208 fratribus
2542 5192 2558 5216 ,
2608 5152 2785 5220 ibique
2827 5149 3121 5204 honoriﬁce
3153 5164 3239 5204 se—
3275 5223 3282 5232 ⁸

1655 5242 1884 5312 pullum.
1917 5244 2069 5300 lluue
2099 5248 2306 5299 ctenim
2351 5244 2524 5298 locum
2561 5242 2652 5297 Dei
2703 5241 2902 5295 famula
2933 5242 3120 5296 vivens
3167 5241 3245 5295 di-

1654 5333 1804 5404 lexit,
1838 5350 1981 5389 nunc
2006 5345 2186 5391 autem
2223 5344 2277 5389 et
2307 5345 2518 5388 mortua
2567 5332 2921 5404 prodentibus
2963 5331 3247 5386 miraculis

1654 5427 1915 5496 munitae
1944 5428 2196 5497 protegit.
2237 5425 2451 5480 Debiles
2484 5439 2714 5494 namque
2736 5423 2850 5478 sive
2883 5422 3087 5478 inﬁrmi
3115 5463 3131 5485 ,
3161 5423 3244 5477 di-

1653 5515 1826 5570 versis
1877 5516 2225 5588 languoribus
2253 5518 2498 5582 obsessi,
2543 5517 2609 5570 ad
2659 5514 2972 5584 sepulcrum
3007 5501 3124 5584 ejus
3148 5529 3244 5570 ve-
3275 5583 3280 5592 ί

1652 5601 1895 5675 pientes,
1925 5610 1970 5663 si
2015 5625 2119 5664 non
2152 5611 2405 5666 haesitant
2456 5610 2510 5666 in
2558 5610 2664 5666 title
2690 5652 2704 5676 ,
2732 5612 3027 5668 sanitatem
3061 5622 3246 5676 repor-

1721 5723 1836 5795 (51)
1876 5724 1953 5779 De
1994 5723 2234 5795 Genepia
2279 5733 2333 5780 et
2375 5725 2496 5782 vico
2539 5727 2717 5782 vicino
2770 5723 2964 5780 Bascio
3049 5718 3247 5774 allodio

1649 5793 1712 5848 Β.
1747 5793 1881 5860 Idm,
1917 5795 2058 5850 infra
2084 5793 2324 5868 agemus.
