3808 6306
548 394 651 456 ιδί
1400 390 1492 448 AD
1529 383 1977 450 GODEFRIDUM
2017 380 2461 448 APPENDICES.
2493 420 2559 433 -ι
2588 380 2886 448 APPEND.
2917 391 2958 447 Ι.
3651 404 3727 460 ῃ

552 500 688 546 tant.
744 487 952 556 Corpus
1011 493 1193 541 autem
1242 485 1572 541 beatissime
1628 486 1732 539 Idae
1785 496 1908 555 post
1963 485 2130 540 multa
2164 487 2211 543 Λ
2240 485 2468 541 febrium
2501 485 2664 539 nimis
2693 484 2928 551 alllicto,
2961 484 3035 540 ob
3066 484 3478 543 familiaritatem
3502 498 3722 551 etimit.

550 590 793 651 tempora
826 580 1049 635 illaesum
1077 580 1356 634 inventum
1383 587 1467 634 est
1494 619 1508 642 ,
1540 588 1704 647 atque
1731 579 1799 632 ab
1820 578 2132 632 omnimoda
2239 586 2345 631 tem
2375 617 2390 641 ,
2420 592 2558 647 quas
2603 577 2678 632 illi
2715 579 2770 631 in
2806 578 2920 632 vita
2965 584 3023 633 et
3076 586 3201 647 post
3258 587 3476 633 mortem
3511 585 3723 651 sapissime

549 674 903 745 corruptione
938 673 1172 727 alienum
1204 690 1218 726 :
1252 672 1316 725 ad
1365 672 1520 741 cujus
1569 670 1875 739 sepulcrum
1911 670 2132 739 quidam
2240 670 2620 738 impenderat,
2650 670 2881 739 gratiam
2927 669 3180 725 sanitatis
3220 670 3490 735 exhibuit;
3514 687 3723 742 [instante

549 766 804 821 obsessus
831 766 1090 819 liberatus
1115 774 1196 819 est
1236 778 1263 817 a
1295 763 1592 824 (kemonio.
1628 762 1883 817 similiter
1903 771 1959 816 et
1982 775 2134 832 qua:-
2236 760 2468 814 Domiuo
2512 769 2702 815 nostro
2727 758 2855 814 Jesu
2878 758 3130 825 Christo,
3157 759 3251 830 qui
3277 775 3396 815 cum
3424 759 3525 815 Deo
3558 762 3724 819 Patreu

549 855 672 909 dam
703 857 947 910 obsessa.
986 854 1208 909 Cuidam
1233 867 1447 923 quoque
1472 854 1609 918 viro,
1645 854 1863 908 nomine
1890 852 2131 923 llugoni,
2238 850 2443 921 Spiritu
2488 858 2681 905 sancto
2705 849 2841 903 vivit
2882 857 2938 903 et
2967 858 3187 918 regnat,
3221 848 3363 903 Deus
3386 849 3720 913 trinusetnnas.

547 947 724 1001 eidem
757 958 1015 1002 matrona:
1039 946 1398 1002 devotissima:
1444 946 1700 1002 servienti
1729 987 1743 1013 ,
1783 956 1839 1002 et
1879 946 2132 1017 passione
2233 956 2331 1012 per
2352 940 2565 996 inﬁnita
2597 938 2794 995 sazcula
2820 938 3166 994 saeculorum.
3203 938 3402 993 Amen.

1432 1191 1582 1279 DE
1635 1192 1741 1277 B.
1823 1189 2066 1278 IDIE
2170 1172 2547 1276 BEBUS
2619 1174 3026 1274 GESTIS

879 1400 1632 1521 ANALECTA
1690 1403 1880 1517 EX
1936 1397 2426 1519 VARIIS
2518 1396 3471 1517 AUCTORIBUS.

1997 1597 2278 1618 *ιο

1054 1682 1280 1741 CAPUT
1320 1683 1608 1742 PRIMUM.
2157 1692 2207 1753 Β
2235 1683 2317 1738 sui
2346 1681 2541 1753 oppida
2582 1690 2638 1737 et
2675 1680 2937 1737 ditionem
2961 1680 3179 1750 templis
3206 1656 3369 1737 drnat
3395 1690 3448 1737 et
3472 1683 3722 1740 sacerdotiis.

540 1773 805 1847 Beneﬁcia
844 1778 1074 1832 ecclesia:
1104 1776 1381 1861 Lensiensi
1418 1787 1464 1832 et
1498 1777 1715 1848 collegio
1752 1778 2125 1833 canonicorum
2227 1774 2477 1846 Assurgit
2514 1773 2680 1845 igitur
2722 1773 2961 1831 Mariana
3006 1771 3262 1839 basilica,
3295 1780 3351 1827 et
3392 1784 3722 1829 consumat:-

1202 1857 1456 1917 Ρνωειίία·
2226 1875 2288 1920 ut
2313 1866 2460 1921 venit
2506 1865 2565 1920 S.
2596 1864 2706 1920 Liet

2226 1875 2288 1920 ut
2313 1866 2460 1921 venit
2506 1865 2565 1920 S.
2596 1864 2937 1930 Lietbertus,
2960 1864 3311 1920 Atrebatium
3350 1875 3403 1921 et
3429 1865 3723 1921 Camaraceno-

588 1970 589 1975 ‘
615 1959 667 2012 l.
708 1957 961 2014 Lensium
993 1960 1106 2016 sive
1141 1960 1440 2026 Leudium,
1468 1960 1611 2030 quod
1646 1959 1870 2016 Lenense
1891 1969 2124 2016 castrum
2228 1972 2348 2013 rum
2379 1955 2579 2027 praesul
2604 1997 2619 2023 ,
2643 1964 2959 2013 saeraturus
2984 1994 3004 2023 ,
3057 1957 3268 2027 placuit
3317 1956 3422 2012 idae
3440 1965 3494 2012 et
3517 1956 3724 2012 Eustach

544 2048 683 2105 dixit
711 2051 991 2108 Baldricus
1022 2052 1075 2107 in
1098 2052 1366 2109 Chronico
1385 2050 1762 2109 Cameracensi
1785 2052 1879 2107 lib.
1910 2068 1949 2108 ιι
1997 2067 2121 2123 cap.
2227 2047 2517 2105 comitibus
2542 2087 2558 2119 _.
2591 2045 2651 2102 S.
2676 2045 3000 2118 Vulganium
3018 2085 3033 2111 ,
3066 2045 3224 2115 cujus
3253 2059 3478 2117 corpore
3507 2047 3724 2117 potiuntur,

542 2143 652 2209 22,
676 2153 762 2200 est
790 2145 1043 2216 oppidum
1083 2145 1359 2203 hodierna:
1394 2132 1657 2210 A/rtesiaa,
1684 2154 1915 2217 quatuor
1944 2146 2124 2202 Duaco
2230 2138 2465 2194 alterum
2508 2138 2742 2209 iungere
2800 2136 2982 2207 templi
3033 2136 3348 2207 praesidem.
3408 2136 3660 2192 Accedebat
3691 2146 3726 2190 et
3780 2166 3781 2205 ἦ

539 2238 593 2289 et
617 2236 857 2306 quinque
889 2236 1148 2293 Atrebato
1177 2236 1382 2293 distans
1420 2236 1766 2301 leucis,eum
1798 2236 1979 2306 amplo
2017 2245 2126 2292 ter-
2226 2233 2372 2289 aliud
2412 2234 2481 2289 ad
2535 2234 2589 2289 id
2638 2233 3002 2304 praestandum
3050 2248 3160 2289 non
3202 2232 3328 2289 leve
3376 2233 3723 2295 incitamentum.
3780 2256 3781 2295 ς

539 2326 775 2394 ritorio,
814 2328 1053 2399 antiquis
1094 2329 1389 2393 comitatu,
1437 2329 1529 2398 qui
1576 2328 1643 2383 ad
1689 2326 2123 2396 iurisdictionem
2226 2329 2370 2401 quod
2408 2341 2639 2399 magnus
2669 2327 2762 2383 ille
2813 2328 3089 2399 quondam
3119 2327 3726 2398 CantorberiteAnglicane
3780 2384 3781 2393 χ

536 2418 796 2475 comitum
824 2419 1227 2476 Boloniensium
1271 2419 1399 2474 olim
1440 2418 1732 2489 pertinuit,
1760 2428 1816 2474 et
1835 2419 1904 2475 ab
1930 2419 2124 2475 Eusta-
2225 2418 2578 2492 archiprz'esul
2602 2460 2616 2484 ,
2651 2418 2926 2476 derelictis
2975 2420 3090 2477 suis
3118 2421 3526 2486 transmarinis,
3551 2420 3594 2476 in
3617 2418 3724 2474 lori-

535 2509 662 2566 cltio
714 2510 735 2565 l
784 2511 982 2567 comite
1028 2512 1258 2567 donatus
1294 2519 1377 2566 est
1417 2509 1739 2577 Lamberto,
1771 2510 1882 2566 lilio
1908 2526 2007 2567 suo
2035 2525 2124 2568 se-
2227 2524 2327 2566 nos
2350 2509 2596 2580 angelico
2620 2508 2826 2564 monitu
2853 2510 3290 2579 transfretasset,
3320 2521 3376 2567 et
3414 2510 3724 2567 Bononnesim

536 2603 716 2660 eundo
751 2605 961 2674 genito:
999 2618 1108 2675 quo
1163 2604 1368 2675 absque
1408 2601 1593 2659 liberis
1636 2618 1781 2658 anno
1830 2603 1969 2659 1055
2021 2603 2120 2659 de—
2226 2610 2432 2673 septem
2484 2616 2751 2657 annorum
2803 2604 2981 2676 spatio
3026 2604 3253 2676 egregie
3310 2604 3628 2667 excoluisset;
3660 2614 3723 2656 nec

535 2694 754 2764 functo,
786 2696 1079 2754 comitatus
1099 2697 1203 2753 iste
1230 2694 1443 2752 devenit
1469 2696 1524 2751 in
1565 2704 1889 2766 potestatem
1923 2697 2120 2753 Eusta-
2230 2710 2394 2767 porro
2422 2695 2786 2765 deseruisset,
2818 2698 2921 2754 nisi
2946 2698 3300 2763 xenodoxiat,
3329 2712 3427 2768 per
3450 2696 3630 2752 nimiam
3657 2694 3723 2746 ni-

535 2788 646 2843 chii
678 2790 898 2845 secundi
933 2797 986 2845 et
1013 2788 1075 2843 Β.
1100 2788 1207 2844 Idae
1245 2788 1364 2860 ejus
1404 2786 1684 2857 conjugis,
1713 2788 1804 2859 qui
1836 2789 2120 2859 collegium
2227 2786 2533 2842 raculorum
2566 2786 2741 2844 lucem
2771 2789 3135 2861 insurgentis,
3167 2799 3383 2857 metus,
3417 2789 3479 2845 ad
3502 2788 3722 2843 alimen-

533 2881 919 2937 cauonicorum
948 2881 1327 2938 Lendiensium
1350 2880 1570 2952 praediis
1607 2897 1671 2937 ac
1700 2881 1995 2953 privilegiis
2026 2883 2121 2937 do-
2226 2893 2373 2933 mum
2398 2881 2743 2950 quaerendam
2763 2920 2781 2949 ,
2812 2882 3162 2952 propulisset.
3202 2881 3347 2938 llinc
3386 2898 3486 2937 non
3528 2881 3674 2935 mirum
3693 2876 3720 2930 si

536 2979 756 3039 larunt;
806 2987 873 3028 an
924 2973 1086 3028 etiam
1142 2974 1461 3041 erexerint,
1516 2974 2117 3030 videtur'controverti.
2225 2973 2296 3028 ab
2321 2972 2673 3030 Atrebatibus
2715 2987 2930 3030 sacrum
2974 2975 3102 3045 ejus
3155 2989 3359 3046 corpus
3406 2974 3467 3030 ad
3514 2971 3722 3027 Itasime

533 3061 769 3120 Jacobus
820 3062 1097 3136 Meyerus,
1148 3064 1239 3120 lib.
1292 3081 1332 3121 ιι
1381 3066 1669 3123 Annalium
1719 3066 2017 3134 Flandriae,
2050 3067 2117 3123 ad
2147 3082 2191 3145 ο
2222 3063 2475 3134 oppidum
2500 3103 2516 3128 ,
2549 3071 2805 3133 tanquam
2835 3062 3096 3119 Bononici
3148 3064 3418 3134 principis
3458 3062 3720 3118 comitatum.

534 3170 739 3210 annum
775 3154 914 3211 1028
958 3156 1060 3212 ista
1101 3156 1308 3213 scribit.
1344 3157 1585 3215 Ecclesia
1615 3159 1904 3214 Lenseusis
1936 3174 2122 3215 sacer-
2225 3156 2522 3211 transierit.
2577 3156 2691 3213 lmo
2736 3157 2917 3213 divina
2970 3157 3333 3228 providentia
3387 3156 3564 3212 factum
3600 3152 3717 3208 forsan
3782 3182 3783 3227 ;

534 3246 689 3301 dotes
712 3246 913 3302 habere
939 3248 1416 3317 cmpitcanonicos
1475 3249 1616 3305 unde
1644 3250 1785 3306 hanc
1819 3250 1891 3305 ibi
1918 3263 2121 3305 memo-
2223 3253 2285 3300 ut
2309 3245 2492 3302 Lensii
2533 3247 2843 3304 dominatus
2887 3248 3167 3305 transierit
3202 3241 3720 3305 Bononiensibusiiac
3782 3238 3783 3247 ‘

535 3336 673 3393 riam
703 3336 891 3409 leges:
2020 3394 2023 3397 .
2221 3338 2378 3412 uberi
2398 3339 2621 3397 calamo
2644 3340 2987 3398 Malbrancus
3038 3342 3106 3398 de
3155 3342 3385 3399 basilica
3411 3348 3570 3397 erecta
3586 3336 3635 3393 ad
3658 3335 3720 3390 ho-

2222 3445 2410 3487 norem
2434 3431 2678 3503 Deiparaa
2694 3434 2921 3505 virginis
2940 3441 2996 3490 et
3024 3433 3086 3491 S.
3112 3433 3370 3507 Vulganii
3393 3428 3717 3503 archipranlii.

2220 3538 2383 3594 quem
2434 3523 2525 3580 alii
2566 3527 2748 3594 potius
2783 3525 3173 3601 confessorem,
3204 3527 3492 3598 appellant.
3531 3523 3577 3580 Si
3599 3532 3716 3578 tamen

2220 3613 2506 3686 episcopus
2529 3614 2743 3683 fuisset,
2766 3632 2834 3673 ex
2862 3617 2929 3673 iis
2950 3616 3258 3674 censendus
3279 3626 3441 3684 esset,
3462 3616 3559 3688 qui.
3583 3611 3717 3681 Αυειο-

606 3696 1176 3770 Μεγοτυιη·ερ‹ιυίιυτ
1206 3699 1470 3773 Georgius
1509 3701 1895 3768 Colvenerius.
1929 3702 1981 3758 in
2008 3703 2121 3760 suis
2221 3703 2531 3763 Saxonibus
2564 3710 2742 3765 adhuc
2786 3709 3086 3766 idololatris
3127 3710 3467 3768 Britanniam
3510 3701 3717 3765 obtinenti-

533 3794 602 3848 ad
632 3793 863 3851 Baldrici
912 3794 1217 3853 Chronicon
1271 3798 1452 3864 notis,
1492 3805 1548 3853 et
1576 3798 1726 3854 addit
1760 3816 1779 3850 ι
1818 3799 2118 3853 etiamnum
2219 3797 2352 3865 bus,
2386 3798 2458 3854 in
2506 3798 2816 3857 Cambriam
2872 3801 2988 3857 sive
3031 3800 3292 3857 Walliam
3348 3800 3716 3870 conlugemkd

534 3900 659 3941 esse
685 3886 970 3942 ecclesiam
1000 3889 1336 3960 collegiatam
1367 3890 1525 3946 simul
1555 3900 1610 3946 et
1634 3891 1997 3962 parochialem
2020 3931 2036 3957 ,
2063 3891 2117 3946 in
2221 3889 2347 3946 inde
2373 3890 2428 3946 in
2455 3891 2623 3948 hasce
2661 3901 2846 3963 partes
2871 3894 3238 3960 transierant,
3270 3895 3350 3950 uti
3381 3893 3529 3949 latius
3554 3888 3715 3945 diximus

534 3990 640 4046 qua
673 3977 910 4033 decanus
928 3987 985 4034 et
1007 3980 1291 4037 duodecim
1321 3992 1446 4037 sunt
1478 3984 1745 4039 canonici.
1788 4001 1806 4036 ι
1837 3983 2120 4040 Baldricus
2219 3980 2255 4036 4
2281 3979 2563 4037 Februarii
2594 3983 2660 4038 ad
2690 3982 2870 4039 Vitam
2898 3983 2957 4039 S.
2989 3984 3338 4054 Lietphardi,
3381 3983 3532 4041 etiam
3555 3969 3715 4048 ερὶςωρὶ

533 4066 709 4123 solum
732 4070 922 4126 scribit
946 4089 965 4123 ι
989 4070 1176 4128 haberi
1204 4076 1591 4131 monasterium
1611 4077 2119 4143 canonicorum,ubi
2220 4071 2632 4128 Cantuariensis
2656 4073 2797 4143 apud
2827 4073 3001 4129 dictos
3029 4072 3299 4131 Cambros
3338 4082 3395 4131 et
3436 4072 3548 4129 inde
3580 4069 3620 4122 in
3639 4062 3715 4118 Μ

533 4167 753 4216 sanctus
781 4160 1011 4231 quiescit
1057 4163 1384 4237 Vulganius,
1426 4184 1445 4218 ι
1478 4167 1545 4222 de
1574 4181 1681 4237 quo
1721 4171 1989 4239 agendum
2016 4170 2121 4226 erit
2219 4163 2365 4233 gium
2401 4163 2629 4233 profecti
2656 4205 2670 4231 ,
2696 4174 2751 4220 et
2779 4165 3041 4236 martyrio
3064 4166 3335 4221 coronati.
3366 4162 3465 4221 Sed
3492 4162 3549 4217 ad
3572 4155 3717 4214 institi-

534 4252 603 4306 ad
654 4252 796 4308 diem
849 4258 1145 4312 secundum
1198 4258 1537 4314 Novembris.
1600 4257 1893 4330 Scripsisse
1935 4270 2118 4317 autem
2222 4255 2423 4310 tionem
2454 4255 2840 4311 canonicorum
2881 4265 3265 4325 revertamur,
3292 4269 3450 4327 Quam
3492 4253 3557 4309 ita
3588 4256 3715 4320 PN“

531 4343 839 4401 Baldricum
867 4345 1061 4402 librum
1088 4364 1104 4403 t
1134 4357 1189 4404 et
1215 4365 1252 4404 ιι
1279 4347 1535 4405 Chronici
1563 4349 1645 4405 sui
1673 4351 1773 4406 sub
1800 4351 1959 4407 linem
1990 4352 2118 4409 vitze
2219 4346 2403 4415 quitur
2428 4345 2791 4402 Malbmncus—

530 4432 759 4490 Gerardi
789 4450 807 4489 ι
833 4421 1069 4508 episcopi
1096 4437 1523 4504 Cameracensis,
1550 4441 1694 4496 circa
1718 4455 1917 4496 annum
1950 4441 2109 4509 1040,
2290 4441 2346 4494 '5.
2389 4457 2408 4491 ι
2441 4440 2685 4496 Eximius
2710 4440 2965 4496 Ecclesiae
2998 4440 3253 4512 splendor
3278 4440 3424 4497 ldam
3456 4436 3516 4492 ad
3535 4428 3713 4489 αμα-ἰοῦ

534 4523 722 4579 multis
746 4523 938 4594 probat
967 4525 1336 4585 Colvenerius.
1370 4529 1487 4585 Non
1528 4530 1741 4586 reﬂexit
1777 4532 2016 4587 animum
2046 4533 2113 4588 ad
2143 4520 2194 4580 1)
2218 4541 2274 4588 et
2302 4533 2524 4589 meliora
2557 4533 2806 4588 invitavit
2828 4574 2841 4597 ,
2879 4542 3043 4604 atque
3072 4534 3141 4589 ad
3186 4534 3335 4589 illam
3363 4529 3539 4600 insigni
3562 4518 3715 4582 αυοιιίο

529 4615 632 4701 ista
674 4617 1033 4684 Malbrancus,
1064 4621 1189 4675 dum
1236 4621 1326 4678 lib.
1357 4637 1452 4677 vni
1478 4623 1555 4679 De
1584 4624 1827 4692 Morinis,
1875 4639 1995 4695 cap.
2019 4625 2110 4691 49,
2218 4638 2405 4680 eorum
2455 4625 2683 4697 collegio
2747 4625 3241 4681 condecoraudam.
3288 4621 3544 4682 Confectis
3579 4610 3712 4670 tabo“!

526 4710 719 4766 scribit
750 4711 1006 4782 templum
1036 4712 1281 4784 Deipara:
1329 4714 1520 4787 virgini
1569 4724 1627 4771 et
1666 4715 1825 4771 simul
1850 4716 2113 4788 Vulganio
2216 4717 2417 4788 prmdia
2449 4725 2505 4773 et
2533 4716 2826 4787 locupletes
2868 4731 3065 4773 census
3089 4717 3371 4781 attribuit,
3402 4710 3631 4783 complan
3654 4714 3711 4756 β’

526 4796 646 4853 aB.
675 4799 763 4855 Ida
788 4810 1126 4858 exstructum
1148 4812 1202 4859 et
1224 4802 1512 4877 collegium
1533 4805 1918 4862 canonicorum
1946 4806 2114 4863 fuisse
2217 4810 2455 4865 cerdotia
2510 4810 2874 4878 instituendo,
2927 4811 3127 4881 quibus
3175 4816 3433 4881 praeesset
3475 4806 3711 4881 deanam

527 4889 855 4948 institutum.
874 4892 1069 4949 Placet
1098 4893 1215 4964 ejus
1245 4896 1408 4951 verba
1439 4897 1733 4953 ascribere.
2218 4902 2497 4959 canonicis
2525 4902 2658 4973 ipsis
2680 4900 2752 4958 ob
2785 4903 2911 4959 vita:
2929 4879 3261 4972 probitatem
3288 4911 3342 4958 et
3372 4879 3710 4956 necessariam

592 4979 649 5035 2.
689 4981 782 5036 lda
805 5022 821 5049 ,
854 4981 1129 5040 Eustachii
1154 4985 1369 5041 comitis
1389 5000 1547 5052 uxor,
1576 4986 1958 5044 animadvertit
1982 4989 2114 5045 Len-
2216 4995 2270 5051 id
2305 4995 2548 5051 muneris
2590 4996 2744 5051 dotes
2798 4994 3139 5065 deligendus.
3186 4993 3385 5049 Lensio
3430 4992 3606 5045 inerant
3640 4977 3711 5030 (ιω

524 5070 661 5126 sium
711 5073 968 5144 oppidum
1012 5075 1157 5131 tenui
1198 5076 1488 5133 admodum
1538 5078 1651 5132 aede
1694 5080 1870 5135 excoli
1912 5097 1926 5134 :
1968 5079 2113 5136 unde
2216 5086 2427 5143 minora
2451 5088 2713 5153 sacraria,
2746 5086 2899 5143 divos
2929 5086 3287 5142 Laurentium
3314 5095 3370 5141 et
3404 5070 3705 5146 ιωάεειτίυιπ

521 5162 666 5230 apud
708 5164 1057 5222 Eustachium
1106 5169 1361 5223 maritum
1409 5178 1598 5240 questa
1653 5173 1922 5240 suaviter,
1978 5172 2115 5227 dixit
2214 5185 2486 5249 martyres
2512 5176 2565 5233 in
2611 5177 2897 5248 praesidem
2939 5176 3534 5247 suspicientiazeorum
3557 5160 3707 5232 θυίαν·

521 5251 627 5308 sibi
660 5252 712 5307 in
739 5254 920 5311 animo
943 5273 1063 5314 esse
1089 5259 1429 5330 magniﬁcum
1480 5260 1588 5317 illic
1615 5262 1869 5333 templum
1894 5262 1960 5316 ad
1988 5262 2115 5318 Dei-
2212 5266 2364 5338 pales
2391 5266 2633 5322 redditus
2655 5266 2708 5320 in
2730 5264 3118 5321 canonicorum
3145 5280 3275 5321 usus
3301 5277 3365 5319 ac
3390 5251 3705 5338 dispositi?nem

520 5356 671 5415 parte
699 5344 957 5402 honorem
989 5349 1280 5405 mdilicare.
1332 5351 1447 5407 Non
1501 5351 1731 5408 illubens
1770 5353 1959 5408 annuit
1986 5352 2113 5425 ‘Eu-
2213 5337 2481 5419 convertit
2508 5358 2814 5414 Lietbertus
2836 5357 3143 5428 episcopus.
3166 5354 3427 5411 Caeterum
3450 5347 3529 5419 qui
3548 5345 3589 5399 in

520 5434 805 5504 stachius,
853 5437 963 5493 imo
1013 5441 1376 5511 gratissimum
1424 5458 1547 5500 esse
1590 5444 1691 5500 sibi
1742 5453 1971 5501 testatus
2026 5453 2111 5500 est
2215 5448 2380 5503 sieusi
2432 5448 2662 5505 ecclesia
2726 5447 2855 5503 olim
2906 5447 3226 5517 legebantur
3272 5455 3487 5503 versus,
3519 5434 3702 5517 ιωρφε

520 5526 709 5581 uxoris
738 5536 1012 5585 extraneae
1066 5532 1334 5597 animum,
1390 5549 1497 5604 quo
1552 5536 1606 5591 in
1646 5537 1826 5591 mariti
1865 5536 2111 5608 proprias
2212 5537 2405 5592 horum
2432 5537 2796 5593 institutorem
2830 5515 3057 5600 indices,
3090 5537 3243 5591 hisce
3269 5515 3701 5602 interpunctiouibtis

519 5617 757 5675 ditiones
814 5621 887 5676 ita
935 5620 1040 5691 piis
1087 5625 1452 5681 monumentis
1493 5628 1836 5701 adaugendas
1884 5630 2107 5684 feratur.
2213 5640 2339 5685 sunt
2359 5628 2662 5686 alliciendi:

523 5709 679 5777 Quod
723 5715 894 5786 magis
922 5714 1286 5774 Christianum
1342 5721 1513 5791 possit
1564 5722 1863 5792 excogitari
1905 5738 2111 5776 counu-
2283 5723 2435 5779 Anno
2458 5724 2694 5791 milleno,
2718 5733 2798 5779 (cr
2824 5726 2958 5781 deuo
2983 5725 3080 5790 bis,
3114 5724 3284 5780 minus
3311 5736 3428 5782 uno.

525 5802 694 5873 bium,
720 5822 883 5878 quam
911 5808 1000 5864 ubi
1031 5809 1229 5880 conjux
1250 5850 1265 5877 ,
1295 5814 1470 5883 patria
1500 5828 1595 5869 sua
1627 5814 1835 5880 relicta,
1868 5813 2110 5885 conjugis
2287 5816 2443 5871 Hunc
2473 5818 2671 5872 intrare
2693 5818 2911 5872 chorum
2938 5818 3086 5887 arpi!
3111 5833 3238 5888 grex
3263 5811 3600 5870 canonicam!-

712 3471 868 3528 Anno
897 3472 1132 3544 milleno,
1156 3484 1236 3530 ter
1254 3476 1408 3541 dena,
1440 3476 1517 3531 bis
1546 3477 1718 3533 minus
1748 3493 1875 3541 uno,

709 3562 873 3619 Hune
896 3564 1096 3621 intrare
1117 3566 1333 3620 chorum
1354 3569 1500 3639 σαρξί
1533 3584 1661 3639 grex
1687 3569 2080 3624 canonicorum.
