  <div class='ocr_page' id='page_1' title='image "/cluster/home/n/w/nwhite01/storage/ocr_20150623/155/hvd.32044015473838/232.png"; bbox 0 0 3808 6306; ppageno 0'>
   <div class='ocr_carea' id='block_1_1' title="bbox 45 397 134 456">
    <p class='ocr_par' dir='ltr' id='par_1_1' title="bbox 45 397 134 456">
     <span class='ocr_line' id='line_1_1' title="bbox 45 397 134 456; baseline 0 0"><span class='ocrx_word' id='word_1_1' title='bbox 45 397 134 456; x_wconf 73' lang='grc'><strong>155</strong></span> 
     </span>
    </p>
   </div>
   <div class='ocr_carea' id='block_1_2' title="bbox 926 397 2277 462">
    <p class='ocr_par' dir='ltr' id='par_1_2' title="bbox 926 397 2277 462">
     <span class='ocr_line' id='line_1_2' title="bbox 926 397 2277 462; baseline 0.002 -6"><span class='ocrx_word' id='word_1_2' title='bbox 926 397 1296 457; x_wconf 73' lang='lat' dir='ltr'><strong>ANALRCTA</strong></span> <span class='ocrx_word' id='word_1_3' title='bbox 1332 397 1424 456; x_wconf 81' lang='lat' dir='ltr'><strong>DE</strong></span> <span class='ocrx_word' id='word_1_4' title='bbox 1447 398 1512 456; x_wconf 80' lang='grc' dir='ltr'>Β.</span> <span class='ocrx_word' id='word_1_5' title='bbox 1553 397 1696 458; x_wconf 68' lang='lat' dir='ltr'><strong>IDA&#39;J</strong></span> <span class='ocrx_word' id='word_1_6' title='bbox 1729 399 1970 461; x_wconf 80' lang='lat' dir='ltr'><strong>REBUS</strong></span> <span class='ocrx_word' id='word_1_7' title='bbox 2008 401 2277 462; x_wconf 81' lang='lat' dir='ltr'><strong>CESTIS.</strong></span> 
     </span>
    </p>
   </div>
   <div class='ocr_carea' id='block_1_3' title="bbox 3157 411 3288 472">
    <p class='ocr_par' dir='ltr' id='par_1_3' title="bbox 3157 411 3288 472">
     <span class='ocr_line' id='line_1_3' title="bbox 3157 411 3288 472; baseline 0 -22"><span class='ocrx_word' id='word_1_8' title='bbox 3157 411 3288 472; x_wconf 65' lang='lat'><strong>‘5‘.</strong></span> 
     </span>
    </p>
   </div>
   <div class='ocr_carea' id='block_1_4' title="bbox 43 509 3266 600">
    <p class='ocr_par' dir='ltr' id='par_1_4' title="bbox 43 509 3266 600">
     <span class='ocr_line' id='line_1_4' title="bbox 43 509 3266 600; baseline 0.005 -30"><span class='ocrx_word' id='word_1_9' title='bbox 43 513 291 583; x_wconf 83' lang='lat' dir='ltr'><strong>Comperio</strong></span> <span class='ocrx_word' id='word_1_10' title='bbox 322 512 464 568; x_wconf 85' lang='lat' dir='ltr'><strong>enim</strong></span> <span class='ocrx_word' id='word_1_11' title='bbox 511 513 566 566; x_wconf 90' lang='lat' dir='ltr'><strong>in</strong></span> <span class='ocrx_word' id='word_1_12' title='bbox 615 509 764 566; x_wconf 81' lang='lat' dir='ltr'><strong>libris</strong></span> <span class='ocrx_word' id='word_1_13' title='bbox 783 511 944 567; x_wconf 86' lang='lat' dir='ltr'><strong>editis</strong></span> <span class='ocrx_word' id='word_1_14' title='bbox 973 513 1025 567; x_wconf 87' lang='lat' dir='ltr'><strong>id</strong></span> <span class='ocrx_word' id='word_1_15' title='bbox 1047 512 1246 568; x_wconf 79' lang='lat' dir='ltr'><strong>referri</strong></span> <span class='ocrx_word' id='word_1_16' title='bbox 1271 514 1340 568; x_wconf 89' lang='lat' dir='ltr'><strong>ad</strong></span> <span class='ocrx_word' id='word_1_17' title='bbox 1371 529 1574 569; x_wconf 87' lang='lat' dir='ltr'><strong>annum</strong></span> <span class='ocrx_word' id='word_1_18' title='bbox 1605 520 1650 573; x_wconf 77' lang='grc' dir='ltr'>Α</span> <span class='ocrx_word' id='word_1_19' title='bbox 1677 515 1913 572; x_wconf 90' lang='lat' dir='ltr'><strong>dictione</strong></span> <span class='ocrx_word' id='word_1_20' title='bbox 1936 531 2052 572; x_wconf 80' lang='lat' dir='ltr'><strong>vin.</strong></span> <span class='ocrx_word' id='word_1_21' title='bbox 2093 537 2113 571; x_wconf 69' lang='grc' dir='ltr'><strong>ο</strong></span> <span class='ocrx_word' id='word_1_22' title='bbox 2161 517 2387 588; x_wconf 84' lang='lat' dir='ltr'><strong>ltcliqua</strong></span> <span class='ocrx_word' id='word_1_23' title='bbox 2435 531 2560 574; x_wconf 88' lang='lat' dir='ltr'><strong>cum</strong></span> <span class='ocrx_word' id='word_1_24' title='bbox 2597 520 3096 594; x_wconf 85' lang='lat' dir='ltr'><strong>subscriptionibus</strong></span> <span class='ocrx_word' id='word_1_25' title='bbox 3119 531 3266 600; x_wconf 77' lang='lat' dir='ltr'><strong>apud</strong></span> 
     </span>
    </p>
   </div>
   <div class='ocr_carea' id='block_1_5' title="bbox 45 604 1576 672">
    <p class='ocr_par' dir='ltr' id='par_1_5' title="bbox 45 604 1576 672">
     <span class='ocr_line' id='line_1_5' title="bbox 45 604 1576 672; baseline -0.001 -11"><span class='ocrx_word' id='word_1_26' title='bbox 45 607 158 662; x_wconf 69' lang='grc'>1018</span> <span class='ocrx_word' id='word_1_27' title='bbox 177 606 249 662; x_wconf 87' lang='lat' dir='ltr'><strong>sic</strong></span> <span class='ocrx_word' id='word_1_28' title='bbox 281 605 701 660; x_wconf 79' lang='lat' dir='ltr'><strong>deseribentibus</strong></span> <span class='ocrx_word' id='word_1_29' title='bbox 731 613 812 660; x_wconf 89' lang='lat' dir='ltr'><strong>ter</strong></span> <span class='ocrx_word' id='word_1_30' title='bbox 841 604 1009 668; x_wconf 83' lang='lat' dir='ltr'><strong>deuo,</strong></span> <span class='ocrx_word' id='word_1_31' title='bbox 1036 604 1122 660; x_wconf 85' lang='lat' dir='ltr'><strong>bis</strong></span> <span class='ocrx_word' id='word_1_32' title='bbox 1149 605 1330 661; x_wconf 92' lang='lat' dir='ltr'><strong>minus</strong></span> <span class='ocrx_word' id='word_1_33' title='bbox 1350 621 1493 672; x_wconf 88' lang='lat' dir='ltr'><strong>uno;</strong></span> <span class='ocrx_word' id='word_1_34' title='bbox 1517 615 1576 661; x_wconf 89' lang='lat' dir='ltr'><strong>et</strong></span> 
     </span>
    </p>
   </div>
   <div class='ocr_carea' id='block_1_6' title="bbox 44 697 1576 767">
    <p class='ocr_par' dir='ltr' id='par_1_6' title="bbox 44 697 1576 767">
     <span class='ocr_line' id='line_1_6' title="bbox 44 697 1576 767; baseline 0.001 -15"><span class='ocrx_word' id='word_1_35' title='bbox 44 701 155 753; x_wconf 83' lang='lat' dir='ltr'><strong>male</strong></span> <span class='ocrx_word' id='word_1_36' title='bbox 183 712 332 752; x_wconf 84' lang='lat' dir='ltr'><strong>zeum</strong></span> <span class='ocrx_word' id='word_1_37' title='bbox 379 697 516 751; x_wconf 91' lang='lat' dir='ltr'><strong>satis</strong></span> <span class='ocrx_word' id='word_1_38' title='bbox 554 705 812 767; x_wconf 90' lang='lat' dir='ltr'><strong>appareat</strong></span> <span class='ocrx_word' id='word_1_39' title='bbox 851 710 919 751; x_wconf 91' lang='lat' dir='ltr'><strong>eo</strong></span> <span class='ocrx_word' id='word_1_40' title='bbox 967 711 1111 752; x_wconf 89' lang='lat' dir='ltr'><strong>anno</strong></span> <span class='ocrx_word' id='word_1_41' title='bbox 1153 697 1300 753; x_wconf 89' lang='lat' dir='ltr'><strong>Idam</strong></span> <span class='ocrx_word' id='word_1_42' title='bbox 1337 697 1576 754; x_wconf 86' lang='lat' dir='ltr'><strong>necdum</strong></span> 
     </span>
    </p>
   </div>
   <div class='ocr_carea' id='block_1_7' title="bbox 44 790 1579 854">
    <p class='ocr_par' dir='ltr' id='par_1_7' title="bbox 44 790 1579 854">
     <span class='ocr_line' id='line_1_7' title="bbox 44 790 1579 854; baseline 0.001 -9"><span class='ocrx_word' id='word_1_43' title='bbox 44 793 153 846; x_wconf 88' lang='lat' dir='ltr'><strong>hanc</strong></span> <span class='ocrx_word' id='word_1_44' title='bbox 173 790 296 844; x_wconf 89' lang='lat' dir='ltr'><strong>lucis</strong></span> <span class='ocrx_word' id='word_1_45' title='bbox 315 804 536 844; x_wconf 88' lang='lat' dir='ltr'><strong>usuram</strong></span> <span class='ocrx_word' id='word_1_46' title='bbox 568 790 829 854; x_wconf 87' lang='lat' dir='ltr'><strong>hausisse,</strong></span> <span class='ocrx_word' id='word_1_47' title='bbox 852 797 908 844; x_wconf 93' lang='lat' dir='ltr'><strong>et</strong></span> <span class='ocrx_word' id='word_1_48' title='bbox 931 790 1239 845; x_wconf 82' lang='lat' dir='ltr'><strong>necessario</strong></span> <span class='ocrx_word' id='word_1_49' title='bbox 1268 790 1352 846; x_wconf 88' lang='lat' dir='ltr'><strong>bis</strong></span> <span class='ocrx_word' id='word_1_50' title='bbox 1379 801 1464 845; x_wconf 91' lang='lat' dir='ltr'><strong>ter</strong></span> <span class='ocrx_word' id='word_1_51' title='bbox 1483 791 1579 847; x_wconf 87' lang='lat' dir='ltr'><strong>de-</strong></span> 
     </span>
    </p>
   </div>
   <div class='ocr_carea' id='block_1_8' title="bbox 42 880 1579 951">
    <p class='ocr_par' dir='ltr' id='par_1_8' title="bbox 42 880 1579 951">
     <span class='ocr_line' id='line_1_8' title="bbox 42 880 1579 951; baseline -0.001 -13"><span class='ocrx_word' id='word_1_52' title='bbox 42 899 119 938; x_wconf 84' lang='lat' dir='ltr'><strong>nos</strong></span> <span class='ocrx_word' id='word_1_53' title='bbox 139 897 294 936; x_wconf 87' lang='lat' dir='ltr'><strong>annos</strong></span> <span class='ocrx_word' id='word_1_54' title='bbox 320 895 485 951; x_wconf 86' lang='lat' dir='ltr'><strong>supra</strong></span> <span class='ocrx_word' id='word_1_55' title='bbox 515 881 660 936; x_wconf 91' lang='lat' dir='ltr'><strong>mille</strong></span> <span class='ocrx_word' id='word_1_56' title='bbox 693 880 1055 950; x_wconf 84' lang='lat' dir='ltr'><strong>accipiendos,</strong></span> <span class='ocrx_word' id='word_1_57' title='bbox 1092 896 1233 951; x_wconf 90' lang='lat' dir='ltr'><strong>quos</strong></span> <span class='ocrx_word' id='word_1_58' title='bbox 1264 897 1373 937; x_wconf 90' lang='lat' dir='ltr'><strong>uno</strong></span> <span class='ocrx_word' id='word_1_59' title='bbox 1397 881 1579 936; x_wconf 88' lang='lat' dir='ltr'><strong>mintts</strong></span> 
     </span>
    </p>
   </div>
   <div class='ocr_carea' id='block_1_9' title="bbox 42 972 1575 1043">
    <p class='ocr_par' dir='ltr' id='par_1_9' title="bbox 42 972 1575 1043">
     <span class='ocr_line' id='line_1_9' title="bbox 42 972 1575 1043; baseline -0.001 -14"><span class='ocrx_word' id='word_1_60' title='bbox 42 974 336 1029; x_wconf 85' lang='lat' dir='ltr'><strong>numerando</strong></span> <span class='ocrx_word' id='word_1_61' title='bbox 383 989 590 1029; x_wconf 89' lang='lat' dir='ltr'><strong>annum</strong></span> <span class='ocrx_word' id='word_1_62' title='bbox 639 972 779 1029; x_wconf 83' lang='grc'>1059</span> <span class='ocrx_word' id='word_1_63' title='bbox 831 973 1169 1043; x_wconf 75' lang='lat' dir='ltr'><strong>comperies,</strong></span> <span class='ocrx_word' id='word_1_64' title='bbox 1220 973 1432 1030; x_wconf 88' lang='lat' dir='ltr'><strong>scilicet</strong></span> <span class='ocrx_word' id='word_1_65' title='bbox 1487 973 1575 1030; x_wconf 87' lang='lat' dir='ltr'><strong>Ida</strong></span> 
     </span>
    </p>
   </div>
   <div class='ocr_carea' id='block_1_10' title="bbox 43 1061 1580 1128">
    <p class='ocr_par' dir='ltr' id='par_1_10' title="bbox 43 1061 1580 1128">
     <span class='ocr_line' id='line_1_10' title="bbox 43 1061 1580 1128; baseline 0.001 -11"><span class='ocrx_word' id='word_1_66' title='bbox 43 1065 264 1118; x_wconf 87' lang='lat' dir='ltr'><strong>thalamos</strong></span> <span class='ocrx_word' id='word_1_67' title='bbox 290 1078 417 1118; x_wconf 88' lang='lat' dir='ltr'><strong>suos</strong></span> <span class='ocrx_word' id='word_1_68' title='bbox 449 1079 594 1118; x_wconf 86' lang='lat' dir='ltr'><strong>anno</strong></span> <span class='ocrx_word' id='word_1_69' title='bbox 620 1061 758 1118; x_wconf 83' lang='grc'>1057</span> <span class='ocrx_word' id='word_1_70' title='bbox 785 1063 1041 1128; x_wconf 90' lang='lat' dir='ltr'><strong>ineundo,</strong></span> <span class='ocrx_word' id='word_1_71' title='bbox 1074 1072 1133 1118; x_wconf 95' lang='lat' dir='ltr'><strong>et</strong></span> <span class='ocrx_word' id='word_1_72' title='bbox 1157 1062 1461 1119; x_wconf 93' lang='lat' dir='ltr'><strong>honoriﬁco</strong></span> <span class='ocrx_word' id='word_1_73' title='bbox 1481 1078 1580 1119; x_wconf 90' lang='lat' dir='ltr'><strong>suo</strong></span> 
     </span>
    </p>
   </div>
   <div class='ocr_carea' id='block_1_11' title="bbox 41 1155 1576 1226">
    <p class='ocr_par' dir='ltr' id='par_1_11' title="bbox 41 1155 1576 1226">
     <span class='ocr_line' id='line_1_11' title="bbox 41 1155 1576 1226; baseline 0.001 -15"><span class='ocrx_word' id='word_1_74' title='bbox 41 1157 246 1224; x_wconf 81' lang='lat' dir='ltr'><strong>ingressu</strong></span> <span class='ocrx_word' id='word_1_75' title='bbox 275 1155 528 1212; x_wconf 89' lang='lat' dir='ltr'><strong>Lensium</strong></span> <span class='ocrx_word' id='word_1_76' title='bbox 556 1157 967 1213; x_wconf 83' lang='lat' dir='ltr'><strong>condecorando</strong></span> <span class='ocrx_word' id='word_1_77' title='bbox 990 1195 1005 1220; x_wconf 96' lang='lat'><strong>,</strong></span> <span class='ocrx_word' id='word_1_78' title='bbox 1025 1155 1250 1226; x_wconf 80' lang='lat' dir='ltr'><strong>jusserit</strong></span> <span class='ocrx_word' id='word_1_79' title='bbox 1269 1159 1391 1210; x_wconf 89' lang='lat' dir='ltr'><strong>eam</strong></span> <span class='ocrx_word' id='word_1_80' title='bbox 1419 1157 1576 1212; x_wconf 88' lang='lat' dir='ltr'><strong>condi</strong></span> 
     </span>
    </p>
   </div>
   <div class='ocr_carea' id='block_1_12' title="bbox 41 1249 1580 1320">
    <p class='ocr_par' dir='ltr' id='par_1_12' title="bbox 41 1249 1580 1320">
     <span class='ocr_line' id='line_1_12' title="bbox 41 1249 1580 1320; baseline 0 -16"><span class='ocrx_word' id='word_1_81' title='bbox 41 1251 299 1318; x_wconf 78' lang='lat' dir='ltr'><strong>basilicam,</strong></span> <span class='ocrx_word' id='word_1_82' title='bbox 329 1261 386 1304; x_wconf 87' lang='lat' dir='ltr'><strong>et</strong></span> <span class='ocrx_word' id='word_1_83' title='bbox 431 1249 654 1306; x_wconf 88' lang='lat' dir='ltr'><strong>biennio</strong></span> <span class='ocrx_word' id='word_1_84' title='bbox 699 1258 821 1320; x_wconf 91' lang='lat' dir='ltr'><strong>post</strong></span> <span class='ocrx_word' id='word_1_85' title='bbox 862 1249 1153 1319; x_wconf 82' lang='lat' dir='ltr'><strong>collegium</strong></span> <span class='ocrx_word' id='word_1_86' title='bbox 1191 1249 1580 1304; x_wconf 89' lang='lat' dir='ltr'><strong>canonicorum</strong></span> 
     </span>
    </p>
   </div>
   <div class='ocr_carea' id='block_1_13' title="bbox 41 1341 1583 1398">
    <p class='ocr_par' dir='ltr' id='par_1_13' title="bbox 41 1341 1583 1398">
     <span class='ocr_line' id='line_1_13' title="bbox 41 1341 1583 1398; baseline -0.001 -2"><span class='ocrx_word' id='word_1_87' title='bbox 41 1342 378 1397; x_wconf 78' lang='lat' dir='ltr'><strong>introduxerit.</strong></span> <span class='ocrx_word' id='word_1_88' title='bbox 413 1361 436 1394; x_wconf 71' lang='grc' dir='ltr'><strong><em>ι</em></strong></span> <span class='ocrx_word' id='word_1_89' title='bbox 480 1341 610 1396; x_wconf 65' lang='lat' dir='ltr'><strong>llaec</strong></span> <span class='ocrx_word' id='word_1_90' title='bbox 641 1341 986 1398; x_wconf 82' lang='lat' dir='ltr'><strong>Malbrancus</strong></span> <span class='ocrx_word' id='word_1_91' title='bbox 1012 1342 1286 1396; x_wconf 79' lang='lat' dir='ltr'><strong>subtiliter</strong></span> <span class='ocrx_word' id='word_1_92' title='bbox 1310 1341 1444 1396; x_wconf 90' lang='lat' dir='ltr'><strong>satis</strong></span> <span class='ocrx_word' id='word_1_93' title='bbox 1471 1349 1583 1396; x_wconf 87' lang='lat' dir='ltr'><strong>tor-</strong></span> 
     </span>
    </p>
   </div>
   <div class='ocr_carea' id='block_1_14' title="bbox 41 1429 1584 1502">
    <p class='ocr_par' dir='ltr' id='par_1_14' title="bbox 41 1429 1584 1502">
     <span class='ocr_line' id='line_1_14' title="bbox 41 1429 1584 1502; baseline 0.001 -18"><span class='ocrx_word' id='word_1_94' title='bbox 41 1447 182 1501; x_wconf 85' lang='lat' dir='ltr'><strong>quens</strong></span> <span class='ocrx_word' id='word_1_95' title='bbox 205 1431 450 1502; x_wconf 88' lang='lat' dir='ltr'><strong>antiquos</strong></span> <span class='ocrx_word' id='word_1_96' title='bbox 482 1431 604 1486; x_wconf 90' lang='lat' dir='ltr'><strong>illos</strong></span> <span class='ocrx_word' id='word_1_97' title='bbox 617 1446 828 1486; x_wconf 87' lang='lat' dir='ltr'><strong>versus.</strong></span> <span class='ocrx_word' id='word_1_98' title='bbox 850 1429 1193 1485; x_wconf 75' lang='lat' dir='ltr'><strong>Arbitrantur</strong></span> <span class='ocrx_word' id='word_1_99' title='bbox 1213 1431 1390 1501; x_wconf 89' lang='lat' dir='ltr'><strong>potius</strong></span> <span class='ocrx_word' id='word_1_100' title='bbox 1411 1431 1584 1486; x_wconf 61' lang='lat' dir='ltr'><strong>eccleo</strong></span> 
     </span>
    </p>
   </div>
   <div class='ocr_carea' id='block_1_15' title="bbox 39 1522 1580 1592">
    <p class='ocr_par' dir='ltr' id='par_1_15' title="bbox 39 1522 1580 1592">
     <span class='ocr_line' id='line_1_15' title="bbox 39 1522 1580 1592; baseline 0 -14"><span class='ocrx_word' id='word_1_101' title='bbox 39 1525 148 1578; x_wconf 84' lang='lat' dir='ltr'><strong>siam</strong></span> <span class='ocrx_word' id='word_1_102' title='bbox 168 1525 248 1578; x_wconf 90' lang='lat' dir='ltr'><strong>diu</strong></span> <span class='ocrx_word' id='word_1_103' title='bbox 275 1535 400 1578; x_wconf 88' lang='lat' dir='ltr'><strong>ante</strong></span> <span class='ocrx_word' id='word_1_104' title='bbox 423 1524 706 1579; x_wconf 88' lang='lat' dir='ltr'><strong>conditam</strong></span> <span class='ocrx_word' id='word_1_105' title='bbox 733 1523 901 1578; x_wconf 79' lang='lat' dir='ltr'><strong>fuisse</strong></span> <span class='ocrx_word' id='word_1_106' title='bbox 919 1562 935 1588; x_wconf 91' lang='lat'><strong>,</strong></span> <span class='ocrx_word' id='word_1_107' title='bbox 966 1530 1023 1578; x_wconf 93' lang='lat' dir='ltr'><strong>et</strong></span> <span class='ocrx_word' id='word_1_108' title='bbox 1050 1523 1119 1578; x_wconf 89' lang='lat' dir='ltr'><strong>ab</strong></span> <span class='ocrx_word' id='word_1_109' title='bbox 1157 1522 1452 1578; x_wconf 85' lang='lat' dir='ltr'><strong>Eustacbio</strong></span> <span class='ocrx_word' id='word_1_110' title='bbox 1468 1523 1580 1592; x_wconf 91' lang='lat' dir='ltr'><strong>pri-</strong></span> 
     </span>
    </p>
   </div>
   <div class='ocr_carea' id='block_1_16' title="bbox 41 1613 1586 1686">
    <p class='ocr_par' dir='ltr' id='par_1_16' title="bbox 41 1613 1586 1686">
     <span class='ocr_line' id='line_1_16' title="bbox 41 1613 1586 1686; baseline 0.001 -17"><span class='ocrx_word' id='word_1_111' title='bbox 41 1630 112 1669; x_wconf 81' lang='lat' dir='ltr'><strong>mo</strong></span> <span class='ocrx_word' id='word_1_112' title='bbox 131 1615 308 1669; x_wconf 86' lang='lat' dir='ltr'><strong>comite</strong></span> <span class='ocrx_word' id='word_1_113' title='bbox 330 1613 646 1670; x_wconf 83' lang='lat' dir='ltr'><strong>Boloniensi</strong></span> <span class='ocrx_word' id='word_1_114' title='bbox 690 1623 748 1669; x_wconf 90' lang='lat' dir='ltr'><strong>et</strong></span> <span class='ocrx_word' id='word_1_115' title='bbox 787 1613 1071 1670; x_wconf 89' lang='lat' dir='ltr'><strong>Lensiensi</strong></span> <span class='ocrx_word' id='word_1_116' title='bbox 1100 1613 1325 1686; x_wconf 83' lang='lat' dir='ltr'><strong>ejusque</strong></span> <span class='ocrx_word' id='word_1_117' title='bbox 1352 1615 1586 1686; x_wconf 80' lang='lat' dir='ltr'><strong>conjuge</strong></span> 
     </span>
    </p>
   </div>
   <div class='ocr_carea' id='block_1_17' title="bbox 41 1702 1587 1771">
    <p class='ocr_par' dir='ltr' id='par_1_17' title="bbox 41 1702 1587 1771">
     <span class='ocr_line' id='line_1_17' title="bbox 41 1702 1587 1771; baseline 0.001 -13"><span class='ocrx_word' id='word_1_118' title='bbox 41 1703 255 1758; x_wconf 86' lang='lat' dir='ltr'><strong>Ilatbilde</strong></span> <span class='ocrx_word' id='word_1_119' title='bbox 296 1702 588 1771; x_wconf 82' lang='lat' dir='ltr'><strong>collegium</strong></span> <span class='ocrx_word' id='word_1_120' title='bbox 637 1702 1020 1758; x_wconf 84' lang='lat' dir='ltr'><strong>canonicorum</strong></span> <span class='ocrx_word' id='word_1_121' title='bbox 1059 1718 1202 1758; x_wconf 93' lang='lat' dir='ltr'><strong>anno</strong></span> <span class='ocrx_word' id='word_1_122' title='bbox 1247 1704 1389 1759; x_wconf 73' lang='grc'>1028</span> <span class='ocrx_word' id='word_1_123' title='bbox 1420 1703 1587 1760; x_wconf 80' lang='lat' dir='ltr'><strong>fuisse</strong></span> 
     </span>
    </p>
   </div>
   <div class='ocr_carea' id='block_1_18' title="bbox 41 1792 1581 1850">
    <p class='ocr_par' dir='ltr' id='par_1_18' title="bbox 41 1792 1581 1850">
     <span class='ocr_line' id='line_1_18' title="bbox 41 1792 1581 1850; baseline -0.001 0"><span class='ocrx_word' id='word_1_124' title='bbox 41 1795 322 1850; x_wconf 86' lang='lat' dir='ltr'><strong>institutum.</strong></span> <span class='ocrx_word' id='word_1_125' title='bbox 354 1792 538 1849; x_wconf 78' lang='lat' dir='ltr'><strong>Movet</strong></span> <span class='ocrx_word' id='word_1_126' title='bbox 577 1807 674 1849; x_wconf 89' lang='lat' dir='ltr'><strong>nos</strong></span> <span class='ocrx_word' id='word_1_127' title='bbox 699 1794 768 1848; x_wconf 88' lang='lat' dir='ltr'><strong>ad</strong></span> <span class='ocrx_word' id='word_1_128' title='bbox 803 1794 858 1849; x_wconf 87' lang='lat' dir='ltr'><strong>id</strong></span> <span class='ocrx_word' id='word_1_129' title='bbox 894 1794 966 1849; x_wconf 87' lang='lat' dir='ltr'><strong>ita</strong></span> <span class='ocrx_word' id='word_1_130' title='bbox 989 1793 1364 1849; x_wconf 88' lang='lat' dir='ltr'><strong>arbitrandum</strong></span> <span class='ocrx_word' id='word_1_131' title='bbox 1393 1794 1581 1849; x_wconf 81' lang='lat' dir='ltr'><strong>charta</strong></span> 
     </span>
    </p>
   </div>
   <div class='ocr_carea' id='block_1_19' title="bbox 1681 603 3271 680">
    <p class='ocr_par' dir='ltr' id='par_1_19' title="bbox 1681 603 3271 680">
     <span class='ocr_line' id='line_1_19' title="bbox 1681 603 3271 680; baseline 0.009 -20"><span class='ocrx_word' id='word_1_132' title='bbox 1681 605 1921 662; x_wconf 75' lang='lat' dir='ltr'><strong>hlirzeum</strong></span> <span class='ocrx_word' id='word_1_133' title='bbox 1944 607 2046 679; x_wconf 83' lang='lat' dir='ltr'><strong>legi</strong></span> <span class='ocrx_word' id='word_1_134' title='bbox 2074 603 2324 679; x_wconf 83' lang='lat' dir='ltr'><strong>possunt,</strong></span> <span class='ocrx_word' id='word_1_135' title='bbox 2354 607 2694 680; x_wconf 84' lang='lat' dir='ltr'><strong>potissimum</strong></span> <span class='ocrx_word' id='word_1_136' title='bbox 2713 613 2866 670; x_wconf 81' lang='lat' dir='ltr'><strong>conﬁ</strong></span> <span class='ocrx_word' id='word_1_137' title='bbox 2877 615 3068 670; x_wconf 86' lang='lat' dir='ltr'><strong>rntatio</strong></span> <span class='ocrx_word' id='word_1_138' title='bbox 3091 617 3271 674; x_wconf 84' lang='lat' dir='ltr'><strong>reddi-</strong></span> 
     </span>
    </p>
   </div>
   <div class='ocr_carea' id='block_1_20' title="bbox 1683 699 3269 770">
    <p class='ocr_par' dir='ltr' id='par_1_20' title="bbox 1683 699 3269 770">
     <span class='ocr_line' id='line_1_20' title="bbox 1683 699 3269 770; baseline 0.011 -20"><span class='ocrx_word' id='word_1_139' title='bbox 1683 707 1834 752; x_wconf 85' lang='lat' dir='ltr'><strong>ttmtn</strong></span> <span class='ocrx_word' id='word_1_140' title='bbox 1875 707 1930 754; x_wconf 91' lang='lat' dir='ltr'><strong>et</strong></span> <span class='ocrx_word' id='word_1_141' title='bbox 1972 699 2381 769; x_wconf 84' lang='lat' dir='ltr'><strong>posscssionum</strong></span> <span class='ocrx_word' id='word_1_142' title='bbox 2421 716 2544 770; x_wconf 74' lang='lat' dir='ltr'><strong>qua:</strong></span> <span class='ocrx_word' id='word_1_143' title='bbox 2591 701 2658 756; x_wconf 85' lang='lat' dir='ltr'><strong>ad</strong></span> <span class='ocrx_word' id='word_1_144' title='bbox 2723 703 2922 760; x_wconf 83' lang='lat' dir='ltr'><strong>dictam</strong></span> <span class='ocrx_word' id='word_1_145' title='bbox 2979 707 3269 766; x_wconf 79' lang='lat' dir='ltr'><strong>ecclesiam</strong></span> 
     </span>
    </p>
   </div>
   <div class='ocr_carea' id='block_1_21' title="bbox 1683 786 1954 856">
    <p class='ocr_par' dir='ltr' id='par_1_21' title="bbox 1683 786 1954 856">
     <span class='ocr_line' id='line_1_21' title="bbox 1683 786 1954 856; baseline 0.004 -15"><span class='ocrx_word' id='word_1_146' title='bbox 1683 786 1954 856; x_wconf 85' lang='lat' dir='ltr'><strong>pertinent</strong></span> 
     </span>
    </p>
   </div>
   <div class='ocr_carea' id='block_1_22' title="bbox 2319 877 2655 936">
    <p class='ocr_par' dir='ltr' id='par_1_22' title="bbox 2319 877 2655 936">
     <span class='ocr_line' id='line_1_22' title="bbox 2319 877 2655 936; baseline -0.006 0"><span class='ocrx_word' id='word_1_147' title='bbox 2319 877 2550 936; x_wconf 74' lang='lat' dir='ltr'><strong>CAPUT</strong></span> <span class='ocrx_word' id='word_1_148' title='bbox 2590 879 2655 934; x_wconf 85' lang='lat' dir='ltr'><strong>ll.</strong></span> 
     </span>
    </p>
   </div>
   <div class='ocr_carea' id='block_1_23' title="bbox 1685 991 3276 1056">
    <p class='ocr_par' dir='ltr' id='par_1_23' title="bbox 1685 991 3276 1056">
     <span class='ocr_line' id='line_1_23' title="bbox 1685 991 3276 1056; baseline 0.008 -11"><span class='ocrx_word' id='word_1_149' title='bbox 1685 991 2010 1046; x_wconf 70' lang='lat' dir='ltr'><strong>Mortasleria</strong></span> <span class='ocrx_word' id='word_1_150' title='bbox 2042 1009 2112 1046; x_wconf 62' lang='lat' dir='ltr'><strong>rm</strong></span> <span class='ocrx_word' id='word_1_151' title='bbox 2159 995 2409 1049; x_wconf 76' lang='lat' dir='ltr'><strong>comitatu</strong></span> <span class='ocrx_word' id='word_1_152' title='bbox 2454 995 2755 1050; x_wconf 81' lang='lat' dir='ltr'><strong>Boloniensi</strong></span> <span class='ocrx_word' id='word_1_153' title='bbox 2793 1008 3060 1052; x_wconf 65' lang='lat' dir='ltr'><strong>exstructa</strong></span> <span class='ocrx_word' id='word_1_154' title='bbox 3099 1009 3148 1056; x_wconf 78' lang='lat' dir='ltr'><strong>et</strong></span> <span class='ocrx_word' id='word_1_155' title='bbox 3189 1016 3276 1056; x_wconf 79' lang='lat' dir='ltr'><strong>rc-</strong></span> 
     </span>
    </p>
   </div>
   <div class='ocr_carea' id='block_1_24' title="bbox 1839 1065 3094 1135">
    <p class='ocr_par' dir='ltr' id='par_1_24' title="bbox 1839 1065 3094 1135">
     <span class='ocr_line' id='line_1_24' title="bbox 1839 1065 3094 1135; baseline 0.005 -19"><span class='ocrx_word' id='word_1_156' title='bbox 1839 1074 2103 1128; x_wconf 65' lang='grc' dir='ltr'><strong>διανταία,</strong></span> <span class='ocrx_word' id='word_1_157' title='bbox 2136 1069 2509 1120; x_wconf 78' lang='lat' dir='ltr'><strong>monasterium</strong></span> <span class='ocrx_word' id='word_1_158' title='bbox 2539 1065 2767 1135; x_wconf 78' lang='lat' dir='ltr'><strong>Capellw</strong></span> <span class='ocrx_word' id='word_1_159' title='bbox 2792 1067 3094 1134; x_wconf 77' lang='lat' dir='ltr'><strong>finitimum.</strong></span> 
     </span>
    </p>
   </div>
   <div class='ocr_carea' id='block_1_25' title="bbox 1753 1151 3269 1224">
    <p class='ocr_par' dir='ltr' id='par_1_25' title="bbox 1753 1151 3269 1224">
     <span class='ocr_line' id='line_1_25' title="bbox 1753 1151 3269 1224; baseline 0.009 -18"><span class='ocrx_word' id='word_1_160' title='bbox 1753 1151 1807 1206; x_wconf 81' lang='lat'><strong>5.</strong></span> <span class='ocrx_word' id='word_1_161' title='bbox 1853 1153 1926 1208; x_wconf 90' lang='lat' dir='ltr'><strong>De</strong></span> <span class='ocrx_word' id='word_1_162' title='bbox 1957 1156 2285 1211; x_wconf 87' lang='lat' dir='ltr'><strong>monasterio</strong></span> <span class='ocrx_word' id='word_1_163' title='bbox 2311 1155 2370 1211; x_wconf 97' lang='grc'><strong>8.</strong></span> <span class='ocrx_word' id='word_1_164' title='bbox 2406 1156 2642 1214; x_wconf 82' lang='lat' dir='ltr'><strong>Vulmari</strong></span> <span class='ocrx_word' id='word_1_165' title='bbox 2665 1198 2681 1224; x_wconf 95' lang='lat'><strong>,</strong></span> <span class='ocrx_word' id='word_1_166' title='bbox 2710 1158 2848 1212; x_wconf 87' lang='lat' dir='ltr'><strong>intra</strong></span> <span class='ocrx_word' id='word_1_167' title='bbox 2881 1175 3065 1214; x_wconf 78' lang='lat' dir='ltr'><strong>muros</strong></span> <span class='ocrx_word' id='word_1_168' title='bbox 3089 1161 3269 1218; x_wconf 77' lang='lat' dir='ltr'><strong>Dono-</strong></span> 
     </span>
    </p>
   </div>
   <div class='ocr_carea' id='block_1_26' title="bbox 1685 1243 3276 1314">
    <p class='ocr_par' dir='ltr' id='par_1_26' title="bbox 1685 1243 3276 1314">
     <span class='ocr_line' id='line_1_26' title="bbox 1685 1243 3276 1314; baseline 0.007 -16"><span class='ocrx_word' id='word_1_169' title='bbox 1685 1243 1902 1300; x_wconf 91' lang='lat' dir='ltr'><strong>nienses</strong></span> <span class='ocrx_word' id='word_1_170' title='bbox 1923 1259 1952 1298; x_wconf 90' lang='lat' dir='ltr'><strong>a</strong></span> <span class='ocrx_word' id='word_1_171' title='bbox 1976 1244 2036 1299; x_wconf 71' lang='lat' dir='ltr'><strong>ll.</strong></span> <span class='ocrx_word' id='word_1_172' title='bbox 2060 1245 2149 1299; x_wconf 89' lang='lat' dir='ltr'><strong>Ida</strong></span> <span class='ocrx_word' id='word_1_173' title='bbox 2171 1245 2283 1314; x_wconf 82' lang='lat' dir='ltr'><strong>jam</strong></span> <span class='ocrx_word' id='word_1_174' title='bbox 2315 1257 2426 1302; x_wconf 90' lang='lat' dir='ltr'><strong>tum</strong></span> <span class='ocrx_word' id='word_1_175' title='bbox 2470 1251 2630 1306; x_wconf 90' lang='lat' dir='ltr'><strong>vidua</strong></span> <span class='ocrx_word' id='word_1_176' title='bbox 2662 1261 2878 1311; x_wconf 90' lang='lat' dir='ltr'><strong>erecto,</strong></span> <span class='ocrx_word' id='word_1_177' title='bbox 2913 1262 2968 1306; x_wconf 92' lang='lat' dir='ltr'><strong>et</strong></span> <span class='ocrx_word' id='word_1_178' title='bbox 3011 1252 3119 1308; x_wconf 89' lang='lat' dir='ltr'><strong>alio</strong></span> <span class='ocrx_word' id='word_1_179' title='bbox 3159 1269 3276 1308; x_wconf 86' lang='lat' dir='ltr'><strong>mo-</strong></span> 
     </span>
    </p>
   </div>
   <div class='ocr_carea' id='block_1_27' title="bbox 1687 1337 3271 1422">
    <p class='ocr_par' dir='ltr' id='par_1_27' title="bbox 1687 1337 3271 1422">
     <span class='ocr_line' id='line_1_27' title="bbox 1687 1337 3271 1422; baseline 0.01 -31"><span class='ocrx_word' id='word_1_180' title='bbox 1687 1339 1926 1393; x_wconf 89' lang='lat' dir='ltr'><strong>nasterio</strong></span> <span class='ocrx_word' id='word_1_181' title='bbox 1975 1337 2032 1394; x_wconf 91' lang='lat' dir='ltr'><strong>S.</strong></span> <span class='ocrx_word' id='word_1_182' title='bbox 2069 1340 2304 1396; x_wconf 78' lang='lat' dir='ltr'><strong>Vulmari</strong></span> <span class='ocrx_word' id='word_1_183' title='bbox 2362 1343 2414 1398; x_wconf 92' lang='lat' dir='ltr'><strong>in</strong></span> <span class='ocrx_word' id='word_1_184' title='bbox 2455 1344 2687 1402; x_wconf 83' lang='lat' dir='ltr'><strong>Nemore</strong></span> <span class='ocrx_word' id='word_1_185' title='bbox 2740 1357 3078 1414; x_wconf 81' lang='lat' dir='ltr'><strong>restant-ato,</strong></span> <span class='ocrx_word' id='word_1_186' title='bbox 3107 1366 3271 1422; x_wconf 82' lang='lat' dir='ltr'><strong>supra</strong></span> 
     </span>
    </p>
   </div>
   <div class='ocr_carea' id='block_1_28' title="bbox 1685 1429 3270 1501">
    <p class='ocr_par' dir='ltr' id='par_1_28' title="bbox 1685 1429 3270 1501">
     <span class='ocr_line' id='line_1_28' title="bbox 1685 1429 3270 1501; baseline 0.009 -19"><span class='ocrx_word' id='word_1_187' title='bbox 1685 1430 1914 1501; x_wconf 84' lang='lat' dir='ltr'><strong>egimus.</strong></span> <span class='ocrx_word' id='word_1_188' title='bbox 1947 1429 2108 1486; x_wconf 89' lang='lat' dir='ltr'><strong>Ilisee</strong></span> <span class='ocrx_word' id='word_1_189' title='bbox 2158 1432 2373 1488; x_wconf 91' lang='lat' dir='ltr'><strong>tertium</strong></span> <span class='ocrx_word' id='word_1_190' title='bbox 2409 1435 2627 1490; x_wconf 84' lang='lat' dir='ltr'><strong>additur</strong></span> <span class='ocrx_word' id='word_1_191' title='bbox 2673 1436 2960 1494; x_wconf 87' lang='lat' dir='ltr'><strong>Wastcnse</strong></span> <span class='ocrx_word' id='word_1_192' title='bbox 2993 1450 3270 1497; x_wconf 83' lang='lat' dir='ltr'><strong>monaste-</strong></span> 
     </span>
    </p>
   </div>
   <div class='ocr_carea' id='block_1_29' title="bbox 1689 1522 3268 1597">
    <p class='ocr_par' dir='ltr' id='par_1_29' title="bbox 1689 1522 3268 1597">
     <span class='ocr_line' id='line_1_29' title="bbox 1689 1522 3268 1597; baseline 0.006 -21"><span class='ocrx_word' id='word_1_193' title='bbox 1689 1523 1828 1576; x_wconf 90' lang='lat' dir='ltr'><strong>rium</strong></span> <span class='ocrx_word' id='word_1_194' title='bbox 1855 1561 1872 1587; x_wconf 97' lang='lat'><strong>,</strong></span> <span class='ocrx_word' id='word_1_195' title='bbox 1903 1522 1973 1576; x_wconf 90' lang='lat' dir='ltr'><strong>ab</strong></span> <span class='ocrx_word' id='word_1_196' title='bbox 2002 1536 2063 1576; x_wconf 90' lang='lat' dir='ltr'><strong>ea</strong></span> <span class='ocrx_word' id='word_1_197' title='bbox 2091 1533 2461 1580; x_wconf 84' lang='lat' dir='ltr'><strong>constructum</strong></span> <span class='ocrx_word' id='word_1_198' title='bbox 2484 1566 2498 1590; x_wconf 93' lang='lat'><strong>,</strong></span> <span class='ocrx_word' id='word_1_199' title='bbox 2525 1538 2578 1582; x_wconf 91' lang='lat' dir='ltr'><strong>et</strong></span> <span class='ocrx_word' id='word_1_200' title='bbox 2599 1527 2658 1584; x_wconf 91' lang='grc'><strong>8.</strong></span> <span class='ocrx_word' id='word_1_201' title='bbox 2693 1528 2936 1584; x_wconf 79' lang='lat' dir='ltr'><strong>liliebacli</strong></span> <span class='ocrx_word' id='word_1_202' title='bbox 2970 1542 3268 1597; x_wconf 87' lang='lat' dir='ltr'><strong>sacratum,</strong></span> 
     </span>
    </p>
   </div>
   <div class='ocr_carea' id='block_1_30' title="bbox 1689 1613 3269 1684">
    <p class='ocr_par' dir='ltr' id='par_1_30' title="bbox 1689 1613 3269 1684">
     <span class='ocr_line' id='line_1_30' title="bbox 1689 1613 3269 1684; baseline 0.008 -18"><span class='ocrx_word' id='word_1_203' title='bbox 1689 1613 1778 1668; x_wconf 90' lang='lat' dir='ltr'><strong>ubi</strong></span> <span class='ocrx_word' id='word_1_204' title='bbox 1823 1623 1879 1669; x_wconf 89' lang='lat' dir='ltr'><strong>et</strong></span> <span class='ocrx_word' id='word_1_205' title='bbox 1925 1614 2216 1684; x_wconf 73' lang='lat' dir='ltr'><strong>sepultura:</strong></span> <span class='ocrx_word' id='word_1_206' title='bbox 2267 1617 2517 1671; x_wconf 86' lang='lat' dir='ltr'><strong>mandata</strong></span> <span class='ocrx_word' id='word_1_207' title='bbox 2567 1629 2670 1674; x_wconf 90' lang='lat' dir='ltr'><strong>est.</strong></span> <span class='ocrx_word' id='word_1_208' title='bbox 2705 1619 3044 1677; x_wconf 80' lang='lat' dir='ltr'><strong>Malbrancus</strong></span> <span class='ocrx_word' id='word_1_209' title='bbox 3083 1623 3180 1680; x_wconf 88' lang='lat' dir='ltr'><strong>lib.</strong></span> <span class='ocrx_word' id='word_1_210' title='bbox 3213 1640 3269 1678; x_wconf 72' lang='lat' dir='ltr'><strong>ts</strong></span> 
     </span>
    </p>
   </div>
   <div class='ocr_carea' id='block_1_31' title="bbox 1691 1701 3268 1773">
    <p class='ocr_par' dir='ltr' id='par_1_31' title="bbox 1691 1701 3268 1773">
     <span class='ocr_line' id='line_1_31' title="bbox 1691 1701 3268 1773; baseline 0.008 -19"><span class='ocrx_word' id='word_1_211' title='bbox 1691 1701 1766 1756; x_wconf 92' lang='lat' dir='ltr'><strong>De</strong></span> <span class='ocrx_word' id='word_1_212' title='bbox 1794 1702 2017 1759; x_wconf 76' lang='lat' dir='ltr'><strong>Morinis</strong></span> <span class='ocrx_word' id='word_1_213' title='bbox 2039 1719 2160 1773; x_wconf 89' lang='lat' dir='ltr'><strong>cap.</strong></span> <span class='ocrx_word' id='word_1_214' title='bbox 2187 1705 2256 1760; x_wconf 85' lang='grc'><strong>55</strong></span> <span class='ocrx_word' id='word_1_215' title='bbox 2286 1707 2482 1762; x_wconf 89' lang='lat' dir='ltr'><strong>asserit</strong></span> <span class='ocrx_word' id='word_1_216' title='bbox 2507 1723 2566 1763; x_wconf 93' lang='lat' dir='ltr'><strong>se</strong></span> <span class='ocrx_word' id='word_1_217' title='bbox 2607 1708 2805 1763; x_wconf 87' lang='lat' dir='ltr'><strong>ibidem</strong></span> <span class='ocrx_word' id='word_1_218' title='bbox 2833 1709 3001 1768; x_wconf 77' lang='lat' dir='ltr'><strong>fuisse</strong></span> <span class='ocrx_word' id='word_1_219' title='bbox 3026 1731 3044 1764; x_wconf 73' lang='grc' dir='ltr'>ι</span> <span class='ocrx_word' id='word_1_220' title='bbox 3076 1723 3128 1770; x_wconf 91' lang='lat' dir='ltr'><strong>et</strong></span> <span class='ocrx_word' id='word_1_221' title='bbox 3153 1713 3268 1769; x_wconf 90' lang='lat' dir='ltr'><strong>lcu-</strong></span> 
     </span>
    </p>
   </div>
   <div class='ocr_carea' id='block_1_32' title="bbox 1689 1793 3272 1859">
    <p class='ocr_par' dir='ltr' id='par_1_32' title="bbox 1689 1793 3272 1859">
     <span class='ocr_line' id='line_1_32' title="bbox 1689 1793 3272 1859; baseline 0.007 -11"><span class='ocrx_word' id='word_1_222' title='bbox 1689 1793 1767 1848; x_wconf 88' lang='lat' dir='ltr'><strong>cis</strong></span> <span class='ocrx_word' id='word_1_223' title='bbox 1793 1793 1935 1849; x_wconf 89' lang='lat' dir='ltr'><strong>binis</strong></span> <span class='ocrx_word' id='word_1_224' title='bbox 1965 1794 2205 1850; x_wconf 87' lang='lat' dir='ltr'><strong>Bononia</strong></span> <span class='ocrx_word' id='word_1_225' title='bbox 2231 1796 2478 1851; x_wconf 87' lang='lat' dir='ltr'><strong>dissitum</strong></span> <span class='ocrx_word' id='word_1_226' title='bbox 2503 1813 2622 1854; x_wconf 88' lang='lat' dir='ltr'><strong>esse</strong></span> <span class='ocrx_word' id='word_1_227' title='bbox 2663 1797 2967 1855; x_wconf 78' lang='lat' dir='ltr'><strong>Wisantutn</strong></span> <span class='ocrx_word' id='word_1_228' title='bbox 3001 1818 3189 1858; x_wconf 61' lang='lat' dir='ltr'><strong>versus</strong></span> <span class='ocrx_word' id='word_1_229' title='bbox 3215 1811 3272 1859; x_wconf 85' lang='lat' dir='ltr'><strong>et</strong></span> 
     </span>
    </p>
   </div>
   <div class='ocr_carea' id='block_1_33' title="bbox 41 1862 3270 1961">
    <p class='ocr_par' dir='ltr' id='par_1_33' title="bbox 41 1862 3270 1961">
     <span class='ocr_line' id='line_1_33' title="bbox 41 1862 3270 1961; baseline 0.003 -21"><span class='ocrx_word' id='word_1_230' title='bbox 41 1885 301 1940; x_wconf 82' lang='lat' dir='ltr'><strong>donationis</strong></span> <span class='ocrx_word' id='word_1_231' title='bbox 351 1884 638 1940; x_wconf 83' lang='lat' dir='ltr'><strong>Eustachii</strong></span> <span class='ocrx_word' id='word_1_232' title='bbox 690 1884 732 1938; x_wconf 94' lang='lat' dir='ltr'><strong>Il</strong></span> <span class='ocrx_word' id='word_1_233' title='bbox 757 1892 815 1940; x_wconf 91' lang='lat' dir='ltr'><strong>et</strong></span> <span class='ocrx_word' id='word_1_234' title='bbox 853 1884 917 1938; x_wconf 86' lang='grc' dir='ltr'>Β.</span> <span class='ocrx_word' id='word_1_235' title='bbox 948 1885 1052 1940; x_wconf 69' lang='lat' dir='ltr'><strong>Idae</strong></span> <span class='ocrx_word' id='word_1_236' title='bbox 1091 1899 1290 1942; x_wconf 81' lang='lat' dir='ltr'><strong>excusa</strong></span> <span class='ocrx_word' id='word_1_237' title='bbox 1334 1901 1362 1939; x_wconf 94' lang='lat' dir='ltr'><strong>a</strong></span> <span class='ocrx_word' id='word_1_238' title='bbox 1401 1884 1584 1940; x_wconf 67' lang='lat' dir='ltr'><strong>hlirazo</strong></span> <span class='ocrx_word' id='word_1_239' title='bbox 1623 1862 1661 1916; x_wconf 72' lang='grc' dir='ltr'><strong>Β</strong></span> <span class='ocrx_word' id='word_1_240' title='bbox 1689 1886 2121 1944; x_wconf 77' lang='lat' dir='ltr'><strong>Wasconvillare</strong></span> <span class='ocrx_word' id='word_1_241' title='bbox 2176 1908 2196 1940; x_wconf 72' lang='grc' dir='ltr'><strong>ι</strong></span> <span class='ocrx_word' id='word_1_242' title='bbox 2244 1889 2373 1944; x_wconf 92' lang='lat' dir='ltr'><strong>olim</strong></span> <span class='ocrx_word' id='word_1_243' title='bbox 2405 1890 2641 1958; x_wconf 80' lang='lat' dir='ltr'><strong>d&#39;ctum;</strong></span> <span class='ocrx_word' id='word_1_244' title='bbox 2695 1895 2791 1950; x_wconf 89' lang='lat' dir='ltr'><strong>sed</strong></span> <span class='ocrx_word' id='word_1_245' title='bbox 2842 1895 3100 1961; x_wconf 91' lang='lat' dir='ltr'><strong>aberrat,</strong></span> <span class='ocrx_word' id='word_1_246' title='bbox 3143 1896 3270 1951; x_wconf 89' lang='lat' dir='ltr'><strong>dum</strong></span> 
     </span>
    </p>
   </div>
   <div class='ocr_carea' id='block_1_34' title="bbox 42 1974 1585 2046">
    <p class='ocr_par' dir='ltr' id='par_1_34' title="bbox 42 1974 1585 2046">
     <span class='ocr_line' id='line_1_34' title="bbox 42 1974 1585 2046; baseline 0.002 -16"><span class='ocrx_word' id='word_1_247' title='bbox 42 1975 145 2032; x_wconf 85' lang='lat' dir='ltr'><strong>Iib.t</strong></span> <span class='ocrx_word' id='word_1_248' title='bbox 171 1974 526 2045; x_wconf 90' lang='lat' dir='ltr'><strong>Diplomatum</strong></span> <span class='ocrx_word' id='word_1_249' title='bbox 551 1975 890 2046; x_wconf 89' lang='lat' dir='ltr'><strong>Belgicorum</strong></span> <span class='ocrx_word' id='word_1_250' title='bbox 916 1989 1038 2046; x_wconf 85' lang='lat' dir='ltr'><strong>cap.</strong></span> <span class='ocrx_word' id='word_1_251' title='bbox 1068 1975 1139 2032; x_wconf 86' lang='grc'><strong>58</strong></span> <span class='ocrx_word' id='word_1_252' title='bbox 1159 1984 1217 2032; x_wconf 91' lang='lat' dir='ltr'><strong>et</strong></span> <span class='ocrx_word' id='word_1_253' title='bbox 1245 1977 1585 2033; x_wconf 84' lang='lat' dir='ltr'><strong>contractius</strong></span> 
     </span>
    </p>
   </div>
   <div class='ocr_carea' id='block_1_35' title="bbox 43 2067 1585 2138">
    <p class='ocr_par' dir='ltr' id='par_1_35' title="bbox 43 2067 1585 2138">
     <span class='ocr_line' id='line_1_35' title="bbox 43 2067 1585 2138; baseline 0.003 -16"><span class='ocrx_word' id='word_1_254' title='bbox 43 2069 82 2122; x_wconf 87' lang='lat' dir='ltr'><strong>in</strong></span> <span class='ocrx_word' id='word_1_255' title='bbox 103 2068 270 2124; x_wconf 78' lang='lat' dir='ltr'><strong>notitia</strong></span> <span class='ocrx_word' id='word_1_256' title='bbox 298 2067 668 2124; x_wconf 84' lang='lat' dir='ltr'><strong>Ecclesiarum</strong></span> <span class='ocrx_word' id='word_1_257' title='bbox 692 2067 861 2138; x_wconf 82' lang='lat' dir='ltr'><strong>Belgii</strong></span> <span class='ocrx_word' id='word_1_258' title='bbox 887 2083 1010 2138; x_wconf 88' lang='lat' dir='ltr'><strong>cap.</strong></span> <span class='ocrx_word' id='word_1_259' title='bbox 1039 2067 1164 2134; x_wconf 85' lang='grc'>101,</span> <span class='ocrx_word' id='word_1_260' title='bbox 1189 2069 1331 2124; x_wconf 89' lang='lat' dir='ltr'><strong>unde</strong></span> <span class='ocrx_word' id='word_1_261' title='bbox 1363 2070 1466 2126; x_wconf 87' lang='lat' dir='ltr'><strong>ista</strong></span> <span class='ocrx_word' id='word_1_262' title='bbox 1495 2070 1585 2126; x_wconf 89' lang='lat' dir='ltr'><strong>hic</strong></span> 
     </span>
    </p>
   </div>
   <div class='ocr_carea' id='block_1_36' title="bbox 41 2157 1582 2233">
    <p class='ocr_par' dir='ltr' id='par_1_36' title="bbox 41 2157 1582 2233">
     <span class='ocr_line' id='line_1_36' title="bbox 41 2157 1582 2233; baseline 0.003 -18"><span class='ocrx_word' id='word_1_263' title='bbox 41 2161 192 2216; x_wconf 84' lang='lat' dir='ltr'><strong>damus</strong></span> <span class='ocrx_word' id='word_1_264' title='bbox 213 2173 329 2231; x_wconf 73' lang='lat' dir='ltr'><strong>qua:</strong></span> <span class='ocrx_word' id='word_1_265' title='bbox 361 2160 432 2216; x_wconf 90' lang='lat' dir='ltr'><strong>ad</strong></span> <span class='ocrx_word' id='word_1_266' title='bbox 475 2158 790 2216; x_wconf 88' lang='lat' dir='ltr'><strong>institutum</strong></span> <span class='ocrx_word' id='word_1_267' title='bbox 837 2157 1154 2230; x_wconf 88' lang='lat' dir='ltr'><strong>pertinent,</strong></span> <span class='ocrx_word' id='word_1_268' title='bbox 1179 2167 1236 2216; x_wconf 90' lang='lat' dir='ltr'><strong>et</strong></span> <span class='ocrx_word' id='word_1_269' title='bbox 1267 2171 1394 2216; x_wconf 90' lang='lat' dir='ltr'><strong>sunt</strong></span> <span class='ocrx_word' id='word_1_270' title='bbox 1433 2161 1582 2233; x_wconf 82' lang='lat' dir='ltr'><strong>ejus-</strong></span> 
     </span>
    </p>
   </div>
   <div class='ocr_carea' id='block_1_37' title="bbox 41 2253 171 2309">
    <p class='ocr_par' dir='ltr' id='par_1_37' title="bbox 41 2253 171 2309">
     <span class='ocr_line' id='line_1_37' title="bbox 41 2253 171 2309; baseline -0.008 -1"><span class='ocrx_word' id='word_1_271' title='bbox 41 2253 171 2309; x_wconf 84' lang='lat' dir='ltr'><strong>modi.</strong></span> 
     </span>
    </p>
   </div>
   <div class='ocr_carea' id='block_1_38' title="bbox 93 2343 1585 2420">
    <p class='ocr_par' dir='ltr' id='par_1_38' title="bbox 93 2343 1585 2420">
     <span class='ocr_line' id='line_1_38' title="bbox 93 2343 1585 2420; baseline -0.001 -18"><span class='ocrx_word' id='word_1_272' title='bbox 93 2347 134 2402; x_wconf 72' lang='grc'><strong>1.</strong></span> <span class='ocrx_word' id='word_1_273' title='bbox 165 2346 266 2420; x_wconf 81' lang='lat' dir='ltr'><strong>Ego</strong></span> <span class='ocrx_word' id='word_1_274' title='bbox 307 2345 642 2402; x_wconf 75' lang='lat' dir='ltr'><strong>Euslacltitts</strong></span> <span class='ocrx_word' id='word_1_275' title='bbox 671 2343 1072 2400; x_wconf 86' lang='lat' dir='ltr'><strong>Boloniensittnt</strong></span> <span class='ocrx_word' id='word_1_276' title='bbox 1115 2359 1331 2412; x_wconf 89' lang='lat' dir='ltr'><strong>comes,</strong></span> <span class='ocrx_word' id='word_1_277' title='bbox 1363 2355 1420 2401; x_wconf 91' lang='lat' dir='ltr'><strong>et</strong></span> <span class='ocrx_word' id='word_1_278' title='bbox 1448 2361 1585 2402; x_wconf 78' lang='lat' dir='ltr'><strong>uxor</strong></span> 
     </span>
    </p>
   </div>
   <div class='ocr_carea' id='block_1_39' title="bbox 39 2437 1582 2509">
    <p class='ocr_par' dir='ltr' id='par_1_39' title="bbox 39 2437 1582 2509">
     <span class='ocr_line' id='line_1_39' title="bbox 39 2437 1582 2509; baseline 0.002 -18"><span class='ocrx_word' id='word_1_279' title='bbox 39 2455 130 2493; x_wconf 84' lang='lat' dir='ltr'><strong>mea</strong></span> <span class='ocrx_word' id='word_1_280' title='bbox 155 2440 254 2504; x_wconf 87' lang='lat' dir='ltr'><strong>Ida,</strong></span> <span class='ocrx_word' id='word_1_281' title='bbox 267 2439 564 2495; x_wconf 79' lang='lat' dir='ltr'><strong>ecclesiam</strong></span> <span class='ocrx_word' id='word_1_282' title='bbox 587 2437 640 2493; x_wconf 90' lang='lat' dir='ltr'><strong>in</strong></span> <span class='ocrx_word' id='word_1_283' title='bbox 670 2437 789 2493; x_wconf 87' lang='lat' dir='ltr'><strong>loco</strong></span> <span class='ocrx_word' id='word_1_284' title='bbox 819 2438 945 2502; x_wconf 81' lang='lat' dir='ltr'><strong>isto,</strong></span> <span class='ocrx_word' id='word_1_285' title='bbox 974 2437 1066 2508; x_wconf 92' lang='lat' dir='ltr'><strong>qui</strong></span> <span class='ocrx_word' id='word_1_286' title='bbox 1093 2437 1398 2509; x_wconf 88' lang='lat' dir='ltr'><strong>appellatur</strong></span> <span class='ocrx_word' id='word_1_287' title='bbox 1419 2438 1582 2505; x_wconf 89' lang='lat' dir='ltr'><strong>Lens,</strong></span> 
     </span>
    </p>
   </div>
   <div class='ocr_carea' id='block_1_40' title="bbox 40 2526 1582 2594">
    <p class='ocr_par' dir='ltr' id='par_1_40' title="bbox 40 2526 1582 2594">
     <span class='ocr_line' id='line_1_40' title="bbox 40 2526 1582 2594; baseline 0.001 -14"><span class='ocrx_word' id='word_1_288' title='bbox 40 2529 92 2581; x_wconf 82' lang='lat' dir='ltr'><strong>ab</strong></span> <span class='ocrx_word' id='word_1_289' title='bbox 111 2528 538 2584; x_wconf 77' lang='lat' dir='ltr'><strong>antecessoribus</strong></span> <span class='ocrx_word' id='word_1_290' title='bbox 593 2527 799 2584; x_wconf 84' lang='lat' dir='ltr'><strong>nostris</strong></span> <span class='ocrx_word' id='word_1_291' title='bbox 853 2526 1149 2582; x_wconf 88' lang='lat' dir='ltr'><strong>honoriﬁce</strong></span> <span class='ocrx_word' id='word_1_292' title='bbox 1193 2527 1582 2594; x_wconf 86' lang='lat' dir='ltr'><strong>constitutam,</strong></span> 
     </span>
    </p>
   </div>
   <div class='ocr_carea' id='block_1_41' title="bbox 38 2617 1582 2690">
    <p class='ocr_par' dir='ltr' id='par_1_41' title="bbox 38 2617 1582 2690">
     <span class='ocr_line' id='line_1_41' title="bbox 38 2617 1582 2690; baseline 0 -16"><span class='ocrx_word' id='word_1_293' title='bbox 38 2620 296 2690; x_wconf 73' lang='lat' dir='ltr'><strong>specialiter</strong></span> <span class='ocrx_word' id='word_1_294' title='bbox 329 2621 590 2690; x_wconf 89' lang='lat' dir='ltr'><strong>cupimus</strong></span> <span class='ocrx_word' id='word_1_295' title='bbox 633 2617 900 2674; x_wconf 71' lang='lat' dir='ltr'><strong>etaltare.</strong></span> <span class='ocrx_word' id='word_1_296' title='bbox 955 2617 1013 2672; x_wconf 89' lang='lat' dir='ltr'><strong>In</strong></span> <span class='ocrx_word' id='word_1_297' title='bbox 1066 2617 1335 2689; x_wconf 88' lang='lat' dir='ltr'><strong>principio</strong></span> <span class='ocrx_word' id='word_1_298' title='bbox 1389 2618 1582 2674; x_wconf 80' lang='lat' dir='ltr'><strong>[unda-</strong></span> 
     </span>
    </p>
   </div>
   <div class='ocr_carea' id='block_1_42' title="bbox 38 2707 1586 2776">
    <p class='ocr_par' dir='ltr' id='par_1_42' title="bbox 38 2707 1586 2776">
     <span class='ocr_line' id='line_1_42' title="bbox 38 2707 1586 2776; baseline 0.001 -13"><span class='ocrx_word' id='word_1_299' title='bbox 38 2709 188 2776; x_wconf 87' lang='lat' dir='ltr'><strong>tionis,</strong></span> <span class='ocrx_word' id='word_1_300' title='bbox 211 2711 366 2766; x_wconf 89' lang='lat' dir='ltr'><strong>terris</strong></span> <span class='ocrx_word' id='word_1_301' title='bbox 405 2719 465 2766; x_wconf 90' lang='lat' dir='ltr'><strong>et</strong></span> <span class='ocrx_word' id='word_1_302' title='bbox 508 2709 665 2766; x_wconf 83' lang='lat' dir='ltr'><strong>libris</strong></span> <span class='ocrx_word' id='word_1_303' title='bbox 687 2717 743 2764; x_wconf 91' lang='lat' dir='ltr'><strong>et</strong></span> <span class='ocrx_word' id='word_1_304' title='bbox 773 2707 1086 2764; x_wconf 89' lang='lat' dir='ltr'><strong>conditione</strong></span> <span class='ocrx_word' id='word_1_305' title='bbox 1110 2708 1318 2764; x_wconf 85' lang='lat' dir='ltr'><strong>liberali</strong></span> <span class='ocrx_word' id='word_1_306' title='bbox 1356 2708 1460 2763; x_wconf 79' lang='lat' dir='ltr'><strong>l’uit</strong></span> <span class='ocrx_word' id='word_1_307' title='bbox 1488 2710 1586 2765; x_wconf 91' lang='lat' dir='ltr'><strong>do-</strong></span> 
     </span>
    </p>
   </div>
   <div class='ocr_carea' id='block_1_43' title="bbox 39 2795 1586 2871">
    <p class='ocr_par' dir='ltr' id='par_1_43' title="bbox 39 2795 1586 2871">
     <span class='ocr_line' id='line_1_43' title="bbox 39 2795 1586 2871; baseline 0.003 -20"><span class='ocrx_word' id='word_1_308' title='bbox 39 2808 122 2852; x_wconf 82' lang='lat' dir='ltr'><strong>tata</strong></span> <span class='ocrx_word' id='word_1_309' title='bbox 149 2816 162 2853; x_wconf 92' lang='lat'><strong>:</strong></span> <span class='ocrx_word' id='word_1_310' title='bbox 189 2799 277 2855; x_wconf 86' lang='lat' dir='ltr'><strong>sed</strong></span> <span class='ocrx_word' id='word_1_311' title='bbox 305 2800 666 2871; x_wconf 74' lang='lat' dir='ltr'><strong>przesumptio</strong></span> <span class='ocrx_word' id='word_1_312' title='bbox 698 2795 1023 2855; x_wconf 86' lang='lat' dir='ltr'><strong>temeritatis</strong></span> <span class='ocrx_word' id='word_1_313' title='bbox 1057 2805 1114 2852; x_wconf 92' lang='lat' dir='ltr'><strong>et</strong></span> <span class='ocrx_word' id='word_1_314' title='bbox 1147 2798 1352 2856; x_wconf 75' lang='lat' dir='ltr'><strong>invidia</strong></span> <span class='ocrx_word' id='word_1_315' title='bbox 1381 2799 1586 2856; x_wconf 87' lang='lat' dir='ltr'><strong>diaboli</strong></span> 
     </span>
    </p>
   </div>
   <div class='ocr_carea' id='block_1_44' title="bbox 37 2891 1586 2966">
    <p class='ocr_par' dir='ltr' id='par_1_44' title="bbox 37 2891 1586 2966">
     <span class='ocr_line' id='line_1_44' title="bbox 37 2891 1586 2966; baseline 0.001 -20"><span class='ocrx_word' id='word_1_316' title='bbox 37 2891 276 2947; x_wconf 67' lang='lat' dir='ltr'><strong>ecclesiam</strong></span> <span class='ocrx_word' id='word_1_317' title='bbox 290 2908 416 2949; x_wconf 85' lang='lat' dir='ltr'><strong>cum</strong></span> <span class='ocrx_word' id='word_1_318' title='bbox 437 2893 626 2959; x_wconf 84' lang='lat' dir='ltr'><strong>libris,</strong></span> <span class='ocrx_word' id='word_1_319' title='bbox 639 2903 696 2949; x_wconf 90' lang='lat' dir='ltr'><strong>et</strong></span> <span class='ocrx_word' id='word_1_320' title='bbox 719 2895 1060 2966; x_wconf 87' lang='lat' dir='ltr'><strong>privilegium</strong></span> <span class='ocrx_word' id='word_1_321' title='bbox 1080 2909 1203 2949; x_wconf 89' lang='lat' dir='ltr'><strong>eum</strong></span> <span class='ocrx_word' id='word_1_322' title='bbox 1229 2892 1401 2964; x_wconf 79' lang='lat' dir='ltr'><strong>signis</strong></span> <span class='ocrx_word' id='word_1_323' title='bbox 1427 2907 1586 2949; x_wconf 90' lang='lat' dir='ltr'><strong>com-</strong></span> 
     </span>
    </p>
   </div>
   <div class='ocr_carea' id='block_1_45' title="bbox 37 2983 1590 3057">
    <p class='ocr_par' dir='ltr' id='par_1_45' title="bbox 37 2983 1590 3057">
     <span class='ocr_line' id='line_1_45' title="bbox 37 2983 1590 3057; baseline 0.001 -18"><span class='ocrx_word' id='word_1_324' title='bbox 37 2985 226 3049; x_wconf 77' lang='lat' dir='ltr'><strong>burens,</strong></span> <span class='ocrx_word' id='word_1_325' title='bbox 249 2985 542 3042; x_wconf 87' lang='lat' dir='ltr'><strong>annullare</strong></span> <span class='ocrx_word' id='word_1_326' title='bbox 569 2987 780 3057; x_wconf 83' lang='lat' dir='ltr'><strong>putavit</strong></span> <span class='ocrx_word' id='word_1_327' title='bbox 808 2986 1085 3042; x_wconf 79' lang='lat' dir='ltr'><strong>universa.</strong></span> <span class='ocrx_word' id='word_1_328' title='bbox 1122 2983 1230 3040; x_wconf 90' lang='lat' dir='ltr'><strong>Sed</strong></span> <span class='ocrx_word' id='word_1_329' title='bbox 1263 2985 1404 3055; x_wconf 91' lang='lat' dir='ltr'><strong>quod</strong></span> <span class='ocrx_word' id='word_1_330' title='bbox 1437 2986 1590 3042; x_wconf 82' lang='lat' dir='ltr'><strong>dele-</strong></span> 
     </span>
    </p>
   </div>
   <div class='ocr_carea' id='block_1_46' title="bbox 36 3076 1588 3152">
    <p class='ocr_par' dir='ltr' id='par_1_46' title="bbox 36 3076 1588 3152">
     <span class='ocr_line' id='line_1_46' title="bbox 36 3076 1588 3152; baseline 0.008 -24"><span class='ocrx_word' id='word_1_331' title='bbox 36 3076 96 3131; x_wconf 84' lang='lat' dir='ltr'><strong>vit</strong></span> <span class='ocrx_word' id='word_1_332' title='bbox 117 3091 198 3148; x_wconf 84' lang='lat' dir='ltr'><strong>per</strong></span> <span class='ocrx_word' id='word_1_333' title='bbox 220 3078 474 3135; x_wconf 84' lang='lat' dir='ltr'><strong>invidiam</strong></span> <span class='ocrx_word' id='word_1_334' title='bbox 504 3118 525 3144; x_wconf 98' lang='lat'><strong>,</strong></span> <span class='ocrx_word' id='word_1_335' title='bbox 556 3077 771 3136; x_wconf 77' lang='lat' dir='ltr'><strong>favente</strong></span> <span class='ocrx_word' id='word_1_336' title='bbox 821 3080 932 3135; x_wconf 86' lang='lat' dir='ltr'><strong>Deo</strong></span> <span class='ocrx_word' id='word_1_337' title='bbox 977 3089 1038 3136; x_wconf 91' lang='lat' dir='ltr'><strong>et</strong></span> <span class='ocrx_word' id='word_1_338' title='bbox 1083 3083 1305 3140; x_wconf 89' lang='lat' dir='ltr'><strong>domino</strong></span> <span class='ocrx_word' id='word_1_339' title='bbox 1329 3081 1588 3152; x_wconf 80' lang='lat' dir='ltr'><strong>episcopo</strong></span> 
     </span>
    </p>
   </div>
   <div class='ocr_carea' id='block_1_47' title="bbox 38 3170 1655 3272">
    <p class='ocr_par' dir='ltr' id='par_1_47' title="bbox 38 3170 1655 3272">
     <span class='ocr_line' id='line_1_47' title="bbox 38 3170 1655 3272; baseline 0.006 -48"><span class='ocrx_word' id='word_1_340' title='bbox 38 3181 186 3272; x_wconf 76' lang='lat' dir='ltr'><strong>postto</strong></span> <span class='ocrx_word' id='word_1_341' title='bbox 223 3170 534 3235; x_wconf 88' lang='lat' dir='ltr'><strong>Lietberto,</strong></span> <span class='ocrx_word' id='word_1_342' title='bbox 574 3172 821 3272; x_wconf 71' lang='lat' dir='ltr'><strong>volumus</strong></span> <span class='ocrx_word' id='word_1_343' title='bbox 859 3173 1151 3232; x_wconf 89' lang='lat' dir='ltr'><strong>emendare</strong></span> <span class='ocrx_word' id='word_1_344' title='bbox 1195 3193 1296 3248; x_wconf 90' lang='lat' dir='ltr'><strong>per</strong></span> <span class='ocrx_word' id='word_1_345' title='bbox 1342 3177 1583 3234; x_wconf 91' lang='lat' dir='ltr'><strong>benevo-</strong></span> <span class='ocrx_word' id='word_1_346' title='bbox 1609 3208 1655 3272; x_wconf 61' lang='grc' dir='ltr'>ο</span> 
     </span>
    </p>
   </div>
   <div class='ocr_carea' id='block_1_48' title="bbox 38 3260 1580 3334">
    <p class='ocr_par' dir='ltr' id='par_1_48' title="bbox 38 3260 1580 3334">
     <span class='ocr_line' id='line_1_48' title="bbox 38 3260 1580 3334; baseline 0.006 -18"><span class='ocrx_word' id='word_1_347' title='bbox 38 3260 232 3324; x_wconf 71' lang='lat' dir='ltr'><strong>Iamiam.</strong></span> <span class='ocrx_word' id='word_1_348' title='bbox 297 3264 561 3322; x_wconf 79' lang='lat' dir='ltr'><strong>Liberam</strong></span> <span class='ocrx_word' id='word_1_349' title='bbox 631 3261 796 3334; x_wconf 90' lang='lat' dir='ltr'><strong>igitur</strong></span> <span class='ocrx_word' id='word_1_350' title='bbox 846 3271 1172 3334; x_wconf 88' lang='lat' dir='ltr'><strong>potestatem</strong></span> <span class='ocrx_word' id='word_1_351' title='bbox 1228 3271 1580 3325; x_wconf 84' lang='lat' dir='ltr'><strong>concedimus</strong></span> 
     </span>
    </p>
   </div>
   <div class='ocr_carea' id='block_1_49' title="bbox 37 3357 1581 3432">
    <p class='ocr_par' dir='ltr' id='par_1_49' title="bbox 37 3357 1581 3432">
     <span class='ocr_line' id='line_1_49' title="bbox 37 3357 1581 3432; baseline 0.006 -24"><span class='ocrx_word' id='word_1_352' title='bbox 37 3357 264 3414; x_wconf 85' lang='lat' dir='ltr'><strong>canonicis</strong></span> <span class='ocrx_word' id='word_1_353' title='bbox 307 3360 632 3416; x_wconf 84' lang='lat' dir='ltr'><strong>assumendi</strong></span> <span class='ocrx_word' id='word_1_354' title='bbox 683 3375 1064 3432; x_wconf 89' lang='lat' dir='ltr'><strong>quemctmque</strong></span> <span class='ocrx_word' id='word_1_355' title='bbox 1114 3359 1387 3416; x_wconf 89' lang='lat' dir='ltr'><strong>voluerint</strong></span> <span class='ocrx_word' id='word_1_356' title='bbox 1415 3362 1581 3417; x_wconf 89' lang='lat' dir='ltr'><strong>advo-</strong></span> 
     </span>
    </p>
   </div>
   <div class='ocr_carea' id='block_1_50' title="bbox 35 3450 1579 3520">
    <p class='ocr_par' dir='ltr' id='par_1_50' title="bbox 35 3450 1579 3520">
     <span class='ocr_line' id='line_1_50' title="bbox 35 3450 1579 3520; baseline 0.007 -24"><span class='ocrx_word' id='word_1_357' title='bbox 35 3455 175 3502; x_wconf 84' lang='lat' dir='ltr'><strong>catum</strong></span> <span class='ocrx_word' id='word_1_358' title='bbox 201 3489 216 3514; x_wconf 95' lang='lat'><strong>,</strong></span> <span class='ocrx_word' id='word_1_359' title='bbox 239 3450 328 3520; x_wconf 85' lang='lat' dir='ltr'><strong>qui</strong></span> <span class='ocrx_word' id='word_1_360' title='bbox 371 3452 571 3507; x_wconf 89' lang='lat' dir='ltr'><strong>tandiu</strong></span> <span class='ocrx_word' id='word_1_361' title='bbox 600 3461 658 3507; x_wconf 89' lang='lat' dir='ltr'><strong>et</strong></span> <span class='ocrx_word' id='word_1_362' title='bbox 695 3469 800 3509; x_wconf 93' lang='lat' dir='ltr'><strong>non</strong></span> <span class='ocrx_word' id='word_1_363' title='bbox 835 3452 1062 3509; x_wconf 90' lang='lat' dir='ltr'><strong>ulterius</strong></span> <span class='ocrx_word' id='word_1_364' title='bbox 1089 3467 1278 3508; x_wconf 88' lang='lat' dir='ltr'><strong>eorum</strong></span> <span class='ocrx_word' id='word_1_365' title='bbox 1310 3453 1471 3508; x_wconf 88' lang='lat' dir='ltr'><strong>rebus</strong></span> <span class='ocrx_word' id='word_1_366' title='bbox 1497 3452 1579 3507; x_wconf 90' lang='lat' dir='ltr'><strong>vel</strong></span> 
     </span>
    </p>
   </div>
   <div class='ocr_carea' id='block_1_51' title="bbox 34 3544 1579 3616">
    <p class='ocr_par' dir='ltr' id='par_1_51' title="bbox 34 3544 1579 3616">
     <span class='ocr_line' id='line_1_51' title="bbox 34 3544 1579 3616; baseline 0.006 -24"><span class='ocrx_word' id='word_1_367' title='bbox 34 3554 184 3596; x_wconf 85' lang='lat' dir='ltr'><strong>eorum</strong></span> <span class='ocrx_word' id='word_1_368' title='bbox 209 3545 381 3599; x_wconf 83' lang='lat' dir='ltr'><strong>causis</strong></span> <span class='ocrx_word' id='word_1_369' title='bbox 409 3544 607 3614; x_wconf 62' lang='lat' dir='ltr'><strong>praesit</strong></span> <span class='ocrx_word' id='word_1_370' title='bbox 630 3586 645 3611; x_wconf 93' lang='lat'><strong>,</strong></span> <span class='ocrx_word' id='word_1_371' title='bbox 675 3545 913 3616; x_wconf 87' lang='lat' dir='ltr'><strong>quandiu</strong></span> <span class='ocrx_word' id='word_1_372' title='bbox 943 3546 1025 3601; x_wconf 88' lang='lat' dir='ltr'><strong>eis</strong></span> <span class='ocrx_word' id='word_1_373' title='bbox 1061 3544 1347 3615; x_wconf 85' lang='lat' dir='ltr'><strong>placuerit.</strong></span> <span class='ocrx_word' id='word_1_374' title='bbox 1371 3545 1579 3602; x_wconf 86' lang='lat' dir='ltr'><strong>Altaria</strong></span> 
     </span>
    </p>
   </div>
   <div class='ocr_carea' id='block_1_52' title="bbox 36 3631 1582 3692">
    <p class='ocr_par' dir='ltr' id='par_1_52' title="bbox 36 3631 1582 3692">
     <span class='ocr_line' id='line_1_52' title="bbox 36 3631 1582 3692; baseline 0.006 -10"><span class='ocrx_word' id='word_1_375' title='bbox 36 3631 163 3684; x_wconf 86' lang='lat' dir='ltr'><strong>etiam</strong></span> <span class='ocrx_word' id='word_1_376' title='bbox 195 3633 248 3688; x_wconf 90' lang='grc'><strong>8.</strong></span> <span class='ocrx_word' id='word_1_377' title='bbox 299 3633 490 3690; x_wconf 72' lang='lat' dir='ltr'><strong>Maria:</strong></span> <span class='ocrx_word' id='word_1_378' title='bbox 519 3643 576 3689; x_wconf 87' lang='lat' dir='ltr'><strong>et</strong></span> <span class='ocrx_word' id='word_1_379' title='bbox 612 3633 672 3690; x_wconf 92' lang='lat' dir='ltr'><strong>S.</strong></span> <span class='ocrx_word' id='word_1_380' title='bbox 701 3634 987 3690; x_wconf 87' lang='lat' dir='ltr'><strong>Laurentii</strong></span> <span class='ocrx_word' id='word_1_381' title='bbox 1031 3634 1102 3690; x_wconf 88' lang='lat' dir='ltr'><strong>ab</strong></span> <span class='ocrx_word' id='word_1_382' title='bbox 1132 3635 1280 3691; x_wconf 91' lang='lat' dir='ltr'><strong>omni</strong></span> <span class='ocrx_word' id='word_1_383' title='bbox 1317 3636 1582 3692; x_wconf 89' lang='lat' dir='ltr'><strong>servitute</strong></span> 
     </span>
    </p>
   </div>
   <div class='ocr_carea' id='block_1_53' title="bbox 36 3721 1582 3785">
    <p class='ocr_par' dir='ltr' id='par_1_53' title="bbox 36 3721 1582 3785">
     <span class='ocr_line' id='line_1_53' title="bbox 36 3721 1582 3785; baseline 0.006 -10"><span class='ocrx_word' id='word_1_384' title='bbox 36 3721 167 3779; x_wconf 83' lang='lat' dir='ltr'><strong>libera</strong></span> <span class='ocrx_word' id='word_1_385' title='bbox 186 3739 300 3784; x_wconf 88' lang='lat' dir='ltr'><strong>esse</strong></span> <span class='ocrx_word' id='word_1_386' title='bbox 324 3727 694 3784; x_wconf 85' lang='lat' dir='ltr'><strong>ostendimus.</strong></span> <span class='ocrx_word' id='word_1_387' title='bbox 724 3727 791 3783; x_wconf 90' lang='lat' dir='ltr'><strong>Et</strong></span> <span class='ocrx_word' id='word_1_388' title='bbox 837 3736 898 3782; x_wconf 90' lang='lat' dir='ltr'><strong>ut</strong></span> <span class='ocrx_word' id='word_1_389' title='bbox 944 3736 1130 3785; x_wconf 85' lang='lat' dir='ltr'><strong>nostra</strong></span> <span class='ocrx_word' id='word_1_390' title='bbox 1155 3728 1385 3785; x_wconf 87' lang='lat' dir='ltr'><strong>ecclesia</strong></span> <span class='ocrx_word' id='word_1_391' title='bbox 1439 3727 1582 3784; x_wconf 82' lang='lat' dir='ltr'><strong>foret</strong></span> 
     </span>
    </p>
   </div>
   <div class='ocr_carea' id='block_1_54' title="bbox 37 3813 1583 3888">
    <p class='ocr_par' dir='ltr' id='par_1_54' title="bbox 37 3813 1583 3888">
     <span class='ocr_line' id='line_1_54' title="bbox 37 3813 1583 3888; baseline 0.005 -22"><span class='ocrx_word' id='word_1_392' title='bbox 37 3813 216 3882; x_wconf 67' lang='lat' dir='ltr'><strong>aqualis</strong></span> <span class='ocrx_word' id='word_1_393' title='bbox 258 3816 398 3885; x_wconf 86' lang='lat' dir='ltr'><strong>aliis,</strong></span> <span class='ocrx_word' id='word_1_394' title='bbox 431 3831 566 3888; x_wconf 72' lang='lat' dir='ltr'><strong>qua:</strong></span> <span class='ocrx_word' id='word_1_395' title='bbox 613 3818 852 3888; x_wconf 77' lang='lat' dir='ltr'><strong>gaudent</strong></span> <span class='ocrx_word' id='word_1_396' title='bbox 895 3820 1024 3874; x_wconf 87' lang='lat' dir='ltr'><strong>dete</strong></span> <span class='ocrx_word' id='word_1_397' title='bbox 1057 3818 1343 3884; x_wconf 89' lang='lat' dir='ltr'><strong>libertatis,</strong></span> <span class='ocrx_word' id='word_1_398' title='bbox 1375 3817 1583 3874; x_wconf 84' lang='lat' dir='ltr'><strong>scilicet</strong></span> 
     </span>
    </p>
   </div>
   <div class='ocr_carea' id='block_1_55' title="bbox 35 3901 1582 3983">
    <p class='ocr_par' dir='ltr' id='par_1_55' title="bbox 35 3901 1582 3983">
     <span class='ocr_line' id='line_1_55' title="bbox 35 3901 1582 3983; baseline 0.005 -26"><span class='ocrx_word' id='word_1_399' title='bbox 35 3901 84 3957; x_wconf 82' lang='grc'><strong>8.</strong></span> <span class='ocrx_word' id='word_1_400' title='bbox 107 3904 264 3963; x_wconf 69' lang='grc' dir='ltr'><strong>ηπίε</strong></span> <span class='ocrx_word' id='word_1_401' title='bbox 289 3908 677 3966; x_wconf 80' lang='lat' dir='ltr'><strong>Atrebatcnsis</strong></span> <span class='ocrx_word' id='word_1_402' title='bbox 711 3919 770 3965; x_wconf 90' lang='lat' dir='ltr'><strong>et</strong></span> <span class='ocrx_word' id='word_1_403' title='bbox 813 3909 874 3966; x_wconf 93' lang='grc'><strong>8.</strong></span> <span class='ocrx_word' id='word_1_404' title='bbox 902 3910 1190 3983; x_wconf 84' lang='lat' dir='ltr'><strong>Gaugerici</strong></span> <span class='ocrx_word' id='word_1_405' title='bbox 1220 3909 1582 3966; x_wconf 85' lang='lat' dir='ltr'><strong>Cameracen-</strong></span> 
     </span>
    </p>
   </div>
   <div class='ocr_carea' id='block_1_56' title="bbox 37 3996 1583 4076">
    <p class='ocr_par' dir='ltr' id='par_1_56' title="bbox 37 3996 1583 4076">
     <span class='ocr_line' id='line_1_56' title="bbox 37 3996 1583 4076; baseline 0.008 -28"><span class='ocrx_word' id='word_1_406' title='bbox 37 3996 108 4060; x_wconf 79' lang='lat' dir='ltr'><strong>sis,</strong></span> <span class='ocrx_word' id='word_1_407' title='bbox 133 3999 337 4056; x_wconf 82' lang='lat' dir='ltr'><strong>multum</strong></span> <span class='ocrx_word' id='word_1_408' title='bbox 366 4001 775 4070; x_wconf 75' lang='lat' dir='ltr'><strong>Iaberavimus,</strong></span> <span class='ocrx_word' id='word_1_409' title='bbox 801 4012 884 4070; x_wconf 88' lang='lat' dir='ltr'><strong>et,</strong></span> <span class='ocrx_word' id='word_1_410' title='bbox 927 4004 1039 4059; x_wconf 86' lang='lat' dir='ltr'><strong>Deo</strong></span> <span class='ocrx_word' id='word_1_411' title='bbox 1064 4004 1296 4076; x_wconf 79' lang='lat' dir='ltr'><strong>gratias,</strong></span> <span class='ocrx_word' id='word_1_412' title='bbox 1325 4004 1583 4060; x_wconf 87' lang='lat' dir='ltr'><strong>laudante</strong></span> 
     </span>
    </p>
   </div>
   <div class='ocr_carea' id='block_1_57' title="bbox 35 4084 1582 4168">
    <p class='ocr_par' dir='ltr' id='par_1_57' title="bbox 35 4084 1582 4168">
     <span class='ocr_line' id='line_1_57' title="bbox 35 4084 1582 4168; baseline 0.007 -23"><span class='ocrx_word' id='word_1_413' title='bbox 35 4084 266 4150; x_wconf 75' lang='lat' dir='ltr'><strong>Uetberto</strong></span> <span class='ocrx_word' id='word_1_414' title='bbox 296 4096 580 4168; x_wconf 85' lang='lat' dir='ltr'><strong>episeopo,</strong></span> <span class='ocrx_word' id='word_1_415' title='bbox 625 4097 693 4151; x_wconf 90' lang='lat' dir='ltr'><strong>ad</strong></span> <span class='ocrx_word' id='word_1_416' title='bbox 743 4097 903 4152; x_wconf 89' lang='lat' dir='ltr'><strong>ﬁnem</strong></span> <span class='ocrx_word' id='word_1_417' title='bbox 934 4098 1372 4167; x_wconf 74' lang='lat' dir='ltr'><strong>prteduximus...</strong></span> <span class='ocrx_word' id='word_1_418' title='bbox 1422 4098 1582 4156; x_wconf 87' lang='lat' dir='ltr'><strong>Anno</strong></span> 
     </span>
    </p>
   </div>
   <div class='ocr_carea' id='block_1_58' title="bbox 37 4177 1580 4254">
    <p class='ocr_par' dir='ltr' id='par_1_58' title="bbox 37 4177 1580 4254">
     <span class='ocr_line' id='line_1_58' title="bbox 37 4177 1580 4254; baseline 0.007 -23"><span class='ocrx_word' id='word_1_419' title='bbox 37 4177 90 4231; x_wconf 86' lang='lat' dir='ltr'><strong>ab</strong></span> <span class='ocrx_word' id='word_1_420' title='bbox 121 4180 480 4242; x_wconf 87' lang='lat' dir='ltr'><strong>Incarnatione</strong></span> <span class='ocrx_word' id='word_1_421' title='bbox 532 4185 743 4242; x_wconf 87' lang='lat' dir='ltr'><strong>Domini</strong></span> <span class='ocrx_word' id='word_1_422' title='bbox 797 4186 959 4253; x_wconf 87' lang='grc'>1070,</span> <span class='ocrx_word' id='word_1_423' title='bbox 1007 4187 1303 4243; x_wconf 89' lang='lat' dir='ltr'><strong>indictione</strong></span> <span class='ocrx_word' id='word_1_424' title='bbox 1339 4202 1471 4254; x_wconf 89' lang='lat' dir='ltr'><strong>vut,</strong></span> <span class='ocrx_word' id='word_1_425' title='bbox 1525 4187 1580 4242; x_wconf 92' lang='lat' dir='ltr'><strong>in</strong></span> 
     </span>
    </p>
   </div>
   <div class='ocr_carea' id='block_1_59' title="bbox 37 4269 1581 4350">
    <p class='ocr_par' dir='ltr' id='par_1_59' title="bbox 37 4269 1581 4350">
     <span class='ocr_line' id='line_1_59' title="bbox 37 4269 1581 4350; baseline 0.006 -26"><span class='ocrx_word' id='word_1_426' title='bbox 37 4269 217 4330; x_wconf 87' lang='lat' dir='ltr'><strong>basilica</strong></span> <span class='ocrx_word' id='word_1_427' title='bbox 259 4276 317 4332; x_wconf 92' lang='grc'><strong>8.</strong></span> <span class='ocrx_word' id='word_1_428' title='bbox 368 4277 562 4333; x_wconf 76' lang='lat' dir='ltr'><strong>Mariae</strong></span> <span class='ocrx_word' id='word_1_429' title='bbox 609 4277 726 4334; x_wconf 79' lang='lat' dir='ltr'><strong>haec</strong></span> <span class='ocrx_word' id='word_1_430' title='bbox 772 4278 1102 4350; x_wconf 85' lang='lat' dir='ltr'><strong>peregimus.</strong></span> <span class='ocrx_word' id='word_1_431' title='bbox 1143 4297 1162 4331; x_wconf 75' lang='grc' dir='ltr'><strong><em>ι</em></strong></span> <span class='ocrx_word' id='word_1_432' title='bbox 1195 4278 1323 4335; x_wconf 59' lang='lat' dir='ltr'><strong>ﬂare</strong></span> <span class='ocrx_word' id='word_1_433' title='bbox 1366 4279 1474 4346; x_wconf 90' lang='lat' dir='ltr'><strong>ibi,</strong></span> <span class='ocrx_word' id='word_1_434' title='bbox 1512 4295 1581 4335; x_wconf 78' lang='lat' dir='ltr'><strong>ex</strong></span> 
     </span>
    </p>
   </div>
   <div class='ocr_carea' id='block_1_60' title="bbox 35 4363 1583 4440">
    <p class='ocr_par' dir='ltr' id='par_1_60' title="bbox 35 4363 1583 4440">
     <span class='ocr_line' id='line_1_60' title="bbox 35 4363 1583 4440; baseline 0.008 -24"><span class='ocrx_word' id='word_1_435' title='bbox 35 4363 194 4429; x_wconf 82' lang='lat' dir='ltr'><strong>quibus</strong></span> <span class='ocrx_word' id='word_1_436' title='bbox 237 4367 402 4440; x_wconf 86' lang='lat' dir='ltr'><strong>liquet</strong></span> <span class='ocrx_word' id='word_1_437' title='bbox 448 4369 744 4425; x_wconf 89' lang='lat' dir='ltr'><strong>ecclesiam</strong></span> <span class='ocrx_word' id='word_1_438' title='bbox 775 4372 869 4425; x_wconf 84' lang='lat' dir='ltr'><strong>ab</strong></span> <span class='ocrx_word' id='word_1_439' title='bbox 920 4370 1358 4428; x_wconf 88' lang='lat' dir='ltr'><strong>antecessoribus</strong></span> <span class='ocrx_word' id='word_1_440' title='bbox 1417 4370 1583 4428; x_wconf 80' lang='lat' dir='ltr'><strong>fuisse</strong></span> 
     </span>
    </p>
   </div>
   <div class='ocr_carea' id='block_1_61' title="bbox 35 4453 1579 4528">
    <p class='ocr_par' dir='ltr' id='par_1_61' title="bbox 35 4453 1579 4528">
     <span class='ocr_line' id='line_1_61' title="bbox 35 4453 1579 4528; baseline 0.009 -25"><span class='ocrx_word' id='word_1_441' title='bbox 35 4453 367 4525; x_wconf 79' lang='lat' dir='ltr'><strong>constitutam,</strong></span> <span class='ocrx_word' id='word_1_442' title='bbox 399 4459 502 4515; x_wconf 83' lang='lat' dir='ltr'><strong>sed</strong></span> <span class='ocrx_word' id='word_1_443' title='bbox 543 4459 743 4514; x_wconf 79' lang='lat' dir='ltr'><strong>invidia</strong></span> <span class='ocrx_word' id='word_1_444' title='bbox 793 4459 1178 4516; x_wconf 84' lang='lat' dir='ltr'><strong>malevolorum</strong></span> <span class='ocrx_word' id='word_1_445' title='bbox 1215 4461 1579 4528; x_wconf 89' lang='lat' dir='ltr'><strong>combustam,</strong></span> 
     </span>
    </p>
   </div>
   <div class='ocr_carea' id='block_1_62' title="bbox 1688 1977 3272 2049">
    <p class='ocr_par' dir='ltr' id='par_1_62' title="bbox 1688 1977 3272 2049">
     <span class='ocr_line' id='line_1_62' title="bbox 1688 1977 3272 2049; baseline 0.006 -19"><span class='ocrx_word' id='word_1_446' title='bbox 1688 1977 2078 2032; x_wconf 89' lang='lat' dir='ltr'><strong>canonicorum</strong></span> <span class='ocrx_word' id='word_1_447' title='bbox 2125 1977 2411 2049; x_wconf 88' lang='lat' dir='ltr'><strong>collegium</strong></span> <span class='ocrx_word' id='word_1_448' title='bbox 2461 1979 2628 2036; x_wconf 80' lang='lat' dir='ltr'><strong>fuisse</strong></span> <span class='ocrx_word' id='word_1_449' title='bbox 2659 1983 2868 2038; x_wconf 86' lang='lat' dir='ltr'><strong>scribit.</strong></span> <span class='ocrx_word' id='word_1_450' title='bbox 2925 1983 3046 2038; x_wconf 81' lang='lat' dir='ltr'><strong>Fuit</strong></span> <span class='ocrx_word' id='word_1_451' title='bbox 3083 1999 3272 2039; x_wconf 85' lang='lat' dir='ltr'><strong>mona-</strong></span> 
     </span>
    </p>
   </div>
   <div class='ocr_carea' id='block_1_63' title="bbox 1687 2069 3274 2138">
    <p class='ocr_par' dir='ltr' id='par_1_63' title="bbox 1687 2069 3274 2138">
     <span class='ocr_line' id='line_1_63' title="bbox 1687 2069 3274 2138; baseline 0.005 -14"><span class='ocrx_word' id='word_1_452' title='bbox 1687 2069 1912 2124; x_wconf 89' lang='lat' dir='ltr'><strong>sterium</strong></span> <span class='ocrx_word' id='word_1_453' title='bbox 1979 2069 2420 2138; x_wconf 87' lang='lat' dir='ltr'><strong>Benedielinum,</strong></span> <span class='ocrx_word' id='word_1_454' title='bbox 2471 2073 2768 2128; x_wconf 89' lang='lat' dir='ltr'><strong>secundum</strong></span> <span class='ocrx_word' id='word_1_455' title='bbox 2831 2073 3274 2132; x_wconf 78' lang='lat' dir='ltr'><strong>reformationem</strong></span> 
     </span>
    </p>
   </div>
   <div class='ocr_carea' id='block_1_64' title="bbox 1687 2162 3273 2236">
    <p class='ocr_par' dir='ltr' id='par_1_64' title="bbox 1687 2162 3273 2236">
     <span class='ocr_line' id='line_1_64' title="bbox 1687 2162 3273 2236; baseline 0.004 -19"><span class='ocrx_word' id='word_1_456' title='bbox 1687 2162 2096 2218; x_wconf 90' lang='lat' dir='ltr'><strong>Cluniacenscm</strong></span> <span class='ocrx_word' id='word_1_457' title='bbox 2119 2203 2134 2228; x_wconf 96' lang='lat'><strong>,</strong></span> <span class='ocrx_word' id='word_1_458' title='bbox 2165 2163 2446 2219; x_wconf 84' lang='lat' dir='ltr'><strong>monachis</strong></span> <span class='ocrx_word' id='word_1_459' title='bbox 2472 2165 2540 2218; x_wconf 84' lang='lat' dir='ltr'><strong>ab</strong></span> <span class='ocrx_word' id='word_1_460' title='bbox 2568 2165 2686 2236; x_wconf 89' lang='lat' dir='ltr'><strong>ipso</strong></span> <span class='ocrx_word' id='word_1_461' title='bbox 2723 2166 2984 2224; x_wconf 86' lang='lat' dir='ltr'><strong>Cluniaco</strong></span> <span class='ocrx_word' id='word_1_462' title='bbox 3010 2184 3040 2222; x_wconf 90' lang='lat' dir='ltr'><strong>a</strong></span> <span class='ocrx_word' id='word_1_463' title='bbox 3072 2167 3130 2224; x_wconf 92' lang='lat' dir='ltr'><strong>S.</strong></span> <span class='ocrx_word' id='word_1_464' title='bbox 3159 2169 3273 2224; x_wconf 89' lang='lat' dir='ltr'><strong>IIu-</strong></span> 
     </span>
    </p>
   </div>
   <div class='ocr_carea' id='block_1_65' title="bbox 1687 2253 3274 2329">
    <p class='ocr_par' dir='ltr' id='par_1_65' title="bbox 1687 2253 3274 2329">
     <span class='ocr_line' id='line_1_65' title="bbox 1687 2253 3274 2329; baseline 0.006 -21"><span class='ocrx_word' id='word_1_465' title='bbox 1687 2269 1825 2325; x_wconf 86' lang='lat' dir='ltr'><strong>gone</strong></span> <span class='ocrx_word' id='word_1_466' title='bbox 1848 2253 2043 2309; x_wconf 87' lang='lat' dir='ltr'><strong>abbate</strong></span> <span class='ocrx_word' id='word_1_467' title='bbox 2069 2255 2403 2310; x_wconf 89' lang='lat' dir='ltr'><strong>transmissis</strong></span> <span class='ocrx_word' id='word_1_468' title='bbox 2435 2272 2450 2310; x_wconf 90' lang='lat'><strong>:</strong></span> <span class='ocrx_word' id='word_1_469' title='bbox 2484 2255 2560 2310; x_wconf 91' lang='lat' dir='ltr'><strong>uti</strong></span> <span class='ocrx_word' id='word_1_470' title='bbox 2589 2265 2784 2312; x_wconf 91' lang='lat' dir='ltr'><strong>auctor</strong></span> <span class='ocrx_word' id='word_1_471' title='bbox 2812 2258 2968 2326; x_wconf 71' lang='lat' dir='ltr'><strong>Vitas,</strong></span> <span class='ocrx_word' id='word_1_472' title='bbox 2997 2259 3091 2329; x_wconf 86' lang='lat' dir='ltr'><strong>qui</strong></span> <span class='ocrx_word' id='word_1_473' title='bbox 3118 2261 3274 2317; x_wconf 86' lang='lat' dir='ltr'><strong>nobis</strong></span> 
     </span>
    </p>
   </div>
   <div class='ocr_carea' id='block_1_66' title="bbox 1690 2344 2958 2417">
    <p class='ocr_par' dir='ltr' id='par_1_66' title="bbox 1690 2344 2958 2417">
     <span class='ocr_line' id='line_1_66' title="bbox 1690 2344 2958 2417; baseline 0.002 -17"><span class='ocrx_word' id='word_1_474' title='bbox 1690 2346 1990 2402; x_wconf 86' lang='lat' dir='ltr'><strong>Wastensis</strong></span> <span class='ocrx_word' id='word_1_475' title='bbox 2013 2344 2182 2401; x_wconf 82' lang='lat' dir='ltr'><strong>fuisse</strong></span> <span class='ocrx_word' id='word_1_476' title='bbox 2209 2345 2441 2411; x_wconf 89' lang='lat' dir='ltr'><strong>videtur,</strong></span> <span class='ocrx_word' id='word_1_477' title='bbox 2470 2345 2654 2400; x_wconf 84' lang='lat' dir='ltr'><strong>multis</strong></span> <span class='ocrx_word' id='word_1_478' title='bbox 2673 2347 2906 2417; x_wconf 90' lang='lat' dir='ltr'><strong>explicet</strong></span> <span class='ocrx_word' id='word_1_479' title='bbox 2943 2365 2958 2403; x_wconf 90' lang='lat'><strong>:</strong></span> 
     </span>
    </p>
   </div>
   <div class='ocr_carea' id='block_1_67' title="bbox 1759 2436 3274 2506">
    <p class='ocr_par' dir='ltr' id='par_1_67' title="bbox 1759 2436 3274 2506">
     <span class='ocr_line' id='line_1_67' title="bbox 1759 2436 3274 2506; baseline 0.001 -12"><span class='ocrx_word' id='word_1_480' title='bbox 1759 2438 1812 2494; x_wconf 83' lang='grc'>6.</span> <span class='ocrx_word' id='word_1_481' title='bbox 1855 2437 2119 2506; x_wconf 86' lang='lat' dir='ltr'><strong>Quartum</strong></span> <span class='ocrx_word' id='word_1_482' title='bbox 2177 2437 2248 2492; x_wconf 88' lang='lat' dir='ltr'><strong>ab</strong></span> <span class='ocrx_word' id='word_1_483' title='bbox 2282 2436 2470 2492; x_wconf 89' lang='lat' dir='ltr'><strong>eadem</strong></span> <span class='ocrx_word' id='word_1_484' title='bbox 2513 2437 2767 2494; x_wconf 84' lang='lat' dir='ltr'><strong>similiter</strong></span> <span class='ocrx_word' id='word_1_485' title='bbox 2818 2439 2978 2494; x_wconf 83' lang='lat' dir='ltr'><strong>vidua</strong></span> <span class='ocrx_word' id='word_1_486' title='bbox 3025 2447 3274 2496; x_wconf 86' lang='lat' dir='ltr'><strong>constru-</strong></span> 
     </span>
    </p>
   </div>
   <div class='ocr_carea' id='block_1_68' title="bbox 1687 2526 3272 2600">
    <p class='ocr_par' dir='ltr' id='par_1_68' title="bbox 1687 2526 3272 2600">
     <span class='ocr_line' id='line_1_68' title="bbox 1687 2526 3272 2600; baseline -0.001 -15"><span class='ocrx_word' id='word_1_487' title='bbox 1687 2539 1856 2594; x_wconf 92' lang='lat' dir='ltr'><strong>ettun,</strong></span> <span class='ocrx_word' id='word_1_488' title='bbox 1883 2538 1969 2586; x_wconf 91' lang='lat' dir='ltr'><strong>est</strong></span> <span class='ocrx_word' id='word_1_489' title='bbox 1994 2527 2383 2584; x_wconf 88' lang='lat' dir='ltr'><strong>monasterium</strong></span> <span class='ocrx_word' id='word_1_490' title='bbox 2407 2527 2467 2582; x_wconf 95' lang='grc'><strong>8.</strong></span> <span class='ocrx_word' id='word_1_491' title='bbox 2503 2526 2684 2584; x_wconf 79' lang='lat' dir='ltr'><strong>Mariae</strong></span> <span class='ocrx_word' id='word_1_492' title='bbox 2713 2529 2781 2586; x_wconf 89' lang='lat' dir='ltr'><strong>de</strong></span> <span class='ocrx_word' id='word_1_493' title='bbox 2808 2528 3024 2600; x_wconf 86' lang='lat' dir='ltr'><strong>Capella</strong></span> <span class='ocrx_word' id='word_1_494' title='bbox 3045 2530 3272 2596; x_wconf 88' lang='lat' dir='ltr'><strong>dictum,</strong></span> 
     </span>
    </p>
   </div>
   <div class='ocr_carea' id='block_1_69' title="bbox 1690 2618 3273 2691">
    <p class='ocr_par' dir='ltr' id='par_1_69' title="bbox 1690 2618 3273 2691">
     <span class='ocr_line' id='line_1_69' title="bbox 1690 2618 3273 2691; baseline 0.001 -16"><span class='ocrx_word' id='word_1_495' title='bbox 1690 2622 1742 2676; x_wconf 93' lang='lat' dir='ltr'><strong>in</strong></span> <span class='ocrx_word' id='word_1_496' title='bbox 1781 2636 1890 2691; x_wconf 91' lang='lat' dir='ltr'><strong>quo</strong></span> <span class='ocrx_word' id='word_1_497' title='bbox 1919 2619 2087 2675; x_wconf 79' lang='lat' dir='ltr'><strong>vitam</strong></span> <span class='ocrx_word' id='word_1_498' title='bbox 2140 2619 2282 2674; x_wconf 89' lang='lat' dir='ltr'><strong>hanc</strong></span> <span class='ocrx_word' id='word_1_499' title='bbox 2323 2618 2605 2675; x_wconf 85' lang='lat' dir='ltr'><strong>mortalem</strong></span> <span class='ocrx_word' id='word_1_500' title='bbox 2653 2620 2834 2686; x_wconf 87' lang='lat' dir='ltr'><strong>exuit,</strong></span> <span class='ocrx_word' id='word_1_501' title='bbox 2879 2621 2947 2676; x_wconf 89' lang='lat' dir='ltr'><strong>ad</strong></span> <span class='ocrx_word' id='word_1_502' title='bbox 2993 2621 3273 2677; x_wconf 88' lang='lat' dir='ltr'><strong>meliorem</strong></span> 
     </span>
    </p>
   </div>
   <div class='ocr_carea' id='block_1_70' title="bbox 1688 2707 3276 2785">
    <p class='ocr_par' dir='ltr' id='par_1_70' title="bbox 1688 2707 3276 2785">
     <span class='ocr_line' id='line_1_70' title="bbox 1688 2707 3276 2785; baseline -0.001 -17"><span class='ocrx_word' id='word_1_503' title='bbox 1688 2713 2006 2785; x_wconf 86' lang='lat' dir='ltr'><strong>migratura.</strong></span> <span class='ocrx_word' id='word_1_504' title='bbox 2035 2707 2275 2766; x_wconf 81' lang='lat' dir='ltr'><strong>Joannes</strong></span> <span class='ocrx_word' id='word_1_505' title='bbox 2298 2708 2541 2779; x_wconf 84' lang='lat' dir='ltr'><strong>lperius,</strong></span> <span class='ocrx_word' id='word_1_506' title='bbox 2582 2709 2636 2765; x_wconf 88' lang='lat' dir='ltr'><strong>in</strong></span> <span class='ocrx_word' id='word_1_507' title='bbox 2663 2709 2932 2766; x_wconf 90' lang='lat' dir='ltr'><strong>Chronico</strong></span> <span class='ocrx_word' id='word_1_508' title='bbox 2957 2709 3276 2766; x_wconf 70' lang='lat' dir='ltr'><strong>Ilertiniano</strong></span> 
     </span>
    </p>
   </div>
   <div class='ocr_carea' id='block_1_71' title="bbox 1687 2797 3277 2871">
    <p class='ocr_par' dir='ltr' id='par_1_71' title="bbox 1687 2797 3277 2871">
     <span class='ocr_line' id='line_1_71' title="bbox 1687 2797 3277 2871; baseline -0.002 -14"><span class='ocrx_word' id='word_1_509' title='bbox 1687 2801 1923 2871; x_wconf 89' lang='lat' dir='ltr'><strong>capitulo</strong></span> <span class='ocrx_word' id='word_1_510' title='bbox 1944 2801 2038 2866; x_wconf 83' lang='grc'>59,</span> <span class='ocrx_word' id='word_1_511' title='bbox 2061 2815 2179 2871; x_wconf 90' lang='lat' dir='ltr'><strong>par.</strong></span> <span class='ocrx_word' id='word_1_512' title='bbox 2208 2797 2245 2852; x_wconf 79' lang='lat'><strong>2</strong></span> <span class='ocrx_word' id='word_1_513' title='bbox 2261 2838 2277 2862; x_wconf 96' lang='lat'><strong>,</strong></span> <span class='ocrx_word' id='word_1_514' title='bbox 2303 2798 2446 2854; x_wconf 87' lang='lat' dir='ltr'><strong>hanc</strong></span> <span class='ocrx_word' id='word_1_515' title='bbox 2471 2797 2840 2856; x_wconf 82' lang='lat' dir='ltr'><strong>fundationem</strong></span> <span class='ocrx_word' id='word_1_516' title='bbox 2868 2800 3056 2856; x_wconf 88' lang='lat' dir='ltr'><strong>tribuit</strong></span> <span class='ocrx_word' id='word_1_517' title='bbox 3081 2800 3277 2858; x_wconf 80' lang='lat' dir='ltr'><strong>Eusta-</strong></span> 
     </span>
    </p>
   </div>
   <div class='ocr_carea' id='block_1_72' title="bbox 1687 2891 3271 2963">
    <p class='ocr_par' dir='ltr' id='par_1_72' title="bbox 1687 2891 3271 2963">
     <span class='ocr_line' id='line_1_72' title="bbox 1687 2891 3271 2963; baseline -0.001 -12"><span class='ocrx_word' id='word_1_518' title='bbox 1687 2897 1812 2951; x_wconf 90' lang='lat' dir='ltr'><strong>chio</strong></span> <span class='ocrx_word' id='word_1_519' title='bbox 1834 2905 1888 2951; x_wconf 91' lang='lat' dir='ltr'><strong>et</strong></span> <span class='ocrx_word' id='word_1_520' title='bbox 1915 2894 1976 2948; x_wconf 88' lang='grc' dir='ltr'>Β.</span> <span class='ocrx_word' id='word_1_521' title='bbox 2007 2894 2131 2962; x_wconf 73' lang='lat' dir='ltr'><strong>Idte,</strong></span> <span class='ocrx_word' id='word_1_522' title='bbox 2163 2891 2319 2963; x_wconf 90' lang='lat' dir='ltr'><strong>quasi</strong></span> <span class='ocrx_word' id='word_1_523' title='bbox 2347 2891 2524 2948; x_wconf 88' lang='lat' dir='ltr'><strong>adhuc</strong></span> <span class='ocrx_word' id='word_1_524' title='bbox 2571 2892 2659 2948; x_wconf 88' lang='lat' dir='ltr'><strong>ille</strong></span> <span class='ocrx_word' id='word_1_525' title='bbox 2690 2908 2834 2948; x_wconf 89' lang='lat' dir='ltr'><strong>anno</strong></span> <span class='ocrx_word' id='word_1_526' title='bbox 2865 2893 3002 2950; x_wconf 91' lang='grc'>1090</span> <span class='ocrx_word' id='word_1_527' title='bbox 3024 2893 3271 2950; x_wconf 76' lang='lat' dir='ltr'><strong>vixisset.</strong></span> 
     </span>
    </p>
   </div>
   <div class='ocr_carea' id='block_1_73' title="bbox 1690 2982 3275 3055">
    <p class='ocr_par' dir='ltr' id='par_1_73' title="bbox 1690 2982 3275 3055">
     <span class='ocr_line' id='line_1_73' title="bbox 1690 2982 3275 3055; baseline -0.001 -15"><span class='ocrx_word' id='word_1_528' title='bbox 1690 2984 1866 3040; x_wconf 85' lang='lat' dir='ltr'><strong>Verba</strong></span> <span class='ocrx_word' id='word_1_529' title='bbox 1893 2983 2012 3055; x_wconf 85' lang='lat' dir='ltr'><strong>ejus</strong></span> <span class='ocrx_word' id='word_1_530' title='bbox 2046 2993 2176 3039; x_wconf 91' lang='lat' dir='ltr'><strong>sunt</strong></span> <span class='ocrx_word' id='word_1_531' title='bbox 2205 2982 2346 3038; x_wconf 87' lang='lat' dir='ltr'><strong>ista:</strong></span> <span class='ocrx_word' id='word_1_532' title='bbox 2382 3001 2400 3035; x_wconf 71' lang='grc' dir='ltr'>ι</span> <span class='ocrx_word' id='word_1_533' title='bbox 2429 2983 2589 3040; x_wconf 80' lang='lat' dir='ltr'><strong>Anno</strong></span> <span class='ocrx_word' id='word_1_534' title='bbox 2628 2983 2838 3038; x_wconf 90' lang='lat' dir='ltr'><strong>Domini</strong></span> <span class='ocrx_word' id='word_1_535' title='bbox 2871 2982 3009 3039; x_wconf 87' lang='grc'>1090</span> <span class='ocrx_word' id='word_1_536' title='bbox 3030 3024 3048 3050; x_wconf 84' lang='grc'><em>,</em></span> <span class='ocrx_word' id='word_1_537' title='bbox 3078 2983 3275 3040; x_wconf 86' lang='lat' dir='ltr'><strong>Eusta-</strong></span> 
     </span>
    </p>
   </div>
   <div class='ocr_carea' id='block_1_74' title="bbox 1689 3073 3273 3146">
    <p class='ocr_par' dir='ltr' id='par_1_74' title="bbox 1689 3073 3273 3146">
     <span class='ocr_line' id='line_1_74' title="bbox 1689 3073 3273 3146; baseline -0.002 -13"><span class='ocrx_word' id='word_1_538' title='bbox 1689 3079 1846 3134; x_wconf 90' lang='lat' dir='ltr'><strong>chius</strong></span> <span class='ocrx_word' id='word_1_539' title='bbox 1867 3076 2100 3132; x_wconf 77' lang='lat' dir='ltr'><strong>Bolonia:</strong></span> <span class='ocrx_word' id='word_1_540' title='bbox 2128 3090 2314 3132; x_wconf 91' lang='lat' dir='ltr'><strong>comes</strong></span> <span class='ocrx_word' id='word_1_541' title='bbox 2351 3083 2408 3132; x_wconf 90' lang='lat' dir='ltr'><strong>et</strong></span> <span class='ocrx_word' id='word_1_542' title='bbox 2437 3091 2574 3132; x_wconf 85' lang='lat' dir='ltr'><strong>uxor</strong></span> <span class='ocrx_word' id='word_1_543' title='bbox 2617 3075 2734 3146; x_wconf 88' lang='lat' dir='ltr'><strong>ejus</strong></span> <span class='ocrx_word' id='word_1_544' title='bbox 2769 3073 2857 3132; x_wconf 88' lang='lat' dir='ltr'><strong>Ida</strong></span> <span class='ocrx_word' id='word_1_545' title='bbox 2881 3115 2898 3140; x_wconf 92' lang='lat'><strong>,</strong></span> <span class='ocrx_word' id='word_1_546' title='bbox 2931 3080 3185 3145; x_wconf 90' lang='lat' dir='ltr'><strong>parentes</strong></span> <span class='ocrx_word' id='word_1_547' title='bbox 3215 3083 3273 3130; x_wconf 90' lang='lat' dir='ltr'><strong>et</strong></span> 
     </span>
    </p>
   </div>
   <div class='ocr_carea' id='block_1_75' title="bbox 1688 3163 3273 3242">
    <p class='ocr_par' dir='ltr' id='par_1_75' title="bbox 1688 3163 3273 3242">
     <span class='ocr_line' id='line_1_75' title="bbox 1688 3163 3273 3242; baseline -0.004 -17"><span class='ocrx_word' id='word_1_548' title='bbox 1688 3170 1962 3242; x_wconf 85' lang='lat' dir='ltr'><strong>genitores</strong></span> <span class='ocrx_word' id='word_1_549' title='bbox 1989 3167 2132 3224; x_wconf 88' lang='lat' dir='ltr'><strong>illius</strong></span> <span class='ocrx_word' id='word_1_550' title='bbox 2178 3166 2466 3222; x_wconf 88' lang='lat' dir='ltr'><strong>clarissimi</strong></span> <span class='ocrx_word' id='word_1_551' title='bbox 2506 3175 2562 3222; x_wconf 93' lang='lat' dir='ltr'><strong>et</strong></span> <span class='ocrx_word' id='word_1_552' title='bbox 2597 3164 2947 3222; x_wconf 79' lang='lat' dir='ltr'><strong>illustrissimi</strong></span> <span class='ocrx_word' id='word_1_553' title='bbox 2992 3163 3273 3220; x_wconf 80' lang='lat' dir='ltr'><strong>Godefridi</strong></span> 
     </span>
    </p>
   </div>
   <div class='ocr_carea' id='block_1_76' title="bbox 1686 3252 3270 3328">
    <p class='ocr_par' dir='ltr' id='par_1_76' title="bbox 1686 3252 3270 3328">
     <span class='ocr_line' id='line_1_76' title="bbox 1686 3252 3270 3328; baseline -0.006 -10"><span class='ocrx_word' id='word_1_554' title='bbox 1686 3265 1752 3318; x_wconf 90' lang='lat' dir='ltr'><strong>de</strong></span> <span class='ocrx_word' id='word_1_555' title='bbox 1774 3261 2048 3325; x_wconf 88' lang='lat' dir='ltr'><strong>Bullione,</strong></span> <span class='ocrx_word' id='word_1_556' title='bbox 2077 3272 2142 3314; x_wconf 90' lang='lat' dir='ltr'><strong>ac</strong></span> <span class='ocrx_word' id='word_1_557' title='bbox 2168 3257 2444 3323; x_wconf 86' lang='lat' dir='ltr'><strong>Balduini,</strong></span> <span class='ocrx_word' id='word_1_558' title='bbox 2477 3268 2666 3328; x_wconf 86' lang='lat' dir='ltr'><strong>postea</strong></span> <span class='ocrx_word' id='word_1_559' title='bbox 2711 3271 2897 3326; x_wconf 84' lang='lat' dir='ltr'><strong>regum</strong></span> <span class='ocrx_word' id='word_1_560' title='bbox 2931 3252 3270 3320; x_wconf 86' lang='lat' dir='ltr'><strong>Jerusalem,</strong></span> 
     </span>
    </p>
   </div>
   <div class='ocr_carea' id='block_1_77' title="bbox 1686 3347 3269 3420">
    <p class='ocr_par' dir='ltr' id='par_1_77' title="bbox 1686 3347 3269 3420">
     <span class='ocr_line' id='line_1_77' title="bbox 1686 3347 3269 3420; baseline -0.005 -10"><span class='ocrx_word' id='word_1_561' title='bbox 1686 3355 2047 3410; x_wconf 82' lang='lat' dir='ltr'><strong>Iundaverunt</strong></span> <span class='ocrx_word' id='word_1_562' title='bbox 2072 3350 2461 3409; x_wconf 88' lang='lat' dir='ltr'><strong>monasterium</strong></span> <span class='ocrx_word' id='word_1_563' title='bbox 2482 3351 2565 3420; x_wconf 62' lang='grc' dir='ltr'><strong>⁸Β.</strong></span> <span class='ocrx_word' id='word_1_564' title='bbox 2609 3349 2792 3405; x_wconf 70' lang='lat' dir='ltr'><strong>Maria:</strong></span> <span class='ocrx_word' id='word_1_565' title='bbox 2823 3348 2888 3403; x_wconf 90' lang='lat' dir='ltr'><strong>de</strong></span> <span class='ocrx_word' id='word_1_566' title='bbox 2923 3347 3141 3418; x_wconf 80' lang='lat' dir='ltr'><strong>Capella</strong></span> <span class='ocrx_word' id='word_1_567' title='bbox 3163 3387 3182 3415; x_wconf 89' lang='lat'><strong>,</strong></span> <span class='ocrx_word' id='word_1_568' title='bbox 3213 3347 3269 3403; x_wconf 91' lang='lat' dir='ltr'><strong>in</strong></span> 
     </span>
    </p>
   </div>
   <div class='ocr_carea' id='block_1_78' title="bbox 1688 3441 3274 3518">
    <p class='ocr_par' dir='ltr' id='par_1_78' title="bbox 1688 3441 3274 3518">
     <span class='ocr_line' id='line_1_78' title="bbox 1688 3441 3274 3518; baseline -0.006 -11"><span class='ocrx_word' id='word_1_569' title='bbox 1688 3461 1829 3507; x_wconf 89' lang='lat' dir='ltr'><strong>terra</strong></span> <span class='ocrx_word' id='word_1_570' title='bbox 1862 3452 1927 3507; x_wconf 89' lang='lat' dir='ltr'><strong>da</strong></span> <span class='ocrx_word' id='word_1_571' title='bbox 1969 3449 2153 3505; x_wconf 80' lang='lat' dir='ltr'><strong>Merck</strong></span> <span class='ocrx_word' id='word_1_572' title='bbox 2175 3489 2191 3514; x_wconf 95' lang='lat'><strong>,</strong></span> <span class='ocrx_word' id='word_1_573' title='bbox 2237 3444 2720 3518; x_wconf 87' lang='lat' dir='ltr'><strong>juxta&#39;Calesitun,</strong></span> <span class='ocrx_word' id='word_1_574' title='bbox 2765 3443 2817 3498; x_wconf 90' lang='lat' dir='ltr'><strong>in</strong></span> <span class='ocrx_word' id='word_1_575' title='bbox 2853 3442 2972 3499; x_wconf 91' lang='lat' dir='ltr'><strong>Ioco</strong></span> <span class='ocrx_word' id='word_1_576' title='bbox 2997 3443 3088 3512; x_wconf 87' lang='lat' dir='ltr'><strong>qui</strong></span> <span class='ocrx_word' id='word_1_577' title='bbox 3121 3441 3274 3514; x_wconf 82' lang='lat' dir='ltr'><strong>prius</strong></span> 
     </span>
    </p>
   </div>
   <div class='ocr_carea' id='block_1_79' title="bbox 1685 3535 3274 3606">
    <p class='ocr_par' dir='ltr' id='par_1_79' title="bbox 1685 3535 3274 3606">
     <span class='ocr_line' id='line_1_79' title="bbox 1685 3535 3274 3606; baseline -0.006 -8"><span class='ocrx_word' id='word_1_578' title='bbox 1685 3543 1966 3598; x_wconf 88' lang='lat' dir='ltr'><strong>dicebatur</strong></span> <span class='ocrx_word' id='word_1_579' title='bbox 1990 3540 2256 3595; x_wconf 76' lang='lat' dir='ltr'><strong>Brocham</strong></span> <span class='ocrx_word' id='word_1_580' title='bbox 2284 3579 2301 3606; x_wconf 92' lang='lat'><strong>,</strong></span> <span class='ocrx_word' id='word_1_581' title='bbox 2323 3544 2377 3592; x_wconf 91' lang='lat' dir='ltr'><strong>ct</strong></span> <span class='ocrx_word' id='word_1_582' title='bbox 2411 3536 2690 3592; x_wconf 88' lang='lat' dir='ltr'><strong>monachis</strong></span> <span class='ocrx_word' id='word_1_583' title='bbox 2728 3535 3088 3591; x_wconf 82' lang='lat' dir='ltr'><strong>Ilamensibus</strong></span> <span class='ocrx_word' id='word_1_584' title='bbox 3115 3535 3274 3592; x_wconf 90' lang='lat' dir='ltr'><strong>insti-</strong></span> 
     </span>
    </p>
   </div>
   <div class='ocr_carea' id='block_1_80' title="bbox 1684 3625 3272 3699">
    <p class='ocr_par' dir='ltr' id='par_1_80' title="bbox 1684 3625 3272 3699">
     <span class='ocr_line' id='line_1_80' title="bbox 1684 3625 3272 3699; baseline -0.005 -11"><span class='ocrx_word' id='word_1_585' title='bbox 1684 3641 1906 3689; x_wconf 87' lang='lat' dir='ltr'><strong>tuerunt</strong></span> <span class='ocrx_word' id='word_1_586' title='bbox 1939 3649 1953 3686; x_wconf 89' lang='lat'><strong>:</strong></span> <span class='ocrx_word' id='word_1_587' title='bbox 1987 3630 2074 3686; x_wconf 92' lang='lat' dir='ltr'><strong>ubi</strong></span> <span class='ocrx_word' id='word_1_588' title='bbox 2106 3638 2162 3684; x_wconf 91' lang='lat' dir='ltr'><strong>et</strong></span> <span class='ocrx_word' id='word_1_589' title='bbox 2207 3627 2320 3699; x_wconf 88' lang='lat' dir='ltr'><strong>ipsa</strong></span> <span class='ocrx_word' id='word_1_590' title='bbox 2362 3632 2451 3688; x_wconf 91' lang='lat' dir='ltr'><strong>Ida</strong></span> <span class='ocrx_word' id='word_1_591' title='bbox 2483 3627 2757 3684; x_wconf 84' lang='lat' dir='ltr'><strong>comitissa</strong></span> <span class='ocrx_word' id='word_1_592' title='bbox 2789 3625 3038 3681; x_wconf 87' lang='lat' dir='ltr'><strong>undecim</strong></span> <span class='ocrx_word' id='word_1_593' title='bbox 3066 3625 3134 3680; x_wconf 86' lang='lat' dir='ltr'><strong>de</strong></span> <span class='ocrx_word' id='word_1_594' title='bbox 3177 3639 3272 3680; x_wconf 78' lang='lat' dir='ltr'><strong>ca—</strong></span> 
     </span>
    </p>
   </div>
   <div class='ocr_carea' id='block_1_81' title="bbox 1684 3713 3273 3795">
    <p class='ocr_par' dir='ltr' id='par_1_81' title="bbox 1684 3713 3273 3795">
     <span class='ocr_line' id='line_1_81' title="bbox 1684 3713 3273 3795; baseline -0.004 -17"><span class='ocrx_word' id='word_1_595' title='bbox 1684 3722 1828 3795; x_wconf 90' lang='lat' dir='ltr'><strong>pillis</strong></span> <span class='ocrx_word' id='word_1_596' title='bbox 1854 3723 1916 3776; x_wconf 77' lang='lat' dir='ltr'><strong>I3.</strong></span> <span class='ocrx_word' id='word_1_597' title='bbox 1965 3720 2148 3776; x_wconf 78' lang='lat' dir='ltr'><strong>Maria:</strong></span> <span class='ocrx_word' id='word_1_598' title='bbox 2184 3720 2446 3791; x_wconf 90' lang='lat' dir='ltr'><strong>virginis,</strong></span> <span class='ocrx_word' id='word_1_599' title='bbox 2479 3731 2615 3789; x_wconf 83' lang='lat' dir='ltr'><strong>quos</strong></span> <span class='ocrx_word' id='word_1_600' title='bbox 2649 3715 2718 3771; x_wconf 92' lang='lat' dir='ltr'><strong>ab</strong></span> <span class='ocrx_word' id='word_1_601' title='bbox 2745 3714 3044 3784; x_wconf 82' lang='lat' dir='ltr'><strong>Ilastulpho</strong></span> <span class='ocrx_word' id='word_1_602' title='bbox 3071 3713 3273 3772; x_wconf 90' lang='lat' dir='ltr'><strong>Ilibero</strong></span> 
     </span>
    </p>
   </div>
   <div class='ocr_carea' id='block_1_82' title="bbox 1684 3804 3273 3886">
    <p class='ocr_par' dir='ltr' id='par_1_82' title="bbox 1684 3804 3273 3886">
     <span class='ocr_line' id='line_1_82' title="bbox 1684 3804 3273 3886; baseline -0.006 -14"><span class='ocrx_word' id='word_1_603' title='bbox 1684 3830 1841 3886; x_wconf 85' lang='lat' dir='ltr'><strong>reges</strong></span> <span class='ocrx_word' id='word_1_604' title='bbox 1861 3812 2070 3884; x_wconf 89' lang='lat' dir='ltr'><strong>magnis</strong></span> <span class='ocrx_word' id='word_1_605' title='bbox 2094 3815 2346 3883; x_wconf 89' lang='lat' dir='ltr'><strong>precibus</strong></span> <span class='ocrx_word' id='word_1_606' title='bbox 2371 3806 2715 3880; x_wconf 81' lang='lat' dir='ltr'><strong>impetravit,</strong></span> <span class='ocrx_word' id='word_1_607' title='bbox 2749 3819 2870 3861; x_wconf 88' lang='lat' dir='ltr'><strong>cum</strong></span> <span class='ocrx_word' id='word_1_608' title='bbox 2905 3804 3025 3862; x_wconf 88' lang='lat' dir='ltr'><strong>aliis</strong></span> <span class='ocrx_word' id='word_1_609' title='bbox 3055 3815 3273 3862; x_wconf 78' lang='lat' dir='ltr'><strong>sancto-</strong></span> 
     </span>
    </p>
   </div>
   <div class='ocr_carea' id='block_1_83' title="bbox 1685 3891 3270 3978">
    <p class='ocr_par' dir='ltr' id='par_1_83' title="bbox 1685 3891 3270 3978">
     <span class='ocr_line' id='line_1_83' title="bbox 1685 3891 3270 3978; baseline -0.008 -10"><span class='ocrx_word' id='word_1_610' title='bbox 1685 3923 1805 3969; x_wconf 84' lang='lat' dir='ltr'><strong>rum</strong></span> <span class='ocrx_word' id='word_1_611' title='bbox 1836 3891 2080 3978; x_wconf 75' lang='lat' dir='ltr'><strong>reliquiis</strong></span> <span class='ocrx_word' id='word_1_612' title='bbox 2104 3907 2301 3962; x_wconf 91' lang='lat' dir='ltr'><strong>ibidem</strong></span> <span class='ocrx_word' id='word_1_613' title='bbox 2325 3903 2538 3960; x_wconf 85' lang='lat' dir='ltr'><strong>obtulit.</strong></span> <span class='ocrx_word' id='word_1_614' title='bbox 2571 3920 2590 3954; x_wconf 76' lang='grc' dir='ltr'><strong><em>ι</em></strong></span> <span class='ocrx_word' id='word_1_615' title='bbox 2623 3899 2750 3955; x_wconf 79' lang='lat' dir='ltr'><strong>Haec</strong></span> <span class='ocrx_word' id='word_1_616' title='bbox 2777 3898 3012 3955; x_wconf 84' lang='lat' dir='ltr'><strong>Joannes</strong></span> <span class='ocrx_word' id='word_1_617' title='bbox 3037 3899 3270 3970; x_wconf 87' lang='lat' dir='ltr'><strong>Iperius,</strong></span> 
     </span>
    </p>
   </div>
   <div class='ocr_carea' id='block_1_84' title="bbox 1685 3989 3265 4055">
    <p class='ocr_par' dir='ltr' id='par_1_84' title="bbox 1685 3989 3265 4055">
     <span class='ocr_line' id='line_1_84' title="bbox 1685 3989 3265 4055; baseline -0.004 -1"><span class='ocrx_word' id='word_1_618' title='bbox 1685 3998 1856 4055; x_wconf 85' lang='lat' dir='ltr'><strong>abbas</strong></span> <span class='ocrx_word' id='word_1_619' title='bbox 1876 3997 1935 4053; x_wconf 90' lang='grc'><strong>8.</strong></span> <span class='ocrx_word' id='word_1_620' title='bbox 1963 3997 2164 4052; x_wconf 90' lang='lat' dir='ltr'><strong>Bertini</strong></span> <span class='ocrx_word' id='word_1_621' title='bbox 2195 4005 2410 4052; x_wconf 89' lang='lat' dir='ltr'><strong>creatus</strong></span> <span class='ocrx_word' id='word_1_622' title='bbox 2435 4007 2579 4048; x_wconf 90' lang='lat' dir='ltr'><strong>anno</strong></span> <span class='ocrx_word' id='word_1_623' title='bbox 2615 3989 2754 4046; x_wconf 86' lang='grc'>1569</span> <span class='ocrx_word' id='word_1_624' title='bbox 2773 4031 2788 4055; x_wconf 88' lang='grc'><em>,</em></span> <span class='ocrx_word' id='word_1_625' title='bbox 2815 3999 3060 4048; x_wconf 88' lang='lat' dir='ltr'><strong>mortuus</strong></span> <span class='ocrx_word' id='word_1_626' title='bbox 3086 3990 3224 4047; x_wconf 90' lang='grc'>1580</span> <span class='ocrx_word' id='word_1_627' title='bbox 3250 4010 3265 4047; x_wconf 92' lang='lat'><strong>:</strong></span> 
     </span>
    </p>
   </div>
   <div class='ocr_carea' id='block_1_85' title="bbox 1683 4081 3272 4160">
    <p class='ocr_par' dir='ltr' id='par_1_85' title="bbox 1683 4081 3272 4160">
     <span class='ocr_line' id='line_1_85' title="bbox 1683 4081 3272 4160; baseline -0.003 -18"><span class='ocrx_word' id='word_1_628' title='bbox 1683 4105 1792 4160; x_wconf 91' lang='lat' dir='ltr'><strong>quo</strong></span> <span class='ocrx_word' id='word_1_629' title='bbox 1831 4088 2080 4145; x_wconf 89' lang='lat' dir='ltr'><strong>ducentis</strong></span> <span class='ocrx_word' id='word_1_630' title='bbox 2125 4087 2283 4143; x_wconf 91' lang='lat' dir='ltr'><strong>annis</strong></span> <span class='ocrx_word' id='word_1_631' title='bbox 2331 4085 2517 4142; x_wconf 91' lang='lat' dir='ltr'><strong>senior</strong></span> <span class='ocrx_word' id='word_1_632' title='bbox 2567 4081 2892 4137; x_wconf 85' lang='lat' dir='ltr'><strong>Lambertus</strong></span> <span class='ocrx_word' id='word_1_633' title='bbox 2938 4082 3272 4150; x_wconf 83' lang='lat' dir='ltr'><strong>Ardrensis,</strong></span> 
     </span>
    </p>
   </div>
   <div class='ocr_carea' id='block_1_86' title="bbox 1684 4173 3268 4240">
    <p class='ocr_par' dir='ltr' id='par_1_86' title="bbox 1684 4173 3268 4240">
     <span class='ocr_line' id='line_1_86' title="bbox 1684 4173 3268 4240; baseline -0.005 -2"><span class='ocrx_word' id='word_1_634' title='bbox 1684 4183 1907 4240; x_wconf 90' lang='lat' dir='ltr'><strong>ascribit</strong></span> <span class='ocrx_word' id='word_1_635' title='bbox 1927 4197 2048 4238; x_wconf 87' lang='lat' dir='ltr'><strong>eam</strong></span> <span class='ocrx_word' id='word_1_636' title='bbox 2080 4181 2449 4236; x_wconf 85' lang='lat' dir='ltr'><strong>l&#39;undationem</strong></span> <span class='ocrx_word' id='word_1_637' title='bbox 2485 4177 2550 4232; x_wconf 87' lang='grc' dir='ltr'>Β.</span> <span class='ocrx_word' id='word_1_638' title='bbox 2580 4175 2684 4230; x_wconf 78' lang='lat' dir='ltr'><strong>Ida:</strong></span> <span class='ocrx_word' id='word_1_639' title='bbox 2706 4173 2883 4230; x_wconf 77' lang='lat' dir='ltr'><strong>vidua:</strong></span> <span class='ocrx_word' id='word_1_640' title='bbox 2921 4175 2976 4231; x_wconf 90' lang='lat' dir='ltr'><strong>in</strong></span> <span class='ocrx_word' id='word_1_641' title='bbox 3005 4191 3104 4232; x_wconf 88' lang='lat' dir='ltr'><strong>suo</strong></span> <span class='ocrx_word' id='word_1_642' title='bbox 3132 4175 3268 4232; x_wconf 78' lang='lat' dir='ltr'><strong>Cro-</strong></span> 
     </span>
    </p>
   </div>
   <div class='ocr_carea' id='block_1_87' title="bbox 1684 4269 3265 4346">
    <p class='ocr_par' dir='ltr' id='par_1_87' title="bbox 1684 4269 3265 4346">
     <span class='ocr_line' id='line_1_87' title="bbox 1684 4269 3265 4346; baseline -0.006 -11"><span class='ocrx_word' id='word_1_643' title='bbox 1684 4280 1806 4336; x_wconf 91' lang='lat' dir='ltr'><strong>nico</strong></span> <span class='ocrx_word' id='word_1_644' title='bbox 1867 4277 2197 4346; x_wconf 89' lang='lat' dir='ltr'><strong>Gbisnensi,</strong></span> <span class='ocrx_word' id='word_1_645' title='bbox 2239 4274 2393 4346; x_wconf 85' lang='lat' dir='ltr'><strong>cujus</strong></span> <span class='ocrx_word' id='word_1_646' title='bbox 2439 4274 2702 4330; x_wconf 87' lang='lat' dir='ltr'><strong>hactenus</strong></span> <span class='ocrx_word' id='word_1_647' title='bbox 2759 4269 2949 4327; x_wconf 88' lang='lat' dir='ltr'><strong>inediti</strong></span> <span class='ocrx_word' id='word_1_648' title='bbox 2995 4269 3158 4341; x_wconf 88' lang='lat' dir='ltr'><strong>capiti</strong></span> <span class='ocrx_word' id='word_1_649' title='bbox 3198 4270 3265 4326; x_wconf 83' lang='grc'><strong>51</strong></span> 
     </span>
    </p>
   </div>
   <div class='ocr_carea' id='block_1_88' title="bbox 1683 4361 3271 4442">
    <p class='ocr_par' dir='ltr' id='par_1_88' title="bbox 1683 4361 3271 4442">
     <span class='ocr_line' id='line_1_88' title="bbox 1683 4361 3271 4442; baseline -0.008 -13"><span class='ocrx_word' id='word_1_650' title='bbox 1683 4372 1773 4429; x_wconf 85' lang='lat' dir='ltr'><strong>hic</strong></span> <span class='ocrx_word' id='word_1_651' title='bbox 1796 4370 2093 4442; x_wconf 72' lang='lat' dir='ltr'><strong>prmﬁgitur</strong></span> <span class='ocrx_word' id='word_1_652' title='bbox 2121 4367 2307 4425; x_wconf 89' lang='lat' dir='ltr'><strong>titulus</strong></span> <span class='ocrx_word' id='word_1_653' title='bbox 2331 4381 2346 4422; x_wconf 88' lang='lat'><strong>:</strong></span> <span class='ocrx_word' id='word_1_654' title='bbox 2379 4366 2653 4434; x_wconf 84' lang='lat' dir='ltr'><strong>Quomodo</strong></span> <span class='ocrx_word' id='word_1_655' title='bbox 2679 4364 2784 4420; x_wconf 84' lang='lat' dir='ltr'><strong>Ida</strong></span> <span class='ocrx_word' id='word_1_656' title='bbox 2824 4361 3152 4418; x_wconf 85' lang='lat' dir='ltr'><strong>Boloniensis</strong></span> <span class='ocrx_word' id='word_1_657' title='bbox 3178 4377 3271 4416; x_wconf 86' lang='lat' dir='ltr'><strong>co—</strong></span> 
     </span>
    </p>
   </div>
   <div class='ocr_carea' id='block_1_89' title="bbox 1684 4449 3272 4532">
    <p class='ocr_par' dir='ltr' id='par_1_89' title="bbox 1684 4449 3272 4532">
     <span class='ocr_line' id='line_1_89' title="bbox 1684 4449 3272 4532; baseline -0.008 -15"><span class='ocrx_word' id='word_1_658' title='bbox 1684 4464 1886 4518; x_wconf 85' lang='lat' dir='ltr'><strong>ntitissa</strong></span> <span class='ocrx_word' id='word_1_659' title='bbox 1914 4459 2153 4532; x_wconf 79' lang='lat' dir='ltr'><strong>fundavit</strong></span> <span class='ocrx_word' id='word_1_660' title='bbox 2193 4461 2570 4514; x_wconf 83' lang='lat' dir='ltr'><strong>monasterium</strong></span> <span class='ocrx_word' id='word_1_661' title='bbox 2599 4457 2666 4511; x_wconf 92' lang='lat' dir='ltr'><strong>B.</strong></span> <span class='ocrx_word' id='word_1_662' title='bbox 2699 4455 2890 4512; x_wconf 78' lang='lat' dir='ltr'><strong>Maria:</strong></span> <span class='ocrx_word' id='word_1_663' title='bbox 2919 4453 2983 4507; x_wconf 85' lang='lat' dir='ltr'><strong>de</strong></span> <span class='ocrx_word' id='word_1_664' title='bbox 3011 4449 3226 4522; x_wconf 81' lang='lat' dir='ltr'><strong>Capella</strong></span> <span class='ocrx_word' id='word_1_665' title='bbox 3249 4463 3272 4504; x_wconf 88' lang='lat'><strong><em>:</em></strong></span> 
     </span>
    </p>
   </div>
   <div class='ocr_carea' id='block_1_90' title="bbox 38 4541 3272 4624">
    <p class='ocr_par' dir='ltr' id='par_1_90' title="bbox 38 4541 3272 4624">
     <span class='ocr_line' id='line_1_90' title="bbox 38 4541 3272 4624; baseline 0 -28"><span class='ocrx_word' id='word_1_666' title='bbox 38 4541 90 4596; x_wconf 79' lang='lat' dir='ltr'><strong>ab</strong></span> <span class='ocrx_word' id='word_1_667' title='bbox 111 4543 380 4605; x_wconf 81' lang='lat' dir='ltr'><strong>Eustachio</strong></span> <span class='ocrx_word' id='word_1_668' title='bbox 420 4559 483 4606; x_wconf 85' lang='lat' dir='ltr'><strong>et</strong></span> <span class='ocrx_word' id='word_1_669' title='bbox 514 4549 572 4606; x_wconf 84' lang='grc' dir='ltr'>Β.</span> <span class='ocrx_word' id='word_1_670' title='bbox 607 4550 701 4605; x_wconf 78' lang='lat' dir='ltr'><strong>ida</strong></span> <span class='ocrx_word' id='word_1_671' title='bbox 726 4551 1068 4607; x_wconf 88' lang='lat' dir='ltr'><strong>emendatam</strong></span> <span class='ocrx_word' id='word_1_672' title='bbox 1097 4561 1154 4608; x_wconf 90' lang='lat' dir='ltr'><strong>et</strong></span> <span class='ocrx_word' id='word_1_673' title='bbox 1179 4560 1539 4608; x_wconf 86' lang='lat' dir='ltr'><strong>restauratam</strong></span> <span class='ocrx_word' id='word_1_674' title='bbox 1560 4593 1576 4619; x_wconf 94' lang='lat'><strong>,</strong></span> <span class='ocrx_word' id='word_1_675' title='bbox 1613 4557 1656 4613; x_wconf 82' lang='grc' dir='ltr'>υ</span> <span class='ocrx_word' id='word_1_676' title='bbox 1681 4565 1737 4611; x_wconf 91' lang='lat' dir='ltr'><strong>et</strong></span> <span class='ocrx_word' id='word_1_677' title='bbox 1765 4570 1888 4610; x_wconf 91' lang='lat' dir='ltr'><strong>cum</strong></span> <span class='ocrx_word' id='word_1_678' title='bbox 1918 4568 2040 4624; x_wconf 88' lang='lat' dir='ltr'><strong>cap.</strong></span> <span class='ocrx_word' id='word_1_679' title='bbox 2069 4550 2141 4606; x_wconf 88' lang='grc'><strong>50</strong></span> <span class='ocrx_word' id='word_1_680' title='bbox 2172 4559 2355 4606; x_wconf 90' lang='lat' dir='ltr'><strong>actum</strong></span> <span class='ocrx_word' id='word_1_681' title='bbox 2385 4547 2579 4605; x_wconf 79' lang='lat' dir='ltr'><strong>inisset</strong></span> <span class='ocrx_word' id='word_1_682' title='bbox 2599 4548 2666 4604; x_wconf 92' lang='lat' dir='ltr'><strong>de</strong></span> <span class='ocrx_word' id='word_1_683' title='bbox 2707 4543 2976 4602; x_wconf 85' lang='lat' dir='ltr'><strong>Andrensi</strong></span> <span class='ocrx_word' id='word_1_684' title='bbox 3001 4542 3272 4608; x_wconf 76' lang='lat' dir='ltr'><strong>ctenobio,</strong></span> 
     </span>
    </p>
   </div>
   <div class='ocr_carea' id='block_1_91' title="bbox 33 4631 1580 4713">
    <p class='ocr_par' dir='ltr' id='par_1_91' title="bbox 33 4631 1580 4713">
     <span class='ocr_line' id='line_1_91' title="bbox 33 4631 1580 4713; baseline 0.01 -28"><span class='ocrx_word' id='word_1_685' title='bbox 33 4637 80 4684; x_wconf 80' lang='lat' dir='ltr'><strong>et</strong></span> <span class='ocrx_word' id='word_1_686' title='bbox 100 4631 254 4693; x_wconf 85' lang='lat' dir='ltr'><strong>denuo</strong></span> <span class='ocrx_word' id='word_1_687' title='bbox 279 4641 588 4697; x_wconf 87' lang='lat' dir='ltr'><strong>dedica-tam</strong></span> <span class='ocrx_word' id='word_1_688' title='bbox 613 4659 630 4696; x_wconf 73' lang='grc' dir='ltr'><strong>ε</strong></span> <span class='ocrx_word' id='word_1_689' title='bbox 659 4643 734 4697; x_wconf 92' lang='lat' dir='ltr'><strong>uti</strong></span> <span class='ocrx_word' id='word_1_690' title='bbox 765 4641 823 4698; x_wconf 89' lang='grc'><strong>8.</strong></span> <span class='ocrx_word' id='word_1_691' title='bbox 852 4641 1163 4700; x_wconf 88' lang='lat' dir='ltr'><strong>Lietbertus</strong></span> <span class='ocrx_word' id='word_1_692' title='bbox 1201 4644 1255 4699; x_wconf 92' lang='lat' dir='ltr'><strong>in</strong></span> <span class='ocrx_word' id='word_1_693' title='bbox 1295 4643 1580 4713; x_wconf 90' lang='lat' dir='ltr'><strong>subjuncto</strong></span> 
     </span>
    </p>
   </div>
   <div class='ocr_carea' id='block_1_92' title="bbox 35 4718 1579 4804">
    <p class='ocr_par' dir='ltr' id='par_1_92' title="bbox 35 4718 1579 4804">
     <span class='ocr_line' id='line_1_92' title="bbox 35 4718 1579 4804; baseline 0.007 -25"><span class='ocrx_word' id='word_1_694' title='bbox 35 4718 286 4789; x_wconf 80' lang='lat' dir='ltr'><strong>diplomate</strong></span> <span class='ocrx_word' id='word_1_695' title='bbox 311 4728 519 4786; x_wconf 86' lang='lat' dir='ltr'><strong>indicat</strong></span> <span class='ocrx_word' id='word_1_696' title='bbox 549 4731 634 4788; x_wconf 88' lang='lat' dir='ltr'><strong>his</strong></span> <span class='ocrx_word' id='word_1_697' title='bbox 657 4733 838 4788; x_wconf 90' lang='lat' dir='ltr'><strong>verbis</strong></span> <span class='ocrx_word' id='word_1_698' title='bbox 866 4748 880 4787; x_wconf 89' lang='lat'><strong>:</strong></span> <span class='ocrx_word' id='word_1_699' title='bbox 917 4752 938 4786; x_wconf 70' lang='grc' dir='ltr'>ι</span> <span class='ocrx_word' id='word_1_700' title='bbox 975 4733 1089 4804; x_wconf 85' lang='lat' dir='ltr'><strong>Ego</strong></span> <span class='ocrx_word' id='word_1_701' title='bbox 1113 4733 1451 4801; x_wconf 90' lang='lat' dir='ltr'><strong>Lietbertns,</strong></span> <span class='ocrx_word' id='word_1_702' title='bbox 1485 4734 1579 4790; x_wconf 88' lang='lat' dir='ltr'><strong>Dei</strong></span> 
     </span>
    </p>
   </div>
   <div class='ocr_carea' id='block_1_93' title="bbox 35 4816 1581 4899">
    <p class='ocr_par' dir='ltr' id='par_1_93' title="bbox 35 4816 1581 4899">
     <span class='ocr_line' id='line_1_93' title="bbox 35 4816 1581 4899; baseline 0.01 -31"><span class='ocrx_word' id='word_1_703' title='bbox 35 4816 178 4880; x_wconf 74' lang='lat' dir='ltr'><strong>gratia</strong></span> <span class='ocrx_word' id='word_1_704' title='bbox 209 4820 495 4893; x_wconf 87' lang='lat' dir='ltr'><strong>episcopus</strong></span> <span class='ocrx_word' id='word_1_705' title='bbox 522 4823 936 4884; x_wconf 87' lang='lat' dir='ltr'><strong>Cameracensis</strong></span> <span class='ocrx_word' id='word_1_706' title='bbox 959 4867 976 4888; x_wconf 89' lang='lat'><strong>.</strong></span> <span class='ocrx_word' id='word_1_707' title='bbox 1024 4827 1188 4899; x_wconf 89' lang='lat' dir='ltr'><strong>justis</strong></span> <span class='ocrx_word' id='word_1_708' title='bbox 1228 4827 1581 4898; x_wconf 90' lang='lat' dir='ltr'><strong>petitionibus</strong></span> 
     </span>
    </p>
   </div>
   <div class='ocr_carea' id='block_1_94' title="bbox 37 4911 1582 4990">
    <p class='ocr_par' dir='ltr' id='par_1_94' title="bbox 37 4911 1582 4990">
     <span class='ocr_line' id='line_1_94' title="bbox 37 4911 1582 4990; baseline 0.01 -31"><span class='ocrx_word' id='word_1_709' title='bbox 37 4911 217 4968; x_wconf 78' lang='lat' dir='ltr'><strong>comitis</strong></span> <span class='ocrx_word' id='word_1_710' title='bbox 235 4916 513 4974; x_wconf 80' lang='lat' dir='ltr'><strong>Eustachii</strong></span> <span class='ocrx_word' id='word_1_711' title='bbox 541 4927 596 4972; x_wconf 91' lang='lat' dir='ltr'><strong>et</strong></span> <span class='ocrx_word' id='word_1_712' title='bbox 618 4919 802 4975; x_wconf 82' lang='lat' dir='ltr'><strong>uxoris</strong></span> <span class='ocrx_word' id='word_1_713' title='bbox 827 4919 948 4990; x_wconf 88' lang='lat' dir='ltr'><strong>ejus</strong></span> <span class='ocrx_word' id='word_1_714' title='bbox 982 4919 1088 4975; x_wconf 71' lang='lat' dir='ltr'><strong>Idm</strong></span> <span class='ocrx_word' id='word_1_715' title='bbox 1131 4918 1427 4976; x_wconf 76' lang='lat' dir='ltr'><strong>comitissa:</strong></span> <span class='ocrx_word' id='word_1_716' title='bbox 1446 4949 1462 4984; x_wconf 74' lang='grc' dir='ltr'><strong><em>ς</em></strong></span> <span class='ocrx_word' id='word_1_717' title='bbox 1483 4933 1582 4975; x_wconf 91' lang='lat' dir='ltr'><strong>ec-</strong></span> 
     </span>
    </p>
   </div>
   <div class='ocr_carea' id='block_1_95' title="bbox 38 4996 1581 5078">
    <p class='ocr_par' dir='ltr' id='par_1_95' title="bbox 38 4996 1581 5078">
     <span class='ocr_line' id='line_1_95' title="bbox 38 4996 1581 5078; baseline 0.007 -24"><span class='ocrx_word' id='word_1_718' title='bbox 38 4996 242 5070; x_wconf 68' lang='lat' dir='ltr'><strong>clesiam,</strong></span> <span class='ocrx_word' id='word_1_719' title='bbox 272 5023 434 5078; x_wconf 85' lang='lat' dir='ltr'><strong>quam</strong></span> <span class='ocrx_word' id='word_1_720' title='bbox 463 5011 605 5078; x_wconf 86' lang='lat' dir='ltr'><strong>apud</strong></span> <span class='ocrx_word' id='word_1_721' title='bbox 627 5007 777 5064; x_wconf 86' lang='lat' dir='ltr'><strong>Lens</strong></span> <span class='ocrx_word' id='word_1_722' title='bbox 805 5009 858 5064; x_wconf 91' lang='lat' dir='ltr'><strong>in</strong></span> <span class='ocrx_word' id='word_1_723' title='bbox 895 5010 1101 5065; x_wconf 89' lang='lat' dir='ltr'><strong>honore</strong></span> <span class='ocrx_word' id='word_1_724' title='bbox 1122 5016 1326 5065; x_wconf 63' lang='lat' dir='ltr'><strong>sanctae</strong></span> <span class='ocrx_word' id='word_1_725' title='bbox 1353 5007 1444 5063; x_wconf 91' lang='lat' dir='ltr'><strong>Dei</strong></span> <span class='ocrx_word' id='word_1_726' title='bbox 1471 5007 1581 5065; x_wconf 83' lang='lat' dir='ltr'><strong>Ge-</strong></span> 
     </span>
    </p>
   </div>
   <div class='ocr_carea' id='block_1_96' title="bbox 42 5089 1578 5170">
    <p class='ocr_par' dir='ltr' id='par_1_96' title="bbox 42 5089 1578 5170">
     <span class='ocr_line' id='line_1_96' title="bbox 42 5089 1578 5170; baseline 0.006 -23"><span class='ocrx_word' id='word_1_727' title='bbox 42 5089 236 5160; x_wconf 81' lang='lat' dir='ltr'><strong>nitrieis,</strong></span> <span class='ocrx_word' id='word_1_728' title='bbox 251 5096 342 5154; x_wconf 84' lang='lat' dir='ltr'><strong>Dei</strong></span> <span class='ocrx_word' id='word_1_729' title='bbox 364 5109 690 5170; x_wconf 85' lang='lat' dir='ltr'><strong>cooperante</strong></span> <span class='ocrx_word' id='word_1_730' title='bbox 705 5099 1076 5155; x_wconf 86' lang='lat' dir='ltr'><strong>misericordia</strong></span> <span class='ocrx_word' id='word_1_731' title='bbox 1087 5140 1102 5165; x_wconf 96' lang='lat'><strong>,</strong></span> <span class='ocrx_word' id='word_1_732' title='bbox 1114 5102 1578 5167; x_wconf 88' lang='lat' dir='ltr'><strong>consecravimus,</strong></span> 
     </span>
    </p>
   </div>
   <div class='ocr_carea' id='block_1_97' title="bbox 41 5181 1581 5250">
    <p class='ocr_par' dir='ltr' id='par_1_97' title="bbox 41 5181 1581 5250">
     <span class='ocr_line' id='line_1_97' title="bbox 41 5181 1581 5250; baseline 0.006 -12"><span class='ocrx_word' id='word_1_733' title='bbox 41 5181 320 5250; x_wconf 62' lang='lat' dir='ltr'><strong>«ejusdem</strong></span> <span class='ocrx_word' id='word_1_734' title='bbox 381 5189 481 5246; x_wconf 92' lang='lat' dir='ltr'><strong>loci</strong></span> <span class='ocrx_word' id='word_1_735' title='bbox 531 5191 917 5246; x_wconf 83' lang='lat' dir='ltr'><strong>canonicorum</strong></span> <span class='ocrx_word' id='word_1_736' title='bbox 965 5191 1416 5247; x_wconf 83' lang='lat' dir='ltr'><strong>sustentationem</strong></span> <span class='ocrx_word' id='word_1_737' title='bbox 1462 5191 1581 5248; x_wconf 87' lang='lat' dir='ltr'><strong>sive</strong></span> 
     </span>
    </p>
   </div>
   <div class='ocr_carea' id='block_1_98' title="bbox 43 5270 1584 5351">
    <p class='ocr_par' dir='ltr' id='par_1_98' title="bbox 43 5270 1584 5351">
     <span class='ocr_line' id='line_1_98' title="bbox 43 5270 1584 5351; baseline 0.007 -24"><span class='ocrx_word' id='word_1_738' title='bbox 43 5270 436 5336; x_wconf 75' lang='lat' dir='ltr'><strong>gubernationem</strong></span> <span class='ocrx_word' id='word_1_739' title='bbox 459 5319 474 5345; x_wconf 91' lang='lat'><strong>,</strong></span> <span class='ocrx_word' id='word_1_740' title='bbox 497 5279 566 5334; x_wconf 90' lang='lat' dir='ltr'><strong>ab</strong></span> <span class='ocrx_word' id='word_1_741' title='bbox 604 5281 751 5336; x_wconf 90' lang='lat' dir='ltr'><strong>omni</strong></span> <span class='ocrx_word' id='word_1_742' title='bbox 781 5281 1064 5338; x_wconf 73' lang='lat' dir='ltr'><strong>exactione</strong></span> <span class='ocrx_word' id='word_1_743' title='bbox 1091 5281 1330 5351; x_wconf 82' lang='lat' dir='ltr'><strong>episc0pi</strong></span> <span class='ocrx_word' id='word_1_744' title='bbox 1373 5289 1431 5336; x_wconf 91' lang='lat' dir='ltr'><strong>et</strong></span> <span class='ocrx_word' id='word_1_745' title='bbox 1478 5281 1584 5338; x_wconf 80' lang='lat' dir='ltr'><strong>mi-</strong></span> 
     </span>
    </p>
   </div>
   <div class='ocr_carea' id='block_1_99' title="bbox 43 5363 1580 5442">
    <p class='ocr_par' dir='ltr' id='par_1_99' title="bbox 43 5363 1580 5442">
     <span class='ocr_line' id='line_1_99' title="bbox 43 5363 1580 5442; baseline 0.011 -28"><span class='ocrx_word' id='word_1_746' title='bbox 43 5363 297 5425; x_wconf 78' lang='lat' dir='ltr'><strong>nistrorum</strong></span> <span class='ocrx_word' id='word_1_747' title='bbox 322 5371 458 5442; x_wconf 88' lang='lat' dir='ltr'><strong>ejus,</strong></span> <span class='ocrx_word' id='word_1_748' title='bbox 492 5387 660 5429; x_wconf 89' lang='lat' dir='ltr'><strong>censu</strong></span> <span class='ocrx_word' id='word_1_749' title='bbox 680 5373 932 5429; x_wconf 89' lang='lat' dir='ltr'><strong>videlicet</strong></span> <span class='ocrx_word' id='word_1_750' title='bbox 972 5373 1059 5429; x_wconf 87' lang='lat' dir='ltr'><strong>vel</strong></span> <span class='ocrx_word' id='word_1_751' title='bbox 1095 5373 1306 5430; x_wconf 89' lang='lat' dir='ltr'><strong>redditu</strong></span> <span class='ocrx_word' id='word_1_752' title='bbox 1334 5413 1351 5440; x_wconf 92' lang='lat'><strong>,</strong></span> <span class='ocrx_word' id='word_1_753' title='bbox 1381 5374 1580 5430; x_wconf 89' lang='lat' dir='ltr'><strong>amodo</strong></span> 
     </span>
    </p>
   </div>
   <div class='ocr_carea' id='block_1_100' title="bbox 43 5451 1574 5540">
    <p class='ocr_par' dir='ltr' id='par_1_100' title="bbox 43 5451 1574 5540">
     <span class='ocr_line' id='line_1_100' title="bbox 43 5451 1574 5540; baseline 0.008 -28"><span class='ocrx_word' id='word_1_754' title='bbox 43 5451 231 5516; x_wconf 81' lang='lat' dir='ltr'><strong>liberam</strong></span> <span class='ocrx_word' id='word_1_755' title='bbox 251 5476 368 5519; x_wconf 88' lang='lat' dir='ltr'><strong>esse</strong></span> <span class='ocrx_word' id='word_1_756' title='bbox 385 5466 766 5536; x_wconf 84' lang='lat' dir='ltr'><strong>permittimus.</strong></span> <span class='ocrx_word' id='word_1_757' title='bbox 799 5465 898 5532; x_wconf 83' lang='lat' dir='ltr'><strong>Et,</strong></span> <span class='ocrx_word' id='word_1_758' title='bbox 922 5466 969 5522; x_wconf 88' lang='lat' dir='ltr'><strong>si</strong></span> <span class='ocrx_word' id='word_1_759' title='bbox 991 5467 1121 5538; x_wconf 89' lang='lat' dir='ltr'><strong>quid</strong></span> <span class='ocrx_word' id='word_1_760' title='bbox 1149 5469 1382 5540; x_wconf 82' lang='lat' dir='ltr'><strong>amplius</strong></span> <span class='ocrx_word' id='word_1_761' title='bbox 1407 5468 1574 5525; x_wconf 81' lang='lat' dir='ltr'><strong>Iiber-</strong></span> 
     </span>
    </p>
   </div>
   <div class='ocr_carea' id='block_1_101' title="bbox 45 5550 1580 5634">
    <p class='ocr_par' dir='ltr' id='par_1_101' title="bbox 45 5550 1580 5634">
     <span class='ocr_line' id='line_1_101' title="bbox 45 5550 1580 5634; baseline 0.014 -35"><span class='ocrx_word' id='word_1_762' title='bbox 45 5550 149 5605; x_wconf 79' lang='lat' dir='ltr'><strong>tatis</strong></span> <span class='ocrx_word' id='word_1_763' title='bbox 161 5552 374 5612; x_wconf 84' lang='lat' dir='ltr'><strong>ecclesia</strong></span> <span class='ocrx_word' id='word_1_764' title='bbox 404 5557 461 5613; x_wconf 91' lang='grc'><strong>8.</strong></span> <span class='ocrx_word' id='word_1_765' title='bbox 491 5558 774 5628; x_wconf 84' lang='lat' dir='ltr'><strong>Gaugcrici</strong></span> <span class='ocrx_word' id='word_1_766' title='bbox 803 5559 1241 5634; x_wconf 79' lang='lat' dir='ltr'><strong>cameracensis,</strong></span> <span class='ocrx_word' id='word_1_767' title='bbox 1274 5566 1382 5622; x_wconf 91' lang='lat' dir='ltr'><strong>imo</strong></span> <span class='ocrx_word' id='word_1_768' title='bbox 1408 5564 1580 5621; x_wconf 89' lang='lat' dir='ltr'><strong>cccle-</strong></span> 
     </span>
    </p>
   </div>
   <div class='ocr_carea' id='block_1_102' title="bbox 45 5638 1578 5728">
    <p class='ocr_par' dir='ltr' id='par_1_102' title="bbox 45 5638 1578 5728">
     <span class='ocr_line' id='line_1_102' title="bbox 45 5638 1578 5728; baseline 0.013 -36"><span class='ocrx_word' id='word_1_769' title='bbox 45 5638 108 5693; x_wconf 82' lang='lat' dir='ltr'><strong>sia</strong></span> <span class='ocrx_word' id='word_1_770' title='bbox 124 5640 175 5698; x_wconf 89' lang='grc'><strong>8.</strong></span> <span class='ocrx_word' id='word_1_771' title='bbox 201 5643 362 5703; x_wconf 76' lang='lat' dir='ltr'><strong>Maria</strong></span> <span class='ocrx_word' id='word_1_772' title='bbox 394 5649 766 5709; x_wconf 85' lang='lat' dir='ltr'><strong>Atrebatensis</strong></span> <span class='ocrx_word' id='word_1_773' title='bbox 794 5653 996 5710; x_wconf 86' lang='lat' dir='ltr'><strong>habere</strong></span> <span class='ocrx_word' id='word_1_774' title='bbox 1021 5655 1418 5728; x_wconf 77' lang='lat' dir='ltr'><strong>dignoscantur</strong></span> <span class='ocrx_word' id='word_1_775' title='bbox 1437 5697 1452 5722; x_wconf 91' lang='lat'><strong>,</strong></span> <span class='ocrx_word' id='word_1_776' title='bbox 1477 5657 1578 5728; x_wconf 90' lang='lat' dir='ltr'><strong>ipsi</strong></span> 
     </span>
    </p>
   </div>
   <div class='ocr_carea' id='block_1_103' title="bbox 48 5729 1574 5820">
    <p class='ocr_par' dir='ltr' id='par_1_103' title="bbox 48 5729 1574 5820">
     <span class='ocr_line' id='line_1_103' title="bbox 48 5729 1574 5820; baseline 0.007 -25"><span class='ocrx_word' id='word_1_777' title='bbox 48 5729 308 5820; x_wconf 62' lang='lat' dir='ltr'><strong>Lﬂtsenses</strong></span> <span class='ocrx_word' id='word_1_778' title='bbox 359 5746 600 5801; x_wconf 89' lang='lat' dir='ltr'><strong>canonici</strong></span> <span class='ocrx_word' id='word_1_779' title='bbox 661 5747 826 5802; x_wconf 83' lang='lat' dir='ltr'><strong>simili</strong></span> <span class='ocrx_word' id='word_1_780' title='bbox 887 5762 1020 5818; x_wconf 88' lang='lat' dir='ltr'><strong>pace</strong></span> <span class='ocrx_word' id='word_1_781' title='bbox 1083 5764 1180 5804; x_wconf 90' lang='lat' dir='ltr'><strong>sua</strong></span> <span class='ocrx_word' id='word_1_782' title='bbox 1242 5750 1574 5820; x_wconf 86' lang='lat' dir='ltr'><strong>possideant.</strong></span> 
     </span>
    </p>
   </div>
   <div class='ocr_carea' id='block_1_104' title="bbox 48 5819 1578 5910">
    <p class='ocr_par' dir='ltr' id='par_1_104' title="bbox 48 5819 1578 5910">
     <span class='ocr_line' id='line_1_104' title="bbox 48 5819 1578 5910; baseline 0.01 -27"><span class='ocrx_word' id='word_1_783' title='bbox 48 5819 210 5885; x_wconf 68' lang='lat' dir='ltr'><strong>Actum</strong></span> <span class='ocrx_word' id='word_1_784' title='bbox 224 5834 356 5902; x_wconf 85' lang='lat' dir='ltr'><strong>apud</strong></span> <span class='ocrx_word' id='word_1_785' title='bbox 384 5835 518 5894; x_wconf 84' lang='lat' dir='ltr'><strong>Lens</strong></span> <span class='ocrx_word' id='word_1_786' title='bbox 543 5839 597 5895; x_wconf 92' lang='lat' dir='ltr'><strong>in</strong></span> <span class='ocrx_word' id='word_1_787' title='bbox 619 5838 842 5896; x_wconf 83' lang='lat' dir='ltr'><strong>basilica</strong></span> <span class='ocrx_word' id='word_1_788' title='bbox 865 5839 924 5896; x_wconf 88' lang='grc'><strong>8.</strong></span> <span class='ocrx_word' id='word_1_789' title='bbox 950 5838 1128 5899; x_wconf 74' lang='lat' dir='ltr'><strong>Mariae</strong></span> <span class='ocrx_word' id='word_1_790' title='bbox 1150 5819 1295 5899; x_wconf 87' lang='lat' dir='ltr'><strong>anno</strong></span> <span class='ocrx_word' id='word_1_791' title='bbox 1312 5841 1475 5910; x_wconf 87' lang='lat' dir='ltr'><strong>I070,</strong></span> <span class='ocrx_word' id='word_1_792' title='bbox 1495 5843 1578 5898; x_wconf 91' lang='lat' dir='ltr'><strong>in-</strong></span> 
     </span>
    </p>
   </div>
   <div class='ocr_carea' id='block_1_105' title="bbox 1683 4626 3272 4702">
    <p class='ocr_par' dir='ltr' id='par_1_105' title="bbox 1683 4626 3272 4702">
     <span class='ocr_line' id='line_1_105' title="bbox 1683 4626 3272 4702; baseline -0.006 -2"><span class='ocrx_word' id='word_1_793' title='bbox 1683 4662 1713 4700; x_wconf 92' lang='lat' dir='ltr'><strong>a</strong></span> <span class='ocrx_word' id='word_1_794' title='bbox 1743 4644 2004 4702; x_wconf 89' lang='lat' dir='ltr'><strong>Balduino</strong></span> <span class='ocrx_word' id='word_1_795' title='bbox 2039 4643 2235 4699; x_wconf 91' lang='lat' dir='ltr'><strong>comite</strong></span> <span class='ocrx_word' id='word_1_796' title='bbox 2258 4626 2550 4698; x_wconf 82' lang='lat' dir='ltr'><strong>Gltisnensi</strong></span> <span class='ocrx_word' id='word_1_797' title='bbox 2580 4639 2886 4696; x_wconf 86' lang='lat' dir='ltr'><strong>instaurate</strong></span> <span class='ocrx_word' id='word_1_798' title='bbox 2911 4675 2929 4702; x_wconf 93' lang='lat'><strong>,</strong></span> <span class='ocrx_word' id='word_1_799' title='bbox 2979 4633 3085 4689; x_wconf 89' lang='lat' dir='ltr'><strong>ista</strong></span> <span class='ocrx_word' id='word_1_800' title='bbox 3125 4632 3272 4690; x_wconf 91' lang='lat' dir='ltr'><strong>dicto</strong></span> 
     </span>
    </p>
   </div>
   <div class='ocr_carea' id='block_1_106' title="bbox 1681 4735 2252 4810">
    <p class='ocr_par' dir='ltr' id='par_1_106' title="bbox 1681 4735 2252 4810">
     <span class='ocr_line' id='line_1_106' title="bbox 1681 4735 2252 4810; baseline -0.012 -13"><span class='ocrx_word' id='word_1_801' title='bbox 1681 4755 1802 4810; x_wconf 89' lang='lat' dir='ltr'><strong>cap.</strong></span> <span class='ocrx_word' id='word_1_802' title='bbox 1827 4738 1889 4794; x_wconf 89' lang='grc'><strong>51</strong></span> <span class='ocrx_word' id='word_1_803' title='bbox 1920 4735 2252 4793; x_wconf 82' lang='lat' dir='ltr'><strong>referuntur.</strong></span> 
     </span>
    </p>
   </div>
   <div class='ocr_carea' id='block_1_107' title="bbox 1753 4817 3273 4897">
    <p class='ocr_par' dir='ltr' id='par_1_107' title="bbox 1753 4817 3273 4897">
     <span class='ocr_line' id='line_1_107' title="bbox 1753 4817 3273 4897; baseline -0.011 -10"><span class='ocrx_word' id='word_1_804' title='bbox 1753 4833 1808 4887; x_wconf 86' lang='lat'><strong>7.</strong></span> <span class='ocrx_word' id='word_1_805' title='bbox 1850 4828 2004 4886; x_wconf 87' lang='lat' dir='ltr'><strong>Unde</strong></span> <span class='ocrx_word' id='word_1_806' title='bbox 2031 4829 2098 4884; x_wconf 91' lang='lat' dir='ltr'><strong>ad</strong></span> <span class='ocrx_word' id='word_1_807' title='bbox 2124 4837 2232 4884; x_wconf 91' lang='lat' dir='ltr'><strong>tam</strong></span> <span class='ocrx_word' id='word_1_808' title='bbox 2261 4825 2366 4897; x_wconf 80' lang='lat' dir='ltr'><strong>pia:</strong></span> <span class='ocrx_word' id='word_1_809' title='bbox 2408 4822 2742 4896; x_wconf 83' lang='lat' dir='ltr'><strong>operationis</strong></span> <span class='ocrx_word' id='word_1_810' title='bbox 2779 4817 3134 4876; x_wconf 84' lang='lat' dir='ltr'><strong>imitationem</strong></span> <span class='ocrx_word' id='word_1_811' title='bbox 3165 4817 3273 4872; x_wconf 82' lang='lat' dir='ltr'><strong>Lo-</strong></span> 
     </span>
    </p>
   </div>
   <div class='ocr_carea' id='block_1_108' title="bbox 1683 4909 3293 4990">
    <p class='ocr_par' dir='ltr' id='par_1_108' title="bbox 1683 4909 3293 4990">
     <span class='ocr_line' id='line_1_108' title="bbox 1683 4909 3293 4990; baseline -0.011 -9"><span class='ocrx_word' id='word_1_812' title='bbox 1683 4923 1872 4981; x_wconf 74' lang='lat' dir='ltr'><strong>tharia:</strong></span> <span class='ocrx_word' id='word_1_813' title='bbox 1902 4922 2056 4979; x_wconf 91' lang='lat' dir='ltr'><strong>ducis</strong></span> <span class='ocrx_word' id='word_1_814' title='bbox 2097 4919 2374 4978; x_wconf 81' lang='lat' dir='ltr'><strong>Godel‘ridi</strong></span> <span class='ocrx_word' id='word_1_815' title='bbox 2419 4917 2692 4990; x_wconf 90' lang='lat' dir='ltr'><strong>quondam</strong></span> <span class='ocrx_word' id='word_1_816' title='bbox 2742 4913 2852 4968; x_wconf 90' lang='lat' dir='ltr'><strong>lilia</strong></span> <span class='ocrx_word' id='word_1_817' title='bbox 2883 4953 2900 4978; x_wconf 96' lang='lat'><strong>,</strong></span> <span class='ocrx_word' id='word_1_818' title='bbox 2933 4909 3293 4967; x_wconf 86' lang='lat' dir='ltr'><strong>Boloniensis.</strong></span> 
     </span>
    </p>
   </div>
   <div class='ocr_carea' id='block_1_109' title="bbox 1681 5001 3272 5082">
    <p class='ocr_par' dir='ltr' id='par_1_109' title="bbox 1681 5001 3272 5082">
     <span class='ocr_line' id='line_1_109' title="bbox 1681 5001 3272 5082; baseline -0.011 -8"><span class='ocrx_word' id='word_1_819' title='bbox 1681 5017 1900 5074; x_wconf 86' lang='lat' dir='ltr'><strong>comitis</strong></span> <span class='ocrx_word' id='word_1_820' title='bbox 1950 5012 2227 5070; x_wconf 85' lang='lat' dir='ltr'><strong>Eustachii</strong></span> <span class='ocrx_word' id='word_1_821' title='bbox 2280 5011 2606 5082; x_wconf 86' lang='lat' dir='ltr'><strong>quandoque</strong></span> <span class='ocrx_word' id='word_1_822' title='bbox 2654 5005 2860 5070; x_wconf 88' lang='lat' dir='ltr'><strong>vidua,</strong></span> <span class='ocrx_word' id='word_1_823' title='bbox 2910 5001 3188 5059; x_wconf 81' lang='lat' dir='ltr'><strong>Godeiridi</strong></span> <span class='ocrx_word' id='word_1_824' title='bbox 3217 5010 3272 5059; x_wconf 90' lang='lat' dir='ltr'><strong>et</strong></span> 
     </span>
    </p>
   </div>
   <div class='ocr_carea' id='block_1_110' title="bbox 1682 5093 3268 5178">
    <p class='ocr_par' dir='ltr' id='par_1_110' title="bbox 1682 5093 3268 5178">
     <span class='ocr_line' id='line_1_110' title="bbox 1682 5093 3268 5178; baseline -0.009 -15"><span class='ocrx_word' id='word_1_825' title='bbox 1682 5107 1926 5164; x_wconf 85' lang='lat' dir='ltr'><strong>Balduini</strong></span> <span class='ocrx_word' id='word_1_826' title='bbox 1971 5105 2048 5178; x_wconf 88' lang='lat' dir='ltr'><strong>(in</strong></span> <span class='ocrx_word' id='word_1_827' title='bbox 2091 5103 2291 5161; x_wconf 68' lang='lat' dir='ltr'><strong>Judaeze</strong></span> <span class='ocrx_word' id='word_1_828' title='bbox 2317 5115 2518 5174; x_wconf 89' lang='lat' dir='ltr'><strong>regno,</strong></span> <span class='ocrx_word' id='word_1_829' title='bbox 2549 5105 2739 5154; x_wconf 91' lang='lat' dir='ltr'><strong>sancta</strong></span> <span class='ocrx_word' id='word_1_830' title='bbox 2768 5093 3268 5165; x_wconf 83' lang='lat' dir='ltr'><strong>Hierosolymon</strong></span> 
     </span>
    </p>
   </div>
   <div class='ocr_carea' id='block_1_111' title="bbox 1682 5187 3272 5261">
    <p class='ocr_par' dir='ltr' id='par_1_111' title="bbox 1682 5187 3272 5261">
     <span class='ocr_line' id='line_1_111' title="bbox 1682 5187 3272 5261; baseline -0.009 -4"><span class='ocrx_word' id='word_1_831' title='bbox 1682 5201 1904 5257; x_wconf 84' lang='lat' dir='ltr'><strong>civitate</strong></span> <span class='ocrx_word' id='word_1_832' title='bbox 1929 5199 1998 5256; x_wconf 90' lang='lat' dir='ltr'><strong>ab</strong></span> <span class='ocrx_word' id='word_1_833' title='bbox 2025 5197 2276 5253; x_wconf 82' lang='lat' dir='ltr'><strong>Arabicis</strong></span> <span class='ocrx_word' id='word_1_834' title='bbox 2300 5203 2354 5251; x_wconf 89' lang='lat' dir='ltr'><strong>et</strong></span> <span class='ocrx_word' id='word_1_835' title='bbox 2399 5191 2720 5250; x_wconf 82' lang='lat' dir='ltr'><strong>Sarracenis</strong></span> <span class='ocrx_word' id='word_1_836' title='bbox 2747 5189 2976 5261; x_wconf 87' lang='lat' dir='ltr'><strong>aliisque</strong></span> <span class='ocrx_word' id='word_1_837' title='bbox 3017 5187 3272 5259; x_wconf 86' lang='lat' dir='ltr'><strong>gentibus</strong></span> 
     </span>
    </p>
   </div>
   <div class='ocr_carea' id='block_1_112' title="bbox 1681 5278 3270 5362">
    <p class='ocr_par' dir='ltr' id='par_1_112' title="bbox 1681 5278 3270 5362">
     <span class='ocr_line' id='line_1_112' title="bbox 1681 5278 3270 5362; baseline -0.01 -15"><span class='ocrx_word' id='word_1_838' title='bbox 1681 5291 1998 5362; x_wconf 82' lang='lat' dir='ltr'><strong>alienigenis</strong></span> <span class='ocrx_word' id='word_1_839' title='bbox 2020 5298 2076 5346; x_wconf 86' lang='lat' dir='ltr'><strong>et</strong></span> <span class='ocrx_word' id='word_1_840' title='bbox 2105 5286 2432 5352; x_wconf 87' lang='lat' dir='ltr'><strong>incredulis,</strong></span> <span class='ocrx_word' id='word_1_841' title='bbox 2474 5284 2528 5339; x_wconf 93' lang='lat' dir='ltr'><strong>in</strong></span> <span class='ocrx_word' id='word_1_842' title='bbox 2576 5297 2743 5339; x_wconf 86' lang='lat' dir='ltr'><strong>manu</strong></span> <span class='ocrx_word' id='word_1_843' title='bbox 2788 5280 2916 5337; x_wconf 81' lang='lat' dir='ltr'><strong>l‘orti</strong></span> <span class='ocrx_word' id='word_1_844' title='bbox 2961 5287 3018 5337; x_wconf 90' lang='lat' dir='ltr'><strong>et</strong></span> <span class='ocrx_word' id='word_1_845' title='bbox 3040 5278 3270 5334; x_wconf 77' lang='lat' dir='ltr'><strong>brachio</strong></span> 
     </span>
    </p>
   </div>
   <div class='ocr_carea' id='block_1_113' title="bbox 1679 5369 3270 5446">
    <p class='ocr_par' dir='ltr' id='par_1_113' title="bbox 1679 5369 3270 5446">
     <span class='ocr_line' id='line_1_113' title="bbox 1679 5369 3270 5446; baseline -0.009 -7"><span class='ocrx_word' id='word_1_846' title='bbox 1679 5393 1906 5439; x_wconf 88' lang='lat' dir='ltr'><strong>extenso</strong></span> <span class='ocrx_word' id='word_1_847' title='bbox 1933 5396 2056 5437; x_wconf 88' lang='lat' dir='ltr'><strong>cum</strong></span> <span class='ocrx_word' id='word_1_848' title='bbox 2084 5379 2369 5436; x_wconf 82' lang='lat' dir='ltr'><strong>Antiochia</strong></span> <span class='ocrx_word' id='word_1_849' title='bbox 2411 5376 2643 5433; x_wconf 91' lang='lat' dir='ltr'><strong>viriliter</strong></span> <span class='ocrx_word' id='word_1_850' title='bbox 2677 5381 2984 5446; x_wconf 77' lang='lat' dir='ltr'><strong>expugnata</strong></span> <span class='ocrx_word' id='word_1_851' title='bbox 3005 5411 3021 5437; x_wconf 91' lang='lat'><strong>,</strong></span> <span class='ocrx_word' id='word_1_852' title='bbox 3051 5369 3270 5442; x_wconf 85' lang='lat' dir='ltr'><strong>penitus</strong></span> 
     </span>
    </p>
   </div>
   <div class='ocr_carea' id='block_1_114' title="bbox 1681 5463 3266 5542">
    <p class='ocr_par' dir='ltr' id='par_1_114' title="bbox 1681 5463 3266 5542">
     <span class='ocr_line' id='line_1_114' title="bbox 1681 5463 3266 5542; baseline -0.009 -13"><span class='ocrx_word' id='word_1_853' title='bbox 1681 5474 1906 5530; x_wconf 88' lang='lat' dir='ltr'><strong>liberata</strong></span> <span class='ocrx_word' id='word_1_854' title='bbox 1931 5511 1948 5540; x_wconf 92' lang='lat'><strong>,</strong></span> <span class='ocrx_word' id='word_1_855' title='bbox 1991 5485 2177 5541; x_wconf 90' lang='lat' dir='ltr'><strong>regum</strong></span> <span class='ocrx_word' id='word_1_856' title='bbox 2209 5467 2728 5542; x_wconf 78' lang='lat' dir='ltr'><strong>Hierosolymorum)</strong></span> <span class='ocrx_word' id='word_1_857' title='bbox 2774 5475 2831 5524; x_wconf 92' lang='lat' dir='ltr'><strong>et</strong></span> <span class='ocrx_word' id='word_1_858' title='bbox 2859 5463 3134 5522; x_wconf 86' lang='lat' dir='ltr'><strong>Eustachii</strong></span> <span class='ocrx_word' id='word_1_859' title='bbox 3167 5477 3266 5516; x_wconf 86' lang='lat' dir='ltr'><strong>no-</strong></span> 
     </span>
    </p>
   </div>
   <div class='ocr_carea' id='block_1_115' title="bbox 1680 5553 3270 5626">
    <p class='ocr_par' dir='ltr' id='par_1_115' title="bbox 1680 5553 3270 5626">
     <span class='ocr_line' id='line_1_115' title="bbox 1680 5553 3270 5626; baseline -0.009 -4"><span class='ocrx_word' id='word_1_860' title='bbox 1680 5565 1927 5622; x_wconf 90' lang='lat' dir='ltr'><strong>bilissimi</strong></span> <span class='ocrx_word' id='word_1_861' title='bbox 1980 5563 2214 5618; x_wconf 67' lang='lat' dir='ltr'><strong>Boloniaa</strong></span> <span class='ocrx_word' id='word_1_862' title='bbox 2273 5562 2488 5618; x_wconf 86' lang='lat' dir='ltr'><strong>comitis</strong></span> <span class='ocrx_word' id='word_1_863' title='bbox 2540 5570 2756 5626; x_wconf 90' lang='lat' dir='ltr'><strong>mater,</strong></span> <span class='ocrx_word' id='word_1_864' title='bbox 2787 5559 3007 5616; x_wconf 91' lang='lat' dir='ltr'><strong>nomine</strong></span> <span class='ocrx_word' id='word_1_865' title='bbox 3042 5563 3097 5610; x_wconf 90' lang='lat' dir='ltr'><strong>et</strong></span> <span class='ocrx_word' id='word_1_866' title='bbox 3141 5553 3270 5608; x_wconf 64' lang='lat' dir='ltr'><strong>vitae</strong></span> 
     </span>
    </p>
   </div>
   <div class='ocr_carea' id='block_1_116' title="bbox 1681 5642 3268 5718">
    <p class='ocr_par' dir='ltr' id='par_1_116' title="bbox 1681 5642 3268 5718">
     <span class='ocr_line' id='line_1_116' title="bbox 1681 5642 3268 5718; baseline -0.01 -4"><span class='ocrx_word' id='word_1_867' title='bbox 1681 5657 1971 5714; x_wconf 89' lang='lat' dir='ltr'><strong>sanctltate</strong></span> <span class='ocrx_word' id='word_1_868' title='bbox 1999 5652 2322 5710; x_wconf 88' lang='lat' dir='ltr'><strong>venerabilis</strong></span> <span class='ocrx_word' id='word_1_869' title='bbox 2346 5651 2435 5708; x_wconf 89' lang='lat' dir='ltr'><strong>Ida</strong></span> <span class='ocrx_word' id='word_1_870' title='bbox 2453 5691 2470 5718; x_wconf 97' lang='lat'><strong>,</strong></span> <span class='ocrx_word' id='word_1_871' title='bbox 2501 5651 2840 5708; x_wconf 89' lang='lat' dir='ltr'><strong>Boloniensis</strong></span> <span class='ocrx_word' id='word_1_872' title='bbox 2865 5646 3140 5704; x_wconf 86' lang='lat' dir='ltr'><strong>comitissa</strong></span> <span class='ocrx_word' id='word_1_873' title='bbox 3161 5682 3178 5708; x_wconf 95' lang='lat'><strong>,</strong></span> <span class='ocrx_word' id='word_1_874' title='bbox 3212 5642 3268 5698; x_wconf 86' lang='lat' dir='ltr'><strong>in</strong></span> 
     </span>
    </p>
   </div>
   <div class='ocr_carea' id='block_1_117' title="bbox 1679 5734 3262 5810">
    <p class='ocr_par' dir='ltr' id='par_1_117' title="bbox 1679 5734 3262 5810">
     <span class='ocr_line' id='line_1_117' title="bbox 1679 5734 3262 5810; baseline -0.014 -3"><span class='ocrx_word' id='word_1_875' title='bbox 1679 5749 1914 5807; x_wconf 93' lang='lat' dir='ltr'><strong>conﬁnio</strong></span> <span class='ocrx_word' id='word_1_876' title='bbox 1945 5746 2281 5810; x_wconf 81' lang='lat' dir='ltr'><strong>Mercuritii,</strong></span> <span class='ocrx_word' id='word_1_877' title='bbox 2315 5745 2368 5800; x_wconf 91' lang='lat' dir='ltr'><strong>iu</strong></span> <span class='ocrx_word' id='word_1_878' title='bbox 2423 5744 2549 5800; x_wconf 89' lang='lat' dir='ltr'><strong>villa</strong></span> <span class='ocrx_word' id='word_1_879' title='bbox 2596 5743 2872 5798; x_wconf 85' lang='lat' dir='ltr'><strong>Bruchatn</strong></span> <span class='ocrx_word' id='word_1_880' title='bbox 2919 5738 3048 5794; x_wconf 91' lang='lat' dir='ltr'><strong>olim</strong></span> <span class='ocrx_word' id='word_1_881' title='bbox 3087 5734 3262 5788; x_wconf 75' lang='lat' dir='ltr'><strong>nomi-</strong></span> 
     </span>
    </p>
   </div>
   <div class='ocr_carea' id='block_1_118' title="bbox 1680 5820 3272 5910">
    <p class='ocr_par' dir='ltr' id='par_1_118' title="bbox 1680 5820 3272 5910">
     <span class='ocr_line' id='line_1_118' title="bbox 1680 5820 3272 5910; baseline -0.014 -13"><span class='ocrx_word' id='word_1_882' title='bbox 1680 5847 1839 5907; x_wconf 82' lang='lat' dir='ltr'><strong>nata,</strong></span> <span class='ocrx_word' id='word_1_883' title='bbox 1868 5838 1969 5894; x_wconf 89' lang='lat' dir='ltr'><strong>sub</strong></span> <span class='ocrx_word' id='word_1_884' title='bbox 1993 5838 2202 5894; x_wconf 85' lang='lat' dir='ltr'><strong>honore</strong></span> <span class='ocrx_word' id='word_1_885' title='bbox 2237 5835 2410 5896; x_wconf 75' lang='lat' dir='ltr'><strong>beata:</strong></span> <span class='ocrx_word' id='word_1_886' title='bbox 2434 5842 2490 5892; x_wconf 88' lang='lat' dir='ltr'><strong>et</strong></span> <span class='ocrx_word' id='word_1_887' title='bbox 2518 5833 2768 5909; x_wconf 68' lang='lat' dir='ltr'><strong>gloriosae</strong></span> <span class='ocrx_word' id='word_1_888' title='bbox 2810 5838 3130 5910; x_wconf 76' lang='lat' dir='ltr'><strong>semperque</strong></span> <span class='ocrx_word' id='word_1_889' title='bbox 3157 5820 3272 5880; x_wconf 68' lang='lat' dir='ltr'><strong>vir-</strong></span> 
     </span>
    </p>
   </div>
  </div>
