3808 6306
55 396 142 460 165

641 507 691 564 1)
715 509 954 564 addunt:

109 601 428 670 Eustachius,
455 604 621 658 lrater
635 602 889 659 Balduini
917 603 1064 678 regis
1082 603 1594 672 Jerusalem,_duxit

51 695 242 750 lariam
268 693 426 754 ﬁliam
475 694 617 766 regis
661 693 881 764 Scotiae,
923 706 986 754 et
1021 697 1209 769 genuit
1253 695 1588 753 Mathildem.

50 790 285 853 Mathildis
326 799 496 861 nupta
539 789 836 864 Stephano,
867 793 981 850 ﬁlio
1026 793 1287 865 Stephani
1316 791 1594 852 Blcsensis

49 884 249 950 comitis,
289 883 475 953 genuit
505 881 732 940 Mariam
760 885 1117 942 abbatissam.
1161 883 1412 958 Cumque
1439 885 1591 942 dele--

47 978 218 1031 cissent
248 978 298 1032 in
338 977 562 1034 Bolonia
605 979 831 1051 legitimi
882 983 1146 1050 heredes,
1173 981 1422 1039 Matheus
1449 982 1594 1038 ﬁlius

49 1069 324 1126 Theoderici
354 1073 572 1130 comitis
615 1071 989 1141 Flandrensis,
1036 1074 1162 1130 licet
1193 1074 1398 1141 illicito,
1438 1074 1594 1130 duxit

47 1161 358 1229 abbatissam,
391 1171 445 1218 et
487 1163 776 1220 suscitavit
812 1181 996 1221 semen
1033 1165 1427 1221 hereditarium
1457 1166 1594 1223 duas

45 1253 156 1310 tilias
173 1253 494 1330 generando,
520 1265 575 1311 et
605 1247 819 1312 remisit
838 1271 962 1312 eam
987 1257 1053 1313 ad
1075 1257 1258 1313 locum
1285 1273 1468 1314 suum.
1501 1257 1593 1312 Al-

1033 393 1254 453 EPIST.
1298 394 1436 452 IMP.
1477 393 1582 451 CP.
1626 394 1717 449 AD
1753 393 2238 454 CHRISTIANOS‘.

1623 517 1667 573 Α
1695 512 1882 568 bertus
1918 521 2100 568 autem
2125 511 2240 586 (59)
2270 510 2338 568 de
2384 508 2660 568 Namurco
2691 509 2880 584 genuit
2931 512 3296 592 Godcfridum

3183 401 3304 460 46G

1693 614 1748 660 et
1776 602 2072 661 Henricum
2099 604 2356 662 comitem
2387 604 2454 660 de
2476 603 2632 676 Rupe
2653 605 2798 678 (40),
2825 615 3033 677 patrem
3073 607 3291 664 Mathil-

1693 696 1780 752 dis
1813 713 1938 768 qua:
1978 697 2167 768 genuit
2203 695 2471 758 Iacobum
2518 695 2890 753 Avesnensem
2924 698 3077 770 (41).,
3107 699 3286 756 Code-

1693 788 1870 846 fri.lus
1903 777 2085 846 autem
2119 789 2286 846 frater
2318 790 2440 862 ejus
2457 788 2753 848 Benricum
2775 792 3031 848 comitem
3055 791 3289 849 Namur-

1693 899 1936 950 ccnsem,
1966 884 2061 956 qui
2090 884 2271 940 caruit
2303 883 2492 940 liberis
2514 884 2628 956 (42)
2651 895 2707 942 et
2748 901 2993 942 sororem
3023 887 3145 958 ejus
3173 888 3287 942 Ali-

1697 973 1865 1029 thiam
1879 973 2015 1046 (45),
2031 989 2154 1045 quae
2174 981 2344 1047 nupta
2357 972 2656 1030 Hainoensi
2669 975 2856 1030 comiti
2869 975 3136 1032 Balduino
3150 976 3286 1049 (44),

1696 1066 1885 1137 genuit
1909 1065 2258 1135 Balduinum,
2285 1067 2380 1138 qui
2403 1066 2564 1125 duxit
2585 1067 2699 1138 (45)
2726 1066 3088 1141 Margaretam
3121 1069 3288 1124 ﬁliam

1697 1157 2020 1216 Theoderici
2065 1159 2420 1218 Flandrcnsis
2481 1160 2720 1229 comitis,
2777 1169 2832 1218 et
2879 1161 3068 1234 genuit
3115 1160 3288 1216 illium

1696 1255 2023 1328 cquivocum
2057 1255 2160 1311 sibi
2193 1255 2235 1292 ι’
2259 1253 2391 1326 (46).

1329 1393 1561 1452 νΛΒΙᾹΞ
1600 1393 2010 1456 LECTIONES.

97 1481 389 1561 ff_Posth¢ec
423 1484 503 1542 Di
517 1529 544 1551 .,
558 1488 902 1561 2Lrepetunt‘
918 1489 1133 1544 nomina
1180 1489 1296 1544 sola
1329 1487 1564 1561 Κεῖοιυρ
1595 1504 1850 1560 magnus.
1881 1487 2192 1546 Ludovicus
2218 1496 2558 1561 augustus—
2579 1486 2752 1544 Maria
2778 1487 3078 1556 abbatissa,
3110 1486 3300 1560 prouti

41 1555 176 1609 edidit
200 1554 430 1613 Nartem
463 1575 519 1628 p.
549 1554 719 1616 H52;
741 1559 875 1628 Qua:
908 1562 1206 1628 omisimus,
1236 1562 1425 1632 quippe
1448 1559 1652 1614 nullius
1673 1554 1890 1630 prorsus
1913 1561 2093 1631 pretii.

1527 1650 1774 1715 ΝΟΤᾹΞ.-

93 1741 190 1808 (39)
212 1741 441 1801 Tertius.

93 1813 188 1884 (40)
212 1813 286 1885 l_.a
307 1814 500 1885 Roche,
533 1834 598 1872 en
621 1816 913 1874 Ardennes.

94 1882 189 1952 (il)
212 1882 458 1942 Occisum
487 1882 550 1942 a.
583 1889 740 1944 1192.

93 1954 188 2023 (12)
209 1954 489 2026 ﬂasculis;
531 1959 675 2021 ﬁlias
703 1960 849 2016 enim
877 1961 1070 2023 habuit
1105 1959 1266 2020 duas.

447 2112 633 2122 —_._

642 2113 891 2124 τῇ.

46 2100 460 2134 ===

461 2126 856 2138 ——.—_

859 2123 1113 2138 -η--ὺ

1771 1747 1885 1814 (45)
1918 1744 2273 1805 Aliciamseu
2303 1743 2625 1814 Adeliciam,
2648 1743 2981 1804 Ade.cidem.

1769 1817 1885 1887 (44)
1916 1817 2145 1884 Quarto.
2246 1843 2249 1846 -

1767 1888 1884 1958 (45)
1918 1889 1982 1943 A.
2023 1888 2181 1944 1169.

1767 1955 1884 2030 (46)
1913 1958 2242 2015 Balduinum
2275 1955 2364 2024 Vl,
2395 1966 2584 2014 natum
2611 1973 2662 2013 a.
2694 1955 2852 2012 1171.

897 2101 3276 2140 mw

738 2185 1713 2464 APPENDlX
1795 2300 2556 2461 ALTERA

48 2609 467 2756 MON
495 2617 1402 2757 UMENTA
1449 2617 1736 2754 DE
1789 2609 2522 2756 BELLO
2566 2604 3280 2756 SACRO

710 3059 1376 3164 IMPERATOBIS
1433 3061 2564 3166 CONSTANTINOPOLITANI

1362 3283 1946 3379 EPISTOLA

539 3475 632 3536 AD
670 3475 1049 3534 BOBERTUM
1090 3473 1466 3532 FLANDRUE
1505 3473 1817 3534 COMITEM
1855 3475 1946 3532 ET
1980 3473 2217 3534 OMNES
2252 3473 2718 3535 CHRISTIANOS
2813 3491 2819 3497 '

995 3635 1069 3698 Ut
1099 3634 1224 3698 sibi
1257 3642 1485 3700 contra
1506 3652 1790 3717 paganos
1829 3654 2005 3719 opem
2030 3637 2260 3718 ferant.

1416 3803 1632 3881 (Anno
1665 3801 1870 3880 1095.)

206 3964 494 4040 [murena
544 3967 694 4025 Thes.
723 3967 921 4026 A’necd.
947 3968 988 4037 l,
1009 3967 1140 4037 267,
1173 3984 1241 4026 ex
1275 3983 1409 4026 mss.
1447 3969 1830 4112 ἓυοέἓεῦὣηῇ)
1846 3966 2170 4026 monasterii
2202 3965 2262 4024 S.
2303 3966 2506 4034 Albini,
2543 3967 2717 4026 altero
2749 3965 3072 4026 monasterii

761 4058 780 4075 ‘
1502 4081 1515 4095 .
1637 4056 1664 4094 1·
1769 4081 1781 4094 .

761 4058 780 4075 ⁸
1455 4056 1515 4095 δ.
1553 4056 1781 4095 1301⁸11111.

88 4383 436 4454 (l)Dominoet
447 4385 694 4459 glorioso
705 4382 1589 4455 Flandrensiumfcomitiﬂonsnro
1621 4382 1666 4444 Β
1693 4380 2045 4440 terfectiones
2065 4388 2118 4436 et
2139 4380 2464 4436 derisiones.
2485 4380 2589 4436 Sed
2612 4382 2740 4452 quia
2766 4389 2896 4437 sunt
2921 4383 3091 4438 multa
3116 4385 3282 4452 mala,

35 4476 315 4532 etomnibus
339 4479 515 4534 totius
544 4476 698 4548 regni
725 4477 1084 4548 principibus,
1108 4476 1436 4532 Christiana:
1458 4475 1582 4531 ﬁdei

36 4571 358 4636 amatoribus,
389 4581 506 4627 tam
557 4571 716 4628 laicis
771 4586 937 4641 quam
988 4569 1236 4634 clericis,
1287 4569 1585 4639 imperator

35 4655 654 4734 Constantinopolitanus,
687 4661 922 4717 salutem
954 4670 1012 4717 et
1060 4677 1251 4732 pacem
1302 4659 1357 4714 in
1389 4659 1583 4716 eodem

36 4745 224 4812 Domino
249 4765 438 4812 nostro
465 4743 598 4812 Iesu
631 4753 876 4822 Christo,
917 4763 972 4810 et
997 4752 1160 4810 Patre
1186 4753 1326 4824 ejus,
1358 4769 1424 4810 ac
1455 4751 1583 4825 Spi-

35 4839 118 4896 ritu
141 4858 335 4904 sancto.

87 4933 124 4986 0
145 4936 486 5010 inclytissime
511 4953 717 5006 comes,
747 4947 801 4994 et
828 4937 1066 4994 maxime
1095 4936 1220 4993 ﬁdei
1250 4936 1582 5006 consolator,

36 5025 270 5086 notilirare
297 5031 600 5108 prudentia:
624 5038 820 5087 vestrae
848 5031 972 5088 volo
1003 5041 1267 5102 quantum
1297 5031 1582 5088 sanctissi—

37 5130 155 5172 mum
183 5121 463 5192 imperium
487 5123 930 5181 Christianorum
957 5122 1272 5180 Graecorum
1301 5124 1584 5196 angustia-

39 5213 106 5260 tur
145 5210 341 5271 fortiter
381 5233 413 5272 a
459 5216 776 5274 Pincinaois
807 5217 884 5288 (2)
921 5225 977 5272 et
1005 5215 1202 5273 Turcis
1232 5217 1496 5288 quotidie,
1529 5225 1586 5274 et

39 5297 333 5370 depraedatur
351 5320 407 5366 et
431 5311 738 5383 acquiritur
766 5311 887 5367 sine
913 5310 1342 5379 intermissione,
1371 5319 1426 5366 et
1447 5310 1585 5367 ﬁunt

39 5394 181 5451 cedes
220 5399 464 5470 diversae,
492 5413 548 5460 et
576 5403 976 5460 inenarrabiles
1023 5402 1465 5458 Christianorum
1499 5402 1583 5457 in-

94 5571 833 5664 (j'lLScriptafuisseoxidetur
853 5596 1000 5664 anno
1033 5579 1190 5664 1995,
1221 5597 1332 5664 quo
1357 5580 1582 5664 Alexi‘us

38 5640 90 5693 ad
113 5637 366 5704 Urbanu'm
387 5649 434 5704 ll
459 5637 750 5708 concilium
783 5653 838 5707 in
860 5637 1190 5706 Placentina
1203 5637 1420 5708 civitate
1442 5637 1583 5708 celo;

40 5707 245 5771 brantem
273 5719 588 5843 legationem
619 5707 793 5790 misit,
825 5723 1026 5794 ipsum,
1058 5739 1338 5794 omnesque
1375 5707 1578 5779 Christi

40 5779 184 5842 ﬁdeles
201 5805 324 5843 mm
347 5792 494 5843 ἑάων
515 5794 840 5843 imploravit-
864 5804 921 5843 nt
944 5793 1160 5843 alimmd
1181 5795 1446 5843 auxilium
1471 5795 1576 5843 sibi

39 5779 184 5866 ﬁdeles
201 5779 494 5860 suppliciter
515 5779 921 5866 imploravitfut
944 5779 1160 5864 aliquod
1180 5779 1446 5866 ouantium
1471 5795 1576 5849 sibi

39 5862 188 5909 contra
222 5875 443 5931 paganos
463 5883 558 5934 pro
589 5862 890 5938 defensione
927 5862 1127 5921 sancta:
1167 5865 1420 5922 Ecclcsia:
1452 5883 1574 5920 con-

1689 4493 1812 4550 qum
1837 4483 2026 4550 agunt,
2059 4485 2134 4544 et,
2165 4484 2226 4530 ut
2253 4473 2513 4542 diximus,
2547 4474 2953 4543 inenarrabilia,
2981 4476 3050 4531 de
3097 4477 3284 4534 multis

1685 4573 1937 4629 dicamus
1980 4585 2177 4640 pauca,
2217 4583 2340 4639 qua:
2369 4578 2551 4623 tamen
2603 4575 2733 4623 sunt
2757 4567 2948 4624 auditu
2979 4568 3282 4636 horribilia,

1685 4674 1742 4720 et
1767 4663 2101 4720 conturbant
2130 4661 2295 4718 etiam
2348 4661 2527 4732 ipsum
2577 4676 2781 4717 aerem.
2833 4659 2968 4716 Nam
2999 4675 3200 4732 pueros
3229 4669 3286 4716 et

1681 4754 1912 4827 juvenes
1931 4753 2374 4810 Christianorum
2401 4752 2804 4808 circumcidunt
2830 4768 2995 4822 super
3018 4751 3284 4821 baptiste-

1685 4847 1769 4904 ria
1801 4845 2266 4912 Christianorum,
2298 4851 2352 4899 et
2380 4842 2822 4899 circumcisionis
2855 4841 3178 4912 sanguinem
3222 4842 3280 4896 in

1687 4939 2006 5008 despectum
2034 4933 2242 4991 Christi
2271 4933 2508 4989 fundunt
2533 4934 2587 4987 in
2613 4931 2819 4988 eisdem
2846 4931 3201 5002 baptisteriis,
3227 4939 3283 4987 et

1687 5030 1926 5101 desuper
1952 5042 2049 5085 eos
2073 5028 2318 5100 mingere
2338 5025 2694 5098 compellunt,
2724 5033 2779 5080 et
2805 5024 3063 5095 deinceps
3091 5024 3145 5077 in
3172 5023 3283 5079 cir-

1688 5123 1840 5179 cuitu
1869 5120 2115 5178 ccclesite
2140 5134 2237 5176 eos
2261 5118 2528 5174 violenter
2555 5117 2851 5182 deducunt,
2899 5124 2953 5172 et
2997 5129 3196 5170 nomen
3227 5123 3283 5172 et

1691 5214 1851 5269 ﬁdem
1905 5221 2110 5270 sancta:
2152 5210 2438 5267 Trinitatis
2495 5209 2880 5280 blasphemare
2923 5207 3278 5279 compellunt.

1688 5303 1816 5362 Illos
1844 5320 1976 5360 vero
2005 5304 2255 5360 nolentes
2279 5317 2346 5358 ex
2374 5301 2608 5358 diversis
2637 5300 2818 5372 pwnis
2845 5299 3111 5372 aﬂligunt,
3135 5309 3191 5355 et
3211 5300 3282 5354 ad

1689 5397 1944 5452 ultimum
1975 5411 2073 5453 eos
2098 5395 2451 5452 interﬁciunt.
2484 5392 2704 5450 NObiIes
2751 5409 2880 5450 vero
2906 5402 3187 5450 matronas
3214 5407 3279 5448 ac

1685 5581 1900 5651 ferrent,
1923 5597 2083 5653 quant
2114 5581 2310 5652 pagani
2331 5579 2448 5653 jam
2474 5582 2529 5636 in
2556 5579 2667 5636 illis
2688 5581 2929 5652 partibus
2957 5581 3276 5650 deleverunt,

1722 5654 1774 5706 ni
1801 5652 1979 5721 partes
2008 5652 2134 5706 illas
2157 5652 2410 5723 usquead
2435 5665 2612 5708 muros
2645 5653 2792 5708 urbis
2826 5653 3280 5723 Constantinopo-

1683 5721 1868 5849 litanta:
1891 5723 2124 5805 ciuitatis
2151 5721 2509 5794 obtinuerant,
2554 5725 2732 5795 inquit
2771 5723 3099 5780 Bartholdus
3126 5721 3277 5778 Con-

1683 5804 1800 5851 stan
1832 5810 2017 5850 IenSlS.

1757 5864 1833 5936 (2)
1876 5865 1982 5933 AL,
2021 5863 2335 5922 Pincinatis.
