3838 6306
512 348 619 445 ιίδτ

1084 390 1175 446 an
1215 350 1663 451 conuentum:
1704 393 1996 451 nemo.
2038 395 2104 451 ιι.
2141 428 2210 437 -
2246 396 2516 454 manu.
2562 398 2649 454 DE
2688 399 2911 461 Βωλο
2951 400 3197 484 saeuo.

3668 410 3753 466 463

510 526 704 566 earum
736 509 879 567 tilias
907 510 1243 584 depraedatas
1273 511 1503 568 invicem
1529 512 1870 568 succedendo
1900 521 1958 567 ut
1984 512 2103 568 ani-
2132 519 2177 574 Α
2207 514 2472 571 auxilium
2495 514 2602 571 mei
2624 525 2680 570 et
2701 515 3017 573 Graecorum
3040 516 3505 587 Christianorum,
3542 520 3640 580 huc
3673 524 3748 582 ds-

514 603 681 659 malia
709 603 1068 660 adulterando
1096 603 1377 660 deludunt.
1409 602 1513 658 Alii
1544 619 1674 661 vero
1702 604 2104 675 corrumpendo

514 694 749 765 turpiter
768 687 1019 767 'virgines
1050 703 1296 750 statuunt
1320 704 1446 750 ante
1474 693 1641 750 facies
1664 711 1853 750 carum
1879 704 2108 764 matres,

513 786 903 857 compellentes
944 803 1038 843 eas
1070 786 1308 843 nefarias
1350 794 1405 842 ct
1454 787 1770 844 luxuriosas
1815 789 2105 844 decantare

513 879 836 948 cantilenas,
858 879 1029 935 donec
1050 878 1357 950 compleant
1382 888 1569 950 stupra
1596 880 1712 952 ipsa
1743 896 1844 937 sua
1872 880 2100 938 nefaria.

516 970 608 1028 Sic
638 972 784 1028 enirn
817 972 1048 1044 legimus
1075 980 1256 1028 actum
1309 973 1363 1027 in
1416 971 1508 1027 Dei
1547 973 1749 1044 populo
1778 973 2103 1044 antiquitus,

511 1065 714 1135 quibus
741 1065 889 1136 impii
919 1063 1202 1136 Babylonii
1233 1074 1359 1138 post
1390 1065 1602 1122 diversa
1652 1066 1899 1123 delubria
1957 1068 2103 1123 deri-

493 1156 688 1232 .dendo
715 1156 970 1212 dicebant
1001 1175 1013 1211 :
1041 1154 1323 1229 Hymuum‘
1347 1167 1559 1213 cantate
1602 1158 1751 1237 nobis
1786 1159 1848 1213 de
1880 1160 2105 1214 canticis

508 1246 641 1302 Sion
666 1247 841 1317 (Paul.
865 1264 1091 1317 cxxxvr,
1118 1249 1197 1323 3).
1227 1247 1320 1307 Sic
1345 1259 1401 1307 et
1423 1252 1477 1306 in
1506 1260 1698 1324 stupro
1729 1252 1966 1308 filiarum
1996 1268 2108 1308 ma—

508 1350 621 1399 tres
669 1345 1004 1416 compellunt
1051 1362 1201 1403 nunc
1245 1356 1471 1405 cantare
1501 1350 1803 1406 cantilenas
1843 1349 2104 1419 nefarias,

507 1450 743 1506 quarum
772 1454 937 1495 voces
962 1455 1076 1494 non
1100 1449 1345 1508 cantum,
1372 1443 1467 1498 sed
1496 1444 1693 1514 magis,
1717 1453 1776 1499 ut
1805 1445 2102 1510 credimus,

506 1529 632 1598 plus
660 1541 921 1586 resonant
948 1532 1249 1603 planctum,
1278 1532 1420 1589 sicut
1445 1534 1816 1604 scriptumest
1847 1535 1899 1589 in
1930 1544 2107 1591 morte

507 1622 887 1679 innocentium
922 1642 935 1679 :
972 1622 1085 1678 Vox
1119 1626 1175 1679 in
1216 1623 1387 1679 Rama
1425 1626 1613 1680 audita
1651 1636 1748 1692 est,
1782 1626 2023 1696 ploratus
2054 1636 2111 1684 et

507 1714 750 1770 ululatus
776 1716 976 1772 multus
1001 1733 1018 1772 .'
1046 1715 1243 1773 Rachel
1264 1718 1484 1790 plorans
1515 1718 1655 1789 ﬁlios
1684 1736 1827 1787 suos,
1856 1730 1903 1774 et
1937 1720 2106 1775 notuit

512 1805 781 1860 consolari
816 1808 944 1878 quia
981 1824 1084 1863 non
1129 1816 1251 1863 sunt
1293 1806 1519 1881 (Matth.
1564 1826 1624 1877 ll,
1654 1809 1773 1882 ⁴18).
1826 1808 1932 1866 Sed
1980 1810 2108 1867 licet

509 1906 715 1955 matres
766 1900 1162 1967 innocentium,
1210 1917 1335 1973 qua:
1376 1917 1474 1973 per
1507 1900 1731 1959 Rachel
1776 1902 2104 1975 figurantur,

512 2005 623 2047 non
656 1991 926 2047 valuerint
977 1993 1252 2049 consolari
1280 2008 1382 2065 pro
1409 2002 1587 2051 morte
1632 1993 1891 2064 filiorum,
1919 1996 2107 2053 value-

514 2091 645 2136 runt
683 2092 863 2138 tamen
912 2084 1185 2141 consolari
1235 2101 1335 2156 pro
1382 2087 1559 2142 salute
1603 2086 1933 2143 animarum.
1985 2087 2108 2145 [stre

512 2181 697 2228 tamen
723 2173 1056 2242 nullatenus,
1099 2174 1248 2246 quod
1276 2176 1434 2246 pejus
1459 2185 1565 2243 cst,
1596 2178 1873 2234 consolari
1902 2179 2104 2247 valent,

510 2264 640 2334 quia
668 2274 721 2320 et
755 2265 808 2320 in
838 2267 1163 2338 corporibus
1195 2277 1251 2324 et
1279 2254 1334 2325 iu
1365 2269 1656 2327 animabus
1702 2266 1953 2342 pereunt.
1999 2272 2109 2329 Sed

508 2356 641 2426 quid
672 2356 883 2414 adhuc?
933 2357 1228 2417 Veniamus
1265 2360 1336 2416 ad
1366 2362 1661 2418 deteriora.
1708 2361 1904 2420 Totius
1929 2365 2121 2421 rotatis

507 2457 564 2503 et
591 2450 803 2508 ordinis
828 2452 998 2520 viros,
1048 2452 1104 2509 id
1151 2460 1237 2511 est
1263 2470 1485 2526 pueros,
1524 2456 1919 2525 adolescentes,
1942 2458 2104 2530 juve-

512 2557 631 2611 nes,
662 2559 842 2612 senes,
862 2545 1105 2615 nobiles,
1133 2561 1342 2615 servos,
1369 2556 1444 2615 et,
1472 2549 1620 2620 quod
1652 2549 1809 2621 pejus
1841 2560 1901 2606 et
1926 2551 2107 2623 impu-

507 2633 726 2693 dentius
755 2646 859 2703 est,
887 2638 1116 2695 clericos
1165 2649 1221 2696 et
1261 2643 1583 2710 monachos,
1613 2652 1671 2698 et
1695 2643 1802 2699 heu
1834 2644 1974 2715 proh
2007 2644 2107 2699 do-

506 2728 619 2784 lor!
653 2741 705 2786 et
749 2733 895 2802 quod
924 2733 994 2788 ab
1019 2733 1176 2789 initio
1223 2749 1329 2789 non
1363 2734 1569 2790 dictum
1625 2752 1803 2806 neque
1857 2737 2103 2793 auditum

506 2833 611 2890 est,
641 2823 929 2895 episcopos
953 2823 1290 2882 Sodomitieo
1311 2838 1535 2898 peccato
1557 2828 1838 2895 deludunt,
1862 2839 1915 2883 et
1939 2830 2104 2885 etiam

509 2931 681 2969 unum
706 2916 1024 2988 episcopum
1054 2918 1158 2973 sub
1187 2918 1291 2974 hoc
1319 2919 1528 2975 nefario
1575 2929 1799 2990 peccato
1841 2922 1955 2991 jam
1988 2939 2108 2978 crc-

507 3017 764 3075 puerunt.
797 3008 942 3066 Loca
988 3026 1118 3065 vero
1164 3016 1353 3067 sancta
1405 3012 1899 3071 innumerabilibus
1928 3017 2106 3074 modis

508 3100 887 3155 contaminant
913 3110 968 3156 et
995 3102 1306 3171 destruunt,
1340 3112 1394 3159 et
1437 3104 1623 3175 pejora
1670 3104 1752 3161 eis
1776 3096 2100 3163 iminantur.

510 3189 575 3243 Et
603 3190 671 3247 ad
702 3191 817 3248 haec
846 3192 972 3264 quis
997 3209 1105 3250 non
1149 3194 1390 3267 plangit?
1433 3195 1569 3262 Quis
1600 3211 1711 3251 non
1739 3198 2109 3269 compatitur?
2133 3220 2177 3279 ο

513 3282 650 3350 Quis
681 3300 789 3340 non
820 3287 1044 3343 horret?
1091 3287 1229 3355 Quis
1261 3304 1371 3344 non
1415 3290 1569 3344 orat?
1615 3288 1750 3345 Nam
1804 3306 1944 3362 pene
1992 3301 2103 3348 tota

506 3386 652 3432 terra
682 3378 751 3432 ab
775 3376 1091 3440 Jerusalem
1113 3395 1293 3451 usque
1339 3379 1631 3447 Graeciam,
1664 3392 1718 3438 et
1754 3390 1871 3439 tota
1897 3382 2105 3443 Grmcia

506 3485 631 3523 eum
663 3470 779 3527 suis
827 3472 1143 3543 regionibus
1184 3473 1561 3544 superioribus
1589 3490 1712 3546 quae
1738 3485 1868 3532 sunt
1892 3474 2105 3548 Cappa-

506 3563 665 3619 docia
698 3565 900 3633 minor,
932 3565 1040 3621 alia
1069 3566 1268 3637 major,
1299 3565 1532 3640 Phrygia
1560 3577 1616 3625 et
1644 3568 1896 3641 Bithynia
1918 3579 1973 3625 et
2001 3569 2104 3624 mi-

504 3672 609 3711 nor
634 3653 891 3729 Phrygia,
921 3657 972 3712 id
1009 3666 1093 3714 est
1121 3657 1307 3729 Troja,
1357 3657 1612 3727 Pontum,
1646 3659 1876 3725 Calatia,
1910 3659 2100 3732 Libya,

506 3747 851 3822 Pamphylia,
901 3749 1134 3818 Isauria,
1188 3750 1352 3823 Lycia
1414 3760 1469 3807 et
1536 3752 1730 3808 insula:
1773 3752 2102 3827 principales

503 3842 694 3911 Chios,
725 3852 781 3900 et
810 3843 1060 3914 Militina,
1092 3854 1147 3902 et
1170 3845 1355 3901 multa:
1380 3845 1501 3901 alite
1526 3845 1776 3915 regiones
1803 3854 1858 3902 et
1885 3845 2098 3913 insula},

505 3952 646 4006 quas
672 3951 780 3992 non
807 3923 1055 3995 valemus
1093 3938 1258 3994 modo
1301 3953 1649 4006 enumerare,
1697 3953 1873 4009 usque
1920 3937 2098 3993 Thra-

501 4028 638 4095 cias,
671 4030 741 4085 ab
788 4030 869 4087 eis
913 4030 1028 4101 jam
1073 4031 1278 4086 invasae
1305 4040 1454 4096 sunt,
1482 4039 1536 4085 et
1563 4028 1676 4086 fere
1701 4029 1816 4099 jam
1850 4029 1989 4083 nihi-i
2016 4043 2102 4084 re-

501 4122 726 4189 mansit,
759 4122 867 4179 nisi
892 4121 1421 4193 Constantinopolis,
1453 4138 1620 4192 quam
1669 4122 1771 4192 ipsi
1820 4122 2101 4177 minantur

500 4215 767 4270 citissime
796 4215 957 4271 nobis
978 4214 1214 4283 auferre,
1239 4215 1345 4270 nisi
1367 4215 1635 4270 auxilium
1664 4213 1757 4270 Dei
1782 4223 1837 4269 ct
1859 4214 2097 4270 fidelium

499 4305 937 4381 Christianorum
967 4306 1293 4364 Latinorum
1318 4306 1576 4363 velociter
1605 4305 1935 4363 subvenerit.
1960 4305 2106 4362 Nam

498 4406 553 4452 et
580 4396 991 4468 Pmpontidem,
1021 4398 1118 4470 qui
1161 4409 1215 4454 et
1236 4398 1441 4454 Aridus
1482 4398 1706 4463 dicitur,
1746 4407 1799 4453 et
1823 4413 1890 4453 ex
1922 4396 2097 4455 Ponto

494 4492 652 4564 juxta
679 4492 928 4548 eamdem
959 4490 1495 4561 Constantinopolim
1554 4491 1609 4546 in
1660 4505 1811 4545 mare
1838 4489 2094 4561 Magnum

2204 604 2396 672 ducas,
2439 614 2493 661 et
2536 605 2679 663 sicut
2716 606 2980 663 Galiciam
3034 617 3090 664 et
3130 616 3325 665 cetera
3366 608 3761 675 Occidentmium

2205 712 2371 768 regna
2413 712 2559 754 anno
2581 699 2856 779 praeterito
2880 716 2911 757 a
2932 701 3067 773 jugo
3111 717 3449 774 paganorum
3488 704 3755 778 aliquantu-

2204 789 2319 845 lum
2342 790 2732 860 liberaverunt,
2755 792 2829 848 ita
2868 801 2923 851 et
2968 810 3119 850 nunc
3139 794 3210 851 ob
3233 796 3466 853 salutem
3490 799 3756 859 animarum

2206 898 2432 939 suarum
2457 900 2687 957 regnum
2704 885 3019 944 Grzecorum
3035 887 3271 947 liberare
3291 897 3519 956 tentent,
3536 895 3758 964 quoniam

2205 991 2324 1048 ego,
2349 979 2600 1049 quamvis
2622 978 2940 1051 imperator,
2968 981 3177 1037 nullum
3219 992 3401 1038 tamen
3446 984 3576 1040 mihi
3616 1003 3759 1045 reme-

2205 1067 2378 1136 dium,
2404 1085 2580 1142 neque
2601 1071 2858 1127 idoneum
2904 1074 3198 1129 consilium
3243 1075 3361 1131 scio
3395 1076 3647 1145 invenire,
3684 1084 3760 1137 sed

2207 1178 2423 1234 semper
2448 1180 2478 1220 a
2504 1164 2642 1222 facie
2668 1164 2977 1224 Turcorum
3001 1177 3055 1224 ct
3079 1167 3499 1225 Pinemacorum
3526 1171 3596 1241 (‘5)
3620 1171 3761 1245 fugio,

2198 1250 2262 1309 et
2283 1254 2469 1310 tandiu
2494 1255 2547 1311 in
2576 1257 2790 1330 singula
2810 1259 3033 1317 civitate
3071 1278 3288 1331 maneo,
3316 1263 3493 1320 donec
3509 1265 3761 1322 adventum

2205 1361 2396 1402 eorum
2420 1363 2587 1419 prope
2609 1351 2805 1407 sentio.
2853 1350 2919 1407 Et
2941 1353 3138 1409 melius
3160 1354 3444 1424 subjectus
3464 1370 3580 1411 esse
3599 1360 3772 1415 vestris

2207 1440 2420 1498 Latinis
2442 1443 2606 1513 cupio
2632 1460 2798 1515 quam
2821 1461 3157 1518 paganorum
3181 1448 3467 1504 delubriis.
3492 1448 3623 1521 Ergo
3638 1456 3771 1509 ante.

2207 1550 2370 1605 quam
2397 1536 2643 1606 capiatur
2664 1537 2733 1592 ab
2753 1537 2833 1594 eis
2856 1537 3383 1611 ConstantinOpolis,
3420 1550 3621 1597 certare
3662 1545 3775 1600 totis

2207 1626 2417 1682 viribus
2444 1628 2682 1683 maxime
2706 1628 2938 1697 debetis,
2963 1638 3024 1687 ut
3046 1632 3342 1704 gloriosam
3384 1643 3440 1688 et
3470 1632 3767 1689 ineffabilem

2207 1717 2513 1772 mercedem
2538 1717 2592 1772 in
2616 1718 2757 1774 cmlo
2781 1721 3084 1791 gaudentes
3101 1721 3400 1792 recipiatis.
3425 1720 3559 1778 Nam
3601 1725 3774 1779 melius

2207 1819 2373 1865 estut
2396 1825 2492 1867 vos
2531 1810 2777 1868 habeatis
2818 1811 3353 1885 Constantinopolim
3397 1831 3558 1886 quam
3581 1819 3775 1888 pagani,

2208 1900 2336 1972 quia
2365 1900 2419 1955 in
2444 1915 2508 1955 ea
2533 1900 2803 1958 habentur
2824 1903 3241 1973 pretiosissima:
3271 1905 3519 1976 reliquiae
3560 1904 3776 1973 Domini,

2205 1992 2368 2047 idest
2410 1998 2592 2049 statua
2636 1992 2704 2048 ad
2745 2010 2911 2065 quam
2953 1992 3058 2050 fuit
3103 1995 3324 2067 ligatus,
3355 1996 3619 2066 flagellum
3656 1999 3780 2051 unde

2209 2080 2313 2139 fuit
2332 2082 2655 2154 flagellatus,
2682 2083 2929 2157 chlamys
2950 2084 3207 2141 coccinea
3251 2101 3361 2156 qua
3410 2083 3512 2141 fuit
3555 2085 3785 2151 intimus,

2209 2190 2411 2231 corona
2437 2175 2625 2245 spinea
2657 2191 2766 2245 qua
2792 2173 2893 2230 fuit
2913 2184 3233 2242 coronatus,
3256 2175 3471 2230 arundo
3493 2192 3652 2246 quam
3679 2178 3787 2230 vice

2208 2266 2412 2337 sceptri
2438 2265 2694 2321 manibus
2729 2266 2872 2333 tuiit,
2900 2266 3225 2323 vestimenta
3264 2267 3470 2337 quibus
3511 2275 3636 2322 ante
3674 2282 3783 2321 eru-

2208 2373 2324 2415 cem
2350 2357 2618 2429 spoliatus
2644 2355 2775 2425 fuit,
2790 2373 2919 2429 pars
2943 2358 3181 2419 maxima
3203 2357 3336 2429 ligni
3375 2357 3557 2413 crucis
3589 2357 3646 2411 in
3688 2374 3785 2428 qua

2210 2451 2515 2508 cruciﬁxus
2542 2449 2671 2517 fuit,
2694 2450 2832 2506 clavi
2862 2451 3065 2522 quibus
3094 2450 3289 2506 aﬂixus
3333 2448 3458 2518 fuit,
3488 2450 3785 2506 linteamina

2207 2552 2335 2614 post
2360 2542 2815 2600 resurrectionem
2844 2543 2901 2603 in
2926 2544 3178 2615 sepulcro
3222 2543 3467 2609 iuventa,
3517 2543 3785 2601 duodecim

2209 2636 2431 2707 cophini
2461 2634 2890 2708 fragmentorum
2916 2636 2984 2692 de
3012 2636 3259 2708 quinque
3285 2635 3521 2706 panibus
3564 2643 3620 2692 et
3662 2635 3785 2693 duo-

2208 2729 2312 2785 bus
2341 2729 2607 2800 piscibus,
2638 2738 2804 2800 caput
2829 2745 2956 2785 cum
2985 2729 3199 2800 capillis
3240 2729 3513 2800 integrum
3554 2737 3609 2783 et
3637 2727 3789 2782 barba

2206 2822 2383 2878 sancti
2410 2821 2639 2878 Joannis
2667 2822 2945 2894 Baptistae,
2976 2821 3224 2893 reliquiae
3246 2821 3333 2877 vel
3359 2835 3591 2891 corpora
3613 2819 3791 2875 multo-

2209 2930 2331 2969 rum
2354 2914 2751 2982 innocentium,
2775 2914 3141 2986 quorumdam
3166 2914 3584 2985 prophetarum,
3606 2921 3661 2968 et
3680 2926 3793 2982 apo-

2208 3003 2499 3072 stolorum,
2546 3014 2604 3062 et-
2631 3013 3043 3079 martyrum,,et
3070 3004 3309 3060 maxime
3337 3004 3515 3060 sancti
3545 3002 3795 3075 Stephani

2209 3095 2646 3167 protomartyris,
2674 3104 2730 3151 et
2757 3094 3139 3153 conkssorum
3167 3105 3223 3151 et
3251 3094 3552 3168 virginum,
3583 3111 3704 3167 quae
3733 3094 3799 3150 ob

2209 3186 2439 3247 nimium
2468 3187 2867 3244 incrementum
2906 3187 3260 3259 singulariter
3286 3188 3530 3244 scribere
3562 3188 3793 3244 intermi-

2207 3281 2401 3337 simus.
2429 3280 2563 3348 Quae
2593 3289 2772 3336 tamen
2802 3281 2987 3336 omnia
3016 3280 3276 3352 prrodieta
3300 3280 3603 3337 Christiani
3634 3281 3803 3353 magis

2207 3390 2372 3446 quam
2404 3374 2601 3446 pagani
2649 3374 2853 3434 habere
2897 3374 3114 3439 debeat,
3142 3382 3198 3429 et
3228 3374 3515 3429 munimen
3548 3389 3793 3443 magnum

2205 3466 2308 3522 erit
2337 3467 2596 3522 omnibus
2620 3465 2974 3532 Christianis,
3006 3467 3053 3522 si
3080 3467 3198 3521 luec
3226 3467 3413 3521 omnia
3467 3466 3755 3521 habuerint
3779 3486 3795 3529 ς

2205 3560 2591 3615 detrimentum
2620 3575 2752 3616 vero
2779 3568 2834 3616 et
2853 3559 3145 3630 judicium,
3174 3558 3218 3615 si
3250 3558 3613 3629 perdiderint.
3650 3556 3795 3623 Quod

2206 3650 2253 3708 si
2280 3652 2351 3707 ob
2380 3652 2482 3708 hoc
2512 3661 2720 3708 certare
2746 3651 3039 3718 noluerint,
3069 3659 3124 3705 et
3151 3665 3347 3704 aurum
3379 3649 3561 3719 magis
3589 3662 3788 3702 amave-

2204 3742 2339 3808 rint,
2383 3741 2440 3796 in
2489 3756 2553 3796 ea
2599 3741 2722 3812 plus
2772 3740 3050 3796 invenient
3096 3755 3294 3796 aurum
3343 3754 3515 3811 quam
3587 3737 3644 3791 in
3696 3745 3799 3791 toto

2205 3832 2431 3891 mundo.
2457 3832 2594 3888 Nam
2620 3833 2722 3888 soli
2754 3832 2996 3887 thesauri
3025 3830 3383 3887 ecclesiarum
3414 3828 3805 3885 Constantino-

2203 3925 2344 3996 polis
2374 3924 2428 3979 in
2459 3933 2709 3996 argento,
2735 3940 2894 3990 auro,
2922 3922 3155 3995 gemmis
3179 3930 3235 3978 et
3253 3920 3809 3993 lapidibuszpretiosis

2202 4026 2257 4073 et
2305 4016 2503 4087 pannis
2549 4016 2775 4083 sericis,
2825 4014 2879 4070 id
2929 4022 3015 4070 est
3062 4013 3266 4085 palliis,
3291 4012 3549 4068 sufﬁcere
3598 4011 3809 4083 possint

2202 4109 2460 4167 omnibus
2507 4109 2699 4165 mundi
2744 4107 3029 4174 ecclesiis;
3075 4122 3217 4177 quos
3244 4115 3431 4161 tamen
3462 4120 3667 4160 omnes
3692 4104 3804 4159 the-

2202 4218 2397 4259 sauros
2441 4201 2892 4257 iruestimabiliter
2939 4201 3234 4256 thesaurus
3296 4200 3497 4255 matris
3542 4197 3811 4265 ecclesia,

2201 4294 2409 4353 scilicet
2439 4292 2654 4349 Sanctae
2686 4291 2925 4364 Sophia},
2958 4291 3013 4347 id
3041 4299 3128 4351 est
3176 4289 3275 4347 Dei
3305 4288 3620 4360 sapientiae,
3646 4304 3806 4359 supe-

2200 4392 2315 4449 rat,
2358 4393 2411 4439 ct
2465 4385 2673 4455 absque
2719 4384 2887 4438 dubio
2935 4384 3198 4438 thesauro
3252 4381 3439 4450 templi
3494 4379 3811 4435 Salomonis

2198 4476 2471 4548 cozequari
2505 4485 2703 4547 pctest.
2737 4474 2877 4544 Quid
2910 4476 3105 4530 iterum
3158 4472 3226 4528 de
3274 4473 3496 4527 inﬁnito
3532 4474 3809 4527 nobilium

495 4583 759 4649 decurrit,
813 4600 940 4638 cum
989 4581 1242 4639 ducemis
1288 4582 1522 4642 navibus
1569 4581 1911 4644 invaserunt,
1958 4595 2100 4651 quas
2130 4567 2175 4621 D
2201 4569 2462 4625 thesauro
2487 4568 2689 4635 dicam,
2713 4583 2837 4623 cum
2862 4568 3182 4623 thesaurum
3207 4566 3621 4636 negotiatorum
3650 4564 3809 4619 rusc—

496 4673 670 4730 Grazci
701 4675 772 4730 ab
799 4675 882 4730 eis
907 4652 1129 4744 prredati
1154 4673 1585 4738 fabricaverunt,
1614 4682 1671 4728 et
1700 4672 1962 4743 remigiis,
1995 4686 2091 4727 vc-

494 4766 598 4824 lint
624 4767 826 4836 nolint,
851 4767 1152 4833 deducunt,
1181 4774 1236 4822 et
1268 4766 1549 4821 minantur
1590 4774 1699 4820 tam
1747 4780 1844 4835 per
1894 4773 2097 4821 terram

387 4920 398 4933 ,
496 4877 665 4932 quam
701 4876 798 4930 per
829 4860 1077 4915 eamdtm
1108 4857 1496 4929 Propontidem
1533 4856 2091 4926 ConstantinOpolim,

495 4962 556 5008 ut
581 4951 846 5018 diximus,
883 4950 1144 5006 velociter
1171 4964 1393 5020 capere.
1438 4947 1564 5002 llaec
1610 4963 1785 5018 pauca
1832 4948 1899 5002 de
1926 4947 2092 5005 inmi-

492 5043 852 5111 rnerabilibus
904 5041 1063 5098 malis
1083 5083 1100 5109 ,
1152 5056 1277 5113 quae
1305 5041 1421 5096 haec
1453 5039 1781 5110 impiissima
1814 5054 1948 5115 gens
1982 5039 2094 5109 agit

490 5136 734 5192 diximus
781 5142 839 5190 et
885 5133 1213 5205 scripsimus
1253 5133 1377 5199 tibi,
1406 5147 1596 5189 comes
1646 5130 2089 5197 Flandrensium,

491 5227 821 5284 Christiana:
849 5226 975 5282 fidei
1005 5234 1242 5283 amator.
1279 5224 1491 5283 Ctetcra
1522 5240 1650 5280 vero
1684 5224 1756 5281 ab
1806 5222 2087 5284 fastidium

492 5317 789 5390 legentium
816 5318 1182 5374 dimittamus.

563 5407 732 5480 Igitur
762 5425 862 5481 pro
891 5410 987 5467 Dei
1016 5410 1239 5467 nomine
1270 5418 1324 5465 et
1365 5424 1464 5480 pro
1493 5407 1741 5464 omnium
1783 5406 2087 5463 "raeorum

490 5499 928 5557 Christianorum
951 5502 1152 5573 pietate
1176 5515 1458 5573 rogamus,
1484 5508 1546 5555 ut
1567 5512 1925 5571 quoscunque
1957 5497 2090 5553 tide-

488 5592 589 5659 les,
617 5592 822 5650 Christi
853 5594 1170 5662 bellatores,
1199 5604 1308 5651 tam
1337 5594 1575 5666 majores
1620 5607 1785 5663 quam
1821 5591 2090 5658 minores,

488 5697 612 5742 eum
657 5688 1026 5745 mediocribus
1042 5687 1108 5743 in
1138 5695 1281 5744 terra
1323 5698 1416 5743 tua
1458 5687 1746 5758 acquirere
1772 5683 1974 5755 poteris
2018 5683 2088 5739 ad

568 5868 649 5941 (Ii)
687 5869 796 5938 AL,
832 5869 1261 5925 l’iuciuatorum.

2195 4674 2389 4717 eorum
2447 4675 2610 4716 nemo
2659 4659 2932 4716 aestimare
2980 4656 3196 4729 possit?
3242 4655 3389 4723 Quid
3437 4656 3734 4712 invenitur
3762 4658 3811 4709 iu

2194 4752 2596 4823 praeteritorum
2620 4752 3010 4822 imperatorum
3038 4749 3347 4806 thesauris?
3372 4747 3482 4802 Pro
3502 4758 3671 4803 certo
3693 4750 3812 4807 diem

2198 4862 2307 4900 non
2334 4846 2439 4903 erit
2467 4846 2651 4916 lingua
2679 4860 2801 4915 qua:
2829 4844 2979 4898 illum
3013 4843 3245 4897 recitare
3283 4841 3501 4907 valeat;
3534 4843 3814 4912 quoniam

2196 4951 2304 4995 non
2334 4936 2511 4991 solum
2535 4935 3268 5008 Constantinopoli!auorum
3302 4933 3721 5003 imperatorum
3744 4934 3815 4987 ἱιιὶ

2195 5027 2489 5083 thesaurus
2519 5028 2771 5092 habetur,
2802 5026 2894 5082 sed
2924 5027 3088 5081 etiam
3140 5024 3390 5082 ornnium
3437 5023 3819 5095 antiquorum

2196 5117 2570 5175 Romanorum
2622 5121 3014 5189 imperatorum
3063 5118 3359 5172 thesaurus
3403 5115 3478 5170 ibi
3505 5126 3607 5170 est
3637 5126 3821 5172 trans-

2195 5211 2359 5277 latus,
2391 5220 2446 5266 et
2477 5212 2528 5265 in
2571 5211 2787 5283 palatiis
2818 5210 3193 5265 absconditus.
3240 5206 3391 5275 Quid
3428 5208 3694 5278 amplius
3742 5212 3821 5263 di-

2193 5306 2359 5359 cam?
2402 5303 2559 5371 Quod
2591 5313 2738 5359 certe
2787 5312 2933 5374 patet
2983 5301 3158 5356 oeulis
3204 5299 3521 5364 hominum,
3553 5299 3710 5353 nihil
3740 5288 3825 5354 rst‘

2194 5405 2460 5467 quantum
2491 5396 2558 5451 ad
2601 5395 2734 5451 illud
2781 5393 3183 5475 absconditum.
3236 5389 3460 5447 Currite
3494 5407 3659 5464 ergo
3694 5411 3825 5449 eum

2190 5497 2304 5546 tota
2333 5496 2490 5559 gente
2517 5497 2714 5554 vestra,
2742 5497 2795 5543 ct
2822 5487 3075 5547 erunibus
3104 5484 3302 5540 vestris
3323 5483 3545 5538 viribus
3579 5496 3821 5553 certate,

2192 5593 2261 5634 nc
2289 5577 2412 5634 talis
2440 5576 2732 5633 thesaurus
2759 5577 2812 5631 in
2845 5575 3100 5631 manibus
3126 5573 3436 5629 Turcorum
3463 5585 3520 5628 et
3543 5571 3825 5631 Pinciua-

2193 5679 2372 5725 torum
2405 5670 2583 5736 radat,
2612 5669 2741 5740 quia
2775 5684 2900 5725 cum
2938 5667 3048 5722 sint
3089 5666 3326 5733 intinita,
3358 5665 3546 5724 adhuc
3584 5685 3661 5724 ιι
3696 5670 3825 5724 mil-
