3808 6306
50 358 150 414 ιω

845 346 1148 410 ANSELMI
1187 347 1282 404 DE
1319 345 1623 403 RIBODIM.
1659 345 1882 402 EPIST.
1921 346 2030 402 AD.
2075 344 2472 401 MANASSEM.

3205 329 3327 401 ιη

50 468 112 524 lia
136 470 520 536 exspectantur
547 460 807 534 quotidie,
831 472 888 516 et
910 461 1078 516 timeo
1103 475 1170 515 ne
1194 475 1289 531 per
1319 459 1468 514 illum
1492 459 1612 514 the-
1647 467 1691 524 Α
1721 471 1966 516 acturus.
2013 459 2172 530 Agite
2222 471 2354 528 ergo
2391 456 2520 512 dum
2555 463 2772 524 tempus
2797 453 3032 520 habetis,
3061 470 3128 509 ne
3156 453 3326 509 (Ἀπία-

47 572 248 615 taurum
276 555 540 626 paulatim
591 564 807 609 nostros
845 554 1110 608 seducant
1137 553 1366 622 cupidos
1383 551 1618 618 ~militcs,

1727 553 2030 608 stianorum
2060 565 2308 621 regnum,
2335 557 2412 615 ct,
2441 547 2588 618 quod
2617 547 2797 618 majus
2825 555 2928 612 est,
2953 545 3167 602 Domini
3201 561 3319 616 per-

47 647 485 718 qucmadmodunt
516 646 696 702 Julius
720 647 906 702 Caesar
933 646 1062 702 olim
1091 644 1240 708 fecit.
1273 645 1367 716 qui
1389 661 1619 717 regnum
1727 644 1868 700 datis
1897 643 2231 715 sepulcrum,
2262 652 2315 698 et
2343 641 2469 696 inde
2517 656 2626 696 non
2654 637 2946 711 judicium,
2985 639 3079 695 sed
3109 653 3317 694 mercc-

47 742 358 796 Francorum
412 740 716 810 cupiditate
765 739 986 807 invasit,
1035 748 1087 795 et
1131 739 1410 810 quomodo
1453 738 1614 794 Anti-

46 832 262 888 christus
288 841 562 902 capturus
589 840 760 886 totum
791 831 1055 887 mundum
1103 831 1158 886 in
1189 831 1298 887 ﬁne
1322 831 1511 886 mundi
1541 839 1628 886 est

1728 735 1853 793 dem
1883 733 2129 792 habeatis
2158 733 2213 788 in
2243 732 2464 790 coelum.
2492 731 2686 788 Amen.

56 935 3280 987 Μ

479 1077 1445 1196 PATBIARCHIE
1529 1070 2882 1192 HIEROSOLYMITANI

1200 1277 1290 1335 ΕΤ
1329 1275 1644 1335 ALIORUM
1686 1273 2170 1332 EPISCOPORUM

780 1409 1367 1504 EPISTOLA
1433 1409 1592 1498 AD
1655 1403 2589 1500 OCCIDENTALES.

148 1567 522 1648 Signiﬁcant
561 1564 898 1628 victoriam
924 1583 963 1625 a
991 1561 1260 1646 paganis
1294 1567 1719 1641 reportatum,
1751 1565 2099 1641 petuntque
2135 1574 2331 1619 novas
2369 1554 2672 1618 adversus
2712 1575 2812 1619 eos
2854 1557 3198 1638 suppetias.

1453 1705 1667 1785 (Anno
1699 1704 1906 1787 1097.)

856 1855 1134 1930 [Mauram
1170 1853 1430 1914 Thesanr.
1463 1851 1688 1920 Anecd.,
1716 1850 1758 1917 I,
1793 1849 1921 1917 271,
1944 1865 2009 1906 ex
2037 1865 2141 1906 ms.
2170 1847 2227 1904 S.
2267 1847 2524 1921 Ebrulti.]

1450 1972 1914 1988 m

105 2099 598 2173 lerosolymitanus
623 2097 954 2169 patriarcha,
979 2105 1033 2153 et
1055 2097 1321 2168 episcopi,
1340 2105 1450 2152 tam
1466 2095 1640 2152 Graeci
1673 2101 1716 2156 Β
1741 2113 1888 2166 mus,
1935 2104 2218 2166 materque
2255 2104 2444 2151 nostra
2483 2095 2785 2167 spiritualis
2833 2093 3034 2150 clamat
3063 2112 3075 2148 :
3115 2091 3328 2157 Venite,

47 2205 186 2264 quam
209 2188 414 2258 Latini,
441 2188 820 2258 universaque
847 2187 1041 2242 militia
1088 2185 1329 2252 Domini,
1361 2183 1637 2242 Occiden-

49 2281 124 2348 tali
150 2279 398 2338 Ecclesia:
424 2279 780 2336 consertium
819 2278 1060 2336 caelestis
1097 2275 1424 2344 Jerusalem,
1457 2285 1513 2334 et
1553 2276 1638 2334 sui

49 2371 220 2432 laboris
242 2371 454 2443 prmmii
481 2371 826 2443 portionem.

103 2463 362 2531 Quoniam
415 2463 690 2520 Ecclesiae
733 2464 1073 2520 incremento
1122 2461 1357 2535 gaudere
1408 2476 1506 2518 vos
1527 2477 1638 2516 non

50 2564 354 2630 lgnoramus,
400 2567 458 2614 et
502 2557 780 2614 sollicitos
820 2557 886 2613 ad
929 2556 1223 2624 audienda,
1270 2564 1381 2611 tam
1412 2555 1639 2610 adversa

51 2665 188 2719 quam
219 2665 514 2721 prospera,
564 2651 861 2719 credimus,
904 2648 1274 2720 ampliationis
1314 2648 1644 2720 prosperita-

53 2749 140 2795 tem
167 2742 242 2798 sic
269 2743 658 2799 notiticamus.
698 2742 1014 2798 lnnotescat
1055 2742 1224 2816 igitur
1260 2742 1518 2798 charitati
1544 2757 1642 2799 ve-

57 2843 160 2888 stra:
183 2834 350 2890 Deum
378 2835 438 2890 in
465 2851 533 2890 ιι
561 2835 957 2906 principalibus
997 2833 1314 2891 civitatibus
1332 2876 1347 2902 ,
1375 2841 1431 2890 et
1463 2833 1517 2888 in
1539 2833 1643 2889 du-

57 2925 202 2982 centis
222 2928 420 2984 castris
449 2943 585 2985 sua}
603 2926 864 2984 Ecclesia:
888 2927 1281 2998 triumphasse,
1309 2935 1420 2983 tam
1444 2928 1500 2982 in
1531 2925 1642 2984 Ilo-

59 3019 212 3075 mnia
237 3015 402 3092 quam
426 3023 485 3078 in
525 3021 706 3095 Syria,
751 3030 808 3078 et
850 3036 953 3078 nos
979 3021 1160 3078 adhuc
1179 3020 1383 3076 habere
1412 3020 1480 3076 de
1509 3019 1642 3074 lori-

59 3109 172 3164 catis
201 3119 394 3182 praeter
437 3113 649 3184 vulgus
694 3123 914 3171 centum
959 3112 1149 3180 millia,
1187 3111 1408 3169 amissis
1459 3121 1641 3169 tamen

62 3200 218 3258 multis
239 3203 290 3258 in
310 3204 516 3274 primis
533 3205 763 3275 prtuliis;
793 3207 888 3262 sed
917 3205 1050 3278 quid
1080 3205 1230 3261 hanc?
1263 3203 1395 3276 quid
1417 3220 1563 3261 unus
1584 3206 1642 3261 in

63 3292 213 3348 mille?
241 3294 339 3351 Ubi
369 3313 478 3354 nos
507 3297 782 3355 habemus
803 3299 1082 3366 comitem,
1129 3297 1316 3353 hostes
1355 3313 1412 3352 xi
1445 3312 1600 3368 reges
1622 3336 1638 3368 ε

64 3381 137 3436 ubi
156 3399 247 3440 nos
273 3395 549 3456 turmam,
586 3389 771 3444 hostes
792 3389 1095 3460 legionem;
1126 3387 1222 3444 ubi
1250 3403 1354 3443 nos
1388 3362 1639 3455 militem:

65 3468 146 3538 ipsi
170 3472 385 3544 ducem;
413 3476 520 3532 ubi
543 3477 802 3548 peditem,
843 3479 945 3549 ipsi
977 3492 1198 3550 quoque
1225 3477 1514 3545 comitem;
1548 3479 1642 3535 ubi

66 3573 147 3616 nos
175 3572 430 3634 castrum,
458 3567 576 3637 ipsi
605 3583 855 3639 regnum.
894 3567 1006 3626 Nos
1043 3578 1250 3637 autem,
1292 3583 1403 3625 non
1444 3568 1642 3626 conﬁsi

67 3651 400 3724 multitudine,
440 3673 554 3714 nec
575 3659 807 3727 viribus,
829 3675 936 3716 nec
969 3660 1398 3732 praesumptione
1432 3659 1639 3731 aliqua,

68 3743 142 3838 sed
169 3745 344 3838 clypeo
381 3750 620 3822 Christi,
659 3763 713 3810 et
751 3755 967 3827 justitia
1007 3756 1262 3838 protecti,
1317 3757 1550 3828 Georgio
1588 3766 1645 3814 et

70 3829 341 3907 Theodoro,
384 3850 440 3898 et
487 3840 790 3913 Demetrio,
833 3854 891 3901 et
928 3846 1088 3902 beato
1121 3829 1346 3917 Basilio,
1377 3847 1644 3906 militibus

68 3920 239 3982 Christi
257 3945 381 3989 vere
403 3949 516 3990 nos
539 3936 953 4006 comitantibus,
976 3939 1218 3996 hostium
1239 3955 1442 3998 cuneos
1465 3943 1645 3998 securi

72 4023 440 4105 penetravimus
472 4034 535 4081 ct
565 4036 917 4098 penelramus
941 4073 956 4100 ,
983 4039 1039 4088 et
1061 4032 1117 4086 in
1147 4033 1390 4104 quinque
1413 4050 1642 4105 genera-

73 4101 192 4162 libus
239 4109 392 4170 bellis
435 4119 867 4189 campestribus,
920 4119 1032 4177 Deo
1077 4101 1351 4190 vincente,
1387 4101 1639 4179 vicimus.

76 4192 161 4299 SOI!
180 4203 298 4299 quid
324 4206 527 4276 plura?
545 4206 626 4264 Ex
647 4219 802 4280 parte
827 4209 921 4266 Dei
943 4220 996 4267 et
1022 4219 1237 4280 nostra,
1257 4213 1562 4284 patriarcha
1591 4223 1642 4269 et

75 4296 302 4366 elliscopi,
341 4300 639 4372 omnisque
668 4305 804 4360 ordo
837 4303 1056 4363 Domini
1099 4306 1466 4377 praecipiendo
1514 4323 1637 4364 ora-

1739 2189 1834 2245 filii
1859 2189 1968 2246 mei
1991 2187 2355 2256 dilectissimi,
2385 2186 2565 2243 venite
2605 2185 2673 2241 ad
2705 2200 2822 2253 me;
2874 2184 3135 2254 suscipite
3171 2197 3332 2238 coro-

1740 2299 1867 2341 nam
1895 2285 1962 2340 ab
1985 2282 2394 2354 insurgentibus
2418 2281 2471 2335 in
2507 2296 2592 2336 me
2615 2277 2934 2336 idololatria:
2959 2277 3106 2344 ﬁliis,
3133 2276 3201 2331 ab
3227 2274 3334 2330 ini-

1741 2379 1818 2434 tio
1847 2378 2034 2433 mundi
2059 2377 2210 2433 vobis
2225 2375 2685 2448 praedestinatum.
2705 2371 2897 2428 Venite
2910 2387 3062 2443 ergo,
3087 2384 3330 2436 oramus,

1740 2470 2033 2527 militatum
2071 2468 2129 2524 in
2175 2466 2372 2524 militia
2393 2464 2633 2533 Domini,
2675 2463 2745 2520 ad
2775 2461 3028 2518 eumdem
3070 2461 3251 2516 locum
3277 2459 3334 2514 in

1741 2580 1851 2638 quo
1885 2563 2150 2620 Dominus
2190 2557 2462 2625 militavit,
2501 2558 2558 2612 in
2603 2571 2716 2627 quo
2743 2554 3003 2610 Christus
3029 2567 3227 2624 passus
3253 2561 3337 2608 est

1740 2672 1844 2729 pro
1862 2655 2036 2722 vobis,
2059 2653 2378 2722 relinquens
2401 2649 2556 2706 vobis
2575 2647 2906 2718 exemplum,
2937 2651 3002 2702 ut
3030 2643 3338 2714 sequamini

1739 2748 1969 2820 vestigia
1991 2746 2132 2817 ejus.
2173 2742 2430 2815 Nunquid
2455 2755 2567 2798 non
2589 2739 2736 2796 Deus
2758 2739 3022 2794 innocens
3049 2753 3150 2808 pro
3178 2735 3335 2792 vobis

1741 2846 1991 2896 mortuus
2013 2836 2129 2892 est?
2159 2832 2460 2890 Moriamur
2479 2845 2612 2904 ergo
2633 2838 2688 2886 et
2713 2843 2838 2898 nos,
2867 2843 2978 2884 non
3001 2842 3100 2898 pro
3128 2841 3214 2892 co,
3242 2825 3338 2882 sed

1740 2946 1841 3003 pro
1868 2929 2049 2997 nobis,
2071 2935 2135 2984 ut
2155 2925 2439 2982 moriendo
2456 2923 2684 2991 mundo,
2707 2920 2960 2982 vivamus
2975 2917 3106 2974 Deo.
3133 2916 3338 2980 Tantm

1743 3041 1854 3081 non
1885 3029 2102 3095 oportet
2131 3034 2233 3076 nos
2262 3016 2434 3084 mori,
2471 3031 2576 3073 nec
2611 3013 2847 3070 multum
2882 3023 3145 3082 pugnare.
3180 3005 3341 3073 Quoi

1741 3117 1888 3174 enim
1918 3115 2021 3170 fuit
2043 3113 2266 3187 gravius
2293 3109 2680 3174 sustinuimus,
2707 3119 2901 3161 verum
2931 3109 3112 3159 castra
3146 3099 3340 3155 civita-

1745 3218 1936 3280 tesque
1956 3205 2251 3263 retinendae
2267 3218 2301 3258 a
2325 3201 2485 3258 nobis
2509 3199 2742 3258 multum
2767 3195 3165 3255 imminuerunt
3185 3205 3341 3247 exer-

1745 3303 1935 3358 citum.
1974 3299 2167 3356 Venite
2193 3310 2357 3369 ergo,
2379 3293 2634 3352 festinate
2671 3287 2896 3366 praemio
2925 3281 3336 3342 remunerandi.

1745 3393 1886 3450 Ecce
1918 3393 2093 3448 nostri
2128 3388 2414 3462 sanguinis
2447 3383 2717 3441 effusione
2755 3380 2996 3451 undique
3040 3377 3170 3442 vim;
3205 3373 3348 3429 nihil‘

1743 3483 2027 3538 vobiscum
2050 3479 2314 3546 aﬂeratis,
2335 3475 2443 3533 nisi
2473 3491 2595 3546 quae
2617 3472 2891 3545 pertinent
2914 3482 3088 3538 usque
3110 3465 3180 3520 ad
3214 3479 3338 3518 nos.

1748 3574 1864 3630 Viri
1899 3583 2111 3630 tantum
2141 3570 2384 3637 veniant,
2414 3567 2632 3624 femina:
2657 3564 2838 3621 adhuc
2863 3561 3226 3616 dimittantur.
3265 3553 3344 3609 De

1748 3667 1991 3724 domoin
2025 3680 2134 3737 qua
2173 3663 2283 3719 duo
2327 3668 2477 3727 sunt,
2521 3673 2666 3713 unus
2710 3654 2894 3710 veniat
2925 3649 3228 3721 expeditior
3271 3647 3341 3700 ad

1749 3759 1971 3826 bellum,
2023 3736 2079 3813 et
2123 3753 2358 3810 maxime
2386 3749 2480 3822 qui
2506 3758 2631 3804 vota
2660 3745 2934 3810 fecerunt;
2959 3739 3066 3797 nisi
3099 3736 3338 3801 veniant,

1749 3858 1808 3906 ct
1830 3857 1957 3906 vota
1997 3845 2330 3919 persolvant,
2359 3837 2922 3900 excommunicamus,
2953 3842 3007 3888 et
3030 3848 3062 3886 a
3089 3843 3342 3885 commu-

1752 3943 1918 3998 niune
1944 3955 2041 3996 eos
2065 3936 2326 3994 Ecclesiae
2353 3946 2722 3992 removcmus.
2760 3925 3100 3990 Patriarcha,
3130 3929 3185 3976 et
3211 3933 3342 3989 apo-

1751 4036 1997 4101 stolicus,
2028 4040 2082 4088 et
2111 4029 2370 4102 episcopi,
2417 4034 2471 4083 et
2506 4040 2602 4082 vos
2635 4023 2780 4080 idem
2825 4019 3020 4087 facite,
3049 4013 3196 4090 quod
3243 4025 3344 4065 nec

1750 4127 1892 4196 apud
1920 4141 2019 4181 vos
2036 4125 2370 4196 sepulturam
2392 4115 2768 4186 habeant,nisi
2795 4121 3000 4170 certam
3021 4103 3343 4165 remanendi

1748 4235 1971 4276 causam
1993 4217 2248 4274 habeant.
2273 4213 2490 4270 Valete.

100 4389 3318 4442 Wa

715 4537 1338 4655 ANSELMI
1421 4539 1605 4653 DE
1696 4521 2675 4653 RIBODIMONTF

1377 4753 2010 4860 EPISTOLA

914 4945 1006 5000 AD
1041 4943 1422 5002 MANASSEM
1457 4942 2069 5004 ARCHIEPISCOPUM
2108 4935 2490 4996 REMENSEM

1116 5083 1206 5146 De
1235 5083 1636 5166 expeditione
1663 5077 2271 5161 Hierosolymitana.

1528 5209 1854 5227 _—-—

1340 5259 2074 5384 MON'ITUM.

1033 5457 1296 5530 (Histoire
1315 5457 1580 5513 littéraire
1603 5455 1666 5510 de
1691 5454 1746 5509 la
1777 5452 2005 5518 France,
2037 5449 2170 5517 VIII,
2199 5447 2347 5519 496).

173 5684 423 5765 Anselmc,
443 5701 619 5750 comte
646 5694 712 5749 de
735 5694 1024 5749 ltihemont
1045 5703 1099 5749 et
1125 5693 1468 5765 scigneurde
1485 5692 1767 5765 plusieurs
1796 5694 1980 5743 autres
2002 5693 2198 5765 terres,
2375 5696 2555 5737 connu
2581 5697 2682 5765 par
2703 5683 3030 5765 scsgpieuses
3053 5677 3347 5765 libet-alites

115 5764 279 5814 enters
303 5761 373 5817 lcs
399 5750 608 5837 egliscs,
633 5775 686 5821 et
710 5781 808 5836 par
827 5781 895 5821 sa
917 5766 1104 5822 valeur
1131 5750 1559 5822 cxﬁ'aordinairc
1601 5763 1630 5817 ξι
1663 5763 1711 5818 la
1741 5773 1933 5833 guerre
1955 5757 2148 5826 sainte,
2175 5750 2369 5811 mérite
2393 5750 2599 5810 encorc'
2630 5755 2696 5810 de
2732 5750 2881 5812 l‘ét‘re
2909 5761 3064 5810 entre
3097 5751 3176 5809 les
3203 5750 3344 5806 deri-
