3838 6306
139 353 218 409 ω

141 465 295 520 lamus;
319 466 401 508 nec
426 449 584 504 solum
636 461 668 500 a
721 443 883 510 vobis,
916 443 1010 499 sed
1039 443 1203 498 etiam
1241 443 1312 498 ab
1342 441 1602 498 omnibus
1628 447 1675 505 Α

134 559 283 610 sancta:
318 541 481 599 matris
527 537 779 593 Ecclesia:
826 533 1110 592 Rcmensis
1137 535 1286 602 filiis,
1319 535 1376 591 in
1398 535 1600 607 quibus

135 658 229 700 sane
262 636 509 694 maximam
555 629 806 686 fiduciam
836 627 1118 684 habemus.
1145 626 1284 696 Quia
1306 627 1471 684 etiam
1501 628 1603 684 do-

128 735 264 789 minus
279 733 438 783 noster
456 721 598 785 estis,
613 728 670 775 et
696 718 855 775 totius
883 717 1035 790 regni
1060 717 1397 774 Francorum
1424 718 1604 773 maxi-

128 840 189 878 me
209 837 232 876 a
250 818 377 872 vobis
401 813 580 885 pendet
604 811 922 878 consilium;
954 811 1316 867 'notificamus
1356 811 1600 882 paterni-

125 914 192 970 tati
211 917 368 966 vestra:
405 906 572 976 aliqua
595 904 663 958 de
695 903 778 960 his
823 902 1100 974 prosperis
1130 910 1184 958 et
1214 902 1459 959 adversis
1479 919 1604 976 quae

57 1057 65 1066 .
122 1007 236 1061 nobis
257 1009 534 1059 evenerunt.
561 998 782 1053 Caeteris
818 1010 948 1052 vero
990 1011 1089 1066 per
1117 1011 1216 1051 vos
1259 995 1602 1065 notiﬂcetur;

120 1108 159 1151 ut
185 1094 351 1166 pariter
389 1092 438 1145 in
485 1090 723 1144 adversis
768 1088 926 1144 nobis
965 1087 1400 1160 compatiamini,
1442 1098 1497 1144 et
1545 1087 1604 1144 in

117 1183 328 1256 pxosperis
349 1181 612 1235 nobiscum
647 1179 950 1250 gaudeatis.

162 1271 480 1328 Mandavimus
528 1270 683 1325 vobis
737 1269 1053 1324 obsidentes
1113 1279 1278 1340 atque
1326 1269 1604 1340 capientes

111 1367 305 1429 Niaeam,
322 1373 372 1419 et
390 1362 508 1417 inde
529 1361 862 1427 recedentes,
890 1369 1063 1416 totam
1093 1359 1415 1416 Romaniam
1441 1369 1606 1431 atque

109 1456 353 1513 Armeniam
399 1463 741 1526 peragrantes
796 1443 1080 1525 quomodo
1127 1469 1230 1509 nos
1287 1452 1606 1508 habuimus.

106 1547 220 1604 Nunc
248 1556 404 1602 autem
432 1553 598 1601 restat
638 1554 702 1600 ut
752 1545 820 1601 de
861 1544 1147 1601 obsidione
1174 1545 1500 1612 Antiochim,
1537 1543 1608 1600 de

108 1639 375 1696 multimodis
413 1638 664 1713 periculis
709 1638 820 1694 illic
848 1637 1171 1709 praelibatis,
1210 1637 1276 1692 de
1304 1637 1607 1694 innumeris

104 1734 252 1805 pretiis
269 1743 438 1789 contra
481 1747 660 1803 regem
714 1731 973 1802 Galapim,
1016 1739 1209 1787 contra
1252 1729 1605 1799 Damascum,

104 1837 241 1883 contra
266 1826 398 1881 illum
421 1825 484 1880 ad
512 1825 766 1880 ultimum
817 1822 1372 1897 Hicrosolymitanum
1411 1838 1607 1895 perpe-
1641 1807 1683 1862 Β

103 1921 235 1986 uatis,
261 1919 640 1990 aliquantulum
667 1918 977 1988 loquamur.

148 2011 342 2068 Obsessa
381 2011 659 2084 estigitur
699 2009 989 2067 Antiochia
1025 2009 1095 2064 ab
1118 2007 1360 2065 exercitu
1391 2006 1610 2064 Domini

100 2105 218 2160 nimis
242 2105 451 2160 viriliter
474 2113 530 2160 et
572 2103 838 2161 audacius
867 2119 1034 2175 quam
1065 2103 1174 2160 dici
1197 2111 1398 2174 potest.
1430 2101 1616 2170 Quam,

100 2198 310 2254 inauditos
351 2196 637 2253 conﬂictus
678 2197 753 2252 ibi
783 2197 848 2252 ad
890 2197 1185 2268 quamdam
1215 2194 1610 2251 occidentalem

95 2301 252 2359 portam
289 2293 563 2346 cerneres!
616 2290 792 2358 Quam
847 2291 1173 2346 mirabiliter
1221 2291 1346 2352 illos
1376 2305 1473 2360 per
1515 2305 1612 2346 sex

95 2390 230 2450 portas
264 2384 599 2453 prosilientcs
657 2383 923 2453 quntidie,
968 2383 1014 2438 si
1065 2397 1308 2454 praesens
1363 2381 1610 2457 adesses.

91 2475 276 2531 rideres!
299 2474 570 2547 Utrisque,
602 2476 713 2530 illis
737 2475 985 2530 videlicet
1001 2483 1059 2530 et
1081 2474 1310 2540 nostris,
1333 2488 1432 2545 pro
1454 2473 1614 2528 liber-

95 2574 172 2621 tate
191 2576 233 2622 et
256 2568 353 2622 vita
380 2568 749 2624 certantibus.
779 2565 837 2622 in
868 2567 975 2622 illis
1018 2566 1212 2622 diebus
1250 2566 1424 2622 nostri
1455 2565 1610 2636 prin—

90 2657 212 2725 εἰμες,
239 2659 502 2730 cupientes
530 2659 814 2714 civitatem
845 2659 1020 2730 magis
1049 2673 1114 2714 ac
1161 2657 1335 2728 magis
1373 2665 1609 2722 arctare,

91 2749 342 2804 orientalem
363 2759 576 2820 portam
615 2761 749 2806 tunc
772 2750 1010 2822 primunt
1040 2750 1392 2817 ohscdimus;
1419 2748 1615 2805 castel-

90 2839 205 2908 lique
225 2840 286 2894 ibi
309 2840 546 2909 ﬁrmato,
579 2841 938 2897 Boainundus
966 2841 1020 2896 in
1052 2841 1146 2896 illo
1185 2841 1372 2911 posuit
1398 2849 1610 2911 partem

92 2931 147 2982 sui
166 2932 422 2988 exercitus.
467 2932 826 3004 Principibus
863 2942 1046 2989 autem
1081 2933 1286 2990 nostris
1317 2943 1448 2990 tunc
1475 2944 1614 2989 tem-

89 3025 194 3093 roris
213 3026 606 3098 aliquantulum
655 3027 1162 3092 intumescentibus,
1200 3025 1367 3095 Deus,
1394 3026 1488 3098 qui
1512 3025 1613 3082 ﬂa-

89 3118 205 3184 gellat
227 3133 425 3175 omnem
455 3120 639 3178 filium
665 3135 828 3190 quem
869 3119 1066 3189 diligit,
1092 3119 1229 3175 adeo
1249 3133 1352 3175 nos
1375 3119 1612 3190 castiga-
1636 3155 1684 3220 ο

88 3210 153 3276 rit,
174 3220 221 3266 ut
240 3212 318 3266 vix
361 3213 754 3268 invenirentur
783 3227 878 3267 nec
919 3210 1132 3282 equites
1157 3211 1214 3266 in
1234 3218 1428 3268 nostro
1450 3224 1611 3266 excr-

88 3300 235 3366 citu,et
257 3319 356 3358 non
378 3303 502 3359 ideo
524 3303 665 3374 quia
689 3301 940 3358 homines
959 3301 1113 3372 probi
1130 3310 1186 3357 et
1199 3301 1438 3358 audaces
1455 3300 1614 3358 nobis

86 3393 398 3462 deessent,sed
423 3397 557 3469 quia
575 3395 734 3466 equi,
763 3404 856 3450 aut
881 3394 1063 3464 inopia
1090 3395 1285 3461 vietus,
1301 3403 1397 3450 aut
1417 3395 1616 3450 nimie-

87 3495 162 3541 tate
180 3487 394 3559 frigoris,
419 3488 536 3544 fere
569 3501 768 3542 omnes
791 3487 1086 3557 perierunt.
1113 3486 1277 3544 Turci
1304 3502 1435 3544 vero
1455 3488 1614 3558 equis

85 3586 121 3628 et
152 3579 373 3636 erunibus
413 3579 760 3636 necessariis
807 3579 1147 3636 abundantes
1196 3587 1377 3634 castra
1424 3587 1614 3634 nostra

85 3670 268 3734 quotidie
288 3672 620 3738 circuibant.,
671 3671 836 3725 ﬂuvio
873 3673 1110 3742 quodam
1143 3671 1490 3742 interposito,
1519 3671 1615 3742 qui

83 3771 153 3826 pro
188 3775 326 3816 muro
378 3763 546 3818 nobis
608 3762 935 3817 habebatur.
997 3763 1200 3817 Aberat
1240 3773 1295 3817 et
1329 3763 1612 3818 castellum

83 3846 327 3907 Turcorum
375 3853 494 3910 fere
545 3870 656 3908 vm
703 3853 974 3920 millibus;
1018 3855 1112 3925 qui
1165 3854 1530 3926 ingredientes
1563 3865 1618 3911 et

81 3943 376 4012 egredientes,
405 3944 475 4001 de
503 3955 706 4001 nostro
729 3945 970 4000 exercitu
1003 3947 1249 4016 quotidie
1271 3946 1614 4003 occidebant.

79 4031 232 4089 Contra
255 4052 388 4106 quos
412 4026 598 4093 nostri
627 4038 908 4108 principes
929 4047 1215 4105 exeuntes,
1231 4038 1343 4094 Deo
1369 4039 1622 4109 adiutore

79 4122 166 4179 illos
189 4126 234 4180 in
259 4126 438 4201 fugam
471 4138 792 4195 verterunt,
846 4139 901 4185 et
948 4132 1150 4186 multos
1188 4147 1380 4187 eorum
1410 4132 1620 4188 occide-

79 4227 184 4270 runt.
198 4216 387 4277 Videris
402 4237 543 4293 ergo
569 4221 968 4278 Antiochensis
986 4238 1044 4279 se
1060 4223 1272 4290 laesum,
1290 4223 1616 4280 Damascum

79 4305 115 4359 in
133 4311 364 4368 auxilium
392 4315 724 4382 advocavit;
754 4316 872 4386 qui,
914 4316 1256 4387 providentia
1306 4316 1424 4383 Dei,
1474 4317 1616 4372 Boa-

75 4403 285 4460 mundum
313 4419 365 4464 et
394 4408 804 4464 Flandrensem
837 4411 1116 4476 comitem,
1145 4409 1239 4481 qui
1265 4411 1332 4465 ad
1365 4427 1618 4482 quatren-

857 332 1154 390 ANSELMI
1196 330 1284 387 DE
1322 331 1633 388 RIBODIM.
1670 330 1889 387 EPIST.
1929 330 2020 386 AD
2056 327 2450 387 MANASSEH.

3177 334 3285 390 475

1706 449 1760 498 ct
1810 442 2034 498 herbam
2061 441 2387 510 auferebat,
2446 440 2778 498 obsiderent.
2825 442 3118 501 Communi
3153 462 3287 502 vero

1702 532 1934 588 consilio
1961 532 2316 591 Boamundus
2337 543 2392 590 et
2419 549 2605 590 comes
2628 533 2812 590 Sancti
2844 534 3043 608 Egidii
3065 548 3284 609 portum

1701 624 1978 691 adierunt,
2011 625 2134 682 illos
2159 627 2428 683 addicturi
2452 627 2518 700 [Ῑ.
2552 627 2781 700 adituri]
2825 629 2920 699 qui
2962 629 3074 686 illic
3101 645 3287 688 mora-
3319 685 3324 688 .

1703 716 1923 772 bantur.
1977 715 2197 772 Interim
2225 717 2322 789 qui
2351 727 2735 776 remanserant.
2773 718 2840 774 ad
2876 720 3148 787 sarcinas,
3182 735 3286 776 cu-

1701 811 1912 882 pientes
1936 811 2040 867 sibi
2061 813 2346 883 acquirere
2362 828 2583 879 nomen,
2607 813 2846 883 quadam
2869 813 2957 870 die
2979 821 3105 884 post
3126 828 3288 884 pran-

1702 903 1853 959 dium
1886 903 2104 960 incaute
2142 905 2288 960 illam
2341 904 2735 961 occidentalem
2769 914 2981 976 portam
3011 905 3286 972 adierunt,

1705 999 1850 1056 unde
1873 998 2110 1070 turpiter
2129 999 2336 1070 repulsi
2361 1008 2525 1071 atque
2561 998 2734 1072 fugati
2758 1008 2906 1056 sunt.
2955 998 3139 1054 Tertia
3165 1008 3292 1071 post

1705 1090 1823 1146 haec
1851 1089 1940 1146 die
1964 1087 2318 1146 Boamundus
2339 1098 2395 1145 et
2419 1105 2610 1148 comes
2651 1090 2839 1146 Sancti
2869 1088 3075 1161 Egidii
3102 1103 3289 1144 rever-

1707 1191 1903 1251 tentes,
1919 1183 2271 1239 miseruntad
2294 1183 2570 1254 principes
2587 1184 2862 1241 exercitus
2886 1192 2947 1238 ut
2968 1183 3078 1238 illis
3101 1197 3292 1238 occur-

1705 1280 1911 1340 rerent,
1940 1280 1995 1328 ct
2025 1272 2107 1328 sic
2130 1272 2335 1344 pariter
2361 1280 2576 1344 portam
2599 1273 2934 1330 obsiderent.
2959 1271 3071 1328 Illis
3099 1271 3310 1348 autem!

1705 1379 2000 1435 parumper
2027 1363 2392 1432 morantibus,
2421 1363 2776 1423 Boamundus
2811 1375 2866 1422 ct
2886 1381 3074 1422 eomes
3103 1364 3290 1421 Sancti

1708 1455 1910 1528 Egidii
1929 1471 1960 1510 a
1978 1453 2175 1518 Turcis
2193 1454 2324 1510 victi
2351 1463 2516 1527 atque
2540 1455 2710 1528 fugati
2737 1465 2886 1514 sunt.
2911 1456 3100 1528 Itaque
3114 1454 3290 1513 nostri

1709 1549 1962 1605 homines
2015 1548 2284 1615 dolentes,
2343 1558 2509 1619 atque
2567 1565 2729 1605 suum
2790 1548 3031 1605 dedecus
3083 1548 3291 1620 pariter

1709 1649 1990 1713 gementes
2021 1639 2170 1711 (nam
2196 1639 2287 1696 illa
2313 1639 2403 1695 die
2425 1640 2494 1696 de
2521 1639 2727 1696 nostris
2749 1640 2897 1695 mille
2919 1641 3291 1709 corruerant),

1710 1751 1775 1792 ac
1800 1734 1965 1790 rebus
1992 1732 2264 1788 ordinatis
2289 1731 2502 1789 Turcos
2532 1733 2769 1789 militum
2817 1730 3097 1805 [multum]
3129 1746 3295 1802 repu-

1709 1835 1940 1898 gnantes
1968 1839 2034 1880 ac
2056 1824 2379 1891 retinentes,
2427 1824 2678 1881 vicerunt
2705 1833 2763 1881 et
2809 1824 2863 1879 iu
2888 1823 3074 1895 fugam
3112 1832 3295 1879 verte-

1711 1925 1858 1974 runt.
1886 1915 2176 1973 Perierunt
2207 1925 2391 1974 autem
2413 1916 2506 1973 illa
2532 1916 2622 1974 die
2647 1915 2716 1972 de
2741 1914 2981 1972 inimicis
3009 1913 3124 1970 fere
3145 1907 3296 1969 mille

1708 2019 1765 2068 et
1793 2025 1920 2067 cccc
1950 2019 2061 2068 tam
2101 2010 2298 2078 armis,
2340 2026 2508 2084 quam
2568 2010 2757 2079 ﬂuvio,
2809 2010 2907 2082 qui
2953 2007 3300 2082 byemalihus

1709 2101 1914 2172 pluviis
1937 2100 2274 2158 abundabat.
2591 2097 2594 2100 ’

1782 2196 1880 2252 llis
1901 2196 1974 2252 ita
2006 2196 2261 2267 patratis,
2309 2195 2481 2251 nostri
2532 2194 2754 2251 firmare
2793 2192 3080 2249 castellum
3107 2207 3302 2263 aggre-

1710 2289 1967 2356 diuntur;
2001 2287 2203 2358 illoque
2243 2286 2534 2357 multiplici
2568 2285 2734 2351 vallo,
2764 2301 2924 2340 muro
2955 2283 3297 2349 firmissimo,

1712 2396 1924 2446 necnon
1944 2389 2000 2437 et
2023 2379 2239 2436 duabus
2261 2377 2509 2435 turribus
2533 2377 2771 2444 munito,
2817 2377 3077 2433 comitem
3108 2373 3299 2431 Sancti

1716 2472 1921 2546 Egidii
1945 2489 2072 2530 cum
2097 2472 2401 2530 balistariis
2429 2481 2487 2529 et
2515 2471 2818 2544 sagittariis
2851 2471 2964 2527 illic
3001 2470 3297 2527 collocant.

1713 2564 1760 2622 Ο
1782 2581 1910 2624 cum
1933 2573 2142 2638 quanto
2183 2564 2450 2636 periculo,
2477 2579 2604 2621 cum
2649 2571 2858 2635 quanto
2907 2563 3114 2630 labore,
3145 2561 3300 2617 illum

1712 2657 2080 2720 firmavimus!
2134 2654 2272 2712 Pars
2298 2656 2550 2727 quaedam
2579 2654 2757 2712 nostri
2799 2654 3076 2711 exercitus
3097 2652 3303 2710 castel—

1712 2749 1828 2806 lum
1855 2749 2142 2816 orientale,
2165 2748 2272 2804 alia
2292 2763 2422 2819 pars
2442 2758 2624 2805 castra
2648 2747 2921 2812 servabat,
2953 2762 3080 2802 cum
3103 2759 3302 2800 omnes

1713 2840 1998 2900 castellum
2026 2839 2340 2896 ﬂrmabant.
2365 2839 2444 2895 Ex
2474 2841 2609 2906 illis,
2633 2839 2904 2896 balistarii
2943 2847 3002 2894 et
3029 2837 3302 2909 sagittarii

1713 2943 1930 3004 portam
1985 2931 2390 2990 custodiebant.
2445 2931 2684 3004 Reliqui,
2735 2940 2794 2988 et
2839 2931 2944 3004 ipsi
3000 2929 3300 3002 principes,

1713 3040 1966 3098 aggerem
2013 3025 2223 3096 jacere,
2275 3024 2485 3096 lapides
2519 3032 2762 3096 portare,
2820 3039 3040 3080 murum
3091 3032 3306 3079 struere

1716 3133 1826 3173 non
1849 3117 2158 3175 cessabant.
2183 3116 2420 3185 Quidam
2443 3132 2738 3174 numerare
2757 3115 3113 3174 multimodas
3135 3115 3306 3172 tribus

1714 3209 1968 3277 lationes,
1992 3226 2117 3282 qua:
2138 3211 2315 3267 tacitae
2338 3209 2503 3266 etiam
2541 3211 2680 3266 satis
2704 3225 2804 3282 per
2826 3225 2886 3266 se
2919 3217 3127 3281 patent,
3150 3207 3304 3264 vide-

1714 3301 1843 3358 licet
1885 3301 2080 3369 fames,
2117 3303 2265 3359 aeris
2316 3303 2690 3374 intemperies,
2716 3301 3032 3357 timidorum
3065 3300 3301 3356 militum

1715 3395 1896 3470 fugas,
1925 3412 2049 3469 qua
2073 3407 2281 3468 quanto
2325 3396 2660 3468 asperiores,
2699 3405 2855 3451 tanto
2881 3394 3182 3450 alacriores
3204 3407 3306 3448 no-

1717 3490 1817 3546 stri
1841 3490 1896 3545 in
1918 3489 2243 3546 sustinendo
2267 3489 2508 3546 fuerunt.
2542 3488 2933 3546 Verumtamen
2962 3485 3097 3541 illud
3129 3485 3302 3540 silen-

1716 3581 1850 3638 dum
1898 3582 2126 3638 minime
2153 3591 2431 3652 putamus,
2474 3582 2620 3652 quod
2673 3580 2912 3652 quadam
2940 3578 3029 3635 die
3054 3577 3219 3634 Turci
3245 3593 3306 3633 se

1717 3673 1994 3730 civitatem
2017 3671 2331 3729 reddituros
2355 3672 2777 3738 simulaverunt,
2811 3679 2865 3726 et
2887 3671 2942 3724 in
2964 3676 3177 3724 tantum
3202 3681 3310 3722 nos

1717 3765 2068 3836 deceperunt,
2099 3772 2160 3819 ut
2179 3763 2246 3820 de
2272 3763 2477 3820 nostris
2508 3764 2576 3821 ad
2623 3763 2748 3820 illos
2773 3761 3107 3833 exciperent,
3145 3767 3202 3814 et
3234 3757 3305 3813 de

1719 3857 1836 3914 suis
1858 3857 1925 3912 ad
1952 3871 2056 3913 nos
2082 3855 2306 3928 plurimi
2333 3855 2568 3911 exirent.

1790 3949 1928 4006 Dum
1968 3950 2086 4006 haec
2134 3949 2207 4006 ita
2248 3957 2560 4022 agerentur,
2611 3954 2800 4018 utpote
2859 3943 2997 4000 nihil
3040 3942 3307 3999 habentes

1717 4043 1864 4108 tldci,
1920 4043 2148 4099 insidias
2195 4041 2402 4098 nostris
2451 4048 2776 4112 posuerunt,
2828 4038 2923 4093 ubi
2950 4037 3184 4107 foccisus
3223 4045 3310 4093 est

1720 4134 1900 4188 Wallo
1942 4134 2304 4191 conestables.
2360 4131 2428 4188 Et
2477 4131 2590 4199 alii,
2617 4140 2728 4186 tam
2755 4130 2824 4186 de
2869 4130 3008 4198 suis,
3039 4145 3204 4201 quam
3240 4127 3311 4182 de

1719 4230 1946 4296 nostris,
1967 4230 2153 4300 plures
2169 4236 2514 4283 corruerunt.
2530 4225 2662 4282 Post
2676 4226 2791 4281 haec
2803 4241 2871 4279 an
2880 4233 2984 4280 tem
3006 4220 3305 4278 transactis

1721 4321 1914 4392 paucis
1940 4320 2157 4382 diebus,
2181 4319 2500 4374 nuntiatum
2532 4327 2618 4374 est
2645 4317 2807 4373 nobis
2836 4315 3120 4374 Corharan
3152 4313 3310 4385 prin-

1721 4413 1897 4484 cipem
1950 4411 2160 4466 militiae
2206 4411 2350 4482 regis
2394 4407 2686 4465 Persarum
2718 4408 2772 4464 in
2801 4416 3045 4464 nostram
3078 4413 3312 4461 mortem

76 4488 146 4544 das
160 4508 297 4552 escas
324 4497 508 4553 ierant
563 4514 696 4554 cum
725 4508 878 4568 parte
904 4499 1076 4555 nostri
1108 4501 1401 4567 exercitus,
1424 4501 1616 4557 obvios
1647 4501 1693 4561 D
1722 4501 2064 4572 coniurasse,
2086 4510 2141 4556 et
2176 4516 2302 4556 cum
2355 4499 2741 4556 innumerabili
2769 4498 3015 4554 exercitu
3044 4510 3311 4567 magnum

72 4583 234 4655 habuit,
261 4600 313 4645 et
337 4593 388 4647 ei
411 4592 639 4647 auxilio
666 4602 962 4661 praeeunte,
987 4593 1164 4648 victus
1191 4593 1523 4666 fugatusque
1537 4606 1618 4652 est

73 4673 123 4728 ah
141 4677 226 4733 eis.
252 4680 442 4737 Adhuc
474 4681 878 4738 Antiochensis
899 4683 1148 4754 cogitans
1173 4684 1240 4739 de
1271 4684 1447 4740 salute
1471 4686 1622 4741 misit

68 4768 116 4821 ad
141 4785 296 4843 regem
327 4773 609 4845 Galapiae,
643 4774 988 4846 pecuniaque
1036 4775 1275 4831 maxima
1323 4777 1617 4846 promissa,

70 4860 116 4912 ad
140 4863 228 4919 hoc
273 4878 332 4923 ut
379 4870 609 4925 veniret
641 4885 766 4924 cum
798 4868 1055 4923 omnibus
1082 4868 1256 4939 copiis
1285 4869 1423 4936 suis,
1465 4870 1618 4926 illum

65 4955 293 5014 excitavit.
319 4960 446 5028 Quo
477 4961 834 5025 adveniente,
887 4960 1062 5015 nostri
1111 4960 1389 5031 principes
1437 4971 1618 5018 castra

68 5049 232 5112 ’ξηεεεὶ
256 5062 405 5120 sunt,
425 5063 485 5108 et
516 5051 639 5107 Deo
669 5051 938 5122 adiutore,
967 5052 1060 5106 illa
1083 5051 1172 5107 die
1198 5067 1324 5108 cum
1346 5068 1444 5108 nec
1467 5054 1619 5125 equi-

65 5137 180 5195 tibus
197 5152 247 5198 et
269 5147 465 5215 paucis
519 5145 825 5217 peditibus,
851 5160 919 5199 xv
945 5145 1116 5200 millia
1155 5144 1462 5201 Turcorum
1489 5163 1615 5203 cum

69 5235 643 5305 suOl‘t'gcdevicernnt,
670 5236 799 5290 etin
830 5234 1014 5307 fugam
1050 5244 1355 5301 verterunt,
1388 5245 1442 5291 et
1470 5238 1618 5292 mul-

63 5327 314 5384 Ioseorum
337 5329 701 5386 occidean
735 5326 792 5382 In
833 5328 928 5383 illo
959 5327 1129 5399 igitur
1173 5327 1366 5398 praiio
1421 5328 1618 5395 nostri,

67 5423 150 5467 non
170 5422 352 5487 paucis
371 5421 546 5492 equis
580 5417 939 5491 recuperatis,
969 5435 1098 5475 cum
1119 5418 1350 5475 victoria
1377 5417 1620 5491 gauden-

65 5510 124 5561 ἰεῦ
139 5513 326 5568 feraci
358 5521 522 5569 sunt.

119 5596 182 5654 Ex
217 5602 304 5657 illa
350 5619 494 5676 ergo
523 5603 622 5659 die
646 5604 823 5674 magis
849 5619 916 5660 ac
949 5604 1128 5675 magis
1156 5605 1621 5671 convalescentes,

64 5687 234 5747 viribus
253 5696 519 5767 receptis,
551 5697 847 5752 consilium
902 5696 1144 5751 inierunt
1163 5697 1442 5767 quomodo
1472 5696 1622 5752 occi-

65 5778 292 5840 dentalcm
322 5798 577 5855 portam,
604 5791 726 5858 quae
759 5789 914 5845 nobis
957 5800 1174 5860 portum
1235 5789 1423 5858 maris,
1456 5788 1620 5861 ligna,

1726 4595 1930 4650 ﬂumen
1979 4593 2313 4665 Euphratem
2364 4592 2480 4662 jam
2528 4591 2880 4664 praeteriisse.
2918 4588 3061 4645 Deus
3101 4595 3312 4654 autem,

1725 4684 1820 4755 qui
1850 4698 2067 4754 semper
2095 4690 2379 4754 sperantes
2410 4681 2466 4737 in
2502 4697 2562 4738 se
2588 4697 2697 4737 non
2721 4679 2945 4745 deserit,
2976 4693 3088 4733 non
3116 4675 3314 4731 dereli-

1725 4776 1845 4848 quit
1886 4792 2041 4842 suos,
2079 4775 2173 4830 sed
2197 4774 2474 4830 civitatem
2516 4773 2863 4829 Antiochiam
2890 4772 3067 4828 tribus
3097 4769 3312 4826 civibus

1723 4883 1846 4924 eam
1876 4867 2220 4924 tradentibus
2241 4867 2295 4922 in
2320 4865 2492 4923 Nonis
2512 4865 2659 4922 Junii
2693 4863 3124 4921 misericorditer
3153 4861 3315 4917 nobis

1725 4961 1896 5017 dedit.
1959 4959 2292 5031 Depopulata
2337 4968 2522 5015 autem
2561 4959 2803 5024 civitate,
2848 4956 2964 5027 ipsa
3001 4954 3089 5010 die
3118 4969 3318 5010 omnes

1723 5066 1971 5123 paganos
2015 5052 2070 5105 in
2127 5067 2190 5106 ea
2231 5050 2556 5116 occidimus,
2599 5048 2843 5119 exceptis
2888 5045 3217 5118 quihusdam
3255 5043 3314 5100 in

1725 5144 1953 5200 castello
1977 5143 2216 5200 civitatis
2237 5159 2297 5198 se
2322 5141 2622 5198 tuentibus.

1799 5236 2060 5309 Sequenti
2082 5252 2216 5310 ergo
2250 5236 2339 5292 die
2371 5234 2668 5290 adveniens
2697 5231 2980 5289 Corhoran
3025 5246 3151 5288 cum
3187 5245 3316 5301 rego

1724 5328 1997 5395 Damasci,
2016 5337 2072 5384 et
2091 5329 2230 5386 duce
2257 5326 2515 5393 Baldach,
2538 5335 2738 5382 etcum
2761 5341 2887 5398 rege
2909 5322 3307 5396 Hierosolymi-

1723 5429 1878 5487 tano,
1903 5429 1958 5476 et
1979 5421 2102 5476 aliis
2124 5436 2289 5490 quam
2313 5417 2586 5490 plurimis,
2615 5418 2891 5474 civitatem
2921 5415 3158 5474 obsedit.
3199 5411 3312 5470 Nos

1723 5512 1891 5584 igitur
1911 5511 2124 5567 obsessi
2153 5512 2224 5566 ab
2255 5510 2384 5576 illis,
2431 5519 2487 5567 et
2509 5511 2826 5568 obsidentes
2857 5509 3149 5582 praedictos
3168 5522 3310 5579 pau-

1724 5618 1820 5657 cos
1847 5601 1900 5656 in
1924 5601 2148 5657 castello
2173 5602 2432 5668 civitatis,
2457 5603 2523 5659 ad
2554 5603 2794 5659 edendas
2817 5618 3013 5658 carnes
3035 5614 3306 5672 equorum

1725 5705 1778 5752 et
1805 5695 2086 5750 asinorum
2109 5697 2377 5768 compulsi
2403 5713 2616 5754 sumus.
2659 5695 2909 5752 Secunda
2933 5695 3021 5750 die
3043 5694 3314 5749 adventus

1728 5787 1966 5853 illorum,
2003 5784 2291 5858 Rogurittm
2339 5787 2405 5844 de
2452 5785 2850 5843 Barnonisvilla
2894 5782 3054 5842 nobis
3089 5780 3308 5837 occide-
