3838 6306
522 390 628 448 475

1088 389 1178 444 AD
1213 389 1663 448 CODEFRIDUM
1703 387 1996 444 APPEND.
2033 386 2096 444 11.
2136 420 2208 431 -
2241 386 2512 446 MONUM.
2550 386 2639 443 DE
2676 385 2901 442 BELLO
2939 384 3186 444 SACBO.

3659 367 3742 446 ω

521 515 668 562 runt.
697 504 882 563 Tertia
915 506 1002 562 dic
1027 509 1334 576 castellum,
1367 507 1514 578 quod
1539 514 1728 561 contra
1767 505 2100 562 Antiochcn-
2130 509 2175 569 Α
2209 516 2289 562 ter
2317 506 2538 574 armati,
2563 503 2738 577 parati
2768 503 2837 560 ad
2866 503 3136 574 praelium,
3166 507 3379 572 portam
3401 500 3595 573 egressi
3619 512 3746 560 sunto

522 613 613 654 ses
638 594 997 664 ﬁrmavimus,
1029 599 1438 669 aggrediuntur.
1470 597 1574 652 Sed
1608 597 1686 673 nil
1730 595 2096 666 profecerunt.

523 689 820 762 Rogerium
841 701 1023 746 tamen
1045 691 1400 747 castellanum
1438 690 1630 745 insula:
1653 689 2096 756 vulneraverunt,

522 783 670 838 unde
700 791 951 838 mortuus
985 793 1087 838 est.
1126 782 1383 838 Videntes
1414 781 1544 852 quia
1575 797 1640 837 ex
1668 781 1757 836 illa
1787 790 1942 852 parte
1965 782 2101 837 nihil

522 873 875 944 proficerent,
899 884 1157 930 montana
1173 875 1554 928 ascenderunt.
1579 872 1689 928 Nos
1711 883 1892 928 autem
1909 883 2100 929 contra

524 966 647 1022 illos
672 967 900 1038 egressi,
933 966 1058 1023 victi
1087 981 1280 1020 sumus
1303 967 1371 1019 ab
1402 966 1509 1020 illis
1554 974 1720 1036 atque
1759 965 1951 1038 fugati.
1994 965 2100 1036 Ipsi

523 1071 654 1112 vero
669 1057 955 1112 nobiscum
973 1072 1162 1111 muros
1191 1057 1446 1127 ingressi,
1475 1057 1626 1111 illum
1649 1057 1791 1112 diem
1815 1066 1870 1113 et
1886 1067 2100 1113 noctem

523 1157 840 1218 sequentem
885 1147 1109 1203 insimul
1155 1146 1384 1216 fuimus,
1434 1149 1704 1205 distantes
1752 1150 1822 1205 ab
1868 1149 2100 1206 invicem

520 1240 679 1308 quasi
706 1255 819 1294 uno
843 1240 1038 1310 lapidis
1063 1241 1236 1312 jactu.
1272 1241 1533 1313 Sequenti
1568 1243 1657 1298 die
1697 1259 1896 1299 aurora
1931 1260 2103 1316 appa-

519 1339 693 1397 rente,
718 1327 843 1387 altis
870 1333 1099 1389 vocibus
1125 1332 1460 1405 Baphometh
1491 1336 1898 1404 invocaverunt;
1928 1347 1982 1392 et
2005 1353 2104 1393 nos

520 1421 692 1478 Deum
743 1434 995 1480 nostrum
1053 1427 1112 1482 in
1160 1429 1423 1484 cordibus
1478 1429 1678 1485 nostris
1728 1429 2102 1501 deprecantes,

519 1513 784 1584 impetum
818 1515 1085 1573 facientes
1123 1518 1176 1572 in
1199 1534 1316 1585 eos,
1345 1520 1413 1574 de
1442 1521 1615 1577 muris
1645 1521 1884 1578 civitatis
1913 1538 2104 1578 omnes

520 1607 858 1676 expulimns.
895 1607 970 1663 lbi
996 1619 1252 1666 mortuus
1270 1621 1350 1666 cst
1391 1611 1656 1684 Rogerius
1685 1614 1751 1669 de
1773 1613 2106 1669 Bithiniaca-

518 1697 666 1752 villa.
702 1697 821 1769 lpsa
842 1716 974 1754 vero
999 1710 1182 1757 castra
1216 1711 1520 1771 moventes,
1549 1713 1690 1760 totas
1718 1705 1956 1762 civitatis
1984 1722 2107 1776 por-

520 1795 606 1842 tas
633 1788 987 1857 obsederunt,
1017 1792 1085 1847 ad
1113 1792 1473 1849 redditionom
1504 1795 1787 1866 cupientes
1817 1812 1918 1852 nos
1954 1813 2104 1854 com-

521 1880 726 1950 pellere
759 1881 941 1952 inopia
969 1881 1169 1940 victus.

597 1968 799 2027 Positis
828 1988 960 2044 ergo
982 1973 1036 2027 in
1070 1981 1222 2030 tanta
1251 1975 1604 2030 tribulatione
1627 1977 1801 2031 servis
1825 1977 1941 2032 suis
1964 1976 2110 2034 Deus

527 2061 928 2119 auxiliatricem
979 2065 1260 2124 dexteram
1317 2083 1474 2122 suam
1516 2069 1778 2138 porrexit,
1826 2076 1878 2123 et
1925 2069 2109 2126 divina

526 2154 855 2211 revelatione
913 2157 1182 2225 lanceam,
1239 2175 1347 2230 qua
1395 2158 1730 2229 perforatum
1777 2169 1864 2216 est
1907 2175 2114 2234 corpus

525 2243 755 2314 Christi,
801 2248 1229 2306 misericorditer
1259 2251 1536 2306 revelavit.
1565 2251 1792 2308 Latebat
1829 2263 2010 2307 autem
2053 2253 2109 2308 in

525 2338 759 2394 ecclesia
788 2339 938 2396 Beati
969 2341 1115 2397 Petri
1165 2344 1268 2399 sub
1296 2345 1607 2415 pavimento
1637 2347 1799 2416 quasi
1829 2346 1972 2402 duas
1992 2356 2110 2402 sta-

524 2439 680 2486 turas
699 2432 959 2490 hominis.
986 2433 1209 2490 Inventa
1231 2451 1366 2507 ergo
1387 2437 1488 2493 ista
1516 2439 1756 2508 pretiosa
1791 2439 2109 2508 margarita,

522 2534 623 2577 cor
651 2522 897 2578 omnium
923 2533 1244 2580 nostrorum
1273 2527 1499 2593 revixit;
1530 2536 1585 2582 et
1617 2527 1802 2596 vigilia
1826 2530 2110 2598 apostolo-

528 2627 654 2670 rum
680 2612 824 2668 Petri
853 2625 907 2670 ct
933 2614 1087 2670 Pauli
1135 2625 1362 2688 accepto
1389 2618 1532 2673 inter
1575 2633 1634 2674 se
1656 2619 1910 2686 consilio,
1941 2620 2110 2676 mise-

529 2709 663 2758 runt
688 2704 910 2760 nuntios
937 2706 1005 2760 ad
1027 2704 1332 2774 Corbaran,
1361 2708 1456 2778 qui
1482 2707 1726 2764 dicerent
1753 2726 1768 2764 :
1791 2730 1812 2761 σ
1836 2707 1963 2765 Haec
1981 2709 2116 2765 dicit

527 2795 803 2851 exercitus
826 2795 1042 2851 Domini
1077 2816 1090 2853 :
1125 2798 1339 2854 Recede
1368 2815 1398 2854 a
1424 2800 1604 2867 nobis,
1634 2810 1688 2856 et
1710 2801 1781 2855 ab
1799 2801 2120 2857 haereditate

527 2886 674 2943 beati
703 2886 886 2947 Petri:
913 2890 1156 2960 alioquin
1179 2891 1668 2964 armisﬂugaberis.
1696 2912 1719 2944 ι
1754 2891 1878 2960 Quo
1905 2893 2116 2963 audito,

530 2976 815 3036 Corbaran
865 2982 1154 3054 evaginato
1201 2983 1386 3055 gladio
1422 2984 1631 3055 juravit
1675 2999 1775 3056 per
1801 3000 2030 3056 regnum
2061 2995 2118 3043 et

530 3069 792 3126 thronum
823 3089 985 3128 suum
999 3074 1146 3144 quod
1168 3075 1485 3132 defenderet
1505 3092 1564 3132 sc
1579 3077 1647 3132 de
1666 3077 1923 3133 omnibus
1945 3077 2122 3134 F'ran-

2204 598 2567 671 Egressusest
2596 597 2808 669 primus
2834 595 3078 651 omnium
3095 593 3252 665 Ηυεο
3278 592 3505 664 Magnus
3525 609 3636 648 cum
3651 597 3750 652 suis

2203 691 2450 747 Francis.
2475 691 2678 748 Deinde
2699 706 2884 748 comes
2910 687 3416 744 Northmannorum
3441 695 3595 756 atque
3615 687 3751 743 Flan—

2203 781 2436 838 drensis.
2464 781 2595 838 Post
2623 781 2755 836 istos
2785 779 3127 835 venerandus
3164 777 3456 848 episcopus
3483 776 3751 846 Podiensis,

2203 885 2258 930 ct
2282 877 2428 931 acies
2472 875 2690 931 comitis
2739 874 2796 929 S.
2833 871 3057 944 Egidii.
3095 871 3227 926 Post
3267 871 3420 926 illum
3453 870 3751 933 Tancredus.

2205 966 2444 1023 Ultimus
2480 967 2728 1022 omnium
2766 963 3121 1019 Boamundus
3163 962 3576 1019 invictissimus.
3618 966 3754 1023 Acie-

2207 1061 2308 1117 bus
2344 1075 2474 1132 ergo
2496 1058 2785 1124 ordinatis,
2809 1057 2998 1112 lancea
3022 1055 3236 1110 Domini
3263 1066 3536 1126 praeeunte
3560 1066 3608 1111 et
3630 1058 3759 1130 ligno

2205 1152 2515 1218 Dominico,
2561 1166 2686 1206 cum
2717 1149 2912 1205 fiducia
2942 1148 3182 1203 maxima
3229 1151 3758 1218 cmpcruntprzeli‘ari,

2205 1241 2428 1314 Deoque
2453 1243 2680 1313 juvante
2714 1242 3002 1313 praedictos
3040 1239 3316 1312 principes
3339 1237 3761 1296 Turcorumeom

2206 1333 2360 1390 fusos
2394 1342 2448 1390 et
2475 1335 2702 1390 omnino
2722 1334 2895 1389 victos
2926 1333 2978 1387 in
3010 1332 3193 1404 fugam
3229 1340 3530 1400 verterunt,
3553 1341 3601 1387 et
3621 1332 3760 1386 innu-

2206 1443 2389 1484 meros
2411 1442 2601 1483 eorum
2625 1427 2960 1483 occiderunt.
2994 1426 3348 1481 lievertentes
3372 1425 3535 1496 igitur
3562 1442 3672 1480 cum
3697 1425 3766 1481 vi-

2206 1519 2399 1586 ctoria,
2424 1529 2606 1592 grates
2634 1518 2867 1574 Domino
2891 1519 3124 1590 egimus,
3157 1525 3211 1572 et
3239 1516 3627 1573 solemnitatem
3647 1532 3764 1585 apo-

2207 1614 2475 1669 stolorum
2498 1629 2623 1669 cum
2651 1612 2836 1669 laetitia
2864 1612 3104 1668 maxima
3125 1609 3540 1666 celebravimus.
3566 1608 3673 1680 ipsa
3693 1609 3767 1664 die

2208 1707 2477 1762 redditum
2510 1716 2595 1763 est
2624 1706 2782 1762 nobis
2804 1705 3109 1771 castellum,
3147 1703 3261 1758 ﬁlio
3289 1703 3438 1774 regis
3465 1702 3766 1758 Antiochen-

2210 1799 2288 1854 sis
2316 1815 2442 1854 cum
2472 1797 2754 1854 Corharan
2782 1798 2834 1852 in
2865 1796 3049 1866 fugam
3079 1809 3262 1852 verso.
3287 1793 3410 1865 ipse
3434 1809 3556 1860 rex,
3575 1791 3654 1847 die
3676 1809 3774 1862 qua

2212 1890 2423 1946 reddita
2454 1898 2537 1945 est
2567 1889 2796 1956 civitas,
2847 1887 3066 1960 fugiens
3107 1903 3139 1942 a
3177 1885 3402 1943 rusticis
3445 1885 3776 1956 interemptus

2211 1981 2388 2037 fuerat
2416 1980 2470 2035 in
2503 1980 2806 2061 montanis.

2282 2071 2408 2128 [hee
2431 2073 2634 2130 idcirco
2663 2071 3046 2128 mandavimus
3067 2080 3263 2127 vestrae
3292 2067 3624 2141 paternitati,
3645 2076 3701 2124 ut
3718 2067 3775 2122 de

2210 2163 2488 2234 ereptione
2529 2160 2972 2218 Christianorum
2997 2170 3052 2217 et
3085 2160 3153 2217 de
3181 2160 3434 2216 libertate
3462 2159 3772 2214 Antiochen-

2213 2253 2291 2308 sis
2321 2253 2513 2308 matris
2540 2251 2798 2309 Ecclcsize
2825 2251 3129 2324 gaudeatis,
3154 2260 3208 2306 et
3230 2266 3329 2322 pro
3359 2249 3517 2305 nobis
3539 2249 3773 2305 omnibus

2214 2341 2384 2397 Deum
2416 2343 2667 2398 devotius
2697 2341 2957 2397 exoretis.
2988 2341 3336 2397 Confidimus
3363 2341 3509 2395 enim
3566 2339 3775 2392 multum

2214 2431 2270 2486 in
2301 2433 2498 2488 vestris
2528 2433 2909 2500 orationibus;
2936 2443 2992 2486 et
3028 2430 3294 2502 quidquid
3324 2429 3656 2501 proficimus,
3685 2444 3774 2482 non

2214 2525 2420 2579 nostris
2463 2526 2695 2592 meritis,
2749 2525 2842 2580 sed
2895 2524 3094 2580 vestris
3148 2523 3405 2595 precibus
3460 2532 3774 2593 reputamus.

2214 2615 2371 2672 Nunc
2399 2633 2530 2690 ergo
2557 2627 2848 2688 precamur
2877 2627 2934 2672 ut
2964 2627 3168 2672 terram
3193 2625 3437 2672 nostram
3469 2615 3522 2669 in
3544 2630 3672 2686 pace
3693 2629 3767 2668 cu-

2216 2708 2488 2776 stodiatis,
2510 2718 2566 2764 et
2585 2709 2845 2765 ecclesias
2875 2718 2928 2764 et
2953 2723 3222 2780 pauperes
3245 2707 3312 2764 de
3339 2707 3594 2762 manibus
3617 2716 3777 2777 tyran-

2218 2814 2416 2854 norum
2447 2798 2774 2856 defendatis.
2814 2799 3111 2854 Precamur
3149 2798 3317 2855 etiam
3355 2806 3415 2852 ut
3441 2797 3508 2853 de
3540 2795 3688 2851 falsis
3707 2811 3778 2865 pe-

2220 2892 2452 2962 regrinis
2508 2892 2803 2951 consilium
2849 2892 3105 2962 capiatis,
3143 2901 3418 2963 quatenus
3459 2898 3556 2946 aut
3587 2890 3779 2958 signum

2221 2982 2522 3040 satutiferze
2551 2983 2738 3040 erucis
2778 2984 2976 3040 iterum
3001 2999 3127 3040 cum
3157 2982 3477 3054 pmnitentia
3501 2989 3780 3044 assumant,

2219 3084 2274 3130 ct
2297 3076 2403 3130 iter
2434 3075 2650 3131 Domini
2695 3083 2982 3147 peragant,
3006 3083 3104 3131 aut
3129 3075 3374 3147 periculo
3427 3071 3784 3130 excommuni-

531 3161 635 3228 cis,
659 3172 714 3218 et
737 3163 878 3220 dixit
904 3181 964 3222 se
988 3176 1188 3222 terram
1217 3168 1499 3238 possidere
1541 3176 1598 3224 et
1647 3184 1864 3238 semper
1898 3185 2119 3240 posses-
2146 3196 2187 3254 ο
2222 3168 2455 3224 cationis
2501 3168 2838 3238 subiaceant.
2886 3165 3086 3224 Sciatis
3124 3183 3224 3238 pro
3275 3176 3427 3222 certo
3474 3166 3605 3237 quia
3637 3165 3784 3236 janra

535 3267 726 3308 surum
767 3255 915 3325 juste
961 3258 1044 3312 vel
1089 3258 1310 3330 injuste.
1361 3259 1642 3316 Mandavit
1671 3263 1817 3316 enim
1839 3263 1988 3333 quod
2015 3278 2116 3318 nec

531 3345 758 3400 verbum
790 3347 860 3402 ab
879 3348 969 3404 illo
993 3351 1264 3421 audirent,
1295 3351 1491 3418 donec,
1521 3352 1780 3410 derelicta
1802 3354 2116 3420 Antiochia,

531 3435 812 3494 Christum
865 3441 1200 3514 denegarem
1241 3451 1299 3499 et
1343 3444 1518 3516 legem
1559 3444 1851 3501 Persarum
1899 3447 2120 3518 profite-

537 3537 748 3584 rentur.

608 3615 705 3675 His
763 3621 984 3687 auditis,
1038 3622 1344 3678 Christiani
1421 3623 1770 3682 confessione
1824 3627 2069 3682 mundati
2101 3669 2116 3694 ,

535 3713 883 3782 perceptione
935 3716 1186 3786 corporis
1233 3724 1287 3772 et
1345 3717 1628 3788 sanguinis
1683 3717 1888 3774 Christi
1942 3719 2116 3774 firmi-

2222 3269 2378 3316 terrae
2406 3269 2592 3332 aperta
2622 3269 2706 3316 est
2735 3260 2921 3328 nobis;
2951 3269 3008 3315 et
3043 3260 3191 3315 inter
3213 3260 3350 3315 alios
3385 3260 3564 3314 honos
3592 3267 3785 3313 nostros

2227 3360 2474 3414 eventus.
2502 3367 2597 3408 rex
2621 3351 2932 3424 Babyloniae
2961 3351 3149 3406 missis
3179 3352 3245 3406 ad
3277 3367 3379 3406 nos
3407 3350 3636 3416 nuntiis,
3673 3348 3787 3403 dixit

2227 3457 2286 3498 se
2309 3442 2531 3498 obedire
2571 3451 2774 3499 nostra:
2799 3442 3088 3499 voluntati.
3123 3440 3328 3498 Valete.
3357 3439 3716 3497 Obsecramus
3743 3439 3786 3490 in

2231 3532 2463 3588 Domino
2506 3532 2660 3602 Jesu,
2691 3543 2752 3589 ut
2773 3548 2967 3590 omnes
3003 3533 3070 3588 ad
3095 3547 3237 3604 quos
3273 3533 3389 3587 lucc
3410 3530 3641 3602 epistola
3683 3543 3764 3599 per

2225 3626 2454 3693 venerit,
2482 3640 2580 3697 pro
2607 3625 2766 3683 nobis
2793 3627 2853 3695 et
2881 3640 2984 3697 pro
3009 3625 3241 3681 mortuis
3272 3624 3483 3682 nostris
3514 3622 3682 3679 Deum
3711 3635 3789 3675 ex-

2224 3728 2402 3774 orent.

1073 4018 1602 4136 ODONIS
1687 4019 2534 4136 BAJOCENSIS
2617 4021 3257 4137 EPISCOPI

1941 4237 2401 4329 CHARTA

539 4417 659 4480 Per
683 4429 874 4498 quam
903 4410 1235 4476 Jarentoni
1270 4413 1330 4474 S.
1365 4409 1638 4491 Benigni
1671 4408 2094 4472 Divionensis
2134 4410 2346 4552 obgatti
2393 4410 2863 4475 monasterium
2902 4410 3116 4474 Sancti
3142 4411 3402 4492 Vigorts
3449 4407 3802 4492 Bajocensis

2011 4506 2208 4552 conce
2258 4508 2276 4550 1
2313 4536 2328 4552 .

2011 4506 2328 4552 concedit.

1527 4729 1530 4732 ~
1951 4646 2164 4728 (Anno
2197 4644 2397 4747 1096.)

752 4792 913 4867 [Dom
942 4791 1256 4861 Paucum,
1275 4791 1420 4849 Hist.
1460 4793 1525 4849 de
1549 4791 1882 4864 Bourgogue,
1908 4798 1948 4847 t.
1974 4787 2017 4857 I,
2048 4786 2164 4855 Pr.,
2197 4802 2251 4859 p.
2281 4787 2371 4856 32,
2398 4805 2466 4846 ex
2492 4788 2732 4847 archivis
2751 4787 2988 4847 abbatiat
3016 4786 3076 4844 S.
3100 4787 3328 4859 Bcnigni
3350 4785 3602 4859 Divion.]

561 5137 566 5140 _
615 5079 677 5136 ln
706 5077 927 5135 nomine
952 5087 1154 5136 sancta:
1177 5087 1232 5135 et
1253 5077 1545 5136 individuze
1558 5075 1863 5147 Trinitatis,
1881 5094 1982 5152 ego
2010 5075 2127 5134 Ono
2156 5081 2206 5142 ο
2231 5076 2466 5134 cmnobii
2493 5075 2695 5133 futuris
2719 5083 2774 5132 et
2798 5072 3184 5146 praesentibus,
3213 5071 3620 5129 monasterium
3644 5071 3802 5128 Sancti

545 5170 864 5240 Bajocensis
909 5170 1201 5244 episcopus
1221 5171 1470 5244 cogitans
1501 5179 1849 5242 peccatorum
1878 5186 2127 5228 meorum

546 5262 947 5324 immanitatem
971 5303 990 5330 ,
1041 5263 1384 5336 perpendens
1426 5263 1592 5320 etiam
1647 5262 1884 5320 districti
1928 5262 2131 5334 iudicis

549 5356 617 5412 de
646 5353 863 5411 actibus
898 5354 1038 5412 meis
1072 5354 1499 5423 discussionem,
1528 5371 1630 5428 pro
1663 5355 1907 5413 remedio
1933 5355 2148 5413 animae

551 5461 688 5522 mea:
707 5455 764 5502 et
794 5455 1082 5517 parentum
1107 5462 1376 5516 meorum,
1417 5457 1474 5504 et
1499 5463 1600 5519 pro
1628 5447 1817 5520 requie
1846 5448 2148 5520 episc0p0-~

553 5537 868 5610 rumhujus
891 5547 1096 5596 sanctae
1119 5539 1265 5596 sedis
1295 5539 1631 5611 Baiocensis,
1661 5550 1716 5598 et
1738 5540 2131 5597 canonicorum

554 5629 652 5702 qui
677 5627 1041 5699 dormierunt,
1063 5631 1158 5703 qui
1199 5640 1328 5688 sunt
1345 5640 1401 5689 et
1424 5633 1521 5705 qui
1555 5633 1727 5690 futuri
1750 5643 1902 5700 sunt,
1925 5631 2136 5688 consti-

557 5731 657 5780 tuo
688 5731 744 5778 et
780 5723 856 5780 do
878 5721 988 5780 Deo
1024 5732 1080 5780 et
1106 5723 1308 5782 Sancto
1341 5725 1603 5798 Benigno,
1638 5725 1920 5783 Jarentoni
1956 5724 2138 5780 abbati

557 5811 875 5871 Divionensi
889 5822 943 5872 et
965 5815 1376 5875 successoribus
1392 5818 1509 5886 ejus
1534 5828 1588 5875 ct
1607 5818 1870 5875 fratribus
1893 5816 2137 5888 ejusdem

2240 5168 2455 5241 Vigoris
2479 5169 2550 5226 de
2597 5167 2778 5226 Monte
2797 5166 3127 5223 Cbrismatis
3169 5180 3296 5223 eum
3326 5166 3662 5237 appenditiis
3684 5166 3797 5228 suis,

2237 5262 2488 5318 videlicet
2530 5261 2748 5332 plenam
2775 5257 3045 5315 decimam
3071 5257 3242 5314 totius
3268 5257 3435 5325 villae,
3466 5258 3526 5314 in
3563 5273 3673 5330 qua
3699 5271 3799 5311 mo-

2238 5353 2536 5410 nasterium
2567 5353 2734 5408 situm
2774 5358 2879 5418 est,
2907 5358 2964 5405 et
2985 5349 3232 5405 omnium
3269 5349 3338 5404 ad
3359 5351 3618 5406 eamdem
3647 5349 3802 5404 villam

2239 5445 2650 5519 pertinentium,
2676 5452 2731 5499 et
2750 5442 3017 5514 quidquid
3039 5441 3107 5497 ad
3126 5440 3442 5510 ecclesiam,
3466 5457 3596 5512 qua:
3618 5443 3693 5496 ibi
3708 5447 3802 5495 erat

2239 5538 2414 5611 prius,
2446 5535 2752 5608 pertinebat
2779 5549 2904 5590 cum
2948 5533 3268 5604 presbytero
3292 5539 3348 5587 et
3376 5532 3660 5588 universis
3691 5546 3801 5586 coa-

2239 5629 2622 5687 suetudinibus
2665 5626 2802 5693 suis,
2827 5635 2883 5682 et
2905 5633 3166 5696 praeterea
3207 5621 3561 5680 medietatem
3586 5620 3800 5692 ejusdem

2241 5723 2411 5779 totius
2460 5721 2620 5788 villae,
2653 5729 2764 5776 tam
2809 5719 2866 5774 in
2903 5716 3298 5772 hominibus'et
3334 5715 3641 5780 territorio,
3665 5723 3806 5784 quam

2245 5815 2298 5870 in
2332 5814 2540 5870 caeteris
2575 5811 2876 5869 redditibus
2912 5825 3038 5868 cum
3067 5808 3357 5866 medietate
3399 5808 3658 5865 annualis
3683 5819 3804 5863 uter-
