3808 6306
73 464 158 520 ΠἹ

682 453 991 515 llUGONlS
1030 455 1272 513 EDESS.
1315 453 1638 513 ARCHIEP.

1799 456 1906 516 ST.
1947 455 2036 512 AD
2077 455 2144 512 Β.
2188 454 2353 511 REM.
2392 453 2715 512 ARCHIEP.

3209 455 3321 515 £78

70 573 161 629 cati
184 569 321 642 quod
350 569 411 624 fit
458 568 680 636 ibidem,
710 569 764 623 in
803 567 1099 626 festivitate
1128 568 1375 624 omnium
1401 566 1630 630 Sancta-
1656 573 1704 636 Α
1736 567 1879 624 idem
1935 567 2046 625 Deo
2077 567 2430 624 servientium
2471 583 2638 623 onera
2666 575 2903 641 quatuor
2941 567 3222 624 asinarum
3249 569 3321 625 de

70 682 195 732 rum,
217 671 269 720 et
287 673 527 735 quatuor
552 661 878 733 Burgenses,
907 662 1048 718 duas
1077 662 1131 717 in
1157 661 1364 734 Campo
1385 659 1627 732 Florida,

68 757 256 812 etduos
281 755 348 810 ad
395 751 627 810 Po'ntem
657 753 884 810 Oliherti
917 771 1043 812 cum
1077 765 1222 810 terra
1247 765 1302 812 et
1335 764 1630 812 consuetu-

67 847 263 904 dinibus
280 861 498 912 eorum,
533 839 752 917 et'apud
780 845 1077 918 quamdam
1101 845 1305 914 villam,
1329 861 1453 918 qua;
1473 861 1634 903 voca-

65 953 143 997 tur
166 949 347 1010 partus
389 937 718 1005 Piscatoris,
738 954 865 995 cum
889 946 1034 994 terra
1063 937 1118 992 in
1144 953 1254 1010 qua
1286 946 1509 994 manent
1535 979 1550 1005 ,
1577 945 1633 994 et

67 1033 172 1088 navi
199 1047 295 1087 sua
336 1041 394 1086 et
415 1029 920 1086 consuetudinibus
960 1029 1102 1102 ejus.
1143 1028 1210 1085 Et
1237 1030 1454 1101 plenam
1481 1028 1630 1084 deci-

68 1139 191 1177 mam
222 1122 288 1176 de
313 1129 429 1177 tota
473 1119 710 1177 Chrieea
749 1120 900 1190 villa,
945 1136 1072 1178 cum
1107 1129 1253 1176 terra
1293 1130 1346 1176 et
1375 1120 1634 1176 omnibus

68 1230 169 1285 qua:
199 1214 263 1268 ad
283 1211 590 1269 Ecclesiam
639 1214 934 1284 pertinent,
955 1223 1010 1269 et
1043 1211 1342 1269 Ecclesiam
1367 1212 1552 1280 Detor,
1581 1221 1636 1270 et

67 1307 122 1358 de
143 1304 391 1361 Crusseia
413 1317 476 1362 et
505 1305 576 1362 de
618 1304 852 1374 Ulferes,
877 1306 1020 1363 etde
1044 1304 1322 1378 Colgrino,
1353 1321 1480 1362 cum
1515 1305 1633 1376 ple-

69 1397 139 1451 uis
174 1395 397 1452 decimis
427 1405 486 1452 et
514 1396 681 1452 terris
703 1412 828 1468 quae
859 1397 929 1453 ad
966 1396 1118 1468 ipsas
1153 1395 1417 1452 ecclesias
1469 1395 1648 1466 perti-r

68 1497 194 1556 nent,
211 1497 262 1543 et
285 1489 449 1545 terris
467 1490 938 1563 presbyterorum.
968 1488 1094 1546 Haec
1114 1489 1297 1561 itaque
1325 1488 1513 1546 omnia
1535 1489 1642 1546 sic-

69 1589 194 1634 utea
229 1580 391 1636 etiam
430 1581 552 1652 jam
599 1583 812 1654 pridem
847 1589 902 1638 et
937 1591 1180 1652 tempore
1221 1580 1498 1638 Guillelmi
1523 1582 1658 1638 [να-ν

69 1681 99 1726 ιι
111 1671 150 1726 is
177 1673 445 1744 mei'regis
472 1673 800 1746 Anglorum,
857 1690 922 1731 ac
951 1672 1364 1729 Narthmannia:
1396 1673 1638 1741 comitis,

69 1765 262 1834 prafata
287 1764 536 1824 Ecclesia
558 1768 737 1824 sancti
764 1767 984 1841 Vigor-is
1013 1767 1294 1839 possidere
1314 1767 1432 1823 visa
1457 1775 1562 1834 est,
1584 1775 1641 1822 et

1732 658 1893 714 viridi
1926 658 2074 730 ligno
2101 657 2158 712 in
2187 673 2410 714 nemore
2452 673 2555 714 suo
2591 653 2856 727 Verneio;
2889 667 2943 714 et
2973 658 3226 730 quisquis
3249 658 3319 714 de

1731 759 1878 806 terra
1909 766 2008 806 sua
2050 749 2255 821 aliquid
2290 751 2357 806 de
2379 765 2480 806 sua
2507 749 2734 822 praefato
2761 750 3098 808 monasterio
3147 751 3321 806 trade-

1733 853 1837 912 ret,
1868 844 1922 900 id
1945 843 2051 900 sibi
2074 853 2254 901 ratum
2273 843 2394 900 fore
2427 843 2723 913 concessit,
2751 859 2824 902 ne
2856 845 3148 902 occasione
3176 843 3320 914 juris

1735 938 1820 996 sui
1852 938 1963 994 ulla
2009 938 2174 993 modo
2221 947 2410 1008 posset
2441 937 2711 1004 revocari,
2741 947 2795 994 et
2822 947 2885 994 ut
2923 937 3320 994 monasterium

1735 1031 1878 1087 idem
1915 1029 2159 1086 Ecclesia
2193 1028 2543 1086 Divionensis
2591 1030 2897 1101 possideret
2945 1030 3070 1102 jure
3123 1029 3321 1099 sempi-

1737 1133 1916 1180 terno.
1951 1121 2217 1194 Quisquis
2256 1123 2426 1194 igitur
2451 1133 2659 1179 cartam
2694 1122 2838 1180 hanc
2889 1122 3204 1178 donationis
3239 1121 3324 1175 in-

1737 1213 1975 1288 fringere
2006 1215 2322 1282 tentaverit,
2353 1213 2433 1269 ira
2486 1213 2584 1271 Dei
2613 1214 2794 1270 veniat
2830 1230 2993 1286 super
3033 1228 3181 1279 eum,
3228 1213 3324 1266 de—

1737 1309 1914 1365 leatur
1949 1309 2018 1364 de
2045 1308 2184 1363 libro
2211 1307 2530 1375 viventium,
2554 1315 2608 1364 et
2634 1323 2759 1364 cum
2777 1306 2944 1379 justis
2974 1322 3082 1360 non
3113 1303 3324 1360 scriba-

1738 1410 1852 1467 tur,
1877 1408 1933 1455 et
1961 1399 2034 1456 sit
2055 1399 2348 1454 anathema
2389 1397 2732 1466 Maranatba,
2761 1412 2938 1469 usque
2968 1397 3022 1452 in
3044 1397 3187 1453 diem
3219 1393 3328 1451 Do—

1737 1493 1898 1562 mini,
1926 1492 2035 1549 nisi
2067 1492 2360 1564 resipuerit
2390 1510 2404 1547 :
2434 1491 2529 1564 qui
2575 1499 2757 1548 autem
2783 1491 2887 1546 ista
2922 1489 3244 1556 laudaverit,
3273 1496 3328 1543 et

1739 1586 1914 1646 fidelis
1949 1596 2274 1658 cooperator
2308 1583 2624 1652 accesserit,
2656 1599 2762 1655 pax
2783 1598 2950 1654 super
2975 1583 3128 1638 illum
3147 1589 3202 1636 et
3230 1579 3326 1635 be-

1740 1678 1980 1736 nedictio
2011 1693 2188 1750 usque
2215 1676 2347 1733 dum
2389 1675 2573 1732 videat
2600 1673 2771 1731 Deum
2809 1673 3046 1729 Deorum
3079 1673 3133 1726 in
3170 1670 3326 1725 Sion.

1741 1769 1809 1826 Et
1837 1779 1895 1826 ut
1917 1771 2044 1827 haec
2075 1771 2274 1827 charta
2322 1768 2481 1826 firma
2507 1776 2562 1824 et
2627 1767 2950 1823 inconvulsa
2989 1774 3330 1837 permaneat,

69 1859 304 1932 quidquid
331 1859 437 1934 ipsi
476 1861 654 1930 dono,
673 1862 854 1931 trado,
885 1861 1049 1920 laudo
1077 1871 1132 1918 et
1167 1859 1409 1920 concedo
1447 1858 1639 1919 Ecclc-
1669 1925 1711 1934 _
1743 1861 1907 1934 sigilli
1953 1860 2128 1918 nostri
2169 1859 2536 1932 impressione
2561 1874 2685 1916 eam
2735 1857 2946 1916 ﬁrmavi
2970 1899 2988 1926 ,
3022 1867 3076 1912 et
3099 1855 3334 1911 testibus

69 1952 146 2006 sia!
173 1925 505 2022 Divionensi,
532 1925 764 2011 assensu
787 1925 847 2011 et
865 1954 1026 2014 laude
1054 1953 1472 2020 canonicorum,
1500 1961 1554 2008 et
1575 1951 1640 2012 fl-
1669 1925 1715 1986 Β
1743 1925 2212 2014 θοῖτοιιοιοῐιὰοιη
2239 1925 2463 2010 tradidi.

70 2045 244 2100 delium
283 2057 632 2115 nostrorum,
663 2048 812 2105 salva
864 2048 1168 2104 reverentia
1205 2056 1262 2104 et
1298 2047 1483 2104 debita
1509 2045 1641 2102 obe-

70 2140 248 2196 rlientia
273 2152 481 2200 sancta:
519 2141 843 2213 Bajocensis
871 2141 1066 2200 matris
1110 2141 1388 2199 Ecclesiaa.
1415 2139 1640 2197 Consti-

73 2242 148 2285 tu.)
170 2233 322 2290 etiam
373 2234 586 2298 ibidem
624 2235 744 2294 fieri
786 2235 1125 2306 sepulturam
1177 2234 1426 2306 corporis
1452 2233 1560 2290 mei
1589 2221 1648 2291 ct.

73 2340 420 2380 successorum
459 2343 720 2384 mearum
770 2337 826 2383 et
869 2327 1262 2384 cauonicarum
1292 2326 1400 2385 ritu
1440 2325 1644 2396 sempi-

76 2427 207 2474 lcrno
233 2419 388 2475 laude
422 2421 754 2477 earumdem
788 2421 1202 2478 cananicorum.
1249 2419 1405 2488 Quod
1437 2418 1485 2474 si
1507 2420 1643 2474 adeo

72 2512 270 2566 creverit
295 2513 451 2571 locus
473 2513 599 2588 ipse
622 2523 680 2569 ut
709 2514 880 2570 abbas
905 2514 1104 2570 ibidem
1129 2513 1279 2585 juste
1300 2513 1473 2584 possit
1506 2528 1644 2567 con-

75 2601 218 2670 stitui,
239 2603 484 2661 videlicet
524 2606 735 2666 uttauti
769 2607 878 2664 sint
905 2605 1149 2662 redditus
1178 2605 1273 2680 qui
1303 2606 1405 2660 hoc
1432 2604 1648 2676 possint

75 2694 181 2764 pali,
201 2694 364 2752 abbas
381 2713 615 2770 quoque
639 2696 1046 2754 Divianensiset
1066 2695 1358 2769 episcopus
1385 2695 1648 2768 Bajoceno

78 2785 138 2840 sis
159 2789 524 2845 communiter
551 2789 603 2845 id
636 2789 990 2846 tractaverint
1017 2798 1072 2844 et
1096 2788 1260 2845 simul
1280 2788 1649 2860 judicaverint

77 2879 321 2948 expedire;
373 2881 558 2938 abbas
601 2881 949 2940 Divionensis
996 2882 1065 2939 de
1131 2881 1249 2938 suis
1313 2883 1368 2937 in
1406 2881 1648 2952 capitulo

80 2967 361 3028 Divionensi
401 2974 734 3031 electionem
785 2974 968 3043 faciet,
993 2983 1048 3031 et
1071 2990 1361 3046 personam
1417 2975 1646 3032 electam

81 3063 346 3134 assignabit
365 3068 637 3138 episcopo
659 3067 968 3138 Bajacensi,
995 3069 1088 3139 qui
1117 3069 1402 3125 ordinatus
1428 3069 1532 3124 sub
1551 3085 1647 3125 eo»

83 3155 182 3210 dem
209 3159 395 3217 abbate
424 3161 561 3228 erit,
599 3171 651 3218 et
681 3162 929 3218 canidcm
957 3171 1281 3233 potestatem
1307 3178 1472 3234 quam
1495 3163 1651 3234 prius

84 3249 125 3301 iu
161 3251 369 3320 praefato
411 3255 763 3311 monasterio
795 3265 905 3311 tam
955 3271 1122 3329 super
1154 3258 1334 3330 ipsum
1362 3273 1530 3330 quam
1555 3273 1649 3313 su-

83 3358 158 3415 per
182 3355 396 3404 cmtcros
432 3348 617 3404 abbas
656 3347 1004 3407 Divianensis
1034 3351 1278 3408 habebit.
1323 3351 1472 3408 lstud
1512 3366 1647 3408 sane

84 3438 253 3493 donum
276 3440 434 3497 laude
470 3448 532 3496 et
565 3457 794 3497 assensu
825 3442 1035 3497 domini
1065 3443 1172 3498 mei
1199 3443 1418 3500 comitis
1446 3441 1647 3499 Narth-

84 3528 283 3586 mauuia:
309 3528 544 3586 Roberti
566 3529 949 3586 confirmatum
973 3539 1078 3600 est,
1106 3531 1200 3604 qui
1223 3540 1277 3587 et
1296 3531 1446 3587 dedit
1467 3531 1646 3586 eidem

87 3623 382 3680 niiouasterio
420 3621 622 3679 Sancti
653 3621 870 3695 Vigaris
893 3623 1192 3696 plcnariam
1221 3624 1547 3691 libertatem,
1568 3623 1650 3678 vi-

86 3710 249 3768 delicet
268 3729 458 3773 omnes
487 3716 918 3774 consuetudines
947 3732 1043 3788 per
1068 3725 1236 3773 tatam
1266 3726 1468 3774 terram
1489 3732 1647 3773 suam

89 3818 190 3872 qua:
228 3807 291 3862 ad
330 3809 492 3864 illum
527 3808 873 3880 pertinebant
896 3809 964 3866 de
991 3810 1283 3868 dominicis
1313 3810 1430 3867 suis
1462 3811 1649 3876 rebus,

90 3903 179 3949 tam
209 3897 258 3952 in
282 3900 544 3974 passagia
566 3909 621 3956 et
644 3901 880 3968 teloneo,
910 3917 1078 3974 quam
1109 3903 1162 3958 in
1180 3904 1398 3960 caeteris
1423 3903 1652 3960 redditi-

91 3981 194 4054 bus,
210 3988 339 4045 etde
364 4007 470 4047 suo
493 3991 719 4063 proprio
748 3991 806 4048 in
828 3992 1151 4064 quotidiana
1179 4010 1281 4050 usu
1305 3993 1537 4051 fratrum
1568 3995 1652 4051 ib-

1823 2066 1992 2140 ngo
2020 2064 2139 2123 Oda
2189 2065 2511 2137 Bajocensis
2553 2067 2846 2138 episcopus
2889 2065 3035 2121 hanc
3084 2063 3334 2119 chartam

1743 2161 1939 2216 lectam
1973 2166 2031 2216 et
2059 2158 2353 2230 perlectam
2376 2158 2644 2215 conﬁrma
2671 2167 2727 2216 et
2750 2156 3021 2214 suseribo.

1823 2252 1857 2324 1·
1902 2251 2132 2324 Signum
2190 2249 2418 2312 Roberti
2475 2251 2804 2308 nobilissimi
2849 2249 3069 2307 comitis
3127 2245 3333 2303 North-

1747 2345 2002 2404 manniae.
3261 2369 3264 2372 η

1816 2438 1858 2510 1-
1885 2437 1944 2493 S.
1971 2437 2230 2494 Willclmi
2261 2437 2480 2495 decani.

1759 2579 1764 2584 .
1819 2531 1860 2601 ἰ-
1891 2529 1950 2586 8.
1975 2529 2252 2601 Radulphi
2277 2529 2678 2588 archidiaconi.

1819 2623 1860 2694 -ι-
1879 2622 1941 2678 S.
1965 2621 2214 2694 Helgaldi
2235 2621 2630 2690 archidiaconi.

1819 2715 1861 2788 ἰ-
1886 2713 1944 2771 S.
1977 2713 2200 2770 Roberti
2229 2714 2298 2770 de
2320 2713 2524 2770 Tribus
2543 2711 2841 2769 MantiLns.

1819 2808 1860 2879 ἰ·
1892 2807 1952 2864 S.
1984 2807 2240 2865 Willelmi
2267 2807 2338 2863 de
2369 2805 2568 2863 Archis
2598 2805 2876 2861 monachi.

1757 2963 1760 2966 ,
1819 2900 1862 2972 -ι-
1887 2900 1946 2958 S.
1978 2899 2330 2972 Eugehranni
2359 2899 2454 2954 filii
2478 2897 2726 2954 llilberti.

1819 2993 1862 3059 ’ἶ-
1885 2991 1944 3049 S.
1970 2991 2232 3048 Willelmi
2265 2991 2334 3047 de
2371 2990 2632 3048 Bretulio.

1822 3085 1864 3157 ϊ
1894 3085 1952 3140 S.
1981 3083 2241 3141 Willelmi
2266 3082 2336 3138 de
2365 3081 2666 3140 Similiaco.

1824 3178 1865 3250 ’ξ’
1897 3177 1956 3234 S.
1983 3177 2241 3234 Willelmi
2259 3177 2328 3233 de
2352 3175 2740 3232 Columberiis.

1675 3275 1722 3340 ϐ
1823 3311 1984 3368 Anno
2026 3313 2096 3369 ab
2142 3311 2528 3368 incarnatione
2550 3307 2791 3410 pmini
2834 3305 2994 3374 £096,
3042 3304 3344 3410 indict.hlv,

1751 3417 2114 3465 concurrente
2152 3423 2212 3474 ιι,
2259 3421 2408 3462 anno
2455 3395 2923 3476 xrx'prineipatus
2962 3399 3172 3455 domini
3231 3395 3344 3450 Bo-

1752 3501 1912 3568 berti,
1969 3499 2228 3556 Willehni
2267 3501 2430 3573 regis
2466 3499 2790 3570 Anglorum,
2823 3494 2918 3550 filii
2959 3493 3115 3548 ducis
3144 3489 3347 3546 Narth-

1755 3595 2013 3663 mannite,
2045 3595 2159 3652 htec
2187 3595 2376 3652 charta
2400 3591 2722 3650 confirmata
2749 3594 2911 3644 estet
2935 3583 3115 3656 sigillo
3144 3598 3247 3638 suo
3270 3581 3347 3636 si-

1757 3697 1944 3760 gnata.

1825 3805 2017 3860 Actum
2043 3803 2258 3876 publice
2287 3801 2546 3873 Bajocas;
2581 3811 2767 3852 mense
2792 3793 2956 3861 Maio,
2983 3791 3070 3846 die
3099 3789 3170 3844 2i
3205 3787 3350 3858 ejus-

1749 3897 1873 3954 dem
1914 3896 2144 3963 mensis,
2169 3912 2224 3950 ιλ
2255 3893 2375 3950 Kal.
2404 3891 2556 3960 Julii,
2581 3890 2708 3944 luna
2736 3901 2907 3954 xxvn,
2928 3883 3063 3940 feria
3093 3880 3346 3952 septima,

1753 3990 2019 4076 hissextili
2045 4005 2211 4068 anno.

106 4122 3334 4160 Μ*

593 4333 1142 4430 HUGONIS
1214 4335 1794 4435 EDESSENI
1870 4325 2789 4426 ABCHIEPISCOPI

339 4513 632 4594 Epistula
663 4514 739 4577 ad
767 4515 843 4576 Β.
883 4515 1272 4578 Remensem
1307 4511 1874 4654 arclgersiiscoplum
1901 4505 2341 4602 et_canonicos
2369 4512 2476 4569 SS.
2505 4513 2965 4583 Aposw.orum
2995 4500 3061 4560 et

1479 4639 1493 4654 .
1575 4607 1728 4654 vmn
1777 4605 2012 4653 artant.

1479 4639 1493 4654 .
1529 4605 2012 4672 sympnanam.

906 4737 1226 4820 Reliquias
1252 4737 1322 4800 S.
1365 4735 1661 4800 Thaddm'
1693 4744 1750 4796 et
1779 4731 2060 4813 Abagari
2087 4731 2252 4814 regis
2273 4729 2502 4793 mittit.

1185 4879 1462 4952 (Marmor,
1494 4875 1773 4948 Metropal.
1811 4874 1958 4930 Rem.
1985 4871 2050 4941 ll,
2078 4873 2233 4944 241.)

444 5178 537 5236 Dei
569 5179 744 5252 gratia
767 5175 1064 5256 venerabili
1106 5174 1362 5232 Remensi
1390 5173 1660 5246 archiepi-
1691 5178 1738 5235 D
1763 5171 2006 5231 Ecclesia
2045 5179 2229 5229 vestra
2279 5166 2580 5240 reperiens,
2613 5159 2846 5256 consilio
2880 5173 3004 5256 cum
3027 5155 3136 5256 illis
3170 5155 3356 5256 habito

105 5285 245 5342 scopo
283 5281 334 5328 et
361 5271 645 5329 canonicis
701 5269 804 5326 SS.
846 5269 1225 5341 apostolorum
1247 5277 1302 5324 et
1320 5267 1466 5324 beati
1497 5266 1656 5341 Sym-

107 5361 347 5430 phoriaui,
395 5362 568 5430 liceo,
599 5361 791 5419 eadem
841 5359 1012 5432 gratia
1064 5359 1360 5417 Edessena;
1388 5359 1544 5416 urbis
1569 5375 1658 5414 ur-

105 5447 466 5525 chiepiscopus,
513 5453 748 5510 salutem
773 5460 830 5510 et
857 5450 1153 5508 fraternam
1184 5451 1239 5507 in
1268 5450 1494 5508 Christo
1517 5451 1655 5505 dile-

109 5539 330 5622 ctionem.

423 5639 568 5710 regis
596 5635 1107 5710 Hierosolymorum
1143 5643 1198 5692 et
1227 5644 1404 5692 vester
1427 5635 1659 5707 capella-

114 5732 218 5785 ιιιιες
247 5735 359 5792 post
394 5730 699 5802 captionem
735 5729 952 5786 comitis
979 5727 1209 5785 Jazelini
1240 5744 1363 5784 cum
1399 5727 1657 5799 praedicto

117 5824 218 5880 rege
246 5815 304 5869 ad
334 5815 590 5878 Edessam
623 5822 815 5876 urbem
859 5822 1086 5878 veniens
1131 5830 1186 5878 ct
1223 5822 1490 5893 quosdam
1519 5820 1657 5874 ami-

119 5917 192 5958 ωε
215 5921 329 5965 suos
351 5911 410 5966 de
427 5914 675 5985 partibus
707 5915 925 5984 vestris,
949 5914 1208 5971 honestos
1238 5913 1388 5970 valale
1417 5915 1562 5969 vires
1603 5913 1654 5968 in

1765 5281 1932 5338 super
1984 5262 2222 5322 ecclesia
2275 5257 2660 5332 Apostolon
2689 5262 2743 5310 et
2775 5251 2919 5308 beati
2943 5247 3354 5323 Symphoriani,

1765 5355 1951 5427 inqua
1987 5369 2114 5411 eum
2142 5347 2488 5424 prmfecistis,
2527 5359 2652 5418 qua:
2678 5342 2844 5400 etiam
2873 5339 3176 5410 antiquitus
3201 5339 3357 5395 sedes

1763 5448 1975 5502 exstitit
1994 5441 2342 5518 episcopalis,
2363 5448 2419 5497 et
2439 5439 2586 5511 quod
2617 5436 2828 5492 nullum
2865 5449 3066 5507 corpus
3086 5430 3354 5488 nominati

1765 5539 1943 5596 sancti
1977 5539 2032 5592 in
2069 5553 2134 5593 ea
2177 5534 2386 5606 iaceret
2426 5531 2535 5588 illis
2583 5529 2876 5596 intimavit,
2913 5536 2968 5584 et
3002 5525 3147 5597 quod
3172 5533 3358 5595 petere

1765 5631 1926 5686 vellet
1959 5627 2222 5694 innotuit,
2263 5633 2318 5682 et
2357 5623 2502 5697 quod
2544 5621 2738 5680 devote
2763 5619 2921 5691 petiit
2941 5633 3000 5674 re
3036 5610 3164 5672 vera
3197 5629 3355 5671 asse-

1766 5731 1928 5779 cutus
1965 5731 2068 5778 est.
2101 5717 2344 5776 Tandem
2390 5718 2575 5789 itaque
2603 5714 2716 5771 Deo
2755 5713 2988 5780 valente,
3027 5721 3081 5766 ct
3103 5725 3228 5779 rege
3255 5721 3353 5762 eo-

1767 5833 1796 5872 a
1820 5815 2032 5886 ljutore,
2060 5813 2230 5870 sedet
2269 5819 2457 5867 nostra
2489 5807 2849 5881 permissione
2877 5806 2947 5860 ab
2979 5801 3222 5860 Ecclesia
3251 5815 3352 5854 na-

1771 5919 1819 5965 st
1852 5927 1880 5964 a
1913 5909 2230 5965 thesaurum
2259 5903 2463 5978 recepit
2484 5899 2967 5975 pretiosissimum,
3003 5893 3249 5949 videlicet
3273 5903 3333 5947 ro
