1919 3153
257 197 309 224 479
525 196 570 223 AD
587 196 811 225 GODEFRIDUM
831 195 976 223 ΛΡΡΕΜ).
999 194 1029 222 ll.

252 256 351 290 liquias
366 254 401 282 de
416 259 512 282 sancto
534 254 671 282 Thaddmo
685 254 808 289 apostolo
823 257 849 280 et
861 257 956 280 sancto
971 251 1045 278 Aba-

252 308 318 336 garo
336 308 399 336 rege
416 304 443 327 et
460 299 629 333 eonfessore,
653 303 720 335 quot
739 303 768 326 ut
787 306 881 326 verum
899 306 959 326 esse
980 305 1041 325 cre-

250 348 332 381 datis,
362 347 520 374 testimonio
546 351 640 374 nostro
665 350 691 373 et
718 352 897 381 personarum
913 343 1043 372 Ecclesia:

287 413 325 447 (2)
342 412 390 441 His
410 413 509 441 litteris
524 412 658 448 appendet
680 411 823 447 plumbum
846 419 918 448 cum,
933 410 985 448 ﬁlis
1000 418 1043 448 se-_

252 449 316 475 ricis
335 449 439 481 rubeis,
457 449 502 476 cui
520 446 652 483 impressa
673 452 714 475 est
726 447 825 482 efﬁgies
843 446 1044 483 archiepiscopi

251 491 312 511 cum
329 484 427 512 baculo
438 492 472 511 ex
486 491 541 511 uno
555 482 649 516 latere,
662 483 690 510 in
703 483 788 510 altero
800 490 864 510 vero
877 482 974 517 legitur
986 482 1045 508 ιιωο

1058 210 1083 213 -
1102 192 1236 221 ΜΟΝΕΜ.
1257 193 1301 220 DE
1322 193 1432 222 BELLO
1451 192 1574 222 SACRO.
1814 197 1854 224 480

1061 255 1083 282 Α
1098 255 1208 284 nostrae,
1225 249 1336 277 Gerardi
1357 249 1554 283 archidiaconi,
1572 248 1703 284 Stephani
1723 249 1820 284 decani,
1831 258 1861 279 at.

1095 303 1149 330 que
1160 294 1295 322 'l‘hesonis
1311 295 1476 322 thesaurarii
1488 294 1687 322 conﬁrmamus
1704 298 1730 322 et
1741 294 1812 331 sigilli
1823 305 1860 325 uo.

1096 341 1145 369 stri
1159 341 1338 376 impressione
1349 342 1502 376 signamus.
1520 339 1615 368 Valete
1631 339 1682 375 (Ξ).

1096 408 1180 436 latina
1204 408 1445 444 circumscriptio:
1470 406 1618 443 Ilugo,0ei
1638 406 1726 444 gratia
1747 406 1863 439 Edessena

1097 453 1112 471 a
1117 444 1320 479 rcliiepiscopus.

255 555 1857 571 -—————_——-—_‘———‘——'—'————__'I

443 662 790 720 FULCONIS
821 658 1363 718 ANDEGAVENSIS
1393 658 1690 718 COMITIS

788 776 1100 825 DONATION
1113 778 1174 822 ES
1210 777 1348 821 PI/E.

635 939 654 966 l.

250 986 376 1014 Ecclesia
396 985 425 1014 S.
451 986 572 1013 Mauritii
588 986 768 1047 Andi’gc‘vensi
790 985 892 1020 prwdia
918 984 1040 1019 quadam

579 1029 655 1047 (alter
677 1031 684 1047 ι
701 1042 708 1047 .

579 1029 708 1048 τοιιαταιι.

544 1068 634 1101 (Anno
658 1067 749 1101 1096.)

384 1114 468 1150 [Ca!l.
488 1113 587 1141 Christ.
600 1113 643 1140 ed.
662 1114 688 1145 ι,
702 1118 721 1140 ι.
740 1112 772 1145 ιι,
786 1120 812 1148 ρ.
829 1112 901 1148 128.]

283 1169 312 1197 In
324 1170 435 1196 nomine
449 1174 550 1196 sanetzc
563 1174 590 1196 et
614 1169 762 1197 individua:
778 1169 932 1202 Trinitatis,
951 1168 1041 1196 FuLco

249 1215 451 1250 Andegavensis
471 1222 573 1242 cernes.

284 1261 355 1288 Inter
369 1261 422 1288 alia
444 1269 501 1288 sua:
515 1260 707 1288 sollicitudinis
720 1260 809 1288 studia
832 1260 933 1296 quibus
946 1268 1042 1295 pecca-

249 1312 337 1335 torum
360 1307 410 1335 sibi
431 1307 574 1342 providere
588 1306 708 1333 remedia
728 1306 876 1333 hutnanam
898 1306 1040 1333 miseriam

248 1358 364 1389 oportet,
381 1354 446 1380 illud
465 1361 518 1381 non
546 1358 714 1388 postremum
727 1357 780 1386 est,
802 1353 825 1380 si
835 1353 912 1388 juxta
932 1352 1041 1379 Domini

248 1400 334 1427 nostri
346 1399 410 1426 Jesu
426 1399 528 1426 Christi
556 1399 677 1426 salutare
693 1399 828 1426 monitum
854 1398 946 1425 dando
970 1398 1036 1425 elec-

248 1453 390 1481 mosynam
409 1446 441 1472 de
463 1445 629 1472 transitoriis
643 1445 727 1479 hujus
750 1444 845 1471 mundi
859 1445 942 1471 rebus
965 1443 1042 1471 lucra

248 1491 338 1518 facere
353 1492 482 1526 perennia
495 1496 651 1526 satagamus
666 1501 672 1518 :
687 1496 714 1518 et
725 1491 834 1526 quidem
848 1491 873 1518 id
886 1491 979 1518 multis
990 1491 1041 1518 mi-

248 1537 405 1564 sericordiae
430 1537 574 1564 itineribus
597 1537 665 1564 adiri
682 1544 762 1571 posse
786 1536 903 1569 videtur,
922 1536 969 1563 sed
984 1536 1042 1563 lnec

248 1583 468 1618 eompendiosior
481 1591 541 1610 esse
556 1583 598 1610 via
613 1583 795 1616 existimatur,
809 1583 832 1610 si
850 1590 897 1617 per
913 1582 1041 1610 Ecclesiae

249 1636 433 1658 sacrosancta:
453 1630 644 1658 universorum
667 1630 787 1657 lidelium
802 1629 898 1657 matris
927 1637 1039 1657 manum

248 1681 357 1704 terrena
370 1676 507 1704 facultatis
523 1677 678 1712 temporalis
704 1676 843 1711 possessio
869 1676 895 1703 in
909 1680 1039 1703 aeternam

249 1723 430 1750 transferatur
447 1723 661 1758 possessionem,
674 1723 710 1750 ita
727 1722 822 1758 procul
837 1722 920 1749 dubio
932 1721 1041 1757 etjugi-

248 1770 300 1797 bus
315 1769 362 1796 Dei
377 1769 504 1796 laudibus
513 1769 615 1803 pariter
625 1774 651 1796 et
662 1776 813 1804 pauperum
828 1768 931 1795 Christi
945 1767 1040 1795 usibus

248 1816 381 1842 collatura
394 1815 557 1843 subsidium.
575 1815 641 1848 Qua:
656 1815 778 1850 profecto
794 1822 838 1842 res
858 1814 910 1841 hoc
930 1813 1041 1849 potissi-

249 1870 324 1889 mum
338 1866 458 1897 tempore
474 1862 565 1897 magni
581 1867 670 1897 potest
680 1869 741 1890 esse
759 1865 785 1889 et
796 1860 912 1896 exempli
934 1864 961 1888 et
984 1868 1041 1887 me-

249 1908 304 1941 riti,
326 1916 388 1935 eum
418 1908 521 1935 mundo
545 1913 599 1934 tant
614 1908 788 1935 vehementer
801 1907 827 1934 in
843 1907 960 1942 maligna
977 1914 1040 1941 pro-

248 1954 326 1988 lapso
340 1954 443 1982 instant
464 1958 586 1989 tempora
599 1954 763 1989 periculosa,
776 1958 803 1980 et
826 1958 890 1981 sunt
915 1952 1040 1980 homines

249 2008 378 2035 nequam,
388 2000 493 2034 seipsos
509 2005 537 2027 ut
551 2000 730 2033 arbitrantur,
740 2004 873 2032 amantes,
888 1999 935 2026 sed
946 2006 1040 2026 revera

249 2045 383 2077 odientes,
396 2052 427 2072 ac
439 2045 462 2072 si
478 2044 524 2071 Dei
541 2045 690 2080 direptores
704 2045 790 2080 parati
811 2049 876 2072 sunt
891 2044 1039 2077 innumeri,

249 2095 448 2119 sustentatores
456 2100 519 2119 vero
527 2092 570 2119 vix
584 2092 758 2119 inveniuntur
766 2091 935 2127 paucissimi.
957 2091 1041 2127 Igitur

250 2139 276 2165 in
301 2139 411 2165 nomine
429 2138 473 2166 Dei
498 2138 647 2166 Salvator-is
661 2139 765 2171 mundi,
778 2146 829 2173 ego
851 2138 934 2166 Fuleo
949 2139 1040 2166 divina

248 2185 424 2220 dispensante
436 2185 590 2218 clementia,
598 2184 804 2220 Andegavensis
814 2191 907 2212 comes
914 2184 947 2212 de
957 2184 1041 2212 Crea-

249 2230 317 2257 toris
328 2230 415 2258 nostri
431 2229 618 2258 misericordia
631 2237 686 2258 non
699 2230 859 2266 desperans,
875 2235 970 2258 notum
983 2229 1042 2259 fore

248 2276 330 2311 cupio
343 2280 398 2303 tam
424 2276 605 2312 prasentibus
628 2283 711 2311 quam
736 2275 837 2303 futuris
862 2276 896 2303 ad
920 2283 1038 2311 quorum

248 2322 374 2349 notitiam
386 2322 521 2357 pertinere
535 2320 686 2354 videbitur,
705 2320 837 2356 quoniam
858 2320 971 2355 aliquid.
984 2320 1040 2348 Deo

248 2366 382 2404 placente,
396 2371 424 2394 et
433 2366 462 2394 S.
471 2366 599 2394 Mauritio
610 2371 637 2394 et
645 2365 674 2393 S.
687 2363 814 2394 Maurilio
824 2373 976 2401 eorumque
984 2373 1041 2394 ser-

248 2412 384 2441 vitoribus
397 2413 564 2441 constituere
577 2412 669 2441 divina
691 2412 888 2441 deliberatione
903 2412 1042 2441 desidera-

248 2459 297 2491 vit,
312 2468 344 2488 ac
358 2460 469 2488 demum
480 2460 514 2488 ad
526 2459 662 2495 eﬁectum,
680 2459 736 2488 Deo
749 2459 925 2495 propitiante,
936 2464 963 2487 et
977 2459 1041 2487 ﬁliis

249 2506 327 2540 meis,
352 2506 484 2534 Gaufrido
497 2506 600 2534 scilicet
616 2511 644 2535 et
658 2506 831 2541 Fulconello,
854 2510 881 2534 et
896 2506 951 2533 ﬁlia
980 2513 1040 2533 mea

247 2551 427 2588 Ermingarde
440 2553 653 2582 concedentibus
666 2557 693 2581 et
715 2553 952 2587 conﬁrmantibus,
977 2560 1038 2588 ιιι-ον

249 2597 325 2626 duxi.
337 2597 414 2626 Dono
427 2606 493 2635 ergo
507 2598 564 2627 Deo
575 2603 603 2627 et
615 2598 645 2627 S.
665 2598 802 2632 Mauritio,
817 2599 898 2627 Matri
911 2598 1041 2626 Ecclesiae

249 2643 450 2680 Andegavensi,
472 2646 518 2673 cui
537 2646 668 2674 dominus
689 2645 838 2674 Gaufridus
850 2646 884 2673 de
906 2645 1040 2673 Meduana

249 2688 307 2717 Deo
321 2689 464 2718 ordinante
476 2695 573 2726 praeest
585 2691 742 2726 episcopus,
761 2695 849 2719 totum
866 2690 939 2726 quod
951 2691 1041 2719 habeo

249 2733 278 2762 in
291 2734 380 2762 insula
392 2734 521 2763 Calonna:
531 2736 650 2764 solutum
665 2740 693 2764 et
712 2737 846 2771 quietum,
861 2736 1040 2770 sicuthabeo,

250 2780 278 2808 in
298 2784 460 2816 perpetuum
486 2781 651 2815 habendum,
677 2782 835 2815 tenendum,
857 2781 1040 2816 vendendum,

250 2833 298 2854 seu
315 2826 474 2854 donandum
490 2827 534 2854 cui
559 2827 685 2860 voluerit,
711 2828 753 2855 vel
774 2835 949 2856 successores
968 2828 1039 2863 ejus,

250 2874 297 2902 sed
314 2878 341 2901 et
354 2882 453 2909 aquam
480 2874 558 2910 juxta
579 2874 768 2901 decurrentem
783 2874 816 2901 de
830 2878 905 2909 parte
927 2873 1041 2908 Septen-

252 2921 361 2949 trionali
384 2929 444 2949 uuae
465 2925 578 2949 vocatur
593 2920 753 2948 Meduanilis
772 2925 854 2948 totam
869 2921 938 2948 sicut
954 2920 1041 2948 habeo

1056 942 1077 972 Β
1093 943 1155 964 eum
1167 935 1244 964 omni
1259 935 1423 971 integritate,
1437 940 1463 963 et
1475 935 1604 963 omnibus
1613 943 1675 971 qua:
1696 935 1729 964 ad
1745 936 1824 972 ipsam
1834 936 1870 964 il-

1092 982 1181 1010 solam
1204 982 1245 1010 vel
1256 990 1355 1019 aquam
1382 982 1528 1017 pertinent,
1543 986 1656 1017 excepto
1679 983 1752 1018 quod
1771 983 1792 1010 si
1812 982 1867 1011 forte

1092 1027 1219 1055 homines
1236 1028 1289 1054 mei
1303 1035 1351 1063 per
1363 1027 1486 1054 eamdem
1503 1035 1603 1062 aquam
1621 1031 1790 1055 transeuntes
1811 1028 1871 1056 inter

1092 1082 1121 1101 se
1136 1073 1297 1102 seditionem
1313 1081 1426 1109 quoquo
1451 1073 1532 1100 modo
1548 1073 1678 1107 fecerint,
1691 1073 1763 1109 foris
1780 1073 1867 1102 factum

1092 1119 1143 1147 erit
1159 1127 1261 1153 meum,
1277 1119 1350 1154 quod
1367 1119 1390 1146 si
1404 1119 1530 1147 homines
1542 1119 1664 1154 episcopi
1688 1120 1758 1147 inter
1771 1127 1799 1148 se
1810 1120 1868 1148 sedi-

1093 1166 1194 1193 tionem
1209 1166 1332 1199 feeerint,
1349 1166 1417 1194 foris
1434 1165 1536 1194 factum
1550 1167 1604 1194 erit
1626 1167 1758 1202 episcopi,
1773 1167 1795 1195 si
1816 1175 1870 1195 vero

1093 1212 1219 1240 homines
1231 1213 1284 1239 mei
1299 1221 1362 1240 cum
1375 1213 1533 1241 hominibus
1556 1214 1688 1249 (Ἰξίονί,
1704 1214 1745 1241 vel
1761 1214 1869 1241 homines

1092 1259 1213 1294 episcopi
1230 1267 1292 1286 curn
1305 1259 1384 1292 uicis,
1398 1259 1560 1286 seditionem
1576 1258 1700 1294 fecerint,
1721 1259 1789 1288 inter
1801 1267 1839 1287 me
1849 1265 1870 1287 ct

1092 1306 1251 1342 episcopum
1266 1306 1317 1332 erit
1330 1305 1396 1333 foris
1413 1305 1526 1339 factum,
1542 1305 1589 1333 sed
1605 1305 1752 1341 episcopus
1768 1305 1869 1334 distrin-

1093 1356 1136 1388 get
1148 1360 1195 1379 eos
1209 1352 1251 1379 vel
1262 1352 1425 1387 pnepositus
1437 1352 1497 1387 ejus
1505 1356 1531 1379 et
1539 1352 1655 1387 accipiet
1668 1352 1702 1379 de
1713 1351 1870 1380 districtione

1094 1398 1122 1425 11
1140 1398 1241 1425 solidos
1262 1403 1288 1425 et
1304 1398 1459 1426 dimidium.
1483 1398 1587 1434 Itaque,
1604 1399 1675 1426 sicut
1697 1399 1870 1434 supradictutn

1093 1449 1145 1478 est,
1159 1445 1294 1473 donamus
1312 1450 1339 1472 et
1364 1447 1470 1473 firmam
1497 1445 1556 1473 fore
1573 1446 1643 1474 hanc
1666 1446 1835 1474 donationem
1848 1447 1870 1474 in

1093 1496 1254 1527 perpetuum
1283 1492 1410 1519 volumus
1432 1497 1486 1519 tam
1513 1499 1574 1525 ego,
1602 1500 1685 1527 quam
1711 1491 1871 1524 llliietﬁliz,

1093 1539 1211 1573 acceptis
1226 1543 1316 1566 tamen
1340 1538 1462 1573 quinque
1475 1538 1549 1565 niille
1565 1538 1661 1566 solidis
1681 1538 1872 1574 Andegavensis

1094 1588 1209 1611 moneta
1222 1584 1256 1610 ab
1272 1584 1331 1618 ipso
1341 1583 1469 1618 episcopo
1484 1583 1632 1610 Gauﬁ‘rido.
1643 1583 1675 1611 Et
1689 1588 1719 1611 ut
1731 1584 1787 1612 haec
1798 1584 1872 1612 dona-

1055 1615 1078 1644 δ
1094 1630 1131 1657 tio
1147 1635 1173 1657 et
1186 1615 1328 1657 concessio
1344 1615 1451 1657 li-rmum
1463 1634 1489 1657 et
1505 1629 1661 1657 inviolabile
1682 1630 1709 1657 in
1721 1635 1871 1666 perpetuum

1092 1675 1177 1703 robur
1196 1676 1304 1709 habeat,
1320 1676 1460 1703 advocatis
1471 1681 1526 1703 tam
1542 1676 1575 1703 de
1587 1681 1663 1711 parte
1675 1684 1746 1710 mea,
1761 1677 1873 1712 quamde

1092 1727 1167 1756 parte
1181 1722 1302 1757 episcopi
1318 1726 1345 1749 et
1359 1722 1514 1749 videntibus
1525 1726 1552 1749 et
1566 1722 1741 1750 audientibus
1752 1722 1873 1759 legalibus

1091 1776 1123 1795 ac
1134 1768 1321 1803 probabilibus
1331 1768 1467 1803 personis,
1479 1776 1597 1803 quorum
1611 1769 1722 1796 nomina
1732 1769 1872 1804 subscripta

1092 1818 1166 1847 sunt,
1191 1814 1301 1849 propria
1322 1821 1404 1840 manu
1431 1813 1533 1840 donum
1565 1821 1614 1848 per
1639 1814 1780 1842 cultellum
1803 1820 1873 1850 super

1092 1858 1177 1885 altare
1203 1858 1374 1886 Dominicum
1398 1857 1513 1886 fecimus
1531 1863 1555 1885 et
1584 1858 1666 1886 scribi
1691 1859 1831 1894 jussimus,
1850 1862 1874 1887 et

1093 1904 1120 1931 S.
1147 1904 1245 1932 Crucis
1264 1905 1334 1932 hanc
1355 1904 1479 1931 chartam
1503 1905 1596 1932 subter
1614 1905 1793 1933 ﬁrmavimus.
1806 1904 1872 1939 Quod

1092 1953 1190 1987 siquis
1216 1960 1407 1980 successorum
1428 1953 1470 1980 vel
1493 1953 1631 1980 liazredum
1659 1961 1795 1988 meorum,
1809 1954 1872 1990 quod

1092 1999 1177 2025 absit!
1193 2004 1239 2025 aut
1257 1999 1293 2031 vi,
1313 2003 1359 2026 aut
1371 1998 1444 2025 malo
1458 1999 1578 2026 conlisus
1595 1999 1706 2034 ingenio
1721 1999 1791 2028 hanc
1804 2000 1873 2028 char-

1092 2050 1146 2071 tatn
1162 2045 1310 2079 aliquando
1318 2053 1429 2072 cassare
1443 2045 1598 2078 tentaverit,
1611 2050 1721 2073 centum
1733 2046 1814 2074 libras
1822 2046 1873 2074 auri

1092 2091 1231 2125 purissimi
1247 2091 1393 2118 damnatus
1410 2092 1556 2126 persolvat,
1573 2096 1600 2119 et
1613 2097 1730 2120 conatus
1741 2093 1800 2128 ejus
1816 2093 1871 2120 επο-

1092 2141 1166 2163 ctum
1181 2144 1234 2163 non
1253 2136 1380 2170 habeant,
1393 2141 1420 2163 et
1431 2141 1494 2163 ante
1506 2137 1625 2163 tribunal
1635 2136 1740 2164 Christi
1751 2138 1871 2165 rationem

1092 2181 1251 2209 redditurus
1280 2183 1402 2216 assistat,
1417 2186 1444 2210 et
1470 2181 1547 2210 ludat
1576 2181 1726 2217 lseariotis,
1756 2183 1798 2211 vel
1823 2190 1872 2211 om.

1093 2229 1170 2257 nium
1195 2229 1242 2265 qui
1264 2229 1363 2265 impias
1392 2237 1491 2258 manus
1516 2229 1544 2257 in
1565 2229 1712 2257 Dominum
1734 2231 1872 2266 injecerunt

1055 2287 1078 2316 υ
1092 2275 1186 2303 socius
1202 2280 1333 2310 perpetuo
1359 2280 1387 2304 et
1416 2275 1598 2303 indissolubili
1626 2275 1799 2304 anathemate
1814 2284 1871 2304 eon-

1091 2321 1243 2349 demnetur.

1129 2367 1225 2395 Actum
1251 2366 1406 2403 Andegavis
1432 2366 1460 2394 in
1486 2375 1595 2395 camera
1617 2368 1752 2404 episcopi,
1777 2376 1803 2396 ll
1820 2366 1870 2394 Kal.

1090 2412 1166 2448 Julii,
1183 2414 1274 2449 vigilia
1289 2413 1318 2441 ὃ.
1332 2412 1448 2441 Joannis
1461 2413 1589 2449 Baptista:
1603 2422 1677 2442 anno
1688 2414 1794 2442 Domini
1803 2414 1871 2446 l096.

1092 2460 1241 2487 indictione
1258 2468 1295 2494 tv,
1310 2464 1405 2495 epacta
1426 2468 1506 2493 uin,
1520 2468 1593 2488 anno
1605 2468 1661 2496 quo
1676 2460 1872 2489 innumerabilis

1091 2505 1209 2540 populus
1222 2505 1278 2533 ibat
1295 2505 1322 2533 in
1338 2504 1509 2534 Hierusalem
1523 2506 1557 2534 ad
1583 2506 1769 2541 depellendam
1784 2506 1870 2534 Piueec

1091 2556 1220 2579 natorum
1245 2552 1366 2587 perﬁdia
1385 2552 1614 2588 persecutionem,
1637 2553 1742 2582 scilicet
1762 2552 1870 2581 secundo

1092 2605 1165 2626 anno
1178 2606 1233 2634 quo
1249 2597 1378 2626 Urbanus
1392 2606 1462 2634 papa
1485 2598 1661 2634 Andegavnm
1674 2600 1801 2633 visitavit,
1815 2598 1870 2626 Phi-

1092 2645 1167 2682 lippo
1195 2649 1327 2680 regnante
1357 2653 1441 2680 super
1468 2644 1606 2679 Francos,
1634 2644 1754 2674 Fulcone
1772 2645 1868 2681 juniore

1091 2692 1251 2720 dominante
1277 2699 1360 2727 super
1380 2691 1583 2727 Andcgavinos,
1601 2699 1675 2719 anno
1689 2690 1869 2720 dominationis

1092 2738 1179 2773 ipsius
1193 2746 1270 2771 uix,
1287 2737 1338 2765 sub
1350 2736 1492 2765 Gauﬁ‘rido
1510 2738 1543 2766 de
1566 2737 1699 2766 Meduana
1720 2738 1868 2773 Andcgavo-

1092 2792 1153 2812 rum
1167 2784 1308 2820 episcopo,
1317 2791 1390 2812 anno
1405 2792 1414 2812 ι
1428 2784 1609 2813 ordinationis
1624 2784 1720 2820 ipsius,
1728 2783 1799 2819 quod
1808 2782 1869 2815 εἰάθ-

1092 2834 1156 2857 runt
1167 2833 1317 2865 praesentes
1331 2835 1359 2857 et
1371 2830 1518 2857 audierunt
1531 2830 1576 2857 isti
1596 2830 1722 2857 canonici
1735 2833 1762 2858 et
1774 2828 1868 2860 clerici;

1092 2874 1125 2902 de
1147 2879 1224 2910 parte
1246 2874 1386 2910 episcopo,
1414 2875 1566 2902 Gosbertus
1587 2873 1720 2908 decanos,
1745 2873 1869 2901 llubertus

1094 2926 1201 2954 cantor,
1226 2920 1380 2949 Bernardus
1402 2921 1487 2949 abbas
1509 2920 1537 2948 S.
1562 2920 1660 2956 ενοι-κῆ,
1676 2920 1770 2949 Petrus
1784 2927 1867 2948 mou:-
