3808 6306
81 392 172 454 ιει
255 399 262 404 ’
935 391 1279 451 FULCONiS
1314 392 1569 449 ANDEG.
1612 391 1848 450 COMIT.
1893 391 2336 450 DONATlONES
2376 393 2532 451 [’le.
3241 395 3348 458 482

81 512 229 574 chus,
283 503 606 562 Gnillelmus
659 502 1130 577 Transligerensis
1197 507 1644 576 archidiaconus,
1678 514 1723 574 Α
1753 506 1898 564 hera:
1925 517 1978 564 et
2007 507 2206 580 quietae
2241 520 2424 566 erunt.
2473 505 2530 564 Si
2566 509 2754 564 vinum
2788 525 2970 566 meum
3005 528 3130 570 cum
3161 513 3348 574 hanno

79 601 390 657 Guarnerius
415 596 996 655 Transmeduanensis
1017 599 1644 668 archidiaconus;Eudo
1752 599 2067 666 vendidero,
2098 599 2397 657 bannerius
2443 617 2600 657 meus
2646 605 3008 659 torrentulum
3061 607 3128 662 de
3176 605 3346 664 Barra

77 693 516 764 archipresbyter,
569 690 868 748 Gaul'ridus
905 690 1187 766 Girhanei,
1220 689 1545 748 Vuillelmus
1577 693 1645 750 de
1748 706 1861 745 non
1893 692 2147 748 transibit
2175 709 2341 748 causa
2369 691 2618 764 capiendi
2648 710 2774 750 vasa
2803 697 3113 752 ensentium
3152 714 3348 753 monau

76 786 127 848 ὃ.
151 784 343 850 Laudo,
363 783 776 854 Radulphusde
801 782 973 850 Valle,
1002 783 1646 852 Richaldus,Gaufridus
1750 782 1981 838 chorum
2033 783 2242 839 vinum.
2303 783 2360 838 Si
2412 785 2651 840 duellum
2691 787 2830 841 inter
2874 787 3127 844 homines
3162 790 3346 846 insur-

80 877 200 934 Guid
233 875 469 943 Gedeon,
505 875 812 932 Willelmus
852 875 1036 932 Musca
1057 919 1072 942 ,
1096 875 1394 932 Bernerius
1420 875 1646 932 Macon-
1751 873 1974 940 rexerit,
2006 874 2116 931 illic
2145 877 2368 932 ﬁniatur
2402 894 2413 930 :
2446 877 2492 932 si
2521 894 2645 932 cum
2676 894 2788 933 uno
2812 879 3030 934 illorum
3057 880 3342 936 hominum

75 971 162 1024 dus
178 955 474 1023 canonicus
496 967 726 1052 cellarii,
747 967 1002 1024 Alherius
1027 967 1348 1039 capellanus
1373 967 1641 1038 episcopi,
1750 975 1804 1023 et
1829 967 1938 1022 alio
1969 978 2250 1033 extraneo,
2283 968 2557 1025 similiter.
2591 967 2947 1040 Praepositus,
2977 989 3079 1028 nec
3106 973 3346 1030 vicarius

77 1062 358 1118 “'illelmus
413 1061 484 1116 de
536 1059 864 1126 Camiliaco,
927 1059 1209 1126 Juhellus,
1267 1059 1528 1115 Gol'ridus
1573 1061 1643 1116 de
1748 1057 1817 1114 de
1843 1058 2058 1114 illorum
2091 1059 2314 1114 homine
2345 1075 2452 1114 non
2498 1076 2556 1115 se
2601 1059 2944 1130 intermittat,
2991 1079 3093 1118 nec
3142 1071 3345 1119 terram

74 1155 244 1209 Castro
269 1137 544 1219 Gonterii,
566 1153 894 1209 Benedictus
921 1153 1223 1224 presbyter,
1249 1152 1553 1209 Gosbertus
1579 1151 1637 1208 S.
1749 1151 1967 1206 illorum
2001 1149 2186 1217 intret,
2233 1167 2336 1207 nec
2360 1150 2640 1221 justitiam
2663 1153 2729 1208 de
2757 1153 2972 1208 illorum
3003 1155 3227 1210 homine
3257 1153 3343 1210 fa-

75 1247 283 1302 llaurilrli
314 1246 642 1314 canonicus,
674 1245 1007 1302 Laurentius
1054 1245 1111 1300 S.
1145 1245 1381 1302 Maurilii
1412 1262 1639 1316 canon.,
1747 1243 1890 1310 ciat;
1922 1243 2283 1316 quoadusque
2325 1244 2620 1300 clamorem
2652 1245 2719 1299 ad
2750 1245 3001 1301 abbatem
3031 1247 3114 1303 bis
3143 1247 3343 1303 factam

75 1339 323 1395 Goli'ridus
378 1339 582 1406 (Sosin,
613 1339 938 1411 Radulphus
981 1339 1243 1407 clericus,
1277 1339 1642 1396 Rosocelinus
1748 1337 1964 1394 habeat.
2013 1336 2094 1391 Ad
2124 1335 2310 1392 villam
2349 1353 2480 1392 vero
2514 1336 2804 1393 Lanariam
2853 1349 3101 1394 exartum
3133 1339 3254 1396 dedi
3289 1339 3347 1394 in

74 1432 350 1504 presbyter,
407 1431 656 1487 Joannes
706 1432 776 1486 de
829 1429 1167 1486 Ramorforti
1223 1431 1524 1488 canonicus
1581 1429 1638 1487 S.
1747 1431 1969 1502 angulo.
2019 1429 2125 1484 Sed
2155 1445 2266 1485 non
2297 1438 2382 1485 est
2411 1430 2702 1486 tacendum
2751 1431 2896 1502 quod
2940 1432 3186 1488 ecclesiae
3211 1448 3345 1488 con-

72 1523 305 1590 Joannis;
333 1532 387 1579 et
429 1525 525 1579 isti
577 1523 702 1580 laici
735 1523 1052 1580 :Goﬂ'ridus
1098 1523 1244 1580 ﬁlius
1289 1522 1536 1579 Eudonis
1576 1523 1645 1579 de
1745 1523 1910 1592 cessi,
1941 1523 1986 1580 si
2015 1523 2292 1599 exercitus
2339 1538 2495 1579 mens
2524 1523 2646 1578 ierit
2675 1521 2731 1578 in
2758 1535 2958 1578 terram
2992 1524 3345 1580 inimicorum

73 1616 310 1681 Calonna,
331 1615 591 1689 Pagants
617 1616 786 1672 frater
809 1616 950 1686 ejus,
968 1615 1124 1671 Eudo
1149 1616 1297 1672 ﬁlius
1318 1614 1461 1686 ejus,
1485 1615 1645 1671 Ame-
1746 1631 2017 1682 meorum,
2050 1629 2218 1671 causa
2247 1614 2499 1670 vastandi
2546 1627 2640 1670 aut
2669 1623 2912 1671 castrum
2943 1614 3202 1682 faciendi,
3231 1631 3345 1670 non

75 1708 200 1764 ricus
245 1707 508 1774 clericus;
560 1709 629 1764 de
659 1715 812 1780 parte
841 1709 1080 1776 comitis,
1113 1707 1224 1762 Leo
1253 1707 1322 1762 de
1365 1705 1638 1775 Briole'do,
1744 1711 1832 1762 ea't
1863 1707 2031 1762 homo
2057 1706 2304 1762 ecclesia:
2345 1706 2516 1773 illius,
2563 1706 2672 1762 nisi
2717 1707 2918 1762 bellum
2965 1707 3345 1774 insurrexerit,

75 1799 216 1857 l-‘ulco
257 1801 400 1856 ﬁlius
456 1799 716 1869 Ursonis,
769 1800 1158 1872 Segehrandus
1187 1815 1375 1855 eomes
1410 1799 1638 1866 stabuli,
1744 1799 1991 1869 plaustra
2020 1814 2122 1855 nec
2149 1799 2338 1865 boves,
2370 1814 2472 1854 nec
2496 1798 2636 1854 asini
2669 1799 2889 1854 illorum
2921 1814 2952 1854 a
2997 1800 3135 1855 meis
3178 1799 3344 1854 mini-

72 1889 238 1945 Petrus
265 1889 646 1956 Rubiseallus,
696 1891 960 1950 Giraldus
1010 1889 1357 1962 prapusitus,
1409 1888 1640 1946 Geticus
1669 1873 1717 1934 ’Β
1745 1891 1876 1947 stris
1901 1905 2012 1948 non
2041 1890 2344 1962 capientur.
2377 1888 2574 1946 Omnia
2604 1890 2773 1946 libera
2807 1899 2859 1947 et
2887 1890 3071 1962 quieta
3102 1889 3212 1946 sint
3241 1890 3344 1946 eis.

74 1981 193 2037 ﬁlius
211 1981 344 2052 ejus,
363 1980 618 2038 llerveus
635 1981 974 2049 Rosondelli,
990 1981 1301 2036 Richardus
1313 1981 1380 2036 de
1394 1979 1452 2034 S.
1467 1979 1641 2047 Quin—
1743 1981 1899 2040 Hanc
1921 1997 2104 2038 autem
2134 1983 2486 2038 donationem
2514 1981 2615 2038 feci
2643 1998 2791 2038 anno
2817 1998 2968 2037 xxvu
3007 1981 3229 2037 Roherti
3262 1997 3348 2036 re-

73 2073 186 2139 tino,
208 2072 527 2130 Gaun‘ridus
555 2073 768 2143 Trevis,
799 2072 956 2147 llugo
977 2074 1045 2130 de
1068 2073 1242 2142 Vado,
1275 2071 1551 2130 Ranull‘us
1572 2073 1641 2130 de
1741 2075 1827 2148 gis
1855 2075 1952 2130 ﬁlii
1983 2073 2230 2147 Hugonis
2271 2073 2476 2145 Magni.
2529 2072 2833 2144 Postquam
2882 2087 3012 2127 vero
3062 2071 3349 2127 Baldricus

70 2164 308 2221 Credone.
1743 2166 1914 2222 abbas
1960 2165 2358 2222 monasterium
2407 2165 2721 2237 dereliquit,
2769 2181 3125 2236 eremumque
3156 2163 3346 2220 furtim

130 2255 338 2328 Signum
387 2258 660 2316 Fulconis
718 2257 968 2326 comitis;
1009 2256 1068 2313 S.
1123 2256 1335 2315 Gofridi
1363 2257 1462 2314 lilii
1484 2257 1636 2330 ejus;
1744 2256 1922 2329 petiit,
1951 2271 2018 2312 ac
2063 2263 2402 2326 postremum
2434 2254 2614 2326 majus
2644 2255 3040 2310 monasterium
3073 2254 3344 2324 repatria—

73 2345 290 2405 Falconis
311 2349 407 2406 lilii
436 2351 590 2423 ejus,
618 2351 996 2424 Ermingardis
1018 2351 1163 2407 tilia.
1740 2349 1838 2415 vit,
1865 2347 2010 2419 apud
2039 2346 2521 2403 Thabennensium
2570 2345 2971 2402 monasterium
3017 2346 3183 2401 vitam
3216 2346 3344 2400 tini-

811 2458 873 2514 ΙΙ.
1689 2487 1694 2490 .
1739 2442 1839 2498 vit.
1871 2440 2004 2498 Post
2027 2440 2176 2502 hunc
2207 2440 2444 2495 domnus
2476 2437 2734 2494 Albcrtus
2764 2437 3125 2510 Reginaldum
3152 2453 3348 2494 mona-

174 2549 362 2606 (Πρω-τα
383 2552 701 2606 donationis
719 2568 813 2622 pro
834 2551 1156 2605 monasterio
1185 2549 1243 2606 S.
1271 2549 1510 2605 Nicolai.

1843 2548 1914 2587 Im
1941 2531 2066 2587 loco
2093 2531 2214 2602 ejus
2241 2529 2502 2597 restituit,
2533 2529 2628 2600 qui
2658 2537 2784 2585 ante
2813 2528 3246 2584 benedictionem
3278 2528 3347 2584 ad

75 2643 394 2714 (Brericulum
420 2620 764 2716 fundationis
793 2655 842 2698 et
867 2645 1031 2716 series
1059 2643 1311 2716 abbatum
1335 2642 1391 2698 S.
1424 2631 1579 2696 Nico!

1843 2631 1916 2680 tt'n
1946 2639 2130 2680 meum
2157 2621 2511 2679 Gaull'rednm
2557 2620 2716 2695 fugit,
2759 2630 2923 2692 atque
2950 2620 3194 2692 regimen
3225 2635 3347 2675 mo-

129 2712 498 2786 Andegaven'sis
567 2726 794 2771 auctore
864 2714 1162 2770 Laurentio
1216 2713 1637 2781 Laeni-Larisa.
1743 2716 1972 2775 nasterii
1999 2714 2424 2772 Vindocinensis
2464 2713 2676 2768 noviter
2705 2712 3006 2770 constructi
3037 2714 3246 2782 absque
3276 2713 3345 2767 li»

132 2802 239 2859 Ρ²8ο
273 2786 350 2858 ⁵ο)
1743 2810 1922 2868 centia
1945 2808 2030 2866 sui
2067 2806 2282 2863 abbatis
2311 2804 2569 2876 suscepit.
2602 2803 2899 2876 Postquam
2925 2804 3038 2860 vidi
3065 2818 3189 2860 esse
3219 2801 3344 2858 illu-

131 2897 311 2958 Priscis
356 2900 710 2974 temporibus
757 2897 1010 2955 nonnulli
1057 2913 1216 2970 reges
1261 2913 1326 2954 ac
1367 2897 1644 2970 principes
1745 2917 1867 2958 sum
1893 2916 1925 2956 a
1954 2899 2170 2956 duobus
2195 2897 2508 2964 abbatibus,
2527 2896 2704 2952 iratus
2728 2895 2886 2954 valde
2903 2895 3046 2968 jussi
3069 2903 3129 2952 ut
3151 2911 3346 2952 mona-

79 2990 299 3049 ecclesias
319 2991 374 3048 in
397 2990 617 3048 Christi
645 2991 869 3048 nomine
896 2989 1169 3047 aediﬁcare
1195 2997 1546 3046 curaverunt.
1579 2987 1646 3044 Et
1745 2993 1835 3050 chi
1879 2993 1972 3048 alii
2031 2977 2100 3048 ad
2165 2987 2561 3046 monasterium
2620 3003 2784 3045 suum
2827 2987 2936 3045 cito
2983 2996 3344 3044 remeassem.

78 3099 158 3153 ego
179 3083 334 3143 Fulco
359 3101 560 3142 comes
588 3085 1032 3158 Andegavorum,
1065 3083 1191 3140 licet
1241 3083 1310 3139 de
1353 3082 1563 3138 ultimis
1591 3091 1646 3138 et
1747 3083 1952 3141 Deinde
1981 3083 2168 3157 rogavi
2191 3084 2453 3139 domuum
2487 3081 2820 3139 Vualterium
2865 3080 3118 3137 abbatem
3160 3079 3348 3136 Sancti

78 3174 324 3235 desidiosis
364 3177 695 3234 hominibus
747 3193 914 3244 unus,
961 3176 1018 3231 in
1070 3173 1166 3231 Dei
1218 3175 1443 3230 nomine
1481 3182 1645 3244 atque
1684 3241 1712 3246 _
1747 3176 1928 3232 Albini
1952 3177 2298 3232 utdomnum
2322 3174 2600 3230 Hildinum
2637 3174 2876 3246 priorem
2919 3172 3066 3229 illius
3101 3173 3350 3230 ecclesiae

79 3270 245 3324 summi
270 3272 529 3342 praesulis
554 3270 761 3326 Christi
803 3241 1036 3336 Nicolai,
1074 3269 1362 3325 ecclesiam
1414 3267 1467 3322 in
1514 3241 1644 3338 pro-
1671 3241 1718 3303 θ
1747 3268 2130 3325 concessisset.
2175 3267 2280 3336 Qui
2322 3270 2609 3325 ordinatus
2638 3241 2798 3325 anno
2822 3266 2963 3322 1032
2999 3267 3069 3323 ab
3091 3265 3350 3324 lnearna-

79 3370 233 3424 specta
259 3361 406 3420 urbis
435 3362 752 3434 Andegavae
775 3361 1045 3420 aaditisare
1073 3360 1311 3417 decrevi.
1353 3359 1433 3414 Ac
1463 3359 1642 3414 mille-
1745 3362 1895 3417 tione
1937 3361 2176 3426 Domini,
2219 3363 2308 3418 die
2352 3361 2661 3419 Nativitatis
2688 3362 2863 3418 beata:
2901 3360 3104 3428 Mariae,
3137 3359 3230 3432 qui
3263 3367 3350 3416 est

78 3451 193 3509 simo
248 3455 521 3528 vigesimo
571 3470 719 3510 anno
781 3454 852 3510 ab
903 3452 1288 3510 lnearnatione
1340 3451 1560 3506 Domini
1609 3465 1642 3505 a
1745 3470 1924 3510 annus
1947 3454 2143 3509 tertius
2168 3451 2385 3509 llenrici
2409 3451 2575 3522 regis,
2602 3451 2998 3508 monasterium
3022 3449 3351 3522 regulariter

79 3539 247 3600 domno
285 3545 529 3616 praesule
572 3543 815 3600 lluberto
862 3543 1090 3600 nomine
1139 3543 1295 3598 urbis
1345 3541 1640 3614 praedictae,
1747 3547 1906 3620 regit.
1971 3546 2082 3603 Res
2140 3558 2322 3602 autem
2368 3545 2615 3602 ecclesiae
2653 3544 3006 3616 praescriptas
3047 3559 3078 3598 a
3122 3543 3349 3600 domino

79 3629 160 3687 ieci
201 3651 427 3694 sacrare.
487 3635 616 3694 Post
659 3635 820 3708 cujus
865 3635 1254 3703 saerationem,
1306 3649 1418 3690 non
1469 3633 1646 3690 multo
1743 3638 2096 3712 Berengario,
2121 3646 2286 3710 atque
2304 3639 2529 3694 domino
2573 3636 2876 3708 R'ginaldo
2918 3636 3159 3692 scribere
3178 3636 3348 3706 jussi,

78 3735 178 3793 Ροδι
202 3735 450 3800 “tmpore.
491 3744 560 3786 ex
589 3729 878 3785 monachis
906 3727 1094 3783 8³110ῑὶ
1118 3726 1335 3782 Martini
1367 3733 1643 3782 ωοηθειεο
1743 3744 1798 3789 et
1828 3733 2152 3804 priusquam
2198 3733 2264 3787 ad
2287 3731 2590 3787 Jerusalem
2617 3729 2806 3786 ultima
2831 3728 2949 3784 vice
2974 3729 3340 3800 perrexissem

82 3817 136 3870 ι’ἰί
175 3820 382 3891 majoris
431 3821 666 3877 nomine
711 3820 1022 3875 Baldricum
1058 3818 1310 3874 abbatem
1358 3816 1642 3886 constitui,
1745 3842 1911 3881 manu
1936 3842 2054 3881 mea
2078 3825 2448 3881 corroborari.

81 3915 215 3978 atque
239 3910 300 3965 ad
328 3909 567 3967 fratrum
613 3911 1092 3975 sustentationem,
1123 3917 1288 3980 atque
1316 3924 1640 3980 pauperum,
2502 3913 2590 3970 Ill.

81 4013 133 4052 ex
157 4002 277 4058 meis
303 4005 473 4059 rebus
499 4002 735 4074 propriis
763 4003 942 4074 ipsam
973 4001 1149 4057 ditare
1168 4002 1377 4057 curavi.
1409 4001 1542 4057 Dedi
1565 4000 1642 4056 illi
1745 4006 1932 4062 Altera
1977 4007 2199 4062 donatio
2263 4007 2589 4079 pro_eodem
2655 4004 2978 4079 monasterio
3024 4003 3082 4060 S.
3130 4002 3348 4058 Nicolai

80 4094 288 4150 ecclesiae
315 4112 484 4167 super
504 4095 681 4166 ripam
709 4095 926 4150 Brionel
957 4095 1148 4150 vineas
1174 4109 1240 4150 ac
1261 4094 1643 4166 viridigarium
2263 4076 2272 4079 ⁷
2339 4077 2532 4146 (“ida
2572 4093 2626 4148 P-
2661 4076 2735 4148 7).

82 4186 320 4251 genitricis
343 4205 506 4256 meae,
523 4205 648 4246 cum
670 4188 901 4244 culturis
925 4189 1164 4259 propriis
1183 4204 1322 4260 quas
1343 4188 1641 4259 exstirpavi
1816 4189 2092 4260 Quantum
2131 4189 2439 4247 intellectus
2481 4205 2789 4261 sensusque
2836 4189 3115 4245 humanus
3165 4197 3347 4260 potest

81 4281 124 4325 et
144 4277 500 4346 complanavi;
533 4278 766 4350 dedique
809 4278 888 4334 illi
936 4278 992 4332 in
1037 4278 1240 4349 lupello
1270 4277 1559 4334 duodecim
1588 4287 1644 4335 et
1743 4292 1926 4341 mente
1948 4284 2130 4356 sagaci
2157 4299 2410 4355 pensare,
2428 4292 2593 4356 atque
2622 4284 2812 4340 solerti
2834 4283 3188 4356 indagatione
3215 4297 3344 4353 per-

82 4369 372 4439 eoamplius
426 4385 707 4440 arpennos
755 4379 1062 4441 pratorum.
1113 4368 1242 4427 Haec
1291 4370 1475 4426 omnia
1523 4371 1644 4430 sine
1744 4378 2001 4450 pendere,
2029 4375 2168 4432 nihil
2196 4375 2437 4448 amplius
2471 4375 2609 4432 valet
2647 4375 2791 4431 inter
2823 4375 2991 4448 hujus
3032 4374 3218 4431 steculi
3251 4373 3343 4429 fu-

82 4467 222 4512 censu
244 4468 296 4514 et
319 4461 437 4516 sine
469 4460 699 4528 decima,
733 4461 903 4516 libera
931 4470 985 4516 et
1013 4461 1199 4532 quieta
1225 4469 1286 4516 ut
1311 4463 1493 4534 regale
1519 4463 1641 4518 alo-
1743 4470 1907 4543 gitiva
1937 4469 2160 4540 gaudia,
2188 4469 2255 4524 ad
2277 4479 2538 4524 aeternam
2563 4468 2982 4525 retributionem
3026 4482 3346 4539 promeren-

84 4546 366 4655 dium.“V.i-a
394 4561 583 4609 autem
614 4553 963 4655 triumphalis
992 4568 1116 4624 quae
1141 4552 1294 4655 ducit
1342 4554 1410 4610 ad
1446 4554 1638 4612 civita-
1669 4595 1716 4655 ι)
1743 4561 1895 4628 dam,
1919 4576 2087 4632 quam
2115 4559 2164 4616 si
2183 4575 2274 4616 res
2302 4558 2555 4632 proprias
2586 4559 2722 4616 locis
2774 4557 2976 4615 divina:
3004 4557 3345 4614 venerationi

85 4647 192 4707 tem,
214 4643 397 4701 dividit
419 4646 668 4702 culturas
696 4645 797 4701 bas
824 4654 880 4701 et
913 4654 1115 4702 terram
1143 4645 1212 4701 ad
1239 4661 1336 4702 eas
1363 4647 1640 4718 pertinen-
1670 4643 1711 4655 ”
1742 4652 2063 4725 praeparatis
2086 4652 2140 4707 in
2184 4653 2505 4709 alimoniam
2533 4667 2794 4708 curemus
2834 4651 3172 4723 impendere,
3204 4666 3346 4722 qua-

85 4737 194 4787 tern.
221 4732 386 4807 Super
417 4738 596 4809 ripam
627 4752 760 4794 vero
785 4737 1006 4794 Brionel
1035 4753 1066 4792 a
1091 4746 1245 4808 parte
1279 4738 1644 4808 meridionali,
1739 4751 1902 4800 tenus
1931 4751 2148 4798 terrena
2191 4742 2336 4798 bona
2378 4758 2477 4814 per
2517 4758 2744 4800 manum
2781 4742 3041 4816 pauperis
3081 4741 3342 4799 Christus

87 4833 156 4878 est
174 4829 369 4885 mansio
391 4845 594 4886 canum
618 4839 959 4886 nostrorum.
988 4829 1038 4884 Α
1065 4839 1221 4901 parte
1242 4845 1374 4887 vero
1391 4832 1641 4899 australi,
1740 4839 1858 4910 ipse
1886 4837 2174 4909 suscipiat,
2201 4847 2257 4894 et
2290 4853 2394 4894 nos
2414 4838 2482 4894 de
2499 4838 2706 4895 caduca
2723 4838 3031 4896 substantia
3054 4837 3347 4894 mercimo-

89 4920 273 4976 mansio
311 4922 682 4980 bubuloonum
723 4930 1070 4990 nostrorum,
1106 4921 1329 4993 illieque
1361 4923 1593 4980 desoeud

1869 4931 2232 4988 conﬁciemus
2276 4939 2500 4988 aeterna.
2544 4931 2818 4998 Quocirca
2857 4930 2915 4986 in
2956 4929 3054 4985 Dei
3095 4929 3341 4996 nomine,

89 5008 134 5063 in
155 5009 380 5072 ﬂuvium.
431 5016 674 5088 Dedique
703 5015 782 5071 illi
810 5014 1057 5072 ecclesia:
1093 5022 1294 5070 terram
1324 5014 1593 5072 Accisoria

1834 5041 1846 5077 ι
1871 5025 2092 5095 quidem
2117 5024 2287 5080 Fulco
2315 5023 2736 5097 Andegavorum
2764 5035 2952 5078 comes
2972 5029 3028 5078 et
3052 5035 3192 5077 uxor
3215 5036 3338 5078 mea

90 5100 282 5162 liberam
323 5118 376 5165 et
414 5110 657 5182 quietam
699 5108 910 5165 scilicet
971 5106 1234 5163 vicariam
1257 5147 1276 5176 ,
1347 5106 1598 5164 foderunt
1622 5149 1638 5175 ,
1711 5155 1714 5158 ~
1743 5115 2106 5190 llildegardis,
2139 5117 2396 5188 ﬁliusque
2427 5125 2614 5172 noster
2635 5113 2962 5170 Gaun‘redus
3006 5122 3196 5170 notum
3223 5113 3341 5170 ﬁeri

91 5209 354 5271 omnesque
377 5201 826 5268 consuetudines,
855 5215 998 5272 quas
1028 5209 1174 5256 terra
1222 5199 1449 5256 reddere
1478 5199 1595 5255 sole

1837 5210 2003 5276 )lllllls
2041 5220 2244 5266 sanctas
2271 5208 2528 5266 Ecclesiae
2553 5207 2824 5265 ﬁdelibus.
2858 5207 3093 5278 qualiter
3117 5214 3341 5262 auctore

93 5283 221 5345 “anc
237 5303 408 5350 autem
434 5293 837 5352 concambiavit
879 5292 1018 5349 mihi
1055 5290 1233 5348 Vllido
1263 5290 1640 5348 ιιιθεευτθΐίυε
1744 5300 1860 5358 Deo
1890 5302 2284 5357 monasterium
2313 5301 2368 5355 in
2393 5301 2604 5355 honore
2635 5298 2788 5354 beati
2815 5296 3022 5354 Nicolai
3050 5296 3338 5371 confesso:-

95 5375 252 5438 Sancti
271 5382 534 5455 Mauritii;
563 5394 621 5444 et
661 5386 752 5442 ille
797 5399 924 5441 eam
949 5383 1169 5441 tenebat
1191 5382 1259 5439 de
1284 5382 1538 5439 Alberioo
1569 5381 1638 5439 de
1744 5393 1841 5460 (is,
1875 5393 1930 5448 in
1965 5403 2257 5464 prospectu
2285 5391 2442 5448 urbis
2462 5391 2770 5464 Andegavze
2794 5389 3112 5467 fundan‘tes,
3144 5404 3341 5446 mana-

96 5481 252 5532 monte
270 5474 484 5536 Joannis
511 5479 789 5551 quondam
815 5477 1080 5550 optimam
1126 5483 1336 5532 nostro.
1367 5474 1640 5530 Concam-
1744 5485 1946 5542 sticum
1982 5484 2117 5540 inihi
2143 5485 2392 5540 ordinem
2436 5483 2741 5540 secundum
2794 5483 2939 5540 beati
2967 5482 3141 5555 patris
3164 5480 3341 5539 Bene-

98 5560 170 5619 bia
195 5583 304 5638 quae
328 5572 378 5627 ei
402 5572 526 5629 dedi
553 5579 778 5645 propter
822 5579 1054 5638 terram,
1082 5569 1202 5625 haec
1231 5567 1493 5624 fuerunt:
1526 5582 1602 5623 me

1837 5576 1877 5631 ti
1901 5573 2147 5647 regulam
2174 5574 2536 5643 instituimus,
2559 5575 2850 5647 ipsumque
2879 5575 3062 5632 locum
3083 5588 3152 5629 ex
3172 5572 3339 5628 rebus

100 5657 509 5738 dietasecelesiaz,
539 5670 790 5728 clausum
839 5668 1012 5726 vineae
1057 5665 1200 5724 inter
1233 5664 1557 5722 Meduanam
1587 5674 1642 5721 et
1743 5665 2124 5739 possessionis.
2147 5673 2350 5724 nostrae
2393 5665 2762 5738 disponimus.
2797 5664 2987 5737 Itaque
3011 5677 3112 5735 pro
3139 5661 3340 5718 divina:

102 5748 280 5813 Brionel
299 5802 313 5825 ,
344 5771 490 5820 trans
527 5763 730 5818 (lumen
769 5777 900 5817 vero
931 5761 1120 5817 vineas
1168 5759 1326 5816 alias.
1379 5758 1440 5814 Si
1471 5759 1640 5816 vim
1742 5759 2050 5832 maiestatis
2074 5760 2302 5830 honore,
2325 5769 2381 5816 et
2401 5775 2500 5833 spe
2531 5758 2910 5816 retributionis
2945 5766 3184 5822 aeternae,
3205 5769 3336 5824 pec-

105 5855 205 5900 cum
230 5851 437 5925 vinagiis
464 5856 752 5914 monachis
775 5855 914 5911 datae
950 5852 1174 5921 fuerint,
1201 5861 1296 5910 aut
1323 5861 1539 5924 emptte,
1569 5852 1637 5908 li-
1742 5863 1994 5912 catorum
2039 5869 2260 5927 quoque
2303 5853 2653 5920 remissione,
2705 5867 2768 5908 ac
2797 5850 3105 5906 animarum
3135 5845 3361 5926 salute,
