1919 3153
251 170 303 200 Ινδὸ

536 168 581 196 Μ)
600 166 824 196 (ἓΟὒΕὲἪΙῡυῗιΙ
847 166 993 193 Appii“).
1017 166 1044 194 ll.

1098 182 1102 186 -
1121 164 1256 193 nation.
1280 165 1323 191 DE
1346 164 1458 193 BELLO
1479 164 1603 192 SACRO.
1825 165 1863 199 ω

249 240 299 269 per
312 232 384 259 hanc
396 229 586 259 concessionis
604 228 780 264 scripturam,
796 226 942 258 donamus,
957 225 1043 252 dona-
1058 230 1080 259 Α
1098 223 1238 259 Lupellus,
1249 223 1276 251 in
1291 222 1348 258 ripa
1364 222 1504 251 Meduamc
1517 228 1658 258 pratorum
1671 229 1801 257 arpennos
1811 223 1863 252 duo»

249 281 363 313 tumque
376 277 404 306 in
418 280 577 314 perpetuum
591 283 652 303 esse
664 274 791 301 volumus
811 272 939 300 cmuobio
955 275 1042 299 sancti

249 321 354 352 Nicolai
375 327 403 350 et
413 320 617 359 congregationi
643 319 841 347 monachorum
863 316 930 345 inibi
943 317 1044 353 degen—

250 370 319 398 tium
334 370 367 397 de
378 368 506 397 facultate
521 372 615 395 nostra
629 375 636 399 ;
657 366 710 393 hoc
726 368 778 398 est,
793 364 820 391 in
837 362 985 399 Andegavo
996 370 1044 398 pa-

249 423 294 451 go,
307 423 363 443 non
372 415 453 452 longe
465 423 482 443 a
495 413 614 446 civitate,
626 417 725 440 terram
744 418 806 447 quae
823 409 925 438 dicitur
939 410 974 437 ad
991 409 1045 437 Ac-

249 461 365 489 etsarias
376 466 459 489 totam
478 459 582 496 integre
610 463 637 486 et
651 458 753 494 quiete,
770 456 852 486 sicuti
864 464 925 484 eam
946 456 982 484 ab
995 455 1044 484 Al-

249 505 342 534 berico
356 498 495 534 dominico
509 504 580 532 vallo
598 508 692 531 nostro
714 502 840 537 Quidone
866 502 954 530 sancti
968 501 1048 529 Mau-

250 551 307 579 ritii
321 551 451 579 :edituum
464 550 595 583 tenuisse,
608 556 715 584 nosque
725 556 741 576 a
756 546 882 576 Vuidone
902 547 1045 575 tliesaura-

250 597 292 624 rio
304 605 353 632 per
366 596 525 624 concambia
535 598 721 623 commutasse
731 598 850 622 constat.
864 593 1004 622 Donamus
1016 593 1044 621 in

248 641 303 669 alio
328 642 390 670 loco
408 641 486 676 juxta
501 641 711 675 monasterium,
732 639 904 669 interﬂuente
925 644 1045 668 tantum-

248 687 330 714 modo
341 687 425 715 ﬂuvio
437 687 584 721 Brioneiio,
597 687 632 715 de
645 689 718 715 term
735 685 833 714 arabili
848 685 882 714 ad
896 685 1043 714 stationem

248 732 404 760 modiorum
429 733 595 761 duodecim:
611 735 638 760 et
652 731 680 759 iu
707 739 740 760 ea
758 730 950 767 viridegarium
965 734 993 758 et
1003 730 1045 758 vi-

248 785 363 806 nearum
382 786 520 814 arpennos
531 779 611 807 duos.
623 777 689 806 Item
701 777 729 805 in
756 778 817 805 loco
828 777 875 813 qui
887 777 1044 805 nominatur

1094 269 1193 298 decim.
1215 268 1282 297 item
1309 269 1380 305 apud
1401 269 1494 296 villam
1517 268 1675 301 Lanariam,
1696 268 1766 296 inter
1786 269 1863 298 saltum

1093 314 1206 351 Captiat,
1219 319 1321 343 terram
1341 314 1375 342 ad
1400 314 1546 342 stationem
1565 314 1721 342 modiorum
1741 313 1826 342 trium.
1842 316 1864 344 in

1094 366 1166 396 terra
1183 361 1272 390 sancti
1290 360 1377 394 Petri,
1397 360 1540 388 vinearum
1560 367 1701 396 arpennos
1715 359 1865 390 undecimad

1095 415 1209 437 censum
1221 412 1248 436 et
1261 407 1408 436 decimam.

1132 455 1248 491 Signum
1266 455 1286 490 ἡ·
1305 453 1483 482 ﬁrmitudinis
1494 461 1509 482 a
1526 453 1626 482 comite
1647 452 1791 482 Gauil‘redo
1802 461 1865 482 manu

1094 500 1384 538 propriaimpositum.
1402 499 1490 535 llujus
1504 504 1596 528 autem
1614 498 1814 528 constitutionis
1831 507 1866 528 seu

1095 546 1252 575 donationis
1264 545 1414 574 auctoritas
1433 550 1463 573 ut
1476 546 1502 573 in
1525 545 1574 573 Dei
1586 545 1710 578 nomine,
1731 551 1778 580 per
1793 552 1867 574 succe-

1095 591 1186 621 dentia
1196 592 1330 628 tempora,
1346 591 1495 620 ﬁrmiorem
1509 591 1646 619 obstineat
1656 590 1868 620 rememoratioais

1094 642 1122 666 et
1134 637 1353 667 conservationis
1377 638 1510 673 vigorem,
1537 637 1667 665 manibus
1688 636 1803 672 propriis
1821 643 1867 664 en

1096 684 1175 721 signo
1189 683 1280 713 crucis
1290 683 1483 720 insignivimus
1497 687 1525 711 et
1532 683 1626 712 ﬁdeles
1639 685 1750 712 nostros
1762 682 1870 712 robonn

1098 738 1266 768 rogavrmus.

247 843 1852 867 ww

661 940 963 986 RAIMUNDI
1006 938 1079 984 DE
1115 937 1484 985 CURAMONTA

349 1024 464 1057 Charta
478 1033 543 1065 qua
556 1023 817 1064 HicrOsolymom
836 1022 1054 1063 proﬁciscens.
1072 1022 1192 1054 omdia
1206 1023 1353 1062 quaedam
1377 1022 1546 1054 monachis
1561 1021 1791 1054 Tutelensﬁms

965 1094 1008 1125 im
1012 1094 1043 1134 pi
1048 1097 1174 1134 gnorat.

922 1168 1061 1204 (Anno
1089 1167 1224 1206 1096.)

790 1239 901 1278 [BALUL
918 1239 1041 1268 Historia
1056 1239 1214 1274 Tutelensis,
1227 1247 1253 1276 p.
1267 1238 1342 1275 ML]

961 1310 1184 1319 ———

286 1391 417 1420 Noverint
433 1396 582 1427 przesentes
591 1395 619 1420 et
629 1390 713 1420 futuri
727 1391 802 1427 quod
813 1398 865 1427 ego
875 1390 1047 1419 Raimundus
1064 1392 1087 1424 Β
1100 1389 1184 1418 torale
1200 1398 1345 1426 meamque
1357 1394 1459 1418 turrem
1474 1394 1501 1417 et
1513 1388 1581 1417 alias
1594 1387 1764 1422 domos,'ctc.
1778 1382 1831 1416 Hoc
1840 1393 1877 1414 al-

250 1439 285 1467 de
308 1439 488 1472 Curamonta,
505 1439 614 1475 quando
638 1438 712 1466 volui
737 1446 850 1474 pergere
868 1437 1047 1474 Jercsolymis

251 1492 316 1511 cum
332 1484 486 1513 Raimundo
494 1484 653 1512 vicecomite
667 1483 853 1516 Torenncuse,
866 1483 1047 1518 impignoravi

252 1530 345 1557 abbati
369 1530 507 1558 Willelmo
531 1530 728 1565 monachisque
744 1529 937 1557 Tutcleusibus
961 1536 1046 1563 quar-

253 1579 309 1603 tam
336 1580 440 1611 partem
459 1576 583 1603 ecclesia:
597 1575 631 1603 de
646 1575 806 1608 Brauceliis,
825 1574 951 1602 videlicet
965 1582 1049 1610 quar-

252 1625 308 1650 tam
330 1626 435 1657 partem
456 1621 555 1650 decimi
569 1626 595 1650 et
606 1621 766 1657 proferentii
784 1624 812 1648 et
827 1619 917 1649 fcvum
937 1620 1050 1657 presby-

1100 1441 1154 1465 tem
1175 1436 1277 1465 factum
1299 1441 1341 1465 est
1366 1444 1440 1464 anno
1465 1435 1602 1464 iucarnati
1626 1434 1707 1467 Verbi
1726 1433 1804 1468 1096,
1823 1432 1896 1462 indi-

1099 1484 1190 1512 ctione
1202 1492 1239 1516 tv,
1254 1491 1327 1511 anno
1340 1483 1515 1518 pontiﬁcatus
1527 1481 1621 1510 domui
1634 1480 1740 1509 Urbani
1840 1486 1877 1518 se-
1895 1496 1897 1498 -

1099 1529 1182 1558 eundi
1196 1534 1304 1563 octavo,
1328 1528 1453 1565 Philippo
1480 1536 1543 1564 rege
1568 1530 1710 1563 regnante,
1722 1521 1877 1565 Lemovieial

1101 1575 1165 1603 sedc
1186 1558 1316 1610 episcopo
1341 1558 1462 1607 carentis,
1478 1558 1615 1601 Willelmo
1629 1558 1729 1600 abbate
1742 1558 1878 1614 τυωιωᾲ
1894 1564 1898 1602 ἶ

1102 1620 1264 1648 monasterii
1282 1620 1447 1656 pastoralem
1464 1627 1560 1648 curam
1574 1622 1682 1655 agente.

520 1819 872 1878 BAIMUNDI
917 1817 1215 1878 COMITIS
1260 1817 1320 1874 S.
1368 1815 1619 1875 AEGIDII

936 1936 1207 1984 DIPLOMA
1504 1937 1507 1941 ⁴

488 2041 532 2070 De
548 2039 719 2070 donatione
732 2037 908 2068 medietatis
922 2034 1005 2066 rillw
1020 2034 1153 2066 Gibellet
1168 2035 1254 2075 facta
1267 2034 1299 2065 S.
1321 2033 1442 2065 Victori
1453 2032 1660 2065 Massiliam.

958 2120 1064 2159 (Anno
1081 2119 1183 2160 1103.)

331 2205 429 2245 (Edidit
443 2204 586 2239 MARTENE,
602 2204 683 2239 ampl.
700 2202 824 2236 Collect.,
836 2201 857 2235 l,
873 2202 935 2229 600.
954 2201 992 2229 Ex
1006 2201 1125 2230 archivis
1138 2201 1168 2229 S.
1182 2201 1299 2230 Victoris
1311 2202 1490 2232 Massiliensis
1503 2204 1575 2232 eruit
1586 2204 1616 2232 ἰ).
1630 2203 1805 2241 Furncrins.)

289 2375 317 2403 ln
331 2374 442 2402 nomine
455 2376 557 2400 sancta:
576 2374 604 2397 et
618 2367 765 2396 iudividuae
777 2366 930 2399 Trinitatis,
943 2374 994 2402 ego
1009 2366 1047 2401 (Ι)
1063 2370 1085 2400 c
1100 2367 1240 2402 unigenito
1251 2367 1299 2395 Dei
1317 2367 1397 2401 Filio,
1416 2369 1531 2405 ejusque
1545 2369 1694 2398 venerabili
1709 2371 1791 2399 matri
1804 2369 1880 2398 ΞΜ»

252 2419 420 2451 “nummus,
434 2416 521 2452 gratia
534 2415 582 2443 Dci
598 2414 627 2441 S.
641 2413 744 2452 Egitlii
755 2420 848 2440 comes
860 2417 888 2439 et
898 2411 1047 2439 Provinciae

252 2465 387 2496 marchio,
407 2448 537 2498 princeps
560 2465 663 2493 autem,
683 2448 743 2486 Deo
763 2459 924 2491 auxiliante,
943 2457 1047 2485 militiae

251 2511 415 2538 Christianae
430 2509 458 2536 in
473 2506 719 2542 llierosolymitauo
738 2505 848 2538 itinere,
866 2504 1046 2532 considerans

253 2561 427 2592 peccatorum
435 2561 558 2581 meorum
570 2553 778 2584 immanitatem,
785 2555 867 2586 atque
877 2551 1046 2586 parvissima:

253 2610 315 2638 qua:
330 2608 438 2629 tnecum
451 2604 494 2627 est
515 2598 741 2632 Christianitatis,
759 2606 809 2633 pro
822 2598 940 2625 diversis
950 2606 1045 2626 exces-

253 2648 330 2676 sibus
352 2645 586 2679 imbecillitatem,
604 2645 724 2673 instante
750 2645 833 2672 etiam
861 2644 1045 2679 omnibusque

253 2693 344 2720 modis
356 2691 521 2726 inquirente,
533 2691 697 2726 laboresque
712 2698 779 2718 suos
793 2694 820 2717 et
832 2689 1044 2717 sollicitudinem

254 2746 281 2766 In
295 2745 356 2765 meo
370 2736 481 2765 servitio
495 2737 664 2773 expendente
683 2737 785 2765 domno
801 2736 940 2765 Richardo
955 2735 984 2764 S.
1009 2735 1042 2763 ll.

255 2783 285 2810 Ε.
302 2782 437 2810 cardinali
446 2787 475 2810 et
487 2783 651 2812 Massiliensi
672 2783 782 2817 abbate,
795 2783 870 2811 dono
882 2787 909 2810 et
922 2782 1044 2810 concedo

290 2839 329 2875 (t)
348 2838 425 2867 Hauc
439 2839 562 2868 chartam
581 2841 666 2868 edidit
680 2840 811 2868 Baluzius
823 2839 851 2866 in
867 2839 925 2866 suis
939 2838 972 2875 ad
996 2837 1044 2869 Hi7

255 2875 370 2903 storiam
382 2875 481 2903 do'mua
495 2876 649 2905 Arvernicae
667 2876 888 2912 probationibus,
908 2874 956 2902 sed
977 2874 1046 2902 adeo

1100 2414 1157 2447 τίω,
1176 2422 1283 2441 necnon
1297 2414 1425 2449 pretiosis
1444 2416 1613 2451 martyribus
1634 2415 1739 2444 Victori
1758 2422 1787 2445 et
1809 2417 1879 2445 socii

1098 2462 1167 2498 ejus,
1178 2462 1294 2497 aliisque
1307 2469 1425 2497 quorum
1437 2462 1560 2498 reliquiae
1574 2463 1647 2498 apud
1657 2463 1818 2492 honorabile
1830 2469 1880 2491 ιιο-
1895 2470 1898 2481 η

1098 2507 1250 2534 nasterium
1266 2506 1440 2535 Massiliense
1457 2508 1483 2534 in
1498 2508 1609 2536 Christo
1627 2509 1817 2544 requiescunt,
1828 2515 1879 2536 ικ-
1893 2530 1898 2553 Ι

1097 2553 1224 2580 dietatem
1239 2553 1358 2581 civitatis
1371 2561 1433 2588 quae
1454 2559 1568 2582 vocatur
1582 2554 1708 2589 Gibellet,
1728 2563 1792 2591 quin
1810 2555 1879 2583 etiam
1897 2578 1898 2595 χ

1097 2599 1124 2626 in
1139 2599 1230 2626 littore
1243 2599 1329 2626 maris
1343 2599 1445 2635 Magni,
1459 2600 1522 2628 altis
1542 2600 1642 2634 muris,
1654 2600 1799 2637 ﬁrmisque
1809 2599 1880 2629 ιιι-ή-

1096 2645 1148 2673 bus
1163 2645 1269 2672 munita
1282 2645 1353 2673 inter
1371 2645 1505 2681 Tripolim
1522 2651 1549 2673 et
1565 2646 1701 2680 Beritum,
1720 2651 1750 2676 et
1769 2646 1880 2675 animi

1095 2691 1130 2718 ad
1142 2698 1203 2718 eam
1219 2691 1289 2719 mari
1309 2695 1336 2719 et
1350 2696 1421 2719 terra
1434 2692 1642 2727 pertinentium,
1654 2692 1784 2722 videlicet
1805 2693 1880 2722 ineo-
1892 2703 1894 2723 :

1095 2736 1196 2769 clesiis,
1211 2737 1294 2770 villis,
1308 2737 1438 2772 castellis,
1451 2738 1600 2772 casalihus,
1617 2739 1791 2767 terriscultia
1804 2737 1879 2767 etil-

1095 2782 1177 2810 cultis
1189 2791 1197 2816 ;
1211 2783 1240 2810 in
1255 2788 1347 2819 portu,
1367 2792 1399 2812 ac
1412 2783 1576 2820 naufragiis,
1594 2784 1654 2812 sive
1667 2784 1697 2812 in
1707 2783 1816 2823 conci!
1825 2780 1879 2814 Iu-

1098 2843 1254 2902 t'qincaltam
1271 2846 1295 2868 et
1312 2840 1512 2875 iuterpolatam,
1529 2845 1561 2869 ut
1573 2840 1827 2872 necessariam
1838 2818 1898 2877 lii

1098 2883 1131 2902 cu
1152 2883 1186 2902 en
1205 2884 1231 2902 a.
1795 2895 1798 2902 ,
1845 2883 1863 2902 ,ι

1097 2883 1231 2903 cuuenua.
1795 2895 1798 2903 ν
1845 2883 1864 2910 4
