3838 6306
147 373 236 429 tas
1103 355 1432 412 DERMATII
1472 356 1957 418 HIBERNIENSIS
1990 357 2420 416 ITINERARIA.

3252 369 3362 428 886

142 501 231 557 que
254 473 732 554 pertineatiis.lsta
759 472 944 530 omnia
983 484 1084 542 ego
1120 469 1186 524 Β.
1228 469 1324 526 Dei
1365 469 1540 542 gratia
1576 485 1664 525 co.

1779 473 1831 529 in
1862 472 2051 530 futuro
2078 473 2258 545 ptenis
2281 470 2601 544 plectendos
2643 471 2992 544 subjiciatur,
3028 485 3084 532 ct
3129 477 3184 534 in
3227 494 3370 550 pra).

138 593 236 633 mes
276 568 591 627 immutabili
629 565 928 622 donatione
968 563 1232 620 conﬁrmo
1279 571 1335 618 et
1377 563 1677 618 corroboro

138 667 340 722 Domino
381 660 512 727 Deo,
539 658 927 731 praedictisque
959 660 1161 712 sanctis
1208 669 1274 710 ac
1319 653 1674 721 monasterio,

137 756 358 831 praesenti
386 767 606 825 quoque
633 751 880 822 ejusdem
911 749 1016 805 loci
1053 747 1234 804 abbati
1281 746 1348 801 ll.
1393 747 1478 802 vel
1529 747 1677 802 illius

131 847 385 906 monachis
409 845 574 900 etiam
595 842 956 914 praesentibus
985 849 1038 896 et
1077 837 1281 894 futuris
1310 837 1514 894 ibidem
1560 835 1676 892 Deo

130 937 483 1002 servientibus,
512 935 630 990 sine
657 933 852 988 fraude
872 940 926 987 et
949 931 1074 986 dolo
1113 929 1378 1000 omnique
1415 927 1563 983 malo
1586 926 1674 982 in-

127 1032 279 1104 genio,
309 1039 367 1085 ut
404 1028 460 1083 in
489 1034 814 1099 perpetuum
847 1024 1146 1081 honoriﬁce
1185 1022 1527 1095 possideant,
1577 1036 1676 1092 po-

126 1123 342 1180 testative
369 1127 606 1186 teneant,
631 1117 862 1174 feliciter
890 1117 1227 1186 honesteque
1268 1115 1524 1170 habeant.
1554 1111 1673 1169 Hoc

125 1221 278 1268 autem
305 1210 406 1265 feci
435 1208 841 1266 venerabilibus
863 1205 1335 1263 commilitonibus
1381 1204 1520 1260 meis
1540 1219 1675 1260 con-

121 1303 412 1369 sulentibus,
478 1301 592 1356 imo
637 1300 1071 1366 cohortantibus,
1114 1296 1410 1354 Wilhelmo
1465 1297 1674 1352 scilicet

123 1394 419 1449 Arvernensi
453 1392 678 1459 comite,
710 1390 1008 1447 Biterrensi
1064 1405 1196 1446 vero
1237 1389 1557 1446 vicecomite
1608 1389 1670 1444 Β.

121 1483 412 1553 denique(2)
444 1482 682 1537 Aicardo
705 1480 1054 1550 Massiliensi,
1078 1479 1515 1551 Berengarioque
1534 1477 1670 1534 Nar-

120 1576 335 1641 bonensi,
365 1585 642 1645 quatenus
681 1573 1027 1644 omnipotens
1080 1571 1228 1627 Deus
1266 1585 1363 1642 per
1396 1570 1669 1626 dictorum

119 1678 402 1726 sanctorum
440 1666 887 1739 congregationis
929 1663 1418 1722 intercessionibus
1441 1671 1498 1719 et
1533 1663 1672 1720 meis

117 1759 364 1829 propitiari
384 1759 647 1830 dignetur
671 1758 1079 1829 iniquitatibus,
1102 1766 1156 1814 et
1186 1772 1303 1814 suae
1322 1755 1671 1828 paucissima

116 1850 543 1918 Christianitatis,
579 1868 705 1922 qua:
725 1867 814 1907 me
841 1851 944 1907 sibi
978 1859 1097 1921 post
1122 1850 1300 1919 ipsum
1329 1849 1384 1903 in
1417 1856 1584 1918 caput
1616 1857 1671 1904 ct

115 1942 375 2013 principem
399 1943 586 2014 elegit,
615 1959 674 2000 se
691 1951 933 2014 opponat
947 1941 1390 1997 adversitatibus.
1409 1940 1668 1997 Chartam

115 2049 216 2090 vero
241 2035 556 2091 donationis
586 2036 754 2107 hujus
785 2035 860 2090 ita
885 2034 1102 2090 ﬁrmam
1131 2042 1189 2089 et
1216 2041 1390 2088 ratam
1434 2032 1669 2088 inviola-

114 2126 349 2196 hilemque
374 2135 486 2182 tam
517 2143 624 2200 ego
647 2143 813 2198 quam
844 2125 1148 2198 praescripti
1175 2125 1349 2182 nostri
1395 2126 1669 2182 exercitus

112 2233 328 2287 proceres
351 2222 776 2286 essevolumus,
807 2229 863 2275 et
909 2220 1140 2276 volendo
1193 2219 1494 2285 sancimus,
1543 2235 1669 2274 san-

112 2311 274 2368 ciendo
299 2329 364 2368 ex
385 2313 720 2369 auctoritate
740 2312 967 2384 superni
984 2312 1210 2383 jndicis,
1233 2313 1488 2385 beatique
1517 2313 1665 2370 Petri

111 2407 446 2477 apostolorum
477 2405 770 2477 principis,
792 2405 953 2476 cujus
983 2405 1292 2460 obedientia
1315 2421 1380 2461 ac
1402 2406 1663 2462 ﬁdelitate

112 2498 357 2565 praesentia
379 2513 537 2552 arma
575 2507 882 2569 gestamus,
913 2497 1274 2567 omniumque
1323 2507 1664 2566 sanctorum,

111 2596 153 2640 ct
181 2597 372 2656 nostra,
411 2589 853 2644 contradicimus
895 2588 1041 2658 quod
1094 2588 1278 2643 nullus
1323 2603 1441 2656 rex,
1483 2588 1668 2645 nullus

111 2683 342 2752 princeps,
366 2683 503 2737 nulli
531 2683 778 2754 denique
807 2681 1188 2752 cujuscunque
1215 2680 1502 2752 dignitatis
1520 2681 1668 2736 ordi-

110 2771 250 2838 nisve,
275 2771 384 2828 sive
406 2773 652 2828 clericus
681 2772 798 2828 sive
823 2771 1035 2828 laicalis
1057 2778 1325 2842 potestas,
1342 2769 1392 2825 ei
1423 2770 1667 2842 aliquam

111 2861 384 2918 violetiam
408 2863 776 2934 irrumpendo
815 2862 1015 2919 inferre
1034 2870 1348 2934 praesumat.
1374 2861 1432 2918 Si
1460 2871 1666 2930 autem,

109 2953 223 3023 quod
243 2955 405 3011 absit!
430 2965 566 3026 post
587 2965 841 3012 nostrum
877 2973 1186 3023 excessum,
1209 2956 1338 3028 quia
1369 2956 1564 3012 mortis
1586 2957 1665 3012 le-

111 3045 236 3115 gibus
271 3048 655 3118 subjacemus,
700 3056 798 3104 aut
829 3059 979 3118 ante,
1015 3049 1281 3120 quoniam
1317 3047 1526 3119 judicia
1566 3046 1663 3104 Dei

110 3139 298 3210 abyssus
323 3143 520 3208 multa,
542 3143 754 3214 aliquis
776 3142 940 3214 hujus
961 3141 1136 3197 nostri
1158 3140 1384 3208 laboris,
1409 3139 1521 3198 Deo
1539 3155 1665 3211 per»

110 3233 334 3300 mittente,
362 3241 644 3304 potestate
665 3234 946 3306 praeditus,
977 3232 1292 3304 cupiditatis
1321 3248 1437 3288 suae
1467 3241 1656 3304 tyran-

108 3323 252 3377 nidem
277 3339 438 3395 super
469 3327 886 3399 eleemosynam
912 3333 1008 3380 ant
1036 3323 1389 3380 donationem
1412 3332 1658 3380 nostram

106 3423 338 3482 exercere,
365 3430 491 3471 eam
520 3414 883 3489 infringenda
909 3415 1219 3485 tentaverit,
1243 3415 1442 3472 divinas
1463 3415 1657 3472 ultioni

133 3543 223 3626 "(2)
255 3543 517 3626 Baluzius‘
539 3550 1027 3626 scripsit,A_icardo
1047 3551 1492 3626 τευενιειξάξεδξηιιρΔ
1510 3548 1658 3626 Has:

106 3614 289 3700 fluenti,
312 3627 473 3700 atque
491 3614 1010 3700 _inde_bccasi_onem
1041 3622 1274 3700 sumpsit
1294 3622 1351 3676 in
1381 3621 1560 3700 indice
1587 3621 1656 3678 ad

110 3685 283 3767 ιοωηιι
311 3685 616 3767 Aicardum
642 3690 874 3767 faciendi
903 3685 1297 3767 Massiliensem
1314 3693 1654 3767 episcopum,

109 3761 232 3822 quasi
258 3761 680 3833 reverendissinti
701 3763 891 3818 titulus
919 3763 1054 3818 nulli
1085 3763 1176 3818 alii
1205 3761 1370 3833 quam
1399 3763 1658 3833 episcopo

107 3829 360 3906 conycnire
375 3842 589 3906 posset.
613 3831 818 3906 _Ve_rurn
841 3843 1202 3906 praeterquam
1224 3829 1374 3904 quod
1392 3829 1483 3906 ille
1508 3829 1651 3888 reve-

107 3897 360 3975 rendiuimi
377 3897 583 3958 titulus
610 3903 665 3957 in
692 3897 859 3976 hujus'
885 3897 1090 3959 chartae
1122 3897 1652 3976 autdgraphogpere-

108 3919 360 3975 ττξιαιεδιηιι
383 3919 583 3958 murus
610 3919 665 3957 in
692 3919 856 4030 huius
885 3919 1090 3959 cnarue
1122 3919 1463 3976 auwgrapno
1492 3919 1652 3973 pere-

107 3980 671 4050 grinuslesthavertere
691 3974 760 4029 de
798 3975 972 4050 uisset
998 3989 1125 4050 eum
1151 3976 1224 4050 ab
1248 3976 1350 4050 hac
1394 3974 1654 4050 opinione

107 4039 436 4115 gomuriIitonis
460 4059 693 4115 nomen,
724 4045 871 4115 quod
913 4046 1003 4103 hic
1023 4045 1384 4110 eitrihuitur;
1412 4039 1538 4100 nam
1566 4044 1650 4100 vel

108 4109 195 4173 ipsa
229 4109 381 4179 hujus
419 4113 526 4168 loci
573 4109 758 4168 lectio"
781 4109 1122 4171 demonstrat
1163 4131 1356 4170 omnes
1372 4109 1472 4170 hic
1492 4130 1647 4170 com-

106 4188 393 4238 memoratos
417 4199 545 4240 esse
574 4185 821 4242 illustres
847 4187 1045 4243 milites
1074 4201 1238 4242 cruce
1259 4186 1522 4258 signatos.
1554 4184 1652 4240 Bac

1780 566 1920 624 senti
1943 566 2407 637 quemadmodum
2435 565 2626 621 Achab
2651 581 2752 637 pro
2781 581 2916 638 agro
2936 566 3151 624 Naboth
3171 569 3364 640 Jesrae

1777 655 1981 724 helitae,
2007 671 2171 726 quem
2207 655 2349 710 male
2370 655 2652 726 possidere
2674 657 3009 727 concupivit,
3037 659 3365 717 dehoneste-

1777 758 1888 816 tur,
1920 749 2213 820 acjudicio
2251 750 2472 820 publico
2501 751 2920 821 condemnetur,
2963 753 3114 809 omni
3155 754 3369 810 honore

1775 841 2040 913 privetur,
2057 843 2163 897 nisi
2187 836 2334 913 quod
2356 842 2560 913 injuste
2571 837 3178 917 prmsumpserit,digna
3197 845 3362 902 satis-

1775 934 2013 992 factione
2039 936 2333 992 emendare
2375 937 2672 1003 curaverit,
2705 936 2762 992 in
2808 937 3098 1007 pristinam
3127 937 3368 1010 dignita-

1775 1035 1884 1082 tem
1915 1027 2179 1082 honorem
2201 1025 2512 1095 restituens,
2536 1038 2590 1083 et
2621 1043 2720 1098 pro
2744 1026 2949 1084 damno
2975 1027 3122 1100 quod
3158 1028 3360 1084 intule-

1775 1119 1868 1186 rit,
1902 1119 2240 1174 tnonasterio
2259 1119 2380 1174 auri
2402 1121 2595 1190 optimi
2623 1120 2790 1176 libras
2825 1120 2975 1176 mille
2996 1134 3361 1191 componens,

1773 1211 1965 1266 charta
1990 1210 2093 1264 ista
2131 1217 2186 1264 et
2219 1209 2514 1265 donatione
2541 1209 2724 1266 stabili
2759 1210 3200 1280 immutabilique
3239 1225 3366 1280 per-

1775 1309 2030 1358 manente
2052 1301 2106 1356 in
2134 1313 2483 1372 perpetuum.

1836 1393 2006 1450 Facta
2033 1403 2118 1450 est
2144 1404 2325 1450 autem
2357 1394 2546 1449 charta
2570 1394 2884 1450 donationis
2913 1393 3080 1464 hujus
3106 1408 3252 1449 anno
3291 1393 3364 1448 ab

1771 1486 2153 1544 lncarnatioue
2181 1485 2398 1541 Domini
2422 1486 2581 1552 H05,
2607 1501 2794 1542 mense
2822 1485 3106 1553 Januario,
3146 1485 3250 1542 sub
3271 1484 3361 1540 die

1772 1595 1864 1634 ιη
1893 1577 2122 1634 Kalend.
2152 1577 2542 1642 Februarium,
2567 1577 2697 1632 luna
2730 1594 2784 1643 γ,
2809 1577 2999 1633 indict.
3036 1593 3115 1643 χι,
3161 1576 3216 1630 in
3262 1591 3358 1630 ca-

1772 1671 1931 1726 stello
1964 1670 2112 1740 quod
2133 1670 2439 1742 appellatur
2466 1667 3004 1740 Mons-Peregrinus,
3031 1676 3190 1724 etest
3231 1673 3360 1722 ante

1771 1770 1985 1833 portam
2015 1761 2390 1832 Tripolensem
2413 1761 2796 1828 constitutum,
2824 1767 3084 1831 regnante
3110 1760 3275 1814 etiam
3303 1758 3360 1812 in

1771 1853 2002 1910 Francia
2035 1870 2163 1926 rege
2181 1853 2455 1924 Philippo,
2481 1863 2673 1924 epacta
2694 1869 2750 1906 xi
2777 1860 3157 1908 concurrente.

1841 1949 1882 2018 1-
1921 1947 2278 2019 Raymundus
2313 1961 2499 2002 comes
2528 1945 2728 2000 ﬁrmat.
2815 2007 2822 2011 κ

1839 2039 1880 2109 1-
1919 2037 2147 2110 Signum
2171 2036 2534 2093 Arvernensis
2560 2035 2872 2090 Willelmus
2900 2049 3088 2090 comes
3119 2033 3264 2088 ﬁrm.

1838 2132 1878 2200 1-
1919 2128 2148 2202 Signum
2183 2128 2492 2184 Bernardus
2521 2127 2828 2184 vicecomes
2857 2115 3000 2182 ﬁrm.

1838 2223 1878 2291 1-
1915 2219 2144 2294 Signum
2167 2219 2436 2276 Aicardus
2466 2220 2609 2274 ﬁrm.

1839 2315 1878 2384 1-
1919 2313 2148 2384 Signum
2182 2311 2548 2386 Berengarius
2570 2310 2946 2367 Narbonensis
2975 2310 3120 2366 ﬁrm.

1843 2405 2074 2477 Signum
2105 2403 2414 2460 Willelmus
2446 2401 2655 2475 Ugonis
2685 2403 2830 2458 ﬁrm.

1845 2501 1874 2574 §
1915 2500 2147 2571 Signum
2196 2497 2393 2554 Petrus
2433 2497 2512 2569 (ὅ)
2553 2496 2847 2568 episc0pus
2895 2492 3222 2551 Glandensis
3261 2493 3357 2549 ﬁr-

1769 2604 1903 2651 mat.
3327 2647 3332 2652 .

1843 2685 1872 2758 ς
1913 2683 2143 2756 Signum
2163 2682 2432 2740 Arbertus
2461 2679 2521 2736 S.
2552 2679 2780 2735 Evrardi
2809 2679 2982 2734 abbas
3006 2677 3208 2732 ﬁrmat.

1841 2777 2070 2850 Signum
2097 2775 2328 2832 Pontius
2349 2774 2716 2830 Grillonensis
2741 2772 2941 2827 ﬁrmat.

1841 2869 2072 2943 Signum
2093 2868 2404 2924 Willelmus
2430 2865 2577 2922 Petri
2605 2864 2808 2920 ﬁrmat.

1839 2962 2070 3035 Signum
2101 2959 2464 3030 Berengarius
2498 2956 2809 3012 Willelmus
2840 2956 3041 3010 ﬁrmat.

1839 3053 2067 3125 Signum
2089 3051 2377 3109 Aicfredus
2413 3053 2558 3106 ﬁrm.

1838 3145 2166 3202 Videntibus
2212 3143 2473 3200 Durando
2515 3150 2572 3199 et
2625 3139 3017 3204 Raimmundo,
3069 3137 3162 3208 qui
3208 3136 3352 3192 hanc

1765 3238 2012 3295 chartam
2045 3236 2176 3294 fecit
2212 3235 2500 3294 monachis
2541 3244 2597 3292 et
2630 3233 2932 3300 Bernardo,
2975 3242 3032 3287 et
3073 3230 3356 3300 Stephano

1761 3330 1996 3389 clericis.

1766 3554 1894 3612 luzii
1916 3555 2104 3626 opinio
2131 3554 2186 3611 in
2214 3571 2455 3612 errorem
2490 3553 2653 3610 traxit
2675 3562 2954 3626 auctorem
2981 3546 3354 3626 nomﬁallize

1761 3619 2111 3694 Christianae,
2142 3628 2236 3698 qui
2274 3637 2335 3682 ut
2363 3627 2601 3682 Aicardo
2625 3623 3122 3747 pseudo-egscopo
3145 3619 3359 3676 Massio

1761 3699 1919 3747 liensi
1950 3699 2129 3747 locum
2152 3699 2308 3747 daret
2329 3700 2384 3747 in
2409 3698 2550 3747 serie
2573 3695 2879 3747 antistitum
2952 3691 3346 3747 assiliensium.

1761 3699 1919 3755 liensi
1949 3691 2130 3754 locum
2152 3691 2308 3754 daret
2329 3700 2384 3752 in
2409 3698 2550 3753 serie
2573 3691 2879 3751 antistitum
2898 3691 3346 3758 Massiliensium,

1760 3769 2108 3826 Remundum
2132 3770 2228 3839 qui
2257 3777 2388 3824 tunc
2411 3769 2597 3824 sedem
2624 3767 2774 3822 illam
2794 3763 3117 3839 occupabat,
3134 3761 3342 3839 diuque

1758 3850 1883 3924 post
1915 3831 2236 3924 superviiit,
2291 3839 2582 3924 bipartitus
2621 3845 2728 3904 est,
2765 3844 2826 3890 ut
2873 3831 3169 3889 Aieardum
3207 3831 3350 3887 duos

1756 3910 1899 3967 inter
1925 3910 2264 3966 Raimundos
2293 3911 2607 3966 collocaret.

1828 3983 1911 4050 (5)
1947 3981 2044 4036 Hic
2065 3981 2359 4052 episcopus
2390 3981 2656 4052 hactenus
2678 3978 2900 4052 ignotus
2919 3973 3263 4052 desideratur

1759 4042 1991 4124 vulgatis
2028 4042 2313 4124 indicibus
2361 4051 2656 4124 praesulem
2703 4042 3156 4124 Claudatcnsium
3184 4085 3199 4111 ,
3247 4042 3344 4098 ubi

1757 4117 2112 4182 collocandus
2144 4131 2230 4180 est
2251 4117 2392 4178 inter
2419 4121 2675 4178 Pontium
2698 4128 2752 4174 et
2773 4117 3093 4174 lmbcrtum.

122 4356 3346 4402 ψ

607 4547 1180 4700 DEllllA'l‘ll
1273 4543 1873 4704 GUJUSDAM
1976 4537 2800 4698 HIBERNIENSIS

833 4828 1817 4926 PROFICISCENTIS
1885 4827 2580 4923 JERUSALEM

465 5048 1308 5162 lTlNEBARlA
1395 5047 1653 5165 SEU
1740 5041 2919 5163 EXHORTATORIA.

1157 5269 1431 5342 (Manum.
1460 5269 1716 5327 Tliesaur.
1741 5271 1965 5339 Anecd.,
1995 5268 2040 5338 l,
2076 5270 2229 5342 540.)

1459 5435 1933 5450 w

160 5556 256 5635 Ego
294 5562 624 5632 Daunius,
656 5566 877 5621 natione
925 5562 1337 5638 Hyberniensis,
1384 5563 1644 5622 omnibus
1676 5567 1724 5628 D
1817 5561 2110 5635 Babylonis
2139 5562 2383 5630 nomine,
2407 5563 2672 5620 mundum
2694 5562 2864 5631 hunc,
2888 5560 3222 5630 charissimi,
3244 5561 3338 5618 hic

109 5652 183 5721 qui
207 5669 490 5714 manentem
521 5659 611 5714 hic
636 5675 695 5715 se
722 5667 1063 5732 cegnoscunt
1090 5673 1200 5714 non
1223 5657 1424 5714 habere
1450 5658 1642 5714 civita-

1747 5668 1845 5709 vos
1871 5653 2171 5724 intelligere
2196 5654 2453 5711 volumus
2482 5655 2539 5709 in
2580 5655 2822 5727 maligno
2860 5653 2938 5710 sic
2964 5654 3155 5723 utique
3178 5653 3330 5722 posi-

111 5751 214 5813 tam,
237 5747 456 5805 futuram
488 5752 785 5822 inquirere,
823 5751 971 5808 exire
1009 5751 1075 5808 de
1120 5749 1438 5824 Babylonia,
1461 5760 1515 5808 et
1559 5751 1638 5808 ire
1745 5752 1864 5799 tum
1889 5742 1944 5815 (Ι
1965 5742 2126 5801 Joan.
2159 5746 2238 5815 ν),
2265 5754 2327 5802 ut
2366 5746 2504 5801 nihil
2534 5747 2822 5802 confusius
2845 5747 2937 5812 sit,
2969 5746 3107 5800 nihil
3136 5743 3331 5800 turbu-

114 5833 177 5886 rel
199 5837 352 5896 redire
371 5838 688 5896 Jerusalem.

1743 5836 1964 5904 lentius,
1989 5837 2146 5908 cujus
2172 5838 2399 5908 omnino
2425 5839 2560 5894 nihil
2589 5840 2673 5894 vel
2695 5839 3022 5895 certitudine
3052 5838 3121 5894 sit
3152 5837 3328 5892 incer-
