3838 6306
496 375 604 436 ιιι-ι

484 492 618 560 tius,
636 491 719 547 vel
753 487 1136 548 incertitudine
1169 489 1394 547 certius.
1444 486 1544 543 ilic
1590 501 1699 541 non
1735 486 1844 555 fam
1869 485 2066 540 turrim
2098 491 2146 552 Α

486 583 741 652 nidiﬁcent,
769 583 922 655 quia,
962 583 1066 640 etsi
1113 598 1220 638 non
1267 582 1474 638 sanctis
1512 579 1744 648 meritis,
1775 588 1956 636 tamen
2003 580 2071 636 ad

488 680 680 730 sancta
709 683 990 746 utcunque
1017 673 1309 729 contendat
1337 671 1653 739 ascendere,
1696 671 1793 727 sed
1827 670 1962 726 fodit
1994 671 2074 726 la-

489 783 611 834 cus,
637 769 925 836 cisternas,
967 776 1181 838 puteos,
1225 765 1447 835 pedicas
1489 763 1644 834 ponit
1672 772 1727 818 et
1770 763 2071 833 decipulas,

490 858 712 930 quibus,
741 858 786 914 si
813 858 930 914 fieri
950 856 1145 927 possit,
1169 855 1333 909 etiam
1359 854 1611 909 cmlestes
1632 861 1881 908 terrenos
1905 861 2077 908 tentet

493 949 728 1015 edicere,
760 964 936 1019 eoque
951 947 1064 1017 jam
1095 946 1215 1000 loco
1240 953 1347 1011 est,
1377 945 1458 1000 sic
1485 944 1540 998 in
1572 942 1904 1015 profundum
1926 943 2077 999 venit

491 1048 556 1094 ut
577 1039 692 1110 jam
725 1053 863 1109 pene
889 1037 939 1092 ei
961 1044 1228 1107 congruat
1255 1036 1402 1106 quod
1427 1036 1496 1090 de
1528 1043 1813 1106 peccatore
1833 1035 2034 1090 dicitur
2059 1052 2073 1090 :

491 1130 750 1185 Peccator
765 1145 885 1182 cum
913 1128 1104 1182 venerit
1124 1128 1181 1181 in
1203 1127 1551 1198 profundum,
1571 1134 1864 1180 contemnet
1889 1125 2074 1196 (Prov.

491 1222 671 1292 xvm).
695 1220 832 1287 Quis
857 1227 942 1276 est
958 1219 1106 1274 enim
1131 1219 1229 1290 qui
1256 1217 1538 1289 recogitet,
1562 1217 1657 1288 qui
1696 1217 1935 1272 tribunal
1964 1217 2079 1288 ipse

492 1327 608 1366 sua:
631 1311 831 1367 mentis
859 1311 1182 1377 ascendens,
1209 1320 1335 1365 ante
1357 1310 1627 1381 judicium
1652 1309 1721 1365 de
1749 1309 1961 1380 judicio
1985 1325 2079 1364 co-

491 1406 654 1478 gitet?
678 1404 788 1463 Nec
817 1415 1000 1461 tamen
1025 1415 1205 1461 cessat
1242 1406 1367 1477 pius
1407 1406 1498 1460 ille
1526 1421 1626 1461 nos
1655 1403 1816 1460 Pater
1839 1404 2079 1460 caalestis

491 1510 736 1562 monere,
791 1503 944 1550 tanto
988 1493 1211 1564 quidem
1271 1494 1435 1548 solito
1499 1509 1647 1548 nunc
1706 1491 2076 1563 frequentius,

491 1594 699 1655 quanto
729 1594 852 1656 post
899 1586 1195 1656 pravitates
1239 1585 1422 1641 cordis
1462 1585 1635 1639 nostri
1682 1583 1760 1641 ire
1787 1600 1887 1638 nos
1935 1584 2083 1639 videt

492 1679 848 1748 pertinacius.
869 1677 1096 1734 Vidistis
1113 1679 1219 1733 hoc
1242 1693 1408 1744 anno,
1433 1678 1763 1745 charissimi,
1788 1677 2081 1734 millesimo

491 1770 747 1825 videlicet
780 1770 1083 1826 centesimo
1105 1769 1317 1825 decimo
1342 1771 1577 1841 septimo
1606 1771 1675 1826 ab
1702 1769 2083 1827 lncarnatione

496 1863 737 1932 Domini,
773 1866 993 1936 quoties
1039 1865 1197 1936 quasi
1234 1838 1516 1921 descendit
1560 1870 1614 1918 et
1645 1863 1795 1917 venit
1845 1863 1913 1916 ad
1956 1878 2080 1929 nos,
2115 1838 2158 1897 Β

497 1971 647 2012 nunc
674 1957 730 2011 in
755 1958 927 2029 virga,
948 1974 1094 2014 nunc
1122 1958 1177 2012 in
1210 1957 1424 2012 baculo.
1448 1955 1588 2024 Quid
1613 1955 1758 2010 enim
1779 1956 1802 2008 ἲ
1825 1953 2084 2024 Nunquid

498 2047 793 2119 aliquando
823 2049 1024 2105 imbres
1071 2050 1206 2105 tanti
1245 2048 1458 2103 vidistis
1500 2047 1782 2116 impetus?
1827 2043 2085 2116 Nunquid

499 2141 666 2212 hujus
689 2141 923 2214 fragoris
951 2143 1184 2221 audistis
1213 2141 1487 2197 tonitrua?
1508 2138 1765 2210 Nunquid
1791 2138 2087 2209 aliquando

499 2229 732 2288 fulmina
757 2240 838 2288 tot
859 2235 1156 2288 saevierunt
1186 2233 1242 2287 in
1283 2229 1671 2287 discursibus?
1697 2229 1878 2285 Terra:
1908 2238 2090 2285 motus

499 2324 666 2379 etiam
690 2341 788 2397 per
808 2325 925 2381 loca
949 2326 1086 2381 tanti
1113 2324 1338 2380 fuerunt
1383 2333 1444 2378 ut
1486 2339 1594 2378 non
1627 2323 1806 2378 solum
1852 2323 2086 2379 subrue-

498 2425 692 2473 rentur
733 2418 920 2486 urbes,
963 2417 1111 2489 quod
1166 2417 1464 2488 aliquando
1493 2415 1847 2484 audivimus;
1894 2432 2088 2470 verum

501 2508 666 2564 etiam
697 2518 912 2566 montes
934 2524 1076 2566 novo
1100 2511 1341 2582 quodam
1389 2509 1771 2580 stupendoque
1823 2508 2091 2564 miraculo

495 2599 570 2655 ab
598 2599 731 2671 ipsis
780 2602 1230 2658 subverterentur
1273 2600 1574 2656 radicibus.
1603 2598 1864 2656 Terrores
1908 2608 2090 2655 autem

497 2689 567 2746 de
595 2691 806 2748 ccloet
841 2693 998 2766 signa
1023 2693 1141 2749 haec
1165 2709 1290 2764 qua:
1315 2692 1467 2764 prius
1511 2699 1646 2747 tetas
1678 2690 1849 2748 fuisse
1895 2691 2090 2746 memi-

498 2782 600 2848 nit,
627 2784 805 2840 noctis
825 2793 1071 2855 tempore
1094 2799 1126 2839 a
1152 2784 1375 2856 regione
1408 2784 1705 2855 aquilonis,
1733 2784 1934 2839 ccelum
1965 2799 2091 2854 par-

499 2875 598 2930 tim
655 2877 816 2945 quasi
874 2877 1125 2931 clibanus
1174 2891 1478 2932 succensus
1531 2876 1835 2944 incanduit,
1888 2876 2090 2947 partim

500 2967 659 3037 quasi
682 2967 769 3022 die
800 2968 976 3023 media
1007 2970 1073 3022 ad
1101 2967 1344 3024 medium
1373 2967 1487 3024 fere
1513 2969 1694 3025 noctis
1721 2969 1872 3024 clara
1893 2969 2086 3024 admo-

500 3059 630 3112 dum
670 3058 792 3113 lnce
845 3060 1203 3129 resplenduit.
1245 3059 1376 3126 Has,
1409 3060 1748 3126 charissimi,
1783 3060 1885 3116 has
1932 3060 2092 3116 nobis

500 3164 665 3205 voces
688 3151 1005 3206 Altissimus
1029 3152 1197 3219 dedit,
1230 3151 1318 3207 his
1342 3161 1398 3208 et
1425 3152 1742 3208 terribiliter
1763 3168 1866 3208 nos
1896 3153 2078 3207 admo-

501 3239 642 3305 nuit,
670 3247 724 3294 et
744 3240 1041 3296 clementer
1062 3241 1357 3308 exterruit;
1381 3257 1510 3297 nam
1526 3250 1580 3298 et
1596 3244 1643 3298 si
1663 3243 1962 3314 aliquando
1983 3242 2092 3298 ful-

503 3347 640 3401 gura
672 3333 1046 3404 multiplicans
1071 3334 1156 3391 sic
1197 3349 1300 3390 nos
1344 3335 1693 3391 conturbavit
1734 3345 1797 3391 ut
1835 3336 2001 3392 etiam
2033 3336 2092 3393 in

499 3421 636 3493 ipsis
659 3424 906 3480 ecclesiis
941 3433 1118 3480 morte
1164 3425 1438 3497 corporali
1475 3426 1746 3497 quosdam
1774 3435 2091 3497 prosterne-

499 3522 606 3580 ret,
629 3513 818 3570 Leodii
846 3523 977 3571 tunc
1003 3515 1168 3587 positi
1203 3516 1350 3586 quod
1391 3516 1692 3588 contigisse
1726 3517 1984 3585 vidimus,
2035 3517 2091 3573 in

499 3605 608 3661 hoc
629 3606 750 3676 ipso
773 3621 885 3662 non
912 3607 1152 3663 crudelis
1179 3607 1236 3662 in
1281 3622 1384 3663 nos
1423 3609 1655 3676 exstitit,
1691 3609 1790 3666 sed
1833 3610 2091 3681 pietatem

501 3700 663 3755 nobis
695 3717 850 3756 suam
879 3701 1147 3768 exhibuit,
1171 3701 1477 3772 disciplina:
1503 3702 1752 3758 videlicet
1781 3703 2091 3768 severitate,

504 3793 779 3850 mortibus
835 3809 1131 3865 corporum
1186 3794 1346 3866 longe
1400 3794 1714 3852 mitioribus
1762 3811 1928 3866 quam
1984 3797 2095 3852 sint

499 3876 708 3939 interna
757 3885 1024 3955 supplicia
1075 3886 1483 3957 gehennarum,
1532 3895 1840 3957 perpetrata
1890 3886 2093 3958 ﬂagitia

2117 3204 2163 3265 C

391 3982 401 3993 ‘
491 3976 810 4032 'vindicans.
848 3995 868 4028 α
906 3976 1171 4032 Mortibus
1205 3977 1350 4032 enim
1377 3992 1696 4048 corporum,
1727 3979 1804 4032 ait
1835 3977 2096 4049 Angusti-

503 4085 630 4134 nus,
656 4069 890 4140 legimus
926 4070 1063 4124 alios
1096 4081 1365 4137 mortuos,
1410 4079 1632 4140 propter
1679 4085 1789 4124 non
1836 4080 1955 4134 sua,
2000 4069 2095 4123 sed

503 4161 679 4216 aliena
704 4171 966 4231 peccata;
1001 4161 1094 4217 ubi
1126 4162 1301 4234 magis
1325 4171 1411 4219 est
1435 4162 1489 4217 in
1514 4163 1702 4217 dolore
1728 4161 1909 4216 cordis
1939 4162 2094 4232 plaga

503 4255 804 4308 viventium
829 4271 994 4326 quam
1020 4255 1074 4309 in
1101 4255 1436 4311 resolutione
1459 4255 1642 4310 carnis
1668 4270 1829 4324 poma
1864 4255 2098 4309 morien-

501 4346 676 4414 tium;
715 4345 808 4400 uhi
857 4346 1057 4401 anima:
1121 4345 1190 4402 de
1235 4345 1562 4417 corporibus
1613 4353 1912 4408 exeuntes,
1966 4360 2097 4402 suas

503 4453 705 4498 causas
731 4437 952 4504 habent,
993 4437 1078 4492 vel
1106 4437 1304 4502 bonas,
1331 4436 1416 4492 vel
1444 4437 1642 4503 malas,
1671 4443 1780 4490 non
1807 4445 2096 4506 propterea

1099 374 1192 431 AD
1228 372 1678 434 GODEFRIDUM
1714 370 2006 428 APPEND.
2051 371 2114 428 ll.
2156 400 2226 415 —
2264 370 2533 428 MONUM.
2578 371 2666 430 DE
2703 374 2930 433 BELLO
2967 375 3216 435 SACRO.

2173 485 2376 556 quippe
2393 499 2522 540 cum
2539 493 2598 541 et
2622 487 2810 544 mitius
2826 503 2956 560 erga
2969 502 3067 544 eos
3091 489 3204 555 tiat,
3235 504 3374 560 quos
3396 498 3719 563 temprr..liter

2175 579 2256 634 sic
2281 577 2426 634 Deus
2449 579 2705 649 percutit,
2733 580 2924 652 eisque
2956 595 3064 636 non
3096 592 3318 638 cautum
3359 598 3467 638 non
3507 586 3586 652 sit,
3606 603 3720 659 quos

2174 677 2231 723 et
2260 668 2377 740 ipse
2402 669 2638 724 aliorum
2669 671 2761 726 hic
2809 672 3084 727 mortibus
3131 675 3388 730 emendat
3426 682 3479 729 et
3508 680 3717 751 corrigit.

2175 758 2317 816 Cum
2346 761 2648 832 gratiarum
2698 762 2884 834 itaque
2909 764 3144 830 actione,
3178 781 3288 820 non
3333 775 3395 820 ut
3429 767 3720 840 indignatio-

2175 867 2326 917 nem,
2353 851 2450 908 sed
2477 861 2538 908 ut
2561 863 2844 924 paternam
2868 864 2923 912 et
2943 857 3088 927 piam
3113 857 3256 912 hanc
3281 857 3377 912 Dei
3403 861 3725 930 suscipientes

2178 941 2601 1010 correptionem,
2652 942 2855 1008 nolite,
2893 943 3240 1010 charissimi,
3287 944 3455 999 nolite
3495 948 3727 1018 negligere

2178 1031 2262 1087 sic
2290 1032 2702 1102 corripientem,
2743 1049 2813 1089 ne
2842 1034 2983 1090 forte
3022 1051 3248 1090 manum
3299 1049 3456 1092 suam
3487 1049 3729 1110 aggravet,

2179 1139 2250 1180 ne
2271 1123 2412 1180 forte
2439 1140 2538 1181 vos
2569 1126 2625 1181 in
2657 1125 2844 1182 furore
2870 1143 2972 1183 suo
2993 1130 3303 1194 conturbet,
3341 1145 3409 1184 ne
3433 1128 3563 1184 fo:te
3581 1146 3666 1185 vos
3685 1131 3728 1185 in

2177 1216 2264 1272 ira
2294 1233 2392 1273 sua
2429 1219 2747 1290 praecipitet.
2781 1219 2960 1289 Exite,
2987 1230 3048 1276 ut
3067 1222 3204 1288 dixi,
3239 1223 3386 1278 exite
3429 1223 3496 1279 de
3535 1223 3730 1294 Babylo-

2181 1311 2314 1377 nia;
2348 1311 2442 1377 ite,
2493 1321 2591 1367 aut
2635 1312 2810 1369 redite
2836 1313 3142 1370 Jerusalem
3181 1333 3193 1369 :
3227 1316 3438 1386 lapides
3469 1315 3733 1374 sanctuarii

2181 1404 2279 1474 qui
2309 1402 2543 1474 dispersi
2589 1413 2721 1460 sunt
2748 1406 3048 1478 recolligite
3073 1425 3088 1474 ;
3116 1422 3310 1463 muros
3334 1423 3474 1478 quos
3497 1409 3730 1464 destruxit

2182 1492 2567 1561 Nabuzardan,
2598 1496 2854 1568 princeps
2897 1498 3107 1554 militiae
3131 1498 3450 1570 Babylonis,
3491 1501 3731 1555 restruite.

2184 1583 2293 1640 Sed
2323 1583 2453 1656 quid
2475 1585 2683 1654 putatis
2703 1586 2726 1639 ?
2744 1584 2932 1643 forsan
2960 1588 3028 1643 de
3052 1587 3357 1644 Jerusalem
3386 1588 3487 1642 hac
3505 1591 3734 1653 terrestri,

2184 1675 2255 1732 ad
2279 1691 2447 1747 quam
2479 1676 2560 1732 ire
2579 1676 2664 1732 vel
2699 1677 2879 1734 redire
2922 1694 3011 1735 me
3036 1680 3284 1735 cernitis.
3310 1677 3470 1746 Quod
3497 1678 3631 1746 dico,
3667 1696 3736 1735 me

2185 1767 2370 1824 dicere
2398 1769 2643 1835 creditis,
2667 1784 2982 1842 quanquam
3012 1781 3069 1827 et
3095 1773 3164 1827 ad
3195 1772 3340 1827 hanc
3367 1781 3586 1842 propter
3612 1772 3734 1825 illam

2185 1862 2253 1918 de
2278 1878 2387 1934 qua
2416 1863 2508 1919 hic
2533 1863 2758 1921 intendo
2783 1864 2862 1921 ire
2908 1864 3182 1920 laudabile
3221 1865 3315 1932 sit,
3353 1880 3464 1920 non
3492 1873 3658 1918 tamen
3687 1866 3739 1919 de

2188 1956 2293 2012 hac
2317 1957 2651 2012 mentionem
2675 1957 2766 2012 hic
2793 1956 2956 2013 facio.
2990 1957 3066 2013 De
3105 1957 3378 2028 spirituali
3409 1971 3531 2028 ago,
3558 1957 3739 2012 charis-

2186 2049 2335 2114 simi,
2362 2049 2430 2104 de
2452 2049 2661 2106 caelesti
2691 2049 3018 2116 Jesusalem,
3058 2065 3176 2121 quae
3203 2049 3510 2119 wdiﬁeatur
3543 2057 3598 2102 ut
3629 2049 3733 2101 civi-

2188 2148 2272 2194 tas
2315 2138 2490 2210 (Psal.
2525 2140 2698 2212 cxxt),
2750 2141 2804 2196 in
2853 2143 3012 2212 cujus
3052 2141 3312 2196 nimirum
3363 2139 3740 2196 aediﬁcationem

2187 2245 2328 2302 quas
2353 2231 2589 2302 quisque
2613 2233 2851 2289 virtutes
2879 2233 3224 2304 acquisierit,
3259 2241 3342 2288 tot
3368 2230 3530 2303 quasi
3566 2230 3742 2300 lapides

2187 2324 2438 2396 porrigit.
2476 2324 2558 2379 Ad
2603 2326 2767 2393 hanc,
2793 2326 3129 2394 charissimi,
3157 2341 3284 2381 cum
3337 2325 3407 2381 de
3457 2324 3741 2395 Babylonia,

2188 2413 2256 2469 de
2284 2414 2492 2469 mundo
2527 2415 2801 2481 videlicet,
2829 2430 2927 2471 vos
2949 2415 3100 2470 exire
3140 2429 3362 2482 moneo,
3399 2430 3500 2470 vos
3540 2428 3743 2485 provoco

2188 2504 2259 2560 ad
2281 2505 2448 2576 hujus
2473 2505 2890 2562 aediﬁcationem
2941 2507 3027 2562 vel
3071 2505 3550 2562 resedificationcm
3594 2505 3743 2576 quali-

2188 2611 2409 2668 cunque
2443 2613 2564 2653 mea
2605 2599 2711 2654 hac
2737 2599 3123 2656 exhortatione
3152 2613 3254 2656 vos
3280 2599 3487 2665 excito,
3521 2599 3587 2653 ad
3629 2597 3746 2652 hanc

2189 2688 2286 2759 qui
2312 2688 2584 2761 peregrini
2611 2691 2746 2745 estis
2769 2705 2939 2760 super
2977 2698 3205 2756 terram,
3238 2691 3390 2746 velut
3426 2689 3496 2744 ad
3552 2704 3741 2743 manen-

2190 2787 2294 2833 tem
2317 2778 2506 2851 (Hebr.
2549 2781 2671 2852 xm)
2714 2790 2766 2836 et
2807 2781 3156 2851 fundamenta
3195 2781 3472 2836 habentem
3512 2783 3744 2836 ciritatcm

2192 2870 2383 2943 (Hebr.
2417 2874 2497 2944 xi)
2517 2873 2585 2929 de
2607 2873 2773 2930 domo
2800 2875 2905 2930 hac
2935 2874 3082 2932 lutea
3101 2889 3200 2930 vos
3226 2889 3419 2930 evoco.
3445 2873 3568 2930 Haec
3588 2875 3745 2945 utique

2191 2964 2296 3020 sita
2317 2974 2402 3019 est
2429 2965 2485 3019 in
2514 2967 2831 3033 montibus,
2846 2967 3079 3037 ideoque
3105 2975 3344 3024 onustus
3384 2967 3452 3022 ad
3488 2983 3605 3022 eam
3649 2983 3744 3022 Olli-

2194 3055 2327 3110 nino
2361 3056 2563 3127 aliquis
2605 3059 2907 3113 ascendere
2954 3073 3064 3113 non
3110 3058 3387 3129 praevalet.
3440 3057 3746 3114 Exoncrentr

2194 3157 2328 3220 ergo
2355 3148 2596 3218 primum
2637 3158 2873 3219 oportet,
2901 3149 3157 3221 quisquis
3199 3160 3463 3206 montana
3507 3151 3618 3205 haec
3655 3149 3746 3203 vult

2193 3241 2582 3298 conscendere.
2609 3241 2896 3298 Sarcinam
2940 3243 3083 3298 banc
3128 3243 3490 3312 mundanam,
3517 3244 3745 3313 concupi-

2193 3333 2461 3390 scentiam
2491 3334 2742 3390 videlicet
2786 3343 2842 3389 et
2896 3351 3088 3390 curam
3136 3336 3459 3392 saecularem
3506 3335 3744 3407 projiciat,

2183 3425 2436 3496 ‘seipsum
2467 3425 2721 3496 abneget,
2751 3434 2906 3482 extra
2933 3436 3149 3498 portam
3177 3442 3304 3483 cum
3337 3427 3562 3484 Christo
3599 3437 3745 3492 exeat,

2194 3516 2588 3587 improperium
2619 3516 2740 3588 ejus
2766 3518 2940 3585 tollat,
2955 3533 3175 3573 carnem
3203 3533 3361 3573 suam
3391 3533 3520 3572 cum
3553 3517 3686 3572 vitiis
3707 3527 3748 3573 et

2195 3608 2654 3679 concupiscentiis
2683 3609 2988 3680 crucifigal.
3038 3607 3114 3665 De
3144 3609 3526 3666 benevolentia
3562 3625 3676 3666 vero
3709 3620 3749 3664 et

2179 3702 2584 3757 communione
2615 3717 2685 3756 ex
2728 3702 3031 3757 abundanti
3075 3711 3160 3758 est
3210 3702 3643 3759 exhortationem
3683 3703 3748 3756 his

2195 3792 2334 3860 ﬁeri,
2363 3794 2584 3864 quibus,
2620 3794 2881 3864 Apostolo
2902 3795 3150 3859 docente,
3184 3795 3422 3850 innotuit
3460 3796 3652 3851 talibus
3675 3795 3748 3848 ho-

2183 3875 2320 3942 ‘stiis
2350 3885 2517 3941 Deum
2543 3889 2847 3957 promereri
2873 3886 3061 3957 (Ilebr.
3091 3886 3234 3958 xm).
3268 3885 3383 3943 Hoc
3412 3888 3615 3944 bonum
3643 3886 3748 3943 illud

2194 3987 2302 4044 est,
2328 3978 2498 4048 quod,
2531 3979 2690 4048 juxta
2717 3979 2970 4035 eumdem
2995 3980 3340 4050 Apostolum,
3367 3981 3436 4036 ad
3467 3996 3654 4036 omnes
3675 3981 3748 4034 de-

2197 4070 2393 4126 bemus
2438 4072 2678 4141 operari,
2722 4072 2961 4126 maxime
3002 4071 3070 4126 ad
3105 4072 3443 4129 domesticos
3476 4074 3598 4129 ﬁdei
3631 4072 3747 4144 (Gal.

2199 4163 2296 4233 γι).

2268 4254 2500 4310 Pensatc
2535 4271 2666 4325 ergo
2690 4264 2981 4326 quantum,
3012 4255 3095 4311 vel
3122 4257 3283 4327 quale
3309 4257 3518 4313 bonum
3561 4258 3656 4313 hoc
3678 4258 3747 4318 sit,

2197 4361 2228 4400 a
2259 4361 2372 4416 quo
2393 4346 2724 4403 conditionis
2754 4348 3009 4403 humanm
3042 4363 3205 4403 nemo
3231 4349 3572 4417 excluditur;
3604 4359 3750 4405 tanto-

2198 4452 2305 4508 que
2331 4437 2432 4492 hoc
2467 4437 2603 4492 mihi
2631 4438 2952 4509 czcterisque
2985 4439 3304 4495 domesticis
3333 4439 3458 4496 fiJei
3492 4441 3750 4512 impendite

503 4538 762 4600 gravatae,
795 4530 922 4601 quia
962 4539 1158 4586 exutae.
1206 4548 1226 4581 ι
1276 4527 1402 4586 Ηωο
1444 4527 1788 4599 Augustinus
1827 4528 1882 4582 in
1915 4528 2096 4599 primo
2125 4545 2171 4606 ο
2199 4527 2544 4598 propensius,
2603 4538 2812 4598 quanto
2877 4530 3238 4586 inhumanius
3294 4531 3456 4587 nobis
3521 4530 3749 4604 negabitis

501 4631 696 4678 contra
723 4621 1091 4679 Marcionitas.
1127 4621 1186 4676 ln
1217 4620 1460 4678 secundo
1487 4628 1669 4675 autem
1704 4639 1718 4674 :
1756 4641 1773 4671 ι
1806 4618 1941 4690 Quis
1969 4621 2093 4689 scit,

500 4715 600 4782 ait,
633 4715 766 4786 quid
792 4715 878 4770 vel
912 4715 994 4770 eis
1019 4721 1145 4785 post
1165 4722 1398 4769 mortem
1434 4713 1594 4768 bona:
1629 4713 2094 4784 compensationis

508 4806 656 4862 Deus
687 4806 898 4874 tribuit,
920 4822 1159 4877 quorum
1185 4805 1472 4874 mortibus,
1486 4805 1752 4874 viventes,
1781 4813 1877 4860 aut
1903 4821 2094 4862 eman-

503 4895 673 4962 davit,
706 4904 802 4950 aut
825 4895 1020 4951 terruit
1044 4895 1068 4950 ?
1091 4893 1227 4950 Nam
1264 4893 1484 4960 delicta,
1510 4894 1605 4961 ait,
1637 4895 1999 4966 quorumdam
2025 4896 2095 4952 ad

502 4990 774 5060 poenalem
796 4989 964 5044 animi
981 4987 1224 5044 dolorem
1247 4997 1622 5059 terroremque
1646 4989 1908 5059 majorem
1927 4989 2091 5044 etiam

503 5081 722 5136 illorum
767 5079 862 5150 qui
895 5094 959 5134 ea
1005 5096 1111 5133 non
1154 5077 1470 5144 admittunt,
1515 5093 1626 5134 non
1679 5077 2085 5150 spiritualibus,

501 5173 599 5230 sed
621 5171 996 5241 corporalibus
1018 5169 1289 5225 mortibus
1311 5169 1632 5240 plerumque
1647 5168 1789 5225 Deus
1830 5170 2091 5239 vindicat,

506 5271 566 5318 ut
589 5260 834 5318 conditio
859 5276 969 5331 qua
992 5268 1122 5314 sunt
1152 5269 1274 5330 post
1295 5260 1580 5331 paululum
1619 5261 1896 5330 morituri,
1923 5263 2091 5318 etiam

505 5356 612 5410 isto
643 5353 807 5408 modo
831 5351 1033 5408 serviat
1055 5351 1151 5408 Dei
1179 5352 1554 5424 providentiae,
1583 5362 1638 5408 et
1683 5353 1739 5411 in
1781 5371 1942 5410 usum
1992 5370 2093 5410 no-

501 5455 633 5502 stra:
659 5443 817 5500 cedat
839 5442 1161 5513 disciplinae.
1201 5462 1220 5497 ι

576 5535 715 5592 Ecce
741 5535 1078 5603 charissimi,
1105 5552 1215 5592 non
1238 5551 1345 5605 me,
1373 5535 1468 5594 sed
1510 5536 1815 5610 Augustino
1837 5539 2088 5606 docente,

503 5628 777 5684 didicistis
813 5628 867 5682 in
901 5627 1108 5685 ultione
1133 5630 1456 5701 plerumque
1493 5631 1800 5686 alienorum
1828 5641 2088 5702 peccato-

505 5740 631 5780 rum
667 5724 882 5796 aliquos
902 5725 992 5782 hic
1019 5743 1049 5781 a
1087 5725 1198 5782 Deo
1233 5726 1462 5797 percuti,
1501 5741 1603 5781 nec
1639 5725 1919 5795 percussis
1955 5724 2090 5796 ipsis

501 5816 722 5883 obesse,
772 5832 871 5874 nec
919 5819 1266 5875 mediocriter
1308 5833 1421 5878 non
1476 5817 1760 5888 percussis
1805 5817 2084 5891 prodesse,

2197 4620 2343 4689 quod
2367 4619 2578 4674 debetis
2602 4622 2879 4677 omnibus.
2907 4621 3117 4679 Videtis
3141 4625 3287 4694 quod
3321 4625 3567 4681 exsulem
3591 4641 3668 4680 me
3689 4623 3750 4678 le-

2195 4710 2362 4765 cerim
2389 4727 2488 4782 pro
2529 4711 2663 4779 Deo,
2689 4714 2887 4770 videtis
2914 4715 3061 4786 quod
3091 4733 3310 4772 crucem
3338 4733 3449 4773 non
3483 4719 3620 4773 hanc
3650 4727 3746 4772 tan-

2194 4810 2312 4856 tum
2340 4819 2465 4873 qua:
2490 4803 2544 4858 in
2563 4819 2746 4874 panno
2766 4813 2885 4860 est:
2914 4806 3008 4860 sed
3034 4806 3182 4876 quod
3207 4823 3426 4862 crucem
3460 4809 3655 4863 Christi
3673 4822 3749 4875 ego

2196 4895 2402 4966 bajulo.
2431 4895 2641 4952 Videtis
2669 4898 2818 4968 quod
2842 4898 2911 4953 ad
2933 4897 3104 4954 Deum
3135 4915 3243 4954 non
3269 4897 3624 4972 Jerosolymis
3647 4909 3743 4953 tan-

2196 4995 2334 5054 tum,
2378 4987 2474 5043 sed
2526 4988 2750 5059 ubique,
2793 4988 2923 5059 quia
2957 4989 3160 5060 ubique
3193 4988 3310 5058 est,
3359 4990 3632 5062 confugio.
3669 4987 3748 5042 Per

2194 5079 2374 5150 ipsum
2395 5094 2527 5150 ergo
2561 5094 2761 5135 moneo
2795 5095 2917 5145 vos,
2945 5091 3164 5152 gcavete,
3201 5088 3468 5151 quantum
3519 5081 3573 5134 in
3622 5079 3748 5133 vobis

2193 5181 2298 5241 est,
2329 5187 2398 5228 ne
2422 5172 2479 5228 in
2501 5173 2590 5228 via
2634 5173 2739 5228 hac
2778 5172 3051 5229 deﬁciam.
3096 5172 3192 5230 Est
3228 5174 3411 5244 aliqua
3438 5171 3673 5245 profecto
3694 5171 3745 5224 ad

2194 5268 2365 5325 Deum
2392 5269 2501 5335 via,
2528 5268 2616 5324 his
2639 5268 2732 5339 qui
2769 5268 2826 5323 in
2883 5269 2969 5324 via
3017 5267 3114 5324 Dei
3149 5277 3299 5334 sunt,
3333 5284 3434 5339 pro
3476 5268 3586 5323 Deo
3617 5265 3749 5321 mini-

2195 5373 2374 5418 strare
2394 5363 2744 5429 necessaria;
2769 5363 2914 5418 hanc
2936 5372 3134 5430 tenete,
3167 5363 3237 5418 ab
3261 5363 3388 5432 ,hac
3431 5363 3641 5418 deviare
3667 5375 3736 5414 ne

2195 5453 2310 5519 lite,
2337 5467 2435 5524 per
2466 5453 2608 5508 hanc
2643 5452 2729 5508 vel
2771 5453 3072 5507 voluntatis
3117 5453 3375 5522 passibus
3415 5452 3749 5507 indesinenter

2195 5544 2449 5601 incedite.
2484 5541 2612 5600 Haec
2635 5558 2828 5599 revera
2861 5543 2946 5598 via
2972 5550 3078 5608 est,
3109 5558 3232 5613 quae
3252 5542 3320 5598 de
3345 5543 3542 5598 exsilio
3570 5535 3746 5596 reducit

2196 5635 2264 5691 ad
2294 5636 2526 5707 patriam
2551 5653 2566 5702 ;
2606 5636 2722 5691 haec
2751 5636 2838 5690 via
2859 5643 2943 5689 est
2971 5649 3093 5704 quae
3112 5633 3261 5690 ducit
3287 5635 3358 5692 ad
3395 5643 3671 5690 manentem
3707 5632 3746 5680 ει

2197 5728 2544 5799 fundamenta
2571 5728 2844 5784 habentem
2888 5730 3193 5790 civitatem;
3236 5728 3375 5797 hac,
3416 5728 3650 5799 inquam,
3677 5721 3746 5775 Via

2196 5829 2300 5886 est,
2325 5835 2447 5891 quae
2478 5827 2624 5876 recte
2648 5819 2713 5874 de
2743 5817 3037 5890 Babylonia
3058 5819 3228 5888 ducit,
3255 5828 3308 5874 et
3329 5818 3539 5876 reducit
3557 5815 3745 5872 Jerusa-
