3838 6306
190 299 276 358 ωδ
1444 294 1676 350 essu
1710 293 2080 352 annonem.
3295 317 3401 377 ιςη

172 408 390 475 'lancrcdi
418 408 766 468 familiaritas
795 410 1063 479 accendit,
1098 425 1210 484 quo
1236 410 1387 468 nullo
1416 410 1519 470 fuit
1550 411 1707 472 beni-
1735 429 1781 488 Α
1812 415 2149 490 indignatus.
2182 416 2570 482 Verumtamen
2601 427 2860 498 quoniam
3022 478 3029 481 .
3310 396 3317 409 ‘
3398 388 3405 395 ὸ

169 508 295 581 gnior
318 502 573 572 dominus,
603 518 774 560 nemo
814 504 1035 577 largior,
1082 519 1247 561 nemo
1286 512 1400 561 tam
1427 505 1661 563 blandus
1688 525 1702 563 :
1812 507 1908 564 Est
1936 511 2166 582 quodam
2192 513 2407 583 prodire
2436 525 2609 587 tenus,
2637 521 2685 575 si
2720 516 2822 577 non
2849 524 3012 578 datur
3040 524 3206 595 ultra,

166 601 535 672 huiainquam,
580 598 961 658 vehementius
1006 599 1258 668 instanti,
1295 600 1457 657 tacita
1502 600 1585 658 sic
1612 616 1704 658 re-
2939 613 3153 673 Honn.

165 692 417 767 spondebat
448 705 602 747 mens
644 705 769 747 mea
796 707 811 745 :
836 690 985 763 quod
1024 690 1165 762 petis
1203 691 1381 757 vivus,
1423 691 1470 747 si
1513 706 1707 761 supcr-
1806 694 1936 751 licet
1991 697 2327 779 incomptam
2379 719 2518 760 rem.
2558 744 2573 759 .
2618 745 2634 761 .
2678 746 2693 761 .
2738 748 2753 761 .
2804 707 2876 763 ad
2928 702 3199 779 posteros.
3223 720 3389 768 trans

160 786 302 853 fuero,
326 782 547 854 accipies
576 782 826 855 sepultus
850 802 862 837 :
889 798 998 838 non
1023 791 1074 839 te
1101 782 1337 839 laudato
1360 783 1412 837 in
1439 782 1550 837 vita
1577 790 1700 851 tua;

158 876 353 934 laudabo
376 882 492 946 post
515 880 777 942 mortem,
801 873 1173 955 'magnilicabo
1202 882 1328 945 post
1355 889 1704 931 consumma-

155 971 322 1027 tionem
344 986 358 1023 :
377 976 501 1023 tunc
526 966 681 1022 enim
704 981 884 1038 neque
924 965 1203 1033 laudatus,
1243 981 1422 1038 neque
1447 966 1699 1034 laudans,

155 1071 231 1117 aut
251 1061 300 1115 in
324 1059 606 1115 elationem
634 1059 831 1131 surgit,
862 1068 957 1115 aut
983 1058 1196 1116 corruit
1218 1057 1276 1113 in
1307 1058 1698 1115 adulationem.

1805 787 2019 869 mittam
2046 809 2061 846 :
2088 793 2326 861 ornabit,
2362 810 2624 866 auguror,
2662 798 2893 870 benigna
2925 799 3217 871 posteritas
3258 806 3405 873 quod

1804 877 2059 934 hodierni
2077 880 2393 939 inornatum
2416 886 2552 941 mihi
2578 886 2937 960 reliquerunt.
2969 885 3126 945 Unde
3149 889 3406 957 invicem,

1803 984 1839 1026 ο
1878 970 2071 1041 lector,
2120 973 2418 1047 debemus,
2455 993 2559 1051 ego
2607 979 2704 1037 tibi
2753 982 3097 1053 supplicare;
3140 990 3199 1038 tu
3248 982 3407 1055 ignoo

1804 1076 1960 1119 scere
1990 1064 2148 1133 mihi,
2180 1067 2328 1138 quod
2359 1085 2506 1126 nunc
2545 1070 2734 1143 jejuna
2762 1073 2959 1140 oratio,
2988 1090 3137 1130 nunc
3164 1073 3408 1146 pinguis,

151 1153 293 1210 Porro
318 1151 525 1207 invidus
553 1149 778 1220 tacebit,
813 1151 1153 1207 obmutescet
1186 1166 1436 1218 susurro,
1473 1166 1598 1207 cum
1646 1159 1701 1207 te
1802 1162 1864 1211 ut
1890 1154 2067 1224 aiunt,
2101 1155 2345 1217 Minerva
2373 1175 2404 1214 a
2434 1177 2549 1219 suae
2576 1162 2723 1221 fastu
2759 1158 3005 1222 materiae
3046 1165 3206 1239 longe
3246 1165 3407 1238 dege-

149 1244 403 1312 exstincto,
443 1258 676 1300 munera
715 1243 1029 1317 cessabunt,
1076 1242 1279 1314 quibus
1326 1258 1476 1298 nunc
1519 1241 1700 1300 inces-
1802 1247 2017 1304 neravit
2053 1267 2068 1304 :
2113 1249 2317 1321 quippe
2358 1267 2485 1308 cum
2533 1253 2647 1311 haec
2682 1254 2775 1312 vix
2821 1255 3066 1313 Maronis
3096 1256 3409 1329 pertingant

146 1343 299 1394 santer
333 1350 363 1389 a
403 1334 695 1409 superstite
739 1342 1088 1390 muneratum
1112 1375 1130 1401 ,
1169 1348 1458 1391 venenosae
1500 1333 1702 1406 lingua
1799 1342 2034 1400 vertices
2055 1383 2072 1409 ,
2127 1341 2252 1399 illas
2305 1341 2479 1400 ferme
2536 1344 2747 1404 inutilis
2786 1347 2979 1422 lingua
3022 1347 3274 1404 balbutit.
3320 1344 3410 1404 Me

145 1425 411 1482 fabularum
435 1440 527 1480 me
554 1425 894 1481 venditorem
924 1425 1382 1497 circumagerent,
1408 1432 1462 1481 te
1486 1434 1691 1496 empto~
1800 1431 2021 1502 quidem
2051 1431 2108 1488 in
2146 1432 2251 1489 hac
2290 1444 2447 1505 parte
2474 1437 2651 1494 sentio
2680 1437 2959 1495 inﬁmum
2985 1435 3127 1496 {sed
3157 1436 3226 1496 de
3260 1438 3403 1512 «jus,

142 1533 259 1585 rem.
279 1514 420 1573 Hanc
453 1516 646 1601 igitur,
682 1517 781 1574 sed
804 1526 859 1573 et
887 1518 1052 1574 aliam
1082 1516 1280 1601 habuit»
1301 1532 1525 1574 causam
1556 1516 1699 1573 dila-
1802 1521 1855 1576 id
1886 1529 1970 1579 est
2003 1521 2207 1578 Christi
2238 1522 2497 1580 ﬁrmitate
2527 1534 2674 1582 totus
2710 1528 2941 1598 pendeo,
2983 1528 3144 1600 cujus
3190 1528 3404 1584 vexilli-

140 1607 389 1678 tiozquod
433 1598 579 1666 meis
622 1608 743 1680 ipse
782 1609 993 1667 viribus
1037 1598 1310 1678 dillidens,
1347 1610 1697 1686 interiunex-
1801 1612 1979 1670 ferum
2010 1623 2067 1671 et
2097 1615 2410 1688 triumphos
2445 1617 2758 1676 describere
2800 1598 3067 1688 intendo,
3111 1634 3140 1677 a
3178 1626 3287 1693 quo
3318 1637 3406 1677 se-

138 1698 430 1770 spectalum,
456 1699 510 1755 si
534 1700 663 1771 quis
690 1700 761 1756 ad
785 1700 902 1757 haec
934 1700 1189 1757 solertior
1214 1701 1437 1773 stylum,
1486 1701 1533 1757 si
1571 1702 1697 1775 quis
1736 1779 1765 1782 _
1799 1707 2039 1763 cundum
2080 1706 2220 1779 elegi
2275 1717 2362 1777 te,
2413 1707 2664 1778 Amulfe,
2710 1711 3021 1782 patriarcha
3063 1710 3407 1781 doctissime,

136 1790 364 1847 Tancredi
393 1792 726 1847 muneribus
752 1792 1044 1879 obligatior
1073 1793 1379 1850 anhelaret.
1411 1794 1564 1850 Alios
1599 1810 1700 1850 au-
1733 1779 1776 1835 Β
1802 1798 2117 1868 doctorem;
2144 1800 2240 1871 qui
2268 1798 2482 1872 paginze
2508 1816 2645 1857 mea:
2671 1779 2946 1872 superﬂua
2973 1816 3206 1867 reseces,
3235 1800 3405 1856 rimas

132 1890 220 1937 tem
242 1881 523 1955 negligere,
566 1883 707 1941 alios
747 1893 984 1963 torpere,
1028 1884 1187 1953 alios,
1215 1885 1354 1956 proh
1384 1885 1573 1944 nefas!
1607 1902 1698 1943 re-
1805 1887 2057 1960 impleas,
2094 1890 2329 1946 obscura
2358 1890 2621 1961 illustres,
2650 1890 2804 1947 arida
2847 1890 3215 1962 superfundes
3240 1911 3251 1946 :
3278 1892 3405 1946 nul-

132 1975 213 2031 niti
250 1976 520 2049 comperio
556 1992 921 2036 susurrones.
975 1976 1173 2052 Papae!
1218 1979 1311 2035 ubi
1352 1980 1655 2035 reverentia
1682 2021 1699 2049 ,
1801 1978 1910 2036 lius
1944 1979 2147 2036 etenim
2186 1979 2429 2038 liberalis
2468 1982 2713 2038 scientia:
2755 1989 2808 2038 te
2846 1982 3206 2053 cognovimus
3245 1996 3408 2036 exor-

131 2066 458 2137 ubilibertas,
502 2068 603 2125 ubi
630 2086 883 2139 munera,
928 2071 1024 2127 ubi
1059 2071 1222 2128 toties
1263 2058 1353 2128 ille
1387 2072 1697 2144 principum
1803 2081 1935 2145 tem,
1983 2074 2289 2144 praesertim
2327 2074 2532 2131 mellita
2582 2074 2716 2129 mihi
2760 2075 2869 2129 erit
2916 2082 3259 2146 quaecunque
3301 2073 3407 2129 erit

129 2160 267 2217 decus
288 2161 555 2219 obscuros
585 2161 903 2231 illustravit,
932 2164 1203 2221 obnoxios
1223 2158 1477 2231 absolvit,
1508 2164 1701 2237 inopes
1802 2166 2075 2223 correctio
2117 2174 2247 2233 tua,
2292 2164 2340 2221 si
2381 2182 2547 2238 quem
2588 2167 2820 2223 sortitus
2855 2182 2978 2222 sum
3013 2174 3406 2238 praeceptorem

129 2252 316 2309 ditavit?
350 2252 483 2310 Mihi
527 2270 668 2327 ergo
710 2256 963 2312 relictum
1006 2258 1224 2337 suscepi
1270 2257 1513 2313 laborem
1541 2274 1559 2315 :
1587 2272 1701 2314 non
1799 2272 1937 2329 puer
1960 2258 2243 2329 juvenem,
2269 2274 2415 2315 nunc
2436 2274 2656 2331 quoque
2677 2267 3041 2315 correcton
3068 2267 3120 2315 te
3147 2258 3378 2333 impetra

127 2344 287 2416 utique
310 2355 569 2418 suscepto
597 2346 826 2421 dignus,
854 2349 953 2406 sed
973 2348 1106 2421 quia
1128 2349 1279 2421 digni
1308 2349 1698 2420 dedignantur,
1802 2366 1934 2409 vero
1967 2352 2055 2408 vir
2080 2367 2291 2409 senem.

128 2508 3370 2544 W

771 2713 1235 2806 INCIPIT
1306 2709 2011 2804 TANCREDUS
2085 2658 2801 2811 RADULPHI.’

509 2898 558 2957 Ι.
599 2931 673 2947 -—
700 2899 959 2957 Tancredi
990 2909 1251 2972 parentes.
1731 2906 1779 2970 ο
1808 2899 2008 2955 hostem
2054 2898 2351 2971 feriendum
2389 2916 2533 2969 esse,
2571 2918 2673 2956 non
2714 2900 3025 2961 radendum.
3066 2905 3143 2964 De
3178 2923 3238 2964 se
3283 2909 3402 2980 ipse

175 2990 472 3055 Tancredus
526 2991 700 3048 clarae
747 2990 936 3062 stirpis
993 3005 1215 3064 germen
1283 2989 1654 3047 clarissimum
1677 3033 1693 3058 ,

121 3095 337 3156 parentes
367 3082 614 3140 eximios
654 3082 991 3139 Marchisum
1028 3081 1223 3137 habuit
1258 3088 1315 3137 et
1340 3078 1591 3136 Emmam
1620 3098 1634 3135 :
1664 3096 1696 3135 a

122 3188 249 3250 patre
299 3177 523 3249 quidem
585 3175 735 3232 haud
798 3174 1055 3246 ignobilis
1115 3171 1299 3241 illius,
1346 3187 1379 3228 a
1433 3171 1699 3228 maternis

121 3281 273 3328 autem
303 3271 583 3328 fratribus
607 3283 782 3341 nepos
801 3268 962 3340 longe
990 3264 1279 3324 sublimior
1304 3284 1319 3321 :
1342 3281 1471 3323 nam
1500 3275 1696 3322 caetera

122 3363 309 3420 familia:
339 3364 490 3418 illius
524 3360 917 3434 praedecessio,
949 3376 981 3416 a
1010 3357 1350 3417 contermina
1395 3357 1531 3413 satis
1576 3371 1699 3414 esse

118 3456 247 3512 duxit
284 3454 496 3513 laudari
538 3453 789 3521 vicinia;
831 3451 1027 3510 matris
1060 3468 1192 3509 vero
1234 3450 1433 3507 fratres
1479 3440 1693 3506 militiae

120 3561 215 3601 suae
239 3546 464 3618 gloriam
511 3553 679 3601 extra
723 3557 1002 3614 supraque
1045 3541 1300 3613 patriam,
1333 3539 1389 3596 id
1428 3548 1514 3595 est
1555 3538 1697 3597 Nor-

120 3638 395 3705 muniam,
437 3636 790 3695 extulerunt.
836 3634 973 3702 Quis
1015 3634 1164 3691 enim
1195 3629 1473 3689 Wiscardi
1511 3632 1700 3705 probi-

120 3739 259 3787 tatem
297 3747 404 3787 non
450 3730 684 3797 probet,
724 3729 885 3800 cujus
922 3727 1078 3805 signa
1119 3727 1226 3784 sub
1264 3743 1396 3795 uno,
1426 3737 1489 3784 ut
1519 3728 1697 3796 aiunt,

118 3822 191 3880 die
227 3822 448 3881 (ἔναυε
497 3823 962 3891 Alcmannusque
1009 3818 1307 3892 imperator
1357 3827 1701 3876 tremuerunt

118 3915 360 3972 victricia?
403 3913 657 3973 Romam
699 3927 938 3984 namque
979 3926 1243 3993 praesens,
1286 3909 1357 3968 ab
1397 3910 1700 3969 Alemanno

118 4006 353 4065 liberavit.
384 4007 722 4065 Graecorum
748 4014 956 4073 autem,
987 4005 1045 4060 in
1073 4002 1135 4060 Β.
1171 4002 1325 4076 prole
1352 4004 1545 4061 bellica
1575 4004 1697 4061 vin-

118 4098 265 4155 cendo
298 4114 511 4171 regem,
552 4095 884 4169 subiugavit
929 4094 1208 4169 regionem
1261 4112 1275 4151 :
1325 4095 1520 4167 reliqui
1564 4112 1697 4153 vero

116 4188 285 4249 fratres
312 4205 559 4249 numero
606 4190 693 4246 ll.
727 4188 1084 4261 Campaniam
1106 4230 1123 4257 ,
1166 4186 1498 4259 Calabriam,
1543 4190 1697 4264 Apu-

1805 2990 1945 3046 nihil
1976 2990 2179 3060 dicere,
2210 2996 2268 3048 at
2294 2988 2404 3048 dici
2439 2991 2822 3051 insatiabiliter
2856 2996 3075 3052 sitiebat
3112 3017 3127 3053 :
3174 3001 3402 3071 proinde

1802 3096 2031 3139 somnos
2069 3080 2305 3155 vigiliis,
2338 3083 2576 3155 quietem
2615 3079 2827 3153 labori,
2876 3087 3179 3145 satietatem
3230 3088 3396 3158 fami,

1799 3173 1972 3229 otium
2006 3174 2211 3243 studio,
2241 3182 2521 3246 postremo
2547 3175 2820 3247 superﬂua
2849 3178 3033 3234 omnia
3068 3182 3397 3239 necessariis

1798 3265 2181 3338 postpouebat.
2224 3264 2353 3323 Sola
2398 3275 2518 3322 erat
2553 3267 2732 3323 laudis
2772 3269 2979 3341 gloria,
3016 3286 3139 3342 qum
3178 3271 3401 3342 juvenis

1799 3364 2039 3429 mentem
2085 3358 2336 3430 agitaret,
2378 3358 2537 3430 cujus
2563 3360 2915 3431 quotidianos
2944 3364 3239 3421 mercaudo
3269 3365 3402 3419 titu-

1799 3450 1905 3518 los,
1943 3449 2158 3508 facilem
2197 3451 2375 3507 crebri
2411 3452 2651 3508 vulneris
2694 3453 2927 3511 ducebat
2962 3455 3236 3525 jacturam
3269 3472 3401 3512 ερο-

1799 3558 1908 3615 que
1936 3559 2038 3600 nec
2067 3558 2170 3600 suo
2194 3544 2454 3615 parcebat
2489 3545 2766 3617 sanguini,
2810 3562 2910 3601 nec
2952 3546 3139 3603 hostili
3165 3567 3178 3603 :
3207 3547 3400 3619 dispu-

1799 3620 1951 3692 tabat
1995 3650 2182 3692 secum
2222 3634 2277 3691 in
2320 3634 2439 3692 dies
2479 3636 2699 3692 animus
2740 3624 2979 3709 prudens
3004 3681 3020 3706 ,
3068 3654 3243 3710 eaque
3288 3639 3400 3696 frc-

1800 3726 2057 3797 quentior
2090 3741 2217 3783 eum
2257 3727 2530 3798 coquebat
2559 3728 2827 3796 anxietas,
2859 3729 3007 3800 quod
3038 3730 3247 3788 militiae
3280 3748 3397 3789 suae

1799 3820 2102 3876 certamina
2133 3828 2402 3892 praecepto
2428 3819 2650 3875 videbat
2676 3821 2899 3876 obviare
2933 3821 3251 3879 dominico:
3283 3822 3397 3879 Do-

1800 3911 1985 3968 minus
2017 3904 2216 3985 quippe
2246 3910 2525 3967 maxillam
2554 3926 2877 3983 percussum
2915 3912 3092 3983 jubet,
3137 3923 3191 3971 et
3229 3915 3396 3972 aliam

1801 4004 2114 4076 percussori
2143 4003 2413 4076 praebere;
2442 4003 2636 4059 militia
2669 4018 2803 4059 vero
2835 4004 3135 4072 saecularis,
3167 4000 3270 4062 nec
3296 4022 3395 4063 co-

1802 4105 1967 4169 gnato
1992 4096 2245 4169 sanguini
2272 4112 2497 4168 parcere
2522 4116 2534 4151 :
2561 4096 2828 4154 Dominus
2854 4095 3097 4153 tunicam
3127 4097 3397 4155 auferenti

1802 4176 2039 4243 dandam
2069 4201 2210 4256 esse,
2242 4196 2296 4242 et
2323 4187 2577 4258 penulam
2605 4187 2888 4255 admonet;
2920 4188 3129 4246 militiae
3156 4192 3397 4247 necessi-

116 4283 225 4340 liam
249 4285 496 4343 contenti
524 4282 827 4341 debellare.
863 4279 1233 4353 Excipiendus
1272 4291 1358 4339 est
1404 4282 1692 4355 Rogerius,
1723 4264 1771 4322 Ῐ)
1794 4287 1880 4335 tas
1929 4278 2197 4335 ambabus
2240 4279 2475 4351 spoliato
2516 4279 2725 4364 reliqua
2770 4278 2895 4352 qua:
2933 4296 3228 4353 supersunt
3269 4298 3393 4341 esse

113 4375 187 4432 cui
211 4377 433 4435 subacta
471 4374 765 4449 gentilitas
811 4374 1018 4443 Sicula,
1041 4375 1290 4447 'gloriam
1316 4376 1525 4453 peperit
1552 4376 1695 4453 inter

114 4466 286 4525 fratres
308 4485 343 4524 a
367 4466 678 4526 Wiscnrdo
705 4466 1003 4523 secundam
1028 4484 1042 4520 :
1067 4465 1162 4523 sed
1205 4465 1260 4522 in
1304 4452 1539 4544 his'non
1570 4452 1694 4523 diu¥

111 4557 311 4616 tius‘me
338 4560 481 4617 sinit
524 4557 821 4615 immorari
847 4546 1044 4614 eadem
1081 4573 1205 4630 qua:
1230 4554 1289 4613 in
1324 4558 1428 4615 has
1466 4545 1566 4616 me‘
1587 4560 1693 4617 imo

110 4649 239 4706 misit
263 4665 455 4709 moras
479 4648 760 4706 narratio.

108 4757 250 4833 Regia
301 4761 575 4819 fouendi
994 4758 1191 4815 bellum
1239 4776 1454 4816 sacrum
1489 4777 1546 4817 te
1578 4762 1693 4817 dis-

164 4924 311 4987 Nunc
341 4929 516 4986 redeo
563 4926 633 4983 ad
674 4924 1018 4981 Tancredum
1044 4945 1071 5001 Δε
1099 4925 1278 4997 ipsum
1313 4939 1415 5007 nec
1453 4935 1692 4996 paterna:

108 5035 221 5091 opes
239 5023 306 5078 ad
332 5021 653 5087 lasciviam,
684 5034 789 5076 nec
815 5017 885 5074 ad
916 5018 1231 5091 superbiam
1256 5019 1421 5075 traxit
1451 5021 1690 5091 potentia

109 5120 464 5185 cognatorum.
530 5110 732 5183 Adhuc
787 5108 1108 5167 adolescens
1159 5108 1391 5181 juvenes
1448 5111 1689 5183 agilitate

109 5218 387 5273 amotum,
436 5219 666 5262 morum
714 5201 983 5275 gravitate
1028 5217 1189 5269 senes
1226 5203 1685 5259 transcendebat:

110 5308 239 5353 nunc
276 5297 399 5365 his,
441 5311 600 5353 nunc
634 5294 747 5350 illis
788 5308 992 5349 novum
1027 5293 1248 5349 virtutis
1291 5278 1682 5363 spectaculum.

110 5381 301 5447 Extunc
329 5393 743 5457 praceptorum
770 5381 868 5437 Dei
915 5381 1403 5449 sedulus‘auditor,
1443 5400 1687 5439 summo-

111 5487 221 5546 pere
250 5478 507 5535 studebat
533 5483 592 5531 et
617 5474 802 5531 audita
830 5460 1171 5545 recolligere,
1198 5482 1252 5529 et
1275 5481 1539 5544 quantum
1564 5490 1687 5545 pcr-

111 5566 336 5627 ltittcbat
362 5581 682 5637 eoavorum
709 5564 1078 5644 conversatio,
1117 5562 1407 5619 recollecta
1436 5563 1681 5635 implere,

112 5659 296 5714 mini
338 5659 669 5725 detrahere,
714 5657 883 5713 etiam
932 5671 1059 5712 cum
1106 5655 1208 5711 sibi
1257 5654 1682 5721 detrahebatur,

114 5749 446 5823 dignabatur.
470 5751 590 5806 imo
623 5750 848 5807 hostica:
880 5748 1222 5805 strenuitatis
1253 5762 1451 5817 praeco,
1484 5748 1683 5817 aiebat,

1796 4368 2115 4429 auferenda.
2148 4368 2277 4426 Haec
2317 4370 2501 4442 itaque
2540 4362 2933 4443 repugnantia,
2972 4372 3021 4429 si
3050 4373 3273 4443 quando
3304 4372 3392 4430 in-

1762 4524 1767 4529 ,
1794 4458 2006 4519 dultum
2030 4472 2115 4519 est
2142 4460 2422 4535 indulgere
2450 4462 2642 4534 quieti,
2678 4462 2941 4534 sapientis
2970 4463 3073 4522 viri
3100 4466 3390 4523 audaciam

1795 4554 2061 4626 sopiebat.
2098 4554 2168 4611 At
2193 4565 2484 4627 postquam
2519 4550 2727 4611 Urbani
2762 4571 2915 4628 papae
2960 4558 3226 4615 sententia
3256 4561 3387 4615 uni-

1792 4640 1971 4703 versis
1995 4645 2432 4703 Christianorum
2465 4646 2683 4723 gentilia
2712 4650 3105 4720 expugnaturis
3129 4660 3385 4720 peccato-

1793 4752 1917 4792 rum
1958 4737 2205 4792 omnium
2244 4736 2627 4793 remissionem
2676 4739 2934 4807 aseripsit
2962 4756 2975 4791 :
3003 4745 3132 4793 tunc
3160 4737 3384 4795 demum

1794 4830 1951 4902 quasi
1999 4829 2161 4901 s0piti
2206 4829 2360 4901 prius
2402 4814 2719 4899 experrecta
2776 4836 2861 4884 est
2903 4828 3007 4883 viri
3061 4829 3379 4898 strenuitas,

1793 4925 1939 4981 vires
1978 4932 2310 5004 assumptae,
2360 4922 2506 4979 oculi
2546 4922 2741 4993 aperti,
2789 4921 3015 4975 audacia
3056 4921 3330 4992 geminata
3364 4943 3377 4977 :

1793 5017 1946 5089 prius
1976 5032 2233 5089 namque,
2277 5025 2339 5072 ut
2368 5016 2744 5086 przescriptum
2775 5022 2879 5081 est,
2921 5013 3138 5069 animus
3171 5014 3292 5086 ejus
3321 5015 3381 5071 in

1792 5110 1998 5167 bivium
2027 5110 2314 5167 secabatur
2341 5108 2629 5179 ambiguus
2657 5105 2833 5160 utrius
2859 5112 3178 5176 sequeretur
3209 5107 3381 5163 vesti-

1791 5203 1910 5274 gia;
1939 5201 2237 5274 evangelii,
2275 5216 2345 5255 an
2386 5199 2575 5253 mundi
2604 5217 2615 5251 :
2648 5196 2982 5268 experientia
3027 5212 3382 5254 veroarmo-

1790 5311 1914 5350 rum
1940 5295 2011 5351 ad
2037 5292 2241 5349 Christi
2270 5291 2593 5361 obsequium
2620 5297 2896 5357 revocata,
2930 5304 3093 5360 supra
3122 5289 3382 5347 credibile

1788 5388 1967 5442 virum
2007 5372 2271 5442 accendit'
2298 5382 2568 5438 militandi
2611 5381 2886 5451 duplicata
2929 5384 3167 5438 occasio.
3207 5380 3380 5453 Igitur

1788 5480 1914 5536 data
1952 5475 2283 5534 commeatui
2322 5490 2519 5546 opera,
2561 5472 2711 5529 brevi
2750 5460 2874 5544 quae
2900 5473 3209 5530 necessaria
3247 5481 3380 5528 sunt

1788 5554 1980 5642 parata
2018 5576 2187 5626 sunt:
2223 5582 2325 5623 nec
2360 5580 2588 5638 magnas
2630 5564 2848 5636 quidem
2891 5578 3159 5636 expensas
3198 5563 3379 5635 coegit

1790 5664 1957 5729 homo
1992 5662 2084 5732 qui
2114 5662 2167 5716 in
2198 5674 2407 5715 morem
2437 5675 2471 5713 a
2496 5673 2667 5728 puero
2696 5657 2927 5713 duxerat
2956 5648 3049 5711 res
3079 5666 3370 5725 antequam

1792 5752 2039 5807 venirent
2072 5750 2126 5805 in
2158 5765 2340 5821 suum,
2372 5748 2427 5803 in
2460 5746 2551 5821 jus
2581 5747 2865 5804 traducere
2905 5746 3144 5808 alienum
3171 5761 3186 5799 :
3213 5757 3369 5800 arma
