3838 6306
455 273 566 334 495

1023 272 1116 327 ΑΙ)
1153 273 1602 331 GODEFRIDUM
1641 273 1935 328 APPEND.
1979 269 2042 329 ll.
2085 308 2155 318 ο-
2190 274 2460 336 NONUM.
2505 280 2591 334 DE
2631 279 2856 336 BELLO
2897 279 3146 338 SACRO.

3620 281 3699 343 $96

452 404 634 450 tamen
665 392 946 459 militaria,
977 391 1240 458 caballos,
1274 390 1474 458 mulos,
1507 398 1561 444 et
1595 387 1700 443 alia
1730 389 2050 458 hujusmodi
2080 396 2127 454 Α
2153 393 2534 452 inveniebatur
2565 395 2804 464 defecta,
2851 404 2946 450 aut
2993 395 3074 451 cis
3119 395 3294 466 ripam
3338 392 3484 450 ﬂuvii
3529 400 3704 468 rapacis

449 499 551 554 pro
599 482 1036 539 commilitonum
1098 497 1325 537 suorum
1382 495 1612 535 numero
1639 521 1654 547 ,
1715 478 2052 536 sullicienter
2153 488 2318 558 pedes
2347 488 2611 544 vadatum
2636 507 2648 543 ε
2675 504 2804 544 nam
2835 487 3099 544 famelica;
3127 487 3393 545 continuo
3428 487 3600 556 cibus;
3626 505 3700 548 η-

448 575 678 647 aptavit.

853 665 918 723 ll.
959 698 1024 707 —
1056 665 1353 720 Boamundi
1397 662 1645 735 elogium.

517 761 651 817 Erat
693 761 887 816 iisdem
927 758 1266 828 temporibus
1310 755 1496 827 magni
1552 755 1798 811 nominis
1847 755 2040 826 heros,

445 853 608 924 cujus
655 850 1034 908 adolescentia
1073 863 1237 918 supra
1282 846 1488 901 mentio
1530 843 1677 900 facta
1727 855 1842 914 est,
1884 846 2042 917 {Boa-

445 946 688 1002 mundus
731 943 954 998 Roherti
993 941 1140 996 illius
1183 937 1385 1010 egregii
1424 937 1705 994 bellatoris
1749 937 2044 1011 agnomina

446 1037 718 1094 Wiscardi
783 1035 964 1102 filius,
1021 1041 1262 1103 paterna
1313 1031 1559 1087 audacia
1619 1030 2040 1087 strenuissimus

441 1132 727 1186 amulator
753 1147 766 1184 τ
792 1128 958 1199 hujus
987 1139 1208 1196 quoque
1241 1123 1456 1180 animos
1489 1124 1681 1180 eadem
1711 1139 1834 1194 qua
1878 1133 2039 1180 cate-

439 1237 533 1277 ros
569 1236 665 1290 per
700 1221 886 1274 orbem
935 1218 1212 1289 principes
1261 1217 1559 1288 apostolica
1608 1217 1922 1288 pradicatio
1968 1216 2036 1271 ad

435 1312 780 1368 liberandum
827 1311 896 1366 ab
949 1310 1249 1367 infidelium
1301 1309 1436 1381 jugo
1476 1310 1781 1366 Jerusalem
1829 1310 2036 1365 excita-

435 1414 606 1460 verat.
642 1403 776 1475 Ejus
807 1403 1039 1474 imperio
1068 1402 1333 1474 quidquid
1378 1412 1462 1458 est
1501 1402 1827 1474 oppidorum
1853 1411 1908 1457 et
1943 1419 2036 1456 ur-

432 1498 587 1554 bium
630 1513 661 1554 a
705 1497 936 1569 Siponto
975 1496 1044 1552 ad
1083 1495 1352 1552 Oriolium
1393 1494 1450 1550 in
1496 1497 1807 1563 maritima,
1839 1511 2033 1552 omnes

431 1606 663 1662 prorsus
705 1589 760 1646 in
800 1589 1080 1646 montanis
1125 1598 1182 1644 et
1215 1588 1616 1660 campestribus
1646 1589 1804 1656 locis,
1840 1603 2032 1644 omnes

431 1679 547 1738 fere
573 1681 885 1738 serviebant
909 1700 921 1736 :
953 1681 1021 1737 ad
1048 1681 1166 1736 hac
1195 1696 1294 1736 sua
1322 1689 1432 1736 tam
1457 1681 1622 1736 urbes
1642 1695 1808 1750 quam
1833 1664 2029 1750 oppida

431 1773 597 1846 Apuli
632 1782 884 1841 montes,
923 1772 1254 1845 Calabrique
1292 1772 1527 1844 plurima
1567 1772 1929 1828 sustinebant.
1980 1771 2030 1828 ls

435 1866 751 1924 Gracorum
793 1868 1181 1939 imperatorem
1219 1866 1472 1922 Alexium
1513 1867 1599 1922 bis
1639 1867 1744 1922 sub
1779 1869 1933 1938 patre
1972 1867 2028 1922 in

429 1959 618 2031 fugam
664 1967 1010 2016 converterat
1038 1977 1050 2014 :
1083 1958 1264 2030 primo
1301 1958 1522 2030 quidem
1559 1959 1612 2012 in
1651 1959 1825 2014 oculis
1854 1959 2028 2029 patris

431 2051 538 2107 sub
575 2049 828 2123 Dyrachii
865 2051 1170 2118 moenibus;
1219 2050 1462 2105 secundo
1499 2059 1682 2104 autem
1723 2058 1880 2121 patre
1918 2049 2030 2106 Ro-

428 2157 576 2197 mam
617 2158 859 2209 reverso,
902 2142 1018 2213 ipse
1061 2151 1291 2213 paterno
1331 2142 1595 2197 exercitui
1644 2143 1788 2212 apud
1840 2141 2028 2198 Laris-

427 2247 546 2288 sam
578 2233 819 2289 vicarius
847 2234 1071 2289 relictus
1101 2251 1114 2286 :
1139 2247 1262 2303 qua
1297 2232 1526 2288 victoria
1554 2233 1698 2287 sicut
1727 2231 1881 2302 prius
1907 2232 2027 2302 glo-

424 2322 566 2378 riam
612 2323 1002 2394 geminaverat,
1054 2323 1131 2378 ita
1179 2322 1366 2391 modo,
1416 2323 1678 2378 victorem
1724 2323 1872 2390 licet,
1923 2323 2027 2377 sub

422 2417 576 2486 pacis
603 2415 826 2471 nomine
857 2414 1338 2471 transfretaturum
1369 2415 1554 2470 acrius
1576 2415 1852 2485 pungebat
1876 2432 1890 2468 :
1918 2429 2026 2470 me-

421 2510 720 2565 tuebantur
761 2509 907 2564 enim
951 2507 1268 2563 Gracorum
1316 2507 1559 2574 insidia,
1610 2506 1704 2577 qui
1757 2505 2026 2561 familiare

422 2601 627 2658 habent
674 2617 817 2674 quos
872 2600 1039 2656 etiam
1084 2600 1222 2656 bene
1267 2599 1496 2655 meritos
1537 2597 1905 2654 invitaverunt
1953 2597 2024 2652 ad

421 2711 652 2752 munera
678 2737 694 2763 ,
746 2694 1026 2750 retrudere
1057 2694 1127 2749 ad
1169 2693 1359 2764 ﬂagra.
1418 2690 1561 2758 Quid
1607 2706 1738 2762 ergo
1789 2705 2024 2760 exaspe-

418 2789 566 2845 rati?
594 2789 727 2859 quid
769 2787 900 2845 victi
941 2788 1141 2858 sapius
1175 2786 1417 2842 molituri
1454 2795 1631 2851 erant,
1662 2785 1864 2856 quidve
1905 2785 2023 2841 suis

419 2879 488 2935 de
519 2895 578 2936 se
611 2879 816 2935 dabant
854 2893 1078 2949 sperare
1120 2875 1452 2932 victoribus?
1499 2875 1718 2931 miseris
1754 2883 1849 2930 aut
1879 2873 2020 2930 infe-

418 2972 652 3027 rendam
687 2987 810 3028 esse
835 2969 1154 3042 perniciem,
1189 2975 1283 3023 aut
1311 2967 1630 3022 terrentium
1676 2967 1732 3021 in
1776 2972 2019 3037 potentia

416 3073 778 3120 cessaturam.
822 3061 950 3118 Hac
986 3061 1152 3132 igitur
1184 3059 1496 3116 sollicitudo
1525 3057 1832 3113 Boamundi
1862 3059 2016 3113 navi-

417 3157 510 3229 gio
539 3171 726 3212 moras
764 3155 1107 3221 innectebat;
1145 3160 1478 3224 quapropter
1505 3151 1713 3207 strenui
1747 3152 2015 3222 cujusque

417 3249 631 3304 viribus
654 3247 903 3320 proprias
924 3246 1127 3302 vallare
1149 3245 1425 3316 sapienter
1448 3243 1551 3300 sibi
1572 3244 1870 3309 consuluit,
1892 3259 2018 3314 por-

415 3342 565 3398 tibus
595 3341 812 3396 interim
845 3339 995 3395 exitu
1025 3349 1242 3409 negato.
1272 3336 1507 3391 Auditus
1543 3350 1674 3391 vero
1703 3336 1894 3391 eodem
1928 3335 2015 3390 in-

414 3434 650 3490 caluisse
671 3432 942 3489 desiderio
971 3429 1310 3497 Tancredus,
1342 3427 1560 3500 cognati
1588 3427 2011 3483 sollicitudinem

413 3540 468 3586 et
499 3529 722 3595 minuit,
764 3537 819 3584 et
858 3527 1014 3582 auxit
1041 3544 1056 3581 :
1082 3523 1301 3592 minuit,
1337 3522 1507 3578 robur
1547 3521 1731 3577 robori
1764 3520 2009 3577 creditus

413 3624 640 3691 addere;
690 3622 873 3690 auxit,
921 3621 1069 3676 viam
1116 3616 1341 3675 foederis
1388 3614 1756 3687 improvidum
1805 3629 2009 3685 cogens

409 3713 717 3785 providere.

639 3803 728 3862 lll.
767 3835 839 3848 -—
867 3803 1003 3860 Cum
1025 3819 1085 3859 eo
1113 3803 1282 3875 (adu:
1311 3799 1436 3856 iniit
1469 3799 1790 3855 Tancredus.

481 3897 664 3954 Multis
685 3883 871 3968 itaque
892 3896 1092 3967 opibus
1103 3893 1492 3965 blanditiisque
1513 3891 1836 3964 praemissis,
1859 3890 2005 3962 apud

410 3989 756 4046 Tancredum
799 3990 1082 4045 obtentum
1131 3997 1216 4044 est
1261 3997 1322 4044 ut
1364 3987 1470 4043 sub
1516 3985 1838 4041 Boamundo
1886 3985 2005 4054 ipse

406 4083 567 4154 quasi
595 4083 706 4138 dux
737 4081 839 4137 sub
870 4095 998 4153 rege
1026 4079 1300 4136 secundus
1324 4079 1395 4135 ab
1423 4093 1490 4135 eo
1519 4079 1785 4133 militaret
1821 4095 1834 4130 :
1867 4090 1997 4130 nam

405 4183 605 4247 prater
643 4173 965 4240 blanditias,
1003 4173 1322 4243 oblatasque
1366 4186 1532 4242 opes,
1575 4170 1841 4240 urgebant
1873 4181 2002 4222 eum

405 4270 511 4324 alia
543 4269 653 4324 duo
678 4287 692 4324 :
717 4265 1096 4339 propinquitas
1125 4265 1361 4337 generis,
1403 4272 1461 4320 et
1503 4261 1791 4319 dillicultas
1821 4270 2003 4316 trans-

2155 579 2364 636 datura
2402 596 2578 652 equus
2609 596 2708 652 pro
2746 582 2894 649 navi,
2927 596 3029 652 pro
3071 581 3275 651 remige
3315 595 3504 651 eques,
3545 597 3700 653 eques,

2153 679 2400 752 inquam,
2437 681 2554 751 ipse
2583 677 2900 736 Tancredus
2927 680 3103 735 libens
3132 679 3502 750 supplebatur.

2145 793 2237 852 ιν.
2276 825 2348 836 --
2382 794 2637 849 Flavium
2684 794 2894 850 Bardal

2830 877 3065 935 superat.

2215 955 2331 1012 Tali
2361 957 2597 1029 p0pulus
2625 957 2715 1013 ille
2747 958 2941 1013 beatus
2969 955 3248 1028 prasidio,
3287 955 3514 1012 feliciter
3533 955 3594 1011 ad
3613 956 3694 1013 ﬂu-

2141 1066 2266 1106 men
2296 1050 2440 1121 quod
2486 1049 2695 1104 Bardal
2710 1049 2926 1115 dicitur,
2951 1051 3270 1119 perducitur
3300 1067 3314 1104 :
3341 1049 3413 1103 ibi
3443 1058 3701 1105 castrame-

2139 1143 2238 1198 tati
2282 1142 2397 1197 dies
2436 1142 2642 1212 aliquot
2668 1143 2722 1196 in
2752 1157 2904 1196 mora
2925 1151 3406 1212 consumpserunt.
3431 1140 3700 1197 Obsistebat

2137 1252 2330 1291 eorum
2357 1235 2612 1291 transitui
2643 1235 2842 1290 fluvius
2867 1251 3056 1305 rapax,
3087 1243 3142 1290 et
3170 1245 3404 1305 utraque
3435 1236 3543 1304 ripa
3569 1237 3700 1293 minis

2136 1326 2297 1397 plena
2333 1325 2645 1390 hostilibus,
2680 1325 2946 1396 plurimos
2976 1324 3254 1379 terrebat:
3289 1339 3416 1378 nam
3440 1325 3529 1394 qui
3553 1335 3703 1380 trans-

2135 1419 2316 1473 eundo
2347 1417 2704 1490 procederent
2733 1417 2820 1471 bis
2849 1415 3188 1487 Turcopolos
3215 1432 3246 1471 a
3276 1415 3482 1482 fronte;
3511 1418 3703 1486 quitar-

2134 1511 2326 1566 darent
2366 1511 2472 1567 illis
2513 1527 2542 1565 a
2589 1519 2740 1582 tergo
2782 1510 3083 1564 timendum
3139 1523 3263 1563 esse
3305 1507 3604 1563 videbatur.
3644 1511 3700 1564 At

2135 1599 2448 1657 Tancredus
2493 1601 2586 1656 ubi
2630 1601 2931 1656 exercitum
2976 1615 3228 1656 mussare
3264 1599 3445 1666 videt,
3491 1599 3700 1670 periculo

2131 1691 2301 1746 vitam
2343 1691 2574 1762 objicit;
2630 1691 2902 1762 gurgitem
2952 1690 3194 1756 transit,
3259 1689 3452 1759 paucis
3494 1703 3700 1760 sequen-

2133 1784 2279 1839 tibus
2317 1802 2331 1839 :
2374 1783 2461 1838 bis
2489 1824 2504 1849 ,
2551 1782 2811 1854 inquam,
2859 1781 3088 1849 coactis,
3130 1781 3221 1836 ille
3263 1781 3563 1836 ultroneus.
3602 1779 3699 1836 lle-

2131 1876 2359 1931 tucbant
2396 1875 2569 1931 coacti
2611 1890 2681 1930 ne
2719 1882 2913 1929 turma
2955 1882 3068 1929 tam
3109 1873 3239 1928 exili
3277 1872 3492 1928 hostilis
3539 1872 3699 1927 incur-

2131 1976 2277 2022 reret
2299 1967 2610 2024 multitudo.
2635 1965 2953 2023 Tancredus
2983 1975 3198 2032 contra,
3223 1980 3292 2020 ne
3317 1965 3447 2020 dum
3474 1964 3702 2035 transiret

2129 2058 2196 2113 ad
2220 2074 2480 2130 pugnam,
2512 2066 2741 2125 terreret
2767 2057 2824 2113 in
2867 2056 3053 2130 fugam
3085 2072 3100 2109 :
3133 2055 3325 2128 sicque
3367 2054 3587 2111 audacia
3625 2056 3697 2109 vi-

2128 2151 2360 2206 ctoriam
2392 2150 2612 2221 quidem
2640 2159 2888 2222 pareret;
2925 2165 3117 2205 verum
3142 2149 3315 2204 altero
3344 2147 3700 2218 vietoriapre-

2127 2241 2206 2296 tio
2237 2243 2425 2312 spoliis
2446 2251 2675 2298 careret.
2701 2242 2756 2296 In
2789 2257 2897 2313 qua
2930 2240 3298 2297 sollicitudine
3318 2239 3535 2295 ﬂumine
3555 2255 3700 2310 supe-

2127 2340 2269 2400 rato,
2303 2333 2357 2387 in
2399 2335 2626 2390 alterius
2647 2344 2833 2390 votum
2872 2335 3161 2405 utriusque
3196 2333 3412 2389 timoris
3459 2334 3699 2404 prasagia

2127 2434 2414 2481 cesserunt
2463 2445 2477 2480 :
2530 2442 2658 2480 nam
2708 2426 3068 2482 insidiatoria
3107 2425 3409 2496 pluralitati
3449 2425 3698 2497 paucitate

2127 2515 2332 2582 oblata,
2354 2517 2535 2572 visum
2561 2530 2644 2572 est
2666 2518 2842 2588 gentis
2869 2518 3108 2588 pradam
3134 2517 3351 2573 venisse
3381 2517 3433 2571 in
3456 2534 3696 2588 pugnam,

2125 2607 2460 2663 latebrarum
2521 2609 2760 2679 ignaros,
2811 2623 2925 2664 non
2972 2608 3234 2679 praseiOs
3297 2625 3312 2662 :
3373 2608 3696 2678 prosilientes

2125 2700 2293 2772 igitur
2326 2715 2357 2755 e
2399 2699 2644 2757 latibulis
2691 2700 2922 2772 sagitta,
2978 2699 3295 2755 terribiliter
3328 2699 3695 2770 ﬂgurantdurn

2122 2793 2335 2859 volant,
2389 2793 2620 2860 nubem;
2676 2793 2808 2848 dum
2872 2793 3097 2860 cadunt,
3163 2793 3516 2864 grandinem;
3577 2792 3693 2846 dum

2122 2894 2325 2951 astant,
2363 2895 2617 2956 segetem.
2646 2884 2900 2941 Nondum
2941 2885 3006 2940 ad
3049 2886 3294 2942 Francos
3325 2894 3540 2941 ventum
3568 2895 3694 2950 erat,

2121 2992 2246 3033 cum
2285 2977 2399 3047 jam
2448 2977 2657 3032 nullum
2717 2978 3012 3034 dimicandi
3056 2978 3258 3033 latebat
3303 2991 3474 3048 genus
3529 2991 3543 3028 :
3597 2991 3696 3030 non

2120 3071 2348 3135 cursim,
2401 3086 2510 3124 non
2561 3070 2772 3141 rapide,
2823 3086 2933 3126 non
2966 3071 3147 3126 saltim
3193 3089 3208 3138 ;
3250 3071 3344 3126 sed
3381 3068 3694 3140 pedetentim

2119 3164 2394 3229 obviabat,
2445 3164 2613 3219 missa
2665 3163 2882 3220 eminus
2926 3163 3166 3218 tolerans
3206 3163 3439 3234 spicula,
3480 3161 3607 3218 dum
3634 3176 3694 3216 eo

2117 3273 2294 3327 usque
2340 3271 2660 3328 processum
2689 3265 2856 3321 esset,
2921 3263 2983 3311 ut
3039 3254 3297 3310 caderent
3358 3263 3485 3325 post
3530 3263 3695 3326 terga.

2115 3349 2326 3422 Quippe
2388 3349 2564 3422 gentis
2625 3347 2774 3403 illius
2831 3363 3073 3420 pugnam
3126 3363 3423 3420 congressu
3469 3347 3698 3418 plurimo

2111 3451 2391 3514 expertus,
2429 3457 2540 3512 quo
2590 3439 2807 3496 facilius
2850 3455 3002 3496 more
3039 3439 3290 3494 vincendi
3318 3449 3472 3494 erant
3498 3451 3696 3510 cogno-

2111 3544 2266 3590 verat
2294 3551 2306 3586 :
2341 3534 2572 3604 ideoque
2609 3532 2826 3588 animos
2845 3547 2943 3603 per
2965 3547 3025 3589 se
3057 3532 3310 3598 eﬂ‘renes,
3341 3546 3442 3602 per
3468 3531 3692 3602 pruden-

2111 3625 2244 3680 tiam
2280 3623 2611 3679 refrenabat.
2645 3621 2716 3678 Ut
2750 3635 2882 3693 ergo
2919 3621 3171 3677 cominus
3215 3636 3306 3676 res
3353 3619 3469 3692 geri
3503 3618 3694 3691 potuit,

2108 3715 2384 3788 patientia
2407 3729 2592 3768 moras
2628 3713 2848 3768 redimit
2888 3711 3045 3782 copia
3089 3709 3407 3766 subsecuta.
3451 3709 3696 3766 Habebas

2108 3807 2316 3874 laxant,
2340 3806 2652 3863 calcaribus
2678 3812 2929 3873 utuntur,
2960 3804 3182 3860 lanceas
3215 3801 3456 3870 vibrant,
3488 3802 3696 3857 incun-

2105 3896 2255 3954 bitur
2282 3898 2534 3965 vibratis,
2574 3897 2731 3968 pelta
2767 3896 3083 3952 Gracorum
3131 3895 3326 3950 fiducia
3379 3893 3696 3950 incumbe»

2105 3989 2254 4046 tibus
2289 4004 2402 4044 non
2454 3988 2736 4044 resistunt.
2776 3986 2951 4043 Porro
2983 3986 3197 4057 sagitta
3237 3986 3414 4042 hastis
3457 3983 3698 4056 urgenti-

2103 4080 2231 4149 bus,
2277 4095 2516 4152 quorum
2575 4080 2730 4152 prius
2793 4079 2962 4134 tutela
3011 4077 3250 4145 fuerant,
3308 4079 3365 4132 in
3421 4079 3696 4134 sarcinam

2102 4181 2496 4231 convertuntur
2521 4187 2536 4224 :
2563 4186 2690 4226 nam
2721 4181 3011 4242 postquam
3039 4169 3105 4225 ad
3137 4183 3302 4225 enses
3333 4177 3563 4224 ventum
3595 4175 3694 4232 est,

2103 4279 2239 4320 usus
2265 4262 2530 4334 prateriit
2551 4262 2898 4333 sagittarum.
2934 4260 3026 4316 Sic
3047 4259 3222 4316 Graei
3257 4261 3502 4332 tegmine
3531 4259 3698 4316 desti-

2940 811 3059 849 cum
3108 796 3221 850 suis
3257 793 3480 864 trajicit.
3530 794 3701 850 Gram

403 4361 747 4430 fretationis;
785 4374 1020 4432 quarum
1051 4357 1274 4430 quidem
1308 4357 1424 4412 hac
1461 4355 1686 4421 amoris,
1717 4354 1808 4408 illa
1838 4353 2000 4408 timo-
2100 4355 2203 4411 tuti
2243 4361 2298 4410 et
2317 4352 2523 4424 jaculo,
2558 4351 2785 4407 vulnera
2827 4359 3040 4406 tantum
3086 4351 3388 4422 excipiunt,
3429 4365 3538 4406 nec
3573 4347 3698 4405 red-

403 4453 484 4508 ris
524 4451 780 4524 poculum
823 4450 1068 4507 vicissim
1115 4447 1166 4504 ei
1212 4445 1578 4518 propinabant
1623 4463 1640 4500 :
1687 4444 1794 4500 nisi
1845 4443 1992 4499 enim
2023 4462 2073 4523 D
2097 4447 2255 4503 dunt.
2279 4445 2496 4502 Miseri!
2540 4444 2744 4516 quibus
2763 4443 2885 4500 sine
2909 4444 3079 4500 dubio
3098 4452 3153 4499 et
3191 4444 3310 4499 sine
3336 4443 3526 4498 medio
3552 4458 3698 4498 mor-

401 4544 727 4602 Boamundo
771 4545 828 4600 in
872 4544 960 4600 his
999 4557 1123 4614 qua
1161 4538 1459 4612 rogabatur
1500 4551 1709 4592 morem
1750 4543 1993 4607 gereret,
2095 4548 2207 4595 tem
2233 4545 2330 4593 aut
2359 4537 2544 4610 fugam
2582 4544 2905 4608 praesentem
2934 4536 3121 4592 omnia
3143 4535 3445 4591 intentant!
3476 4533 3694 4590 Miseri!

399 4638 562 4696 facile
589 4648 646 4696 et
678 4638 746 4694 de
774 4637 978 4693 invidia
1007 4633 1167 4706 argui
1195 4641 1248 4689 et
1273 4647 1304 4687 a
1332 4631 1514 4686 littore
1554 4629 1752 4701 dignus
1785 4627 1996 4683 videre-
2095 4632 2192 4688 sed
2228 4633 2372 4688 sicut
2396 4632 2601 4687 nullius
2626 4629 3031 4697 misericordes,
3068 4629 3144 4685 ita
3164 4629 3301 4684 nulli
3322 4629 3694 4685 miserabiles.

400 4740 491 4788 tur
524 4732 617 4803 qui
657 4730 877 4786 deberet
907 4725 1095 4798 repelli
1141 4745 1155 4780 :
1204 4721 1434 4795 proinde
1482 4720 1697 4776 facilem
1737 4721 1882 4775 viam
1924 4719 1994 4774 ad

398 4821 800 4894 impetrandum
847 4819 1050 4876 meruit
1096 4816 1351 4888 precibus
1396 4814 1665 4885 donisque
1713 4813 1991 4869 cumulata

395 4913 605 4983 petitio.
636 4909 1006 4968 Confaderati
1033 4907 1199 4979 igitur
1226 4906 1388 4960 ambo
1414 4903 1790 4970 Wiscardida,
1824 4903 1990 4957 totius

396 5003 610 5073 generis
638 5002 724 5058 sui
755 5000 1074 5072 pracellens
1103 4997 1421 5062 strenuitas,
1452 4994 1593 5050 laxis
1631 4993 1849 5066 navigio
1890 4993 1990 5047 ha-

392 5095 572 5161 benis,
601 5093 840 5165 Epyrum
867 5091 1217 5148 delabuntur.
1243 5087 1560 5143 Tancredus
1581 5086 1764 5157 itaque
1793 5093 1988 5141 nactus

393 5184 711 5241 exercenda
738 5184 960 5238 virtutis
994 5183 1200 5249 locum,
1229 5180 1393 5236 modo
1420 5177 1635 5250 praviis
1665 5175 1877 5233 insidiis
1898 5191 1988 5231 oc-

393 5257 674 5341 cursabat,
716 5273 992 5330 interdum
1032 5281 1156 5344 post
1187 5271 1464 5328 exercitus
1499 5269 1722 5341 vestigia
1764 5267 1986 5324 arcebat

390 5365 751 5421 latrunculos.
807 5364 934 5420 Sive
983 5365 1253 5435 pravius,
1300 5363 1415 5422 sive
1458 5378 1728 5434 sequens,
1769 5377 1983 5433 semper

390 5456 564 5524 utilis,
603 5471 818 5526 semper
843 5465 1111 5524 armatus,
1149 5457 1409 5527 periculis
1439 5456 1710 5528 gaudebat
1756 5455 1975 5525 exponi.

389 5548 616 5604 (lateris
643 5547 774 5605 vino
802 5550 1028 5620 sepultis
1061 5560 1116 5606 et
1152 5566 1367 5620 sopore,
1407 5550 1524 5620 ipse
1552 5548 1782 5620 pervigil
1811 5563 1981 5602 excu—

385 5637 522 5692 bare
553 5639 605 5692 in
634 5639 831 5706 triviis,
863 5641 1124 5711 nivesque
1157 5640 1346 5712 clypeo
1386 5649 1689 5710 temperare
1732 5647 1786 5693 et
1809 5655 1977 5709 gran-

389 5728 566 5786 dines.
596 5729 744 5785 Felix
776 5715 988 5788 anicula
1015 5733 1102 5788 illa
1124 5748 1245 5805 qua
1271 5743 1364 5790 aut
1395 5748 1460 5788 ex
1488 5733 1666 5788 inedia
1689 5730 1977 5789 Tancredo

2095 4722 2372 4780 Sternitur
2420 4724 2576 4796 plebs
2617 4723 2877 4790 invalida,
2918 4731 2975 4778 et
3015 4721 3245 4778 docetur
3286 4737 3399 4778 non
3443 4721 3598 4778 ultra
3632 4721 3696 4776 de

2097 4815 2428 4872 Francorum
2471 4818 2697 4870 raritate
2739 4831 3056 4886 prmumere
3083 4830 3104 4869 :
3132 4815 3226 4869 sed
3258 4815 3314 4868 in
3344 4830 3452 4869 uno
3484 4823 3694 4869 cantant

2091 4910 2403 4980 formidare.
2443 4907 2762 4964 Tancredus
2802 4907 2947 4964 viam
2986 4906 3170 4979 gladio
3207 4906 3412 4977 aperit;
3453 4915 3518 4963 et
3562 4914 3693 4978 quot

2089 5001 2406 5074 aggreditur
2435 5001 2743 5069 cadendos,
2789 5009 2866 5056 tot
2893 4999 3133 5072 praterit
3172 5014 3366 5055 casos.
3398 4998 3569 5055 Illum
3615 5014 3696 5055 se-

2087 5094 2383 5166 quentibus
2419 5092 2578 5148 facile
2602 5107 2710 5164 qua
2741 5108 2802 5148 se
2840 5093 3117 5161 vertisset,
3155 5092 3384 5163 vestigia
3433 5093 3690 5148 declara-

2086 5186 2236 5240 bant.
2285 5183 2488 5240 Trunci
2534 5185 2837 5241 semineces
2894 5199 2928 5240 a
2985 5185 3176 5239 dextra
3218 5193 3272 5240 et
3314 5185 3455 5240 lava
3507 5186 3692 5241 medio

2087 5277 2302 5332 cruoris
2336 5277 2491 5332 alveo
2515 5277 2840 5348 supplebant
2870 5277 3036 5348 ripas.
3061 5274 3173 5332 Nec
3205 5277 3414 5347 passim
3451 5277 3688 5350 vagandi

2082 5367 2301 5422 licentia
2335 5384 2347 5420 :
2374 5368 2468 5423 sed
2493 5384 2589 5438 per
2610 5367 2864 5424 cﬂ’usoris
2896 5368 3149 5424 semitam
3174 5383 3398 5424 currere
3419 5369 3683 5426 dabatur.

2082 5457 2223 5515 Hinc
2246 5459 2452 5532 eﬂ‘usor
2477 5461 2612 5530 ipse,
2643 5475 2754 5515 non
2778 5460 2871 5530 qui
2907 5460 3191 5529 eﬂ‘uderit;
3225 5460 3321 5517 sed
3349 5461 3453 5532 qui
3499 5461 3685 5518 edide~

2081 5554 2152 5609 rit
2200 5553 2544 5625 sanguinem,
2606 5553 2902 5623 apparebat
2946 5571 2960 5608 :
3024 5553 3162 5609 adeo
3208 5551 3506 5623 suffectus,
3551 5554 3686 5612 adeo

2079 5653 2398 5700 cruentatus
2425 5640 2768 5699 Tancredum
2788 5642 3116 5699 diﬂitebatur
3133 5645 3188 5699 in
3214 5644 3421 5714 colore,
3447 5647 3552 5703 8έά
3572 5661 3680 5702 non

2079 5735 2404 5792 difﬁtebatur
2433 5736 2489 5790 in
2518 5751 2700 5808 opere.
2750 5733 2928 5792 Simili
2959 5734 3124 5793 modo
3163 5737 3341 5809 pubes
3385 5742 3552 5798 socia
3590 5738 3678 5798 fu-
