3838 6306
167 415 250 473 ‘97

1373 388 1600 452 GESTA
1634 386 2006 444 ΤΑΝΟΚΕΒΙ.

3235 387 3342 444 ιθε

159 529 310 604 gando,
330 517 563 586 cadendo,
585 510 1004 588 prcsternendo,
1033 507 1231 584 singuli
1271 521 1371 580 pro
1411 505 1528 564 suis
1568 503 1652 560 vi-
1678 505 1728 566 Α
1755 510 1868 559 tras
1916 500 2158 604 solvere,_
2202 497 2378 604 peltas
2441 495 2757 566 demittere,
2819 498 3343 604 thoracesnexuere,

158 623 271 680 ribus
291 631 398 672 arva
423 609 776 669 cruentabant.

157 711 202 770 γ,
214 709 462 765 -Ρανιεηι
483 701 730 758 exercitus
747 696 1050 770 Boamundi
1069 693 1439 770 quapondum
1454 694 1654 764 ﬂumen

371 775 729 836 transmiserat,
763 765 1143 841 aggrediuntur
1172 765 1364 822 Cranii.

202 873 337 946 Igitur
361 865 636 925 Boamundi
675 864 972 928 exercitus,
1005 862 1098 933 qui
1136 859 1316 916 adhuc
1357 859 1495 915 citra
1543 857 1648 914 ﬂu-

147 967 273 1024 minis
290 965 440 1034 ripam
483 960 700 1015 alteram
730 955 1018 1028 pigritans,
1049 952 1392 1010 Tancredum
1429 950 1650 1022 puemi-

149 1067 275 1124 serat,
297 1055 490 1112 Griecos
520 1051 572 1106 in
610 1048 797 1122 fugam
828 1063 1017 1104 versos
1059 1046 1422 1118 prospiciens,
1463 1059 1649 1099 moras

142 1149 280 1213 solvit,
317 1145 519 1203 ﬂuvium
563 1141 653 1197 alii
709 1147 956 1205 tranant,
1004 1153 1135 1212 pars
1181 1138 1448 1208 remigare
1487 1137 1648 1193 docta

143 1240 314 1312 cymbas
338 1237 626 1301 traducunt,
667 1233 760 1288 alii
804 1232 1092 1302 utriusque
1134 1217 1333 1303 ignari,
1373 1244 1644 1301 equorum

138 1332 282 1389 caudis
305 1344 392 1401 pro
437 1325 659 1398 remigio
707 1332 981 1381 utuntur:
1015 1323 1206 1394 sicque
1266 1322 1419 1377 brevi
1467 1321 1645 1392 spatio

138 1432 221 1478 tota
245 1421 323 1476 illa
357 1417 689 1474 multitudine
730 1423 1072 1481 transvecta,
1115 1412 1274 1484 quasi
1322 1411 1428 1466 600
1464 1419 1642 1468 resta-

134 1515 232 1569 bant
268 1507 654 1576 transvehendi;
702 1522 812 1563 non
858 1506 1085 1573 milites,
1129 1519 1240 1559 non
1276 1503 1494 1571 armati,
1532 1519 1642 1561 non

133 1605 200 1676 qui
217 1604 286 1659 vel
309 1603 357 1657 in
390 1602 592 1658 hostem
627 1614 810 1668 ruere,
833 1599 927 1680 vel
948 1604 1194 1654 ruentem
1238 1597 1498 1667 repellere
1545 1611 1644 1668 po-

130 1697 337 1760 tuissent;
371 1691 553 1763 vulgus
595 1689 824 1756 inerme,
868 1687 974 1744 nisi
1002 1687 1051 1744 si
1083 1701 1223 1759 quos
1271 1693 1514 1744 armatos
1547 1694 1643 1742 aut

129 1794 326 1843 senectus
347 1784 690 1850 debilitasset,
723 1790 818 1838 aut
855 1780 1100 1837 morbus.
1149 1779 1306 1836 Tunc
1342 1778 1516 1836 Graeci
1542 1779 1639 1851 qui

1757 608 2038 649 summum
2092 590 2162 647 ad
2205 591 2374 646 vitam
2423 598 2708 661 supererat
2764 589 3029 646 solamen.
3075 593 3344 660 Quocirca

1754 686 1963 741 multus
1990 693 2045 740 et
2069 684 2241 740 multa
2268 684 2472 755 politus
2491 690 2631 748 arte,
2658 682 2850 755 grandi
2877 682 3190 755 redemptus
3213 700 3343 753 tere,

1752 777 1970 834 diutino
2005 785 2212 834 tractus
2257 777 2563 844 molimine,
2599 776 2758 832 labor
2803 775 2942 844 vias,
2997 776 3150 832 labor
3193 777 3344 834 invia

1750 870 1956 942 pariter
1977 868 2205 925 ditabat.
2227 867 2493 925 Victrices
2519 867 2807 938 cpperiens
2836 883 3036 924 manus
3067 868 3186 924 sine
3219 875 3345 938 pre-

1749 963 1846 1030 tio,
1877 962 1996 1019 sine
2007 961 2307 1018 certamine
2320 962 2504 1018 omnia
2527 968 2781 1031 rapturus
2805 978 2819 1016 :
2843 975 2945 1017 nec
2960 959 3132 1016 defuit
3156 970 3343 1018 tamen

1747 1054 1844 1126 qui
1861 1070 1926 1110 ea
1954 1053 2186 1119 tolleret,
2207 1053 2372 1124 quive
2390 1061 2712 1125 sequeretur
2727 1052 2916 1109 audito
2941 1051 3209 1109 Tancredi
3235 1067 3342 1108 no-

1747 1147 1897 1204 mine
1917 1147 2133 1203 turbam
2155 1145 2471 1218 fugientem.
2493 1145 2764 1214 Quoniam
2794 1146 3014 1218 quidem
3045 1145 3180 1201 caadi
3203 1159 3344 1216 pra-

1745 1238 1906 1296 dictae
1925 1238 2249 1310 superstites
2273 1238 2468 1306 relicti,
2492 1239 2570 1305 bi,
2599 1238 3001 1309 inquam,quos
3021 1236 3321 1306 praesidiun

1745 1329 2140 1401 superveniens
2175 1328 2524 1396 liberaverat,
2549 1329 2667 1384 sine
2685 1327 2878 1384 ordine
2903 1327 3195 1398 fugientes,
3220 1325 3342 1382 sine

1744 1421 1937 1478 ordine
1969 1423 2368 1493 sequebantur;
2407 1429 2663 1477 oneratos
2704 1420 2886 1487 vacui,
2921 1427 3162 1474 armatos
3183 1417 3338 1484 nudi,

1742 1512 1920 1573 lassos
1939 1515 2175 1585 expediti
2196 1513 2444 1585 :plurimi
2477 1512 2641 1569 etiam
2664 1511 2721 1566 in
2743 1511 3057 1568 servitutem
3083 1509 3339 1577 ducendi,

1743 1607 1920 1678 ruptis
1944 1607 2174 1663 nexibus
2195 1605 2452 1672 absoluti,
2487 1619 2619 1662 suos
2645 1617 2802 1659 versa
2837 1601 2953 1659 vice
2987 1616 3220 1658 nexores
3239 1615 3342 1656 ne-

1744 1708 1998 1756 xuerunt.
2023 1698 2130 1754 Alii
2158 1699 2488 1770 dumerepta
2515 1696 2620 1752 sibi
2636 1695 2925 1766 requirunt
2945 1694 3138 1764 spolia,
3168 1701 3224 1749 et
3243 1707 3337 1747 ra-

1746 1791 1922 1863 ptoris
1944 1790 2187 1863 projecta
2217 1789 2506 1846 inveniunt
2529 1795 2584 1843 et
2604 1802 2703 1842 sua
2735 1801 2748 1838 :
2779 1784 3002 1840 fuerunt
3041 1783 3206 1838 etiam
3243 1781 3341 1852 qui

127 1879 244 1933 missi
274 1875 469 1932 fuerant
511 1873 836 1930 Latinorum
873 1871 1120 1928 insidiari
1147 1871 1415 1944 vestigiis,
1461 1871 1645 1928 locum
1681 1868 1878 1940 ﬁdum
1905 1881 2165 1954 ρι-πωίοω
2210 1887 2555 1952 quaterem,
2607 1876 2836 1948 quasi“
2877 1874 3206 1939 invenirem,
3252 1872 3343 1928 in-

128 1968 238 2022 nacti
264 1975 316 2022 ut
337 1964 590 2037 sanguine
618 1963 829 2021 ferrum
857 1963 1184 2030 imbuerent,
1223 1961 1440 2018 irruunt
1465 1962 1522 2018 in
1553 1977 1643 2018 re-

125 2061 260 2127 lictos,
304 2074 391 2115 seu
429 2058 538 2130 lupi
566 2067 790 2129 pastore
822 2056 954 2112 orba
981 2064 1037 2111 et
1066 2055 1298 2112 canibus
1327 2055 1489 2112 ovilia
1523 2063 1644 2111 tru-

124 2156 332 2210 cidantes.
361 2152 443 2209 Fit
471 2153 705 2219 clamor,
750 2159 945 2207 moeret
993 2149 1110 2221 ripa
1138 2158 1391 2220 utraque.
1425 2149 1556 2204 hinc
1591 2157 1646 2207 et

123 2246 215 2303 inde
251 2262 336 2303 nec
356 2245 584 2317 querela:
611 2244 816 2301 desunt
852 2258 954 2299 nec
982 2242 1236 2315 gemitus.
1273 2240 1339 2296 Ili
1368 2241 1553 2298 dolent
1578 2241 1646 2298 de

125 2354 255 2404 mora,
288 2337 357 2392 illi
394 2337 456 2394 de
493 2335 812 2392 festinantia
841 2353 854 2392 :
889 2336 992 2391 bos
1020 2335 1205 2405 pudet,
1234 2333 1362 2404 quia
1411 2349 1522 2388 non
1549 2332 1640 2389 da-

121 2438 187 2485 tur
215 2429 468 2497 invadere;
506 2428 634 2484 illos
683 2428 880 2500 magis,
917 2427 1046 2501 quia
1079 2426 1311 2482 evadere
1351 2440 1461 2481 non
1496 2425 1642 2492 licet,

120 2523 240 2592 piget.
273 2521 569 2578 Tancredus
607 2520 818 2576 interea
853 2519 1033 2575 adhuc
1076 2517 1410 2590 fugientibus
1441 2515 1644 2574 Grascis

119 2613 297 2681 instans,
332 2613 681 2684 sequentium
712 2612 1027 2668 instantiam
1055 2612 1219 2668 celeri
1249 2626 1417 2668 cursu
1448 2611 1646 2682 accipit

119 2707 400 2762 nuntiatam:
433 2706 716 2763 neminem
757 2705 1044 2774 resistere,
1089 2720 1413 2762 succurrere
1465 2705 1644 2760 nemi-

115 2813 234 2865 nem,
269 2807 497 2856 armatos
554 2799 714 2856 ultro
757 2797 985 2854 ﬂuvium
1030 2797 1366 2868 remigasse,
1407 2797 1644 2853 inermes

114 2889 232 2958 citra,
275 2891 410 2962 ipsos
447 2892 564 2963 jam
631 2891 745 2947 fere
787 2890 947 2963 quasi
998 2890 1278 2947 mordicus
1325 2889 1639 2960 dissipatos.

115 2980 206 3039 Haec
219 2992 264 3038 ut
286 2985 519 3055 piissimo
545 2992 616 3042 et
637 2983 707 3040 ad
721 2998 939 3040 omnem
966 2983 1378 3054 promptissimo
1407 2983 1645 3038 strenui-

114 3085 236 3132 tatem
276 3077 389 3134 duci
414 3086 704 3150 comperta
729 3084 877 3142 sunt,
917 3076 1064 3132 haud
1096 3092 1257 3133 secus
1305 3076 1375 3132 ab
1414 3065 1537 3132 aliis
1575 3075 1645 3132 ad

113 3155 214 3224 alios
244 3184 296 3225 se
331 3171 604 3226 convertit
643 3166 948 3240 intrepidus
975 3185 990 3223 :
1020 3169 1178 3241 quasi
1209 3178 1367 3226 nacta
1403 3170 1642 3240 praedam

113 3258 188 3324 lea.
206 3260 244 3316 si
263 3277 387 3332 quas
410 3278 476 3318 ex
522 3262 769 3318 adverso
801 3269 1041 3332 paratas,
1071 3261 1274 3317 relictis
1301 3261 1519 3328 catulis,
1553 3261 1642 3316 in-

111 3349 239 3408 sidias
267 3353 496 3424 respicit,
532 3369 564 3410 e
594 3352 831 3425 vestigio
852 3352 922 3409 ad
952 3353 1264 3424 pradonem
1294 3368 1473 3420 versa,
1502 3367 1641 3425 prte-

109 3443 200 3499 dam
218 3445 361 3502 siccis
384 3446 652 3504 faucibus
679 3447 960 3518 relinquit.

136 3532 204 3590 VI.
225 3568 286 3578 —
312 3537 473 3608 Quos,
504 3540 563 3594 in
602 3539 804 3609 ﬂumen
828 3538 1068 3593 insiliens
1102 3537 1404 3594 Tamedus
1433 3538 1604 3609 fugat.

158 3623 392 3686 Reversus
416 3631 596 3702 igitur
620 3630 690 3686 ad
718 3629 920 3686 ﬂumen
944 3629 1020 3700 (1)
1057 3628 1395 3698 Tancredus,
1439 3629 1644 3701 remige

105 3728 263 3786 spreto,
289 3722 556 3794 gurgitem
615 3721 809 3789 insilit,
854 3737 998 3793 equo
1037 3723 1213 3790 navis,
1253 3737 1397 3793 equo
1423 3719 1644 3792 remigis

100 3809 368 3882 obsequium
395 3814 698 3886 supplente
728 3830 740 3867 :
771 3813 954 3884 segnis
980 3813 1181 3884 quippe
1223 3828 1380 3868 mora
1405 3812 1524 3868 visa
1561 3819 1645 3868 est

99 3896 205 3964 viro,
238 3911 286 3955 et
317 3913 549 3975 cognata
595 3903 806 3971 timori,
830 3903 880 3959 si
919 3902 1051 3958 dum
1095 3902 1373 3973 navigium
1404 3911 1640 3972 pararet,

94 4000 297 4055 parantes
331 3995 488 4066 sequi
521 3993 739 4050 milites
766 4001 1128 4065 exspectaret.
1160 3992 1504 4063 Quapropter
1533 3993 1644 4049 sic-

95 4085 139 4130 ιιι
161 4085 515 4155 praescriptum
559 4094 681 4154 est,
725 4100 966 4157 praeceps
1011 4083 1238 4140 ﬂuvium
1279 4085 1436 4156 quasi
1488 4100 1642 4140 cam-

90 4183 187 4236 Pﬂm
215 4173 509 4246 ingreditur
545 4197 560 4234 :
605 4193 762 4248 aqua:
787 4193 918 4234 vero
947 4192 1115 4234 cursu
1138 4176 1330 4247 rapido
1356 4185 1643 4247 exceptum

91 4263 434 4340 submergunt;
485 4279 546 4326 at
601 4285 733 4325 mox
765 4271 898 4342 ripae
937 4271 1094 4326 alteri
1134 4270 1379 4327 redditur
1418 4272 1640 4327 illaesus.

89 4351 227 4413 Simili
269 4377 492 4434 quoque
536 4362 777 4435 remigio
824 4363 1259 4421 commilitonum
1302 4365 1470 4434 acies,
1521 4373 1644 4436 qute

88 4444 254 4506 domini
307 4456 621 4524 praeeuntis
687 4456 915 4528 vestigia
975 4466 1282 4529 sequuntur
1313 4500 1328 4526 ,
1391 4466 1639 4514 utuntur.

1671 3215 1716 3278 C

1746 1980 1909 2028 venta
1943 1971 2301 2028 sustulissent
2332 1988 2346 2026 :
2381 1967 2716 2039 abjiciebant
2737 1964 2974 2032 sublata,
3006 1973 3069 2020 ut
3091 1962 3344 2019 tollerent

1747 2063 1982 2136 potiora.
2018 2062 2145 2120 Sive
2175 2070 2358 2118 autem
2383 2060 2566 2117 alieno
2603 2073 2794 2126 onere,
2831 2057 2947 2115 sive
2987 2071 3116 2125 suo,
3148 2055 3335 2111 nullus

1745 2166 1930 2214 castra
1950 2170 2062 2211 non
2093 2154 2484 2211 suﬂ'arcinatus
2513 2151 2806 2207 revisebat.

1936 2247 2048 2304 VII.
2078 2277 2149 2289 --
2184 2244 2444 2302 Tancredi
2472 2244 2696 2300 victoria
2730 2243 3077 2314 prwdicatur.

1815 2339 1986 2412 Igitur
2007 2339 2326 2396 Tancredus
2367 2335 2647 2394 sociorum
2673 2336 2821 2393 ultus
2851 2336 3100 2401 vulnera,
3133 2341 3334 2391 nactus

1747 2431 1942 2501 spolia,
1982 2431 2176 2487 beatus
2200 2428 2397 2502 gratia,
2425 2442 2620 2484 omnes
2645 2438 2796 2484 trans
2840 2425 3064 2481 ﬂuvium
3094 2425 3339 2496 praemit-

1745 2521 1832 2589 tit,
1866 2521 1981 2592 ipse
2007 2521 2257 2578 omnium
2294 2519 2652 2590 subsequitur
2685 2526 3017 2590 postremus.
3047 2515 3094 2574 Ο
3113 2517 3339 2589 quantis

1744 2615 2016 2683 excipitur
2051 2613 2337 2670 laudibus!
2369 2620 2612 2684 quantus
2643 2612 2780 2683 ipse,
2807 2627 2974 2682 quam
3017 2611 3193 2682 major
3216 2625 3341 2673 sese

1745 2707 2004 2764 cordibus
2060 2706 2307 2763 omnium
2369 2703 2591 2762 futurus
2637 2713 2883 2775 apparet,
2925 2712 3131 2774 quanta
3173 2703 3336 2760 simul

1745 2797 2048 2853 nobilitatis
2116 2806 2171 2853 et
2235 2795 2412 2867 plebis
2481 2796 2835 2852 veneratione
2886 2795 3148 2851 donatur!
3214 2792 3332 2850 Una

1744 2890 1946 2960 quippe
1981 2889 2228 2945 omnium
2249 2899 2306 2945 et
2352 2904 2510 2947 mens
2553 2899 2673 2945 erat
2717 2898 2771 2944 et
2816 2887 3019 2944 fabula.
3054 2885 3099 2942 Ο
3127 2887 3242 2955 ubi,
3284 2896 3341 2942 et

1745 2982 1988 3052 quando,
2011 2990 2067 3038 ct
2085 2982 2212 3054 quis
2233 2982 2287 3036 in
2312 2982 2439 3039 filiis
2457 2981 2742 3038 hominum
2764 2997 2862 3052 par
2881 2980 3002 3047 tibi,
3025 2978 3335 3035 Tancrede'.

1745 3093 1778 3134 a
1807 3092 1919 3148 quo
1954 3087 2066 3133 tam
2099 3083 2308 3133 remota
2351 3076 2644 3149 segnities?
2668 3084 2780 3132 tam
2823 3074 3100 3146 disjuncta
3137 3074 3341 3145 quies?

1747 3179 1858 3225 tam
1881 3169 2058 3226 aliena
2081 3169 2348 3226 formido?
2362 3179 2472 3226 tam
2493 3169 2714 3226 elimata
2729 3168 2981 3238 superbia
2994 3168 3017 3221 ?
3029 3176 3137 3223 tam
3161 3167 3339 3222 elimi-

1746 3272 1876 3318 nata
1924 3263 2337 3332 luxuria?Quis
2371 3273 2602 3326 vocatus
2645 3263 2908 3329 velocior,
2949 3262 3074 3333 quis
3115 3269 3340 3332 rogatus

1745 3353 1984 3424 facilior,
2017 3356 2142 3426 quis
2178 3356 2422 3414 offensus
2453 3355 2809 3428 placabilior?
2849 3354 3034 3411 felices
3075 3363 3230 3409 tanto
3258 3354 3341 3423 pi—

1744 3463 1916 3519 gnore
1961 3448 2127 3517 atavi,
2156 3457 2308 3504 tanto
2339 3457 2502 3505 atavo
2529 3447 2756 3519 posteri,
2793 3457 2945 3502 tanto
2984 3447 3208 3502 alumno
3233 3445 3341 3502 Ca-

1744 3538 1904 3607 labri,
1946 3547 2096 3596 tanta
2121 3540 2306 3596 sobole
2331 3538 2662 3597 Nomanni!
2707 3539 2892 3596 felices
2935 3539 3012 3594 illi
3052 3539 3254 3610 quibus
3279 3546 3339 3593 tu

1745 3633 2024 3706 contigisti
2077 3634 2250 3707 gloria
2285 3650 2387 3692 sua
2420 3653 2432 3688 :
2463 3651 2530 3692 ac
2565 3650 2669 3691 nos
2698 3635 2856 3706 longe
2896 3631 3191 3700 feliciores,
3215 3633 3341 3703 qui—

1743 3724 1847 3782 bus
1868 3734 1952 3782 est
1972 3742 2071 3797 pro
2091 3742 2252 3782 muro
2277 3727 2508 3784 audacia
2535 3736 2650 3783 tua.
2679 3725 2795 3781 Tua
2818 3725 3046 3782 audacia
3073 3725 3338 3782 adversus

1745 3818 2161 3889 impugnatores
2191 3819 2351 3876 nobis
2381 3827 2467 3876 est
2508 3820 2753 3892 clypeus,
2789 3819 3053 3876 adversus
3084 3833 3340 3890 pugnan-

1744 3909 1846 3966 dos
1876 3925 2040 3967 arcus
2079 3921 2135 3966 et
2167 3911 2401 3982 gladius.
2433 3911 2493 3967 Si
2523 3911 2830 3983 periculum
2876 3912 3168 3978 antecedit,
3206 3911 3338 3968 illue

1745 4003 2122 4076 praemitteris;
2162 4005 2293 4060 item
2333 4005 2382 4062 si
2427 4005 2676 4076 sequitur
2703 4020 2866 4076 pone,
2889 4004 3074 4062 caedis.
3108 4003 3338 4061 Benedi-

1745 4107 1868 4154 ctus
1897 4095 2044 4153 Deus
2062 4097 2159 4168 qui
2183 4106 2238 4153 te
2261 4098 2563 4154 reservavit
2597 4097 2915 4169 praesidium
2947 4097 3091 4167 plebi
3117 4112 3252 4163 suae,
3283 4107 3339 4152 et

1745 4201 1804 4246 tu
1847 4191 2167 4248 benedictus
2197 4191 2293 4261 qui
2325 4207 2447 4246 eam
2487 4191 2728 4262 protegis
2759 4191 2811 4245 in
2847 4191 3076 4246 brachio
3119 4190 3338 4246 virtutis

1746 4293 1873 4339 tuae.
1903 4283 2131 4340 Talibus
2155 4298 2350 4340 omnes
2393 4292 2451 4339 at
2489 4284 2736 4354 plerique
2781 4283 3084 4354 majoribus
3112 4283 3340 4339 victoris

1746 4377 1981 4432 reditum
2009 4377 2205 4448 gratati
2229 4377 2520 4448 praeconiis
2542 4377 2656 4432 haec
2681 4377 2880 4447 saepius
2916 4377 3336 4447 ingeminantes,

1745 4484 1842 4538 per
1872 4468 1988 4522 vias
2015 4477 2069 4524 et
2106 4469 2340 4524 tentoria
2374 4484 2550 4538 usque
2583 4469 2649 4524 ad
2690 4467 2957 4524 'I‘ancredi
2995 4469 3173 4539 ipsum
3212 4485 3340 4539 pro-

83 4535 231 4598 Gratca
275 4545 519 4616 phalanx
571 4548 864 4620 perterrita
900 4547 1166 4606 Tancredi
1198 4550 1363 4606 simul
1407 4550 1639 4606 adventu

1751 4569 2072 4630 sequuntur.
2130 4559 2343 4616 Extunc
2385 4560 2727 4616 'I‘ancredum
2788 4561 3022 4626 sociare,
3078 4575 3337 4616 securum

83 4639 125 4684 et
169 4638 405 4708 nomine;
467 4641 527 4695 id
601 4640 748 4695 enim
801 4657 972 4696 unum
1025 4650 1254 4711 utraque
1313 4643 1645 4712 personabat

79 4723 187 4792 ripa.
214 4729 338 4784 cadi
382 4742 667 4798 metuens,
705 4733 910 4788 caedere
945 4733 1176 4799 desistit,
1215 4734 1282 4789 ad
1317 4744 1642 4790 consuetum

79 4811 192 4886 fuga
217 4823 537 4889 praesidium
565 4824 750 4878 studio
793 4825 1034 4881 redacto.
1075 4823 1306 4898 Fugitnr
1345 4842 1442 4897 per
1478 4827 1644 4882 abru-

75 4916 162 4974 P13.
183 4927 270 4982 per
292 4915 437 4981 avia,
473 4931 580 4986 per
615 4931 780 4972 omne
823 4917 967 4988 quod
1008 4918 1168 4973 victis
1210 4919 1528 4989 promittere
1571 4921 1646 4976 la-

76 4998 245 5068 tebras,
287 5006 608 5064 victoribus
650 5023 937 5064 accessum
979 5025 1177 5081 negare
1219 5011 1522 5068 videbatur.
1574 5012 1642 5068 At

75 5087 218 5146 Victor
251 5096 626 5154 nihilominus
669 5097 1005 5172 fugientibus
1039 5102 1298 5172 instabat,
1346 5103 1495 5159 illius
1525 5120 1642 5160 ma-

76 5181 140 5246 εἰς
170 5188 490 5258 sanguinem
528 5191 743 5260 sitiens,
776 5209 940 5263 quem
983 5210 1081 5265 per
1117 5195 1514 5251 inaccessibilia
1545 5212 1640 5267 pes

78 5276 289 5344 raptabat
309 5279 616 5354 fugacior:
646 5299 772 5339 nam
803 5295 1018 5342 vertere
1047 5286 1241 5344 faciem
1265 5304 1428 5344 nemo
1462 5289 1639 5346 victus

78 5369 394 5440 meminerat,
424 5375 548 5430 nisi
570 5376 616 5432 si
643 5392 806 5447 quem
832 5378 1061 5449 genibus
1084 5379 1303 5436 victoris
1333 5379 1639 5451 supplicare

75 5451 178 5528 fuga
212 5467 454 5536 coegerit
492 5468 835 5538 deprehensa
880 5489 894 5525 :
943 5471 1080 5528 adeo
1123 5472 1427 5544 intepucrat
1466 5473 1636 5542 calor,

78 5552 318 5635 resederat
341 5559 560 5625 rabies,
598 5576 724 5632 spes
759 5570 873 5616 tota
912 5563 982 5619 ab
1017 5564 1186 5620 armis
1227 5565 1281 5618 in
1303 5565 1499 5635 pedum
1543 5581 1636 5620 ve-

79 5633 316 5701 lt'teitatem
343 5650 669 5707 transierat.
702 5650 891 5725 Itaque
929 5670 1092 5711 arcus
1122 5633 1408 5726 projicere,
1443 5655 1638 5726 phare-

1751 4653 1889 4719 t‘teri,
1918 4653 2038 4710 sine
2088 4654 2246 4709 eoin
2294 4653 2536 4710 exercitu
2588 4669 2733 4721 esse,
2787 4655 2947 4725 quasi
2997 4655 3050 4708 in
3091 4654 3338 4708 exercitu

1750 4758 1860 4798 non
1887 4759 2010 4799 esse
2038 4759 2150 4814 pra:
2178 4745 2474 4799 solitudine
2502 4745 2804 4798 videbatur.
2835 4743 2989 4799 Unde
3017 4743 3240 4813 plurimi
3270 4742 3340 4798 de

1751 4836 1968 4906 magnis
2012 4851 2136 4907 qua:
2196 4836 2450 4893 viderant
2501 4836 2713 4909 majora
2763 4835 3156 4905 conjectantes,
3213 4834 3337 4905 ejus

1749 4925 1995 4982 dominio
2026 4937 2138 4982 tam
2181 4944 2239 4984 se
2278 4945 2445 4999 qnam
2481 4944 2582 4984 sua
2622 4927 3029 4998 mancipabant.
3061 4925 3182 4998 Ipse
3206 4942 3338 4984 vero

1747 5019 2035 5075 audaciam
2065 5021 2317 5092 viresque
2339 5022 2604 5092 jnvenum
2630 5021 2884 5090 captabat
2916 5021 3110 5089 pretio,
3131 5020 3338 5077 allicie-

1745 5110 1840 5166 bat
1887 5112 2118 5178 merito,
2164 5114 2478 5169 merebatur
2546 5113 2815 5184 exemplo.
2870 5110 2952 5166 Eo
2997 5112 3334 5182 abundante,

1745 5217 1909 5258 nemo
1935 5204 2031 5274 qui
2054 5206 2104 5259 ei
2133 5205 2389 5262 militaret
2409 5205 2603 5277 egebat
2631 5220 2734 5261 :eo
2759 5214 2970 5276 egente,
2995 5222 3026 5261 a
3045 5207 3338 5264 ditioribus

1742 5293 1911 5349 sociis
1939 5296 2316 5363 mutuabatur,
2356 5296 2587 5366 pecunia
2617 5312 2741 5367 qua:
2773 5295 3159 5367 pauperiorum
3193 5297 3339 5353 indi-

1744 5385 1979 5454 gentiam
2012 5386 2212 5443 ditaret
2235 5397 2475 5459 erogata.
2505 5386 2718 5444 Rursus
2744 5388 2791 5444 si
2821 5397 3156 5460 repeteretur
3188 5391 3338 5460 quod

1744 5486 2107 5547 mutuaverat,
2139 5481 2274 5537 alios
2314 5481 2442 5537 item
2469 5482 2747 5552 quaerebat
2773 5482 3113 5539 creditores.
3145 5483 3341 5552 sicque

1745 5569 1813 5624 ad
1837 5571 1974 5627 alios
2002 5580 2225 5643 propter
2242 5573 2384 5629 alios
2420 5573 2578 5644 quasi
2632 5573 2998 5640 mendicabat,
3037 5573 3170 5629 dum
3205 5589 3332 5627 eum

1747 5677 1840 5716 seu
1868 5664 2049 5734 praeda
2075 5665 2465 5735 opulentasset,
2503 5681 2602 5722 seu
2643 5666 2867 5721 bellum.
2906 5667 3056 5720 Adeo
3087 5667 3170 5718 vir
3204 5681 3336 5735 prn-~

357 5764 656 5849 fonsentit
685 5763 956 5848 Robertus
1005 5769 1308 5824 monachus
1351 5769 1387 5823 ι.
1429 5785 1466 5822 ιι
1515 5765 1771 5828 Historia:
1810 5776 2296 5849 Jerosolymitanw,
2339 5779 2486 5837 addit
2537 5777 2646 5835 duo
2701 5779 2868 5835 millia
2908 5780 3149 5849 equitum
3203 5795 3329 5837 cum

85 5816 330 5885 Tauri-edo
357 5816 568 5888 ﬂumen
592 5816 872 5906 irrupisse.
