3838 6306
519 409 631 472 499

1095 418 1189 474 AD
1224 421 1675 479 GODEFRIDUM
1712 424 2006 484 APPEND.
2046 428 2111 489 ll.
2150 461 2221 472 --
2257 431 2526 497 NONUM.
2568 433 2658 490 DE
2692 434 2919 493 BELLO
2959 435 3207 495 SACRO.

3670 444 3757 505 500

518 530 669 625 dens
684 528 769 587 bis
791 530 1027 625 largum,
1064 532 1175 591 illis
1196 537 1255 591 se
1279 535 1609 605 veridicum,
1632 536 1744 594 into
1770 534 1831 594 et
1858 541 2117 598 omnibus
2144 548 2191 607 Α
2219 544 2494 602 allluentia
2512 547 3207 622 thesaurorum.Quidquid
3224 549 3437 623 uspiam
3452 551 3640 625 vidisti,
3653 561 3761 618 mbil

516 623 825 681 veridicum
849 624 1160 682 exhibebat.
2054 644 2057 651 '

519 736 657 795 VH1.
696 772 766 782 —
788 740 987 826 Alexio
1006 742 1316 826 imperatori
1337 741 1640 826 poeniendi
1654 754 1715 826 et
1743 745 2001 803 Tancredi
2025 734 2123 805 od-

865 822 1054 867 ventus
1074 823 1125 866 et
1162 822 1383 866 victoria
1413 822 1749 871 nuntiantur.

594 901 807 959 interea
836 903 1221 974 imperatorem
1264 904 1513 960 Alexium
1551 915 1647 962 aut
1692 909 1795 967 hac
1828 920 1923 967 aut
1953 912 2120 969 simili
2180 918 2188 922 “

522 993 839 1049 narratione
889 994 1115 1050 nuntius
1155 996 1502 1065 exploratum
1554 998 1795 1067 missus,
1839 1004 2122 1072 perturbat

521 1101 781 1143 reversus
814 1106 827 1141 :
867 1106 885 1138 r
916 1085 1272 1142 Boamundus
1314 1087 1727 1162 Wiscardigena
1774 1092 2118 1153 Adriaticum

518 1178 795 1244 transivit,
840 1178 1003 1233 etiam
1034 1176 1359 1236 Macedonia.
1388 1183 1615 1253 potitur.
1657 1182 1810 1241 illius
1844 1186 1990 1245 vires
2018 1205 2121 1246 sae-

516 1269 644 1338 pius
676 1268 792 1338 jam
838 1278 1098 1340 expertus
1152 1287 1217 1329 es
1263 1288 1515 1345 magnas,
1563 1284 1620 1331 at
1664 1280 1971 1347 praeteritas
2018 1281 2121 1337 ho-

515 1362 725 1419 dierna:
770 1378 883 1419 non
926 1364 1113 1421 minus
1143 1376 1407 1437 superant
1440 1385 1461 1423 τ
1486 1367 1649 1439 quasi
1688 1384 1881 1441 passer
1924 1373 2121 1444 aquila:

512 1454 752 1512 collatus
786 1465 1103 1527 superatur.
1138 1457 1280 1514 Olim
1309 1461 1515 1532 quippe
1544 1462 1596 1518 ei
1622 1462 1827 1520 milites
1849 1463 2121 1522 Norman-

512 1547 629 1616 nia,
670 1547 1056 1622 Longobardia
1111 1553 1323 1624 pedites
1376 1556 1703 1627 suggerebat
1740 1575 1753 1611 :
1784 1556 2114 1626 Normanni,

512 1641 611 1711 qui
650 1641 962 1711 vincerent;
992 1644 1359 1718 Langobardi,
1393 1648 1488 1719 qui
1520 1664 1808 1705 numerum
1833 1663 2117 1724 augerent,

513 1732 576 1788 in
594 1732 735 1789 bella
757 1734 1115 1790 trahebantur
1145 1753 1163 1793 :
1195 1738 1391 1792 horum
1414 1741 1666 1809 populus,
1699 1742 1839 1797 alter
1871 1743 2115 1816 belliger,

516 1827 655 1883 alter
676 1836 905 1884 venerat
933 1828 1294 1887 ministrator.
1326 1830 1397 1888 Ut
1431 1842 1612 1889 autem
1648 1836 1816 1891 ambo
1837 1837 2113 1909 belligeri;

515 1926 703 1974 tamen
763 1919 877 1974 duo
940 1928 1189 1989 tantum,
1264 1931 1320 1977 et
1380 1922 1451 1979 de
1514 1926 1732 1982 duobus
1805 1928 1985 1998 pauci.
2032 1929 2116 1983 Ad

517 2014 636 2070 haec
691 2014 946 2072 conducti
980 2018 1176 2086 pretio,
1230 2004 1405 2074 coacti
1457 2019 1661 2087 edicto,
1712 2038 1821 2077 non
1860 2024 2115 2093 ultronei,

516 2123 629 2164 non
659 2109 847 2181 gloriae
893 2111 1037 2167 avidi
1075 2112 1385 2169 militabant
1419 2133 1433 2169 :
1467 2132 1614 2171 nunc
1649 2126 1839 2174 contra
1870 2136 2004 2191 gens
2029 2130 2116 2176 to-

518 2200 630 2257 tius
673 2200 861 2258 Gallize
898 2205 1110 2270 excita,
1160 2213 1331 2260 totam
1374 2222 1595 2278 quoque
1634 2208 1844 2265 Italiam
1894 2214 2118 2271 veniens

517 2291 768 2348 sociavit.
802 2290 954 2348 Ultra
979 2294 1171 2365 eisque
1199 2295 1365 2379 Alpes
1396 2298 1465 2351 ab
1493 2296 1709 2371 Illyrico
1734 2316 1913 2373 usque
1944 2299 2118 2379 ocea-

515 2400 655 2440 num
680 2385 829 2440 nulla
857 2393 942 2442 est
977 2387 1132 2460 regio
1153 2403 1275 2459 quae
1298 2374 1621 2446 Boamundo
1640 2407 1790 2448 arma
1815 2374 2113 2466 negaverit.

515 2473 717 2531 Milites
760 2475 1064 2548 sagittarii,
1117 2476 1426 2536 funditores
1469 2497 1583 2550 pra:
1623 2482 1974 2540 multitudine
2016 2500 2116 2540 sua

516 2568 729 2624 nullum
761 2570 935 2627 turba:
958 2571 1161 2627 imbelli
1186 2571 1368 2629 locum
1402 2574 1455 2629 in
1479 2577 1725 2633 exercitu
1753 2579 2111 2650 reliquerunt.

514 2660 864 2719 Cismarinus
927 2666 1086 2736 panis
1134 2668 1365 2724 armatis
1407 2684 1516 2724 non
1556 2669 1756 2727 suﬁieit
1798 2690 1812 2727 :
1858 2673 1927 2727 ab
1983 2672 2117 2745 ipsis

496 2762 677 2811 terra:
698 2757 957 2812 cavernis
984 2767 1198 2827 erutus,
1230 2760 1430 2815 nedum
1467 2761 1620 2830 plebs
1650 2762 1876 2819 inermis
1909 2764 1980 2820 ab
2002 2765 2117 2819 otio

514 2860 577 2902 se
604 2854 663 2903 et
686 2846 843 2917 copia
865 2845 933 2901 ad
964 2847 1208 2904 laborem
1236 2858 1291 2904 et
1325 2849 1561 2905 inediam
1598 2852 1941 2910 transferret.
1986 2852 2117 2911 0m-

514 2954 616 2996 nes
656 2941 877 3005 armati,
919 2958 1114 2999 omnes
1153 2942 1355 3011 bellici,
1405 2960 1599 3001 omnes
1641 2945 1941 3015 laboriferi,
1993 2947 2118 3019 qui-

516 3047 738 3103 cunque
797 3031 1225 3104 Wiseardigenre
1283 3035 1482 3092 castris
1550 3034 1906 3091 famulantur.
1964 3035 2116 3094 Adde

516 3123 899 3184 Wiscardidas
929 3126 1273 3185 Tancrednm
1317 3137 1373 3184 et
1405 3128 1606 3186 fratres
1642 3129 1976 3186 Willehnum
2006 3130 2117 3186 Ro-

2222 646 2310 693 est
2343 638 2412 695 ad
2454 639 2509 695 id
2550 641 2810 697 collatum
2844 643 2992 714 quod
3021 643 3166 715 apud
3206 659 3296 700 me
3322 654 3424 719 est.
3454 643 3579 713 Quae
3612 655 3761 710 omnia

2222 739 2415 799 parata
2456 730 2552 789 tibi
2594 733 2835 801 noveris,
2881 743 3144 806 tanquam
3182 736 3298 793 lilio
3337 737 3385 793 si
3405 738 3672 811 benignum
3701 753 3763 813 te,

2224 822 2271 877 si
2334 822 2503 879 fidum
2572 824 2708 880 mihi
2770 828 3052 896 paraveris
3113 837 3379 900 tanquam
3446 830 3601 887 filius.
3642 831 3767 892 lave-

2224 915 2342 971 nies
2390 931 2522 988 ergo
2578 916 2783 975 fontem
2831 920 2974 986 auri,
3027 927 3090 976 ut
3131 921 3354 992 quoties
3394 923 3612 992 quaesita
3658 941 3766 982 eon-

2223 1012 2562 1080 sumpseris,
2613 1013 2775 1070 toties
2840 1016 3214 1072 consumenda
3285 1026 3530 1087 repetas,
3582 1023 3767 1091 repetita

2223 1099 2343 1156 sine
2390 1100 2711 1161 difficultate
2758 1114 3104 1177 sumpturus.
3150 1104 3221 1162 Ut
3264 1116 3446 1163 autem
3495 1111 3767 1181 expedition

2220 1190 2366 1247 viam
2411 1194 2548 1263 pede
2608 1194 2865 1266 arripias,
2922 1196 3116 1267 paucis
3161 1204 3477 1263 contentus,
3519 1200 3768 1258 adventum

2221 1282 2451 1340 liberius
2492 1287 2817 1343 maturabis.
2864 1285 3090 1344 Caetera:
3124 1303 3256 1343 vero
3301 1288 3650 1358 multitudini,
3682 1294 3765 1349 du~

2221 1374 2379 1431 cibus
2407 1374 2634 1445 relictis,
2677 1377 2766 1434 via
2809 1392 2877 1435 eo
2911 1378 3274 1447 commodior,
3317 1395 3428 1451 quo
3450 1381 3651 1454 segnior
3670 1400 3771 1440 car-

2219 1463 2398 1534 penda
2420 1474 2521 1521 est.
2558 1486 2579 1520 ι

2219 1575 2289 1631 Χ.
2308 1610 2376 1619 -
2399 1577 2691 1636 Promissis
2712 1580 2896 1637 Alexii
2923 1584 3194 1708 reditrctus,
3216 1587 3268 1642 ei
3287 1587 3773 1658 prastathomiuim

2896 1671 3022 1708 coac
3050 1672 3133 1708 us.

2896 1671 3133 1710 ουασιιιε.

2250 1739 2255 1745 ’
2293 1738 2482 1812 Legati
2511 1741 2599 1799 his
2643 1753 2843 1815 praeter
2867 1761 2998 1801 suas
3024 1747 3277 1803 instructi
3307 1748 3555 1817 fallaciis,
3583 1762 3771 1817 exeunt,

2221 1831 2459 1899 adeunt,
2516 1832 2775 1901 obviant,
2823 1835 3177 1906 eloquuntur.
3241 1837 3588 1896 Boamundus
3620 1840 3772 1910 itaque

2217 1922 2421 1980 mellita
2468 1926 2764 1981 verborum
2813 1928 3104 1998 superﬁcie
3161 1929 3482 1998 debriatns,
3538 1947 3771 1987 venenum

2218 2016 2396 2073 latens
2423 2016 2657 2075 inferius
2696 2034 2803 2074 non
2836 2021 3030 2088 sentit;
3067 2020 3266 2077 fallunt
3291 2039 3419 2079 eum
3446 2023 3629 2080 oblata:
3655 2026 3772 2081 ultro

2216 2109 2843 2182 Constantinopolitanae
2885 2113 3111 2183 divitiae,
3158 2124 3382 2187 propter
3430 2132 3565 2188 quas
3601 2126 3770 2173 terram

2218 2216 2282 2255 ac
2310 2202 2535 2274 pelagus
2575 2202 2844 2274 sanguine
2878 2205 3052 2260 multo
3083 2203 3178 2261 diu
3214 2216 3545 2277 asperserat.
3573 2207 3646 2263 Ad
3680 2210 3773 2264 hac

2218 2300 2330 2347 tam
2374 2291 2535 2349 facile
2577 2294 2851 2350 indultum
2882 2311 3005 2352 esse
3040 2297 3271 2369 gaudet,
3318 2299 3466 2369 quod
3507 2300 3561 2355 in
3589 2299 3772 2357 Gnaeos

2216 2382 2428 2439 diutina
2467 2387 2872 2457 expugnatione
2912 2387 3237 2459 deliquerat.
3282 2386 3441 2457 Unde
3481 2391 3689 2462 placuit,
3728 2405 3773 2447 et

2217 2473 2334 2545 ipse
2372 2490 2499 2531 cum
2540 2478 2733 2547 paucis
2768 2494 2883 2549 quo
2924 2481 3228 2536 vocabatur
3265 2482 3619 2552 praecederet;
3648 2484 3770 2538 Tan.

2216 2566 2415 2623 credus
2452 2584 2581 2625 vero
2600 2586 2725 2625 cum
2754 2571 2965 2642 reliqua
3002 2573 3352 2630 multitudine
3376 2574 3579 2630 tardior
3606 2591 3772 2647 seque-

2216 2664 2387 2713 retur.
2424 2657 2583 2726 Quod
2622 2659 2968 2718 Marcbisidae
3012 2663 3239 2719 auribus
3278 2678 3389 2718 non
3422 2664 3689 2735 displicuit
3718 2665 3772 2719 il.

2216 2749 2437 2820 lapsum
2466 2769 2482 2807 :
2513 2766 2641 2807 nam
2677 2768 2786 2824 qua
2832 2754 3121 2811 sedulitate
3155 2755 3418 2826 accipiter
3436 2756 3673 2828 laqueos,
3696 2766 3774 2812 aut

2216 2841 2440 2897 hamum
2465 2842 2664 2913 piscis;
2691 2861 2757 2901 ea
2782 2845 2829 2903 is
2852 2844 3254 2906 fraudulentam
3280 2847 3593 2905 Crtecorum
3635 2848 3770 2905 famiv

2215 2932 2509 2990 liaritatem
2537 2934 2829 2993 horrebat.
2856 2937 2983 2994 Ideo
3017 2938 3163 3011 regis
3197 2955 3428 2996 munera
3463 2950 3771 3012 aspernatus,

2210 3025 2325 3096 jam
2379 3034 2494 3081 tum
2528 3030 2873 3100 praesentiam
2919 3029 3041 3101 ejus
3089 3030 3473 3102 subterfugere
3503 3048 3771 3104 proposue-

2216 3127 2321 3173 rat.
2347 3117 2517 3191 Igitur
2558 3120 2946 3191 Boamundus,
2988 3123 3082 3178 ubi
3131 3139 3273 3195 quos
3317 3124 3510 3193 ductu,
3550 3142 3680 3196 quos
3707 3126 3773 3180 di-

514 3219 846 3291 bertumque
884 3218 1071 3276 Poenis
1119 3220 1370 3277 leonibus
1407 3221 1694 3277 audaciam
1726 3221 1960 3277 similem
2003 3230 2099 3277 tam

2219 3212 2390 3267 missu
2446 3213 2798 3293 dignaretur,
2855 3215 3215 3273 deliberatum
3275 3225 3390 3305 est;
3455 3218 3609 3274 abeo
3653 3218 3771 3289 quod

517 3312 844 3383 cognatione
887 3312 1124 3384 generis,
1170 3329 1337 3386 quam
1386 3313 1514 3370 belli
1568 3313 1752 3369 studio
1811 3312 2115 3368 Boamundi
2150 3300 2185 3308 ’
2217 3300 2550 3373 Cllympsal‘a
2591 3303 2854 3375 Oppidum
2904 3303 3142 3373 dicitur,
3181 3302 3511 3380 digreditur.
3555 3305 3772 3377 Dumque

517 3416 856 3477 inmanium.
897 3402 1147 3471 Quorum
1199 3404 1497 3472 neminem,
1547 3412 1610 3461 ut
1658 3404 1934 3476 quondam
1978 3405 2114 3475 ipse,

519 3495 668 3567 cogit
739 3513 753 3551 :
821 3497 919 3553 sed
980 3496 1362 3555 trausfretavit
1419 3496 1670 3554 omnium
1717 3496 2118 3587 supplicatione

517 3594 765 3645 coactus.
795 3585 952 3646 Unde
976 3603 1104 3645 raro
1127 3589 1383 3661 abrumpi
1416 3597 1695 3662 poterunt,
1742 3604 1899 3671 quos.
1922 3588 2119 3644 volun-

517 3690 606 3737 tas
630 3692 764 3748 una,
791 3695 893 3751 par
933 3680 1188 3750 intentio,
1230 3682 1473 3738 studium
1502 3680 1644 3738 idem
1683 3680 1740 3736 in
1761 3679 2116 3737 concordiam

518 3768 826 3826 frederavit.
850 3788 870 3822 ι
1896 3772 1899 3775 ’

568 3860 661 3917 lX.
688 3890 764 3903 ——
788 3860 1011 3917 Alexin
1044 3863 1117 3918 ad
1141 3862 1516 3919 Boamundum
1546 3864 1827 3936 epistolam
1874 3864 2062 3919 mittit.

590 3950 703 4009 liis.
740 3960 998 4010 versutus
1066 3954 1365 4025 imperator
1429 3970 1726 4027 percussus
1777 3956 2114 4024 rumoribus,

522 4058 694 4101 novos
716 4044 881 4100 corde
901 4044 1080 4113 dolos,
1111 4061 1251 4102 nova
1276 4058 1497 4118 pectore
1524 4056 1709 4104 versat
1735 4047 1985 4104 consilia.
2011 4044 2118 4101 Re-

516 4138 671 4195 tihus
695 4137 879 4195 studet
910 4139 1097 4195 leones
1133 4138 1436 4211 implicare,
1467 4156 1609 4211 quos
1641 4140 1917 4196 venabulo
1938 4138 2115 4195 laces-

522 4243 647 4284 sere
681 4243 794 4285 non
831 4230 1015 4285 audet.
1049 4229 1221 4301 Igitur
1252 4231 1480 4287 nuntios
1519 4230 1734 4302 laqueis
1757 4238 1975 4298 onerat,
2018 4230 2115 4301 qui

521 4314 845 4372 Boamundo
885 4317 1126 4374 venienti
1158 4334 1286 4375 cum
1321 4318 1669 4389 hujusmodi‘
1698 4317 1980 4375 blanditiis
2020 4333 2116 4374 oc-

521 4417 750 4467 currant
777 4427 794 4466 ζ

600 4522 620 4556 ι
651 4502 767 4559 Rex
791 4503 1018 4561 Alexius
1038 4503 1362 4561 Boamundo
1388 4504 1644 4560 salutem.

2218 3392 2451 3465 fatigant
2476 3395 2750 3467 promissa
2787 3396 3065 3465 animum;
3101 3397 3322 3454 animus
3346 3399 3608 3469 equitem,
3634 3413 3772 3469 eques

2217 3485 2513 3553 caballum,
2562 3484 2704 3541 infra
2744 3486 2862 3543 dies
2896 3501 3104 3557 paucos
3138 3486 3666 3558 Constantinopolim
3702 3504 3772 3541 ve-

2217 3577 2385 3633 nitur.
2411 3576 2532 3633 Illic
2552 3567 2906 3635 Boamundus
2921 3579 3139 3635 oblatus
3163 3578 3379 3647 Alexio,
3404 3579 3457 3634 ei
3479 3578 3631 3651 jugo,
3653 3572 3776 3648 quod.

2216 3669 2592 3741 bommagium
2629 3669 2788 3742 vulgo
2824 3669 3046 3737 dicitur,
3071 3670 3349 3727 subditur.
3401 3666 3634 3725 Coactus
3675 3666 3772 3739 qui-

2216 3761 2363 3829 dem,
2395 3763 2489 3818 sed
2522 3775 2703 3818 tamen
2742 3770 2894 3817 tanta
2936 3761 3224 3817 Romaniae
3260 3761 3604 3818 dimensione
3630 3761 3773 3818 dona-

2218 3862 2328 3922 tus,
2358 3854 2410 3908 in
2435 3870 2544 3925 qua
2576 3868 2754 3925 equus
2789 3853 2908 3910 dies
2929 3853 3244 3925 quindecim
3275 3869 3373 3925 per
3399 3854 3642 3926 longum,
3673 3858 3772 3907 octo

2216 3954 2399 4001 autem
2422 3946 2750 4017 expenderet
2782 3960 2879 4017 per
2907 3954 3306 4002 transversum.
3342 3943 3457 4002 Nec
3484 3960 3636 4001 mora
3655 3943 3775 3998 fama

2215 4041 2428 4108 volans,
2464 4057 2667 4097 novum
2700 4040 2985 4097 Tancredo
3023 4041 3283 4114 patefacit
3323 4050 3583 4098 eventum
3613 4053 3664 4098 et
3699 4039 3774 4095 ad-

2214 4131 2313 4189 dit.
2348 4132 2557 4191 Similis
2579 4148 2800 4205 quoque
2835 4131 3041 4189 deditio
3084 4133 3266 4204 ipsum
3307 4140 3362 4190 te
3409 4132 3505 4205 qui
3538 4129 3773 4205 sequeris,

2216 4238 2401 4285 manet
2418 4217 2485 4286 eo
2511 4229 2693 4297 vilior,
2716 4244 2828 4299 quo
2849 4244 3061 4285 merces
3083 4230 3285 4286 minor.

2246 4321 2338 4377 XI.
2366 4353 2437 4363 —
2457 4321 2761 4378 Boamundi
2786 4338 2970 4377 casum
3008 4322 3211 4393 occulte
3243 4324 3407 4395 gemit
3441 4321 3746 4378 Tancredss.

2287 4409 2626 4479 Tancredus,
2670 4410 2757 4466 his
2783 4410 3006 4479 auditis,
3051 4406 3373 4467 Boamundo
3403 4414 3671 4473 eondolet.
3694 4407 3774 4466 sibi

2215 4506 2390 4574 timet,
2416 4505 2617 4581 quippe
2641 4504 2956 4575 proximum
2988 4504 3178 4560 videns
3199 4505 3463 4576 parietem
3490 4518 3777 4565 accensum,

596 4617 618 4651 r
644 4597 967 4656 Nuntiatum
995 4607 1083 4657 est
1114 4600 1255 4655 mihi
1291 4601 1359 4656 de
1395 4608 1492 4656 tuo
1524 4600 1782 4667 adventu,
1816 4615 1979 4671 quem
2011 4615 2111 4671 pa-
2144 4600 2193 4661 υ
2216 4611 2318 4653 suo
2344 4612 2456 4653 non
2481 4597 2694 4653 dubitat
2714 4597 3003 4653 imminere
3032 4594 3367 4652 incendium.
3410 4595 3599 4668 itaque
3624 4595 3775 4650 animo

521 4692 696 4748 ternis
731 4691 1039 4749 visceribus
1073 4691 1291 4762 suscepi
1310 4691 1581 4748 auditum.
1624 4690 1765 4759 Quia
1809 4708 1960 4748 nunc
1994 4692 2113 4763 qui-

523 4782 648 4841 dem
673 4785 924 4840 moribus
959 4784 1071 4840 tuis
1104 4785 1331 4857 dignum
1373 4800 1513 4855 opus
1557 4800 1805 4854 exerces,
1829 4802 1955 4842 eum
1986 4786 2112 4841 belli

520 4874 766 4930 studium
792 4875 861 4931 ad
896 4876 1162 4932 barbaros
1188 4876 1485 4933 convertis.
1513 4876 1807 4948 Aspiravit,
1846 4889 1906 4934 ut
1932 4878 2111 4943 video,

520 4963 884 5036 Deuscm,:tis
904 4965 1268 5035 Francorum,
1291 4983 1433 5038 quos
1450 4976 1599 5024 tanto
1623 4970 1824 5024 comite
1858 4970 2114 5025 munien-

523 5054 629 5111 dos
671 5056 943 5126 praevidit.
1008 5056 1143 5115 Meis
1191 5074 1412 5130 quoque
1471 5060 1758 5117 desideriis
1811 5060 2113 5117 eﬂicaeiam

521 5163 658 5206 tuus
685 5148 1039 5221 singulariter
1069 5151 1615 5221 promittitaccessus
1636 5173 1649 5207 :
1668 5169 1818 5221 nam,
1838 5162 1898 5209 ut
1917 5162 2115 5210 caztera

526 5250 762 5307 taceam,
822 5241 926 5311 ipsi
973 5242 1139 5297 etiam
1178 5251 1333 5300 vates
1378 5244 1544 5302 Turei
1578 5246 1648 5301 de
1681 5254 1847 5316 gente
1881 5262 1981 5302 sua
2016 5246 2115 5302 tibi

522 5330 803 5388 destinant
839 5332 1168 5404 triumphos.
1215 5334 1367 5409 Euge
1405 5337 1605 5409 igitur,
1643 5337 1907 5404 accelera,
1936 5336 2033 5405 ﬁli,
2063 5345 2120 5393 et

524 5430 582 5477 te
624 5423 1060 5492 praestolantium
1100 5426 1244 5497 apud
1283 5442 1375 5482 me
1398 5442 1588 5484 moras
1642 5428 1846 5483 dueum
1891 5427 2118 5483 veniens

526 5514 772 5572 absolve.
800 5515 883 5573 Ad
909 5527 962 5572 te
982 5518 1168 5586 duces,
1206 5521 1274 5576 ad
1309 5528 1363 5577 te
1404 5536 1679 5592 proceres,
1710 5522 1779 5577 ad
1807 5529 1859 5577 te
1884 5521 2120 5592 populus

527 5604 713 5661 omnis
760 5606 1024 5676 suspirat.
1070 5608 1211 5664 Sunt
1252 5610 1399 5680 apud
1452 5627 1540 5667 me
1585 5611 1765 5666 Latini
1810 5612 2025 5677 heroes,
2065 5619 2122 5667 et

527 5698 633 5769 ipsi
657 5700 873 5771 magnis
903 5702 1224 5759 muneribus
1259 5704 1489 5758 donati:
1517 5705 1611 5759 sed
1654 5712 1861 5774 quanto
1896 5714 1957 5760 tu
1985 5705 2121 5760 mihi

526 5791 739 5847 caneris
770 5791 974 5857 notior,
1008 5801 1161 5850 tanto
1195 5795 1403 5865 majora
1440 5805 1614 5852 restas
1645 5804 1988 5866 accepturus.
2021 5794 2124 5852 llic

529 5885 710 5953 pallia,
741 5884 832 5941 hic
860 5900 1079 5953 aurum,
1107 5886 1196 5951 hic
1224 5887 1443 5956 caballi,
1468 5887 1555 5942 hic
1585 5896 1635 5943 te
1666 5888 1911 5942 omnium
1938 5897 2122 5943 manet

2210 4692 2401 4759 volvit,
2452 4692 2654 4760 studet,
2702 4692 2970 4763 recogitat
2994 4707 3106 4762 qua
3130 4691 3221 4747 via
3263 4692 3563 4762 praeterire,
3586 4690 3775 4775 quibus

2212 4783 2425 4837 artibus
2459 4780 2667 4849 fallere,
2725 4782 2928 4854 quibus
2977 4780 3188 4837 viribus
3235 4779 3393 4836 dolos
3434 4780 3623 4864 perfidi
3658 4778 3775 4849 regis

2213 4874 2390 4929 valeat
2417 4874 2631 4944 punire.
2660 4873 2889 4929 Confert
2914 4881 3098 4928 autem
3125 4873 3255 4928 hinc
3280 4872 3444 4941 vires,
3470 4873 3597 4928 inde
3623 4873 3773 4932 dolos,

2204 4967 2345 5023 'hine
2371 4966 2681 5033 audaciam,
2708 4965 2833 5020 inde
2863 4965 3161 5035 potentiam
3190 4982 3204 5018 :
3256 4964 3386 5020 hinc
3418 4965 3637 5030 milites,
3676 4960 3775 5031 inde

2214 5056 2434 5113 divitias
2462 5075 2475 5111 :
2515 5056 2644 5111 hinc
2674 5055 3028 5126 paucitatem,
3058 5054 3184 5133 inde
3206 5054 3635 5110 multitudinem.
3661 5049 3776 5118 Quid

2210 5152 2432 5207 struat?
2460 5148 2720 5206 dimicet?
2742 5156 2799 5204 at
2838 5149 3114 5220 potentior
3158 5149 3374 5206 hostis:
3415 5146 3706 5219 supplicet?
3734 5153 3776 5197 at

2215 5241 2569 5297 inexorabilis
2611 5240 2753 5297 idem
2786 5258 2799 5294 :
2832 5239 3116 5296 transeat?
3152 5247 3207 5293 at
3235 5239 3463 5311 pelagus
3492 5233 3777 5293 intersaevif.
3804 5276 3805 5293 ι

2217 5333 2422 5390 Videas
2459 5349 2591 5405 ergo
2620 5332 2865 5388 Francos
2906 5331 3075 5387 duces
3124 5330 3421 5401 implicitos
3458 5329 3637 5395 donis,
3663 5327 3805 5380 Boa-‘

2218 5426 2484 5483 mundum
2522 5426 2687 5493 dolis,
2732 5440 2795 5481 se
2844 5423 3135 5495 angustiis,
3176 5423 3257 5478 sic
3284 5422 3423 5477 adeo
3452 5418 3670 5485 insistit,
3707 5431 3777 5471 se-

2218 5534 2455 5592 cumque
2482 5519 2555 5574 ita
2587 5517 2750 5573 corde
2777 5516 3028 5572 volutat:
3061 5514 3244 5571 «Proh
3276 5516 3491 5571 scelus!
3520 5514 3614 5571 ubi
3639 5506 3803 5589 (ἰάθεῇ

2220 5614 2314 5669 ubi
2350 5607 2743 5684 prudentia?0
2769 5609 3056 5664 hominum
3086 5608 3252 5664 corda
3279 5610 3293 5662 l
3322 5608 3489 5678 hujus
3521 5604 3801 5678 perﬁdum,

2216 5703 2369 5760 illius
2393 5701 2806 5773 improvidum:
2839 5699 3006 5770 hujus
3045 5699 3466 5755 ad'noccndum
3500 5695 3779 5767 impudens

2223 5797 2370 5852 illius
2414 5797 2481 5851 ad
2526 5794 2967 5867 cognoscendum
3003 5790 3341 5862 imprudens.
3372 5790 3518 5847 Exiit
3543 5791 3693 5844 homo
3723 5779 3778 5835 all

2223 5882 2441 5943 divitias
2486 5886 2707 5941 neruine
2740 5884 2833 5941 lilii
2886 5883 3122 5949 elicitos,
3154 5883 3326 5954 patris
3352 5882 3651 5939 visceribus
3681 5886 3776 5929 aru-
