  <div class='ocr_page' id='page_1' title='image "/cluster/home/n/w/nwhite01/storage/ocr_20150623/155/hvd.32044015473838/256.png"; bbox 0 0 3838 6306; ppageno 0'>
   <div class='ocr_carea' id='block_1_1' title="bbox 155 349 232 433">
    <p class='ocr_par' dir='ltr' id='par_1_1' title="bbox 155 349 232 433">
     <span class='ocr_line' id='line_1_1' title="bbox 155 349 232 433; baseline -0.052 0"><span class='ocrx_word' id='word_1_1' title='bbox 155 349 232 433; x_wconf 68' lang='lat' dir='ltr'><strong>5m</strong></span> 
     </span>
    </p>
   </div>
   <div class='ocr_carea' id='block_1_2' title="bbox 1394 322 2055 439">
    <p class='ocr_par' dir='ltr' id='par_1_2' title="bbox 1394 322 2055 439">
     <span class='ocr_line' id='line_1_2' title="bbox 1394 322 2055 439; baseline -0.006 -18"><span class='ocrx_word' id='word_1_2' title='bbox 1394 322 1617 421; x_wconf 59' lang='lat' dir='ltr'><strong>easta</strong></span> <span class='ocrx_word' id='word_1_3' title='bbox 1658 356 2055 439; x_wconf 79' lang='lat' dir='ltr'><strong>TANCREDL_</strong></span> 
     </span>
    </p>
   </div>
   <div class='ocr_carea' id='block_1_3' title="bbox 3251 359 3359 417">
    <p class='ocr_par' dir='ltr' id='par_1_3' title="bbox 3251 359 3359 417">
     <span class='ocr_line' id='line_1_3' title="bbox 3251 359 3359 417; baseline 0 0"><span class='ocrx_word' id='word_1_4' title='bbox 3251 359 3359 417; x_wconf 69' lang='lat'><strong>502</strong></span> 
     </span>
    </p>
   </div>
   <div class='ocr_carea' id='block_1_4' title="bbox 154 444 3361 565">
    <p class='ocr_par' dir='ltr' id='par_1_4' title="bbox 154 444 3361 565">
     <span class='ocr_line' id='line_1_4' title="bbox 154 444 3361 565; baseline -0.004 -21"><span class='ocrx_word' id='word_1_5' title='bbox 154 484 425 565; x_wconf 81' lang='lat' dir='ltr'><strong>plectendas.</strong></span> <span class='ocrx_word' id='word_1_6' title='bbox 458 480 606 540; x_wconf 80' lang='lat' dir='ltr'><strong>Venit</strong></span> <span class='ocrx_word' id='word_1_7' title='bbox 636 481 706 539; x_wconf 90' lang='lat' dir='ltr'><strong>ad</strong></span> <span class='ocrx_word' id='word_1_8' title='bbox 733 497 987 554; x_wconf 86' lang='lat' dir='ltr'><strong>regnum,</strong></span> <span class='ocrx_word' id='word_1_9' title='bbox 1016 481 1225 541; x_wconf 85' lang='lat' dir='ltr'><strong>invenit</strong></span> <span class='ocrx_word' id='word_1_10' title='bbox 1247 458 1462 556; x_wconf 87' lang='lat' dir='ltr'><strong>iugum.</strong></span> <span class='ocrx_word' id='word_1_11' title='bbox 1499 480 1661 538; x_wconf 72' lang='lat' dir='ltr'><strong>Venit</strong></span> <span class='ocrx_word' id='word_1_12' title='bbox 1692 484 1738 544; x_wconf 71' lang='grc' dir='ltr'><strong>Α</strong></span> <span class='ocrx_word' id='word_1_13' title='bbox 1764 478 1877 536; x_wconf 83' lang='lat' dir='ltr'><strong>Illis</strong></span> <span class='ocrx_word' id='word_1_14' title='bbox 1913 478 2099 550; x_wconf 81' lang='lat' dir='ltr'><strong>itaque</strong></span> <span class='ocrx_word' id='word_1_15' title='bbox 2148 471 2591 542; x_wconf 82' lang='lat' dir='ltr'><strong>fulminantibus,</strong></span> <span class='ocrx_word' id='word_1_16' title='bbox 2639 444 2804 531; x_wconf 85' lang='lat' dir='ltr'><strong>simul</strong></span> <span class='ocrx_word' id='word_1_17' title='bbox 2846 474 3132 539; x_wconf 73' lang='lat' dir='ltr'><strong>intonante</strong></span> <span class='ocrx_word' id='word_1_18' title='bbox 3177 478 3361 537; x_wconf 79' lang='lat' dir='ltr'><strong>minas</strong></span> 
     </span>
    </p>
   </div>
   <div class='ocr_carea' id='block_1_5' title="bbox 151 575 1665 653">
    <p class='ocr_par' dir='ltr' id='par_1_5' title="bbox 151 575 1665 653">
     <span class='ocr_line' id='line_1_5' title="bbox 151 575 1665 653; baseline -0.007 -13"><span class='ocrx_word' id='word_1_19' title='bbox 151 593 196 640; x_wconf 82' lang='lat' dir='ltr'><strong>ut</strong></span> <span class='ocrx_word' id='word_1_20' title='bbox 228 578 474 653; x_wconf 78' lang='lat' dir='ltr'><strong>sublimior</strong></span> <span class='ocrx_word' id='word_1_21' title='bbox 501 576 648 633; x_wconf 82' lang='lat' dir='ltr'><strong>ﬂeret</strong></span> <span class='ocrx_word' id='word_1_22' title='bbox 691 594 704 631; x_wconf 90' lang='lat'><strong>:</strong></span> <span class='ocrx_word' id='word_1_23' title='bbox 753 576 922 632; x_wconf 91' lang='lat' dir='ltr'><strong>alium</strong></span> <span class='ocrx_word' id='word_1_24' title='bbox 951 590 1082 632; x_wconf 87' lang='lat' dir='ltr'><strong>vero</strong></span> <span class='ocrx_word' id='word_1_25' title='bbox 1114 585 1337 632; x_wconf 85' lang='lat' dir='ltr'><strong>coactus</strong></span> <span class='ocrx_word' id='word_1_26' title='bbox 1378 583 1463 632; x_wconf 91' lang='lat' dir='ltr'><strong>est</strong></span> <span class='ocrx_word' id='word_1_27' title='bbox 1493 575 1665 631; x_wconf 82' lang='lat' dir='ltr'><strong>subli-</strong></span> 
     </span>
    </p>
   </div>
   <div class='ocr_carea' id='block_1_6' title="bbox 148 666 1662 741">
    <p class='ocr_par' dir='ltr' id='par_1_6' title="bbox 148 666 1662 741">
     <span class='ocr_line' id='line_1_6' title="bbox 148 666 1662 741; baseline -0.005 -11"><span class='ocrx_word' id='word_1_28' title='bbox 148 689 283 739; x_wconf 82' lang='lat' dir='ltr'><strong>mare,</strong></span> <span class='ocrx_word' id='word_1_29' title='bbox 313 669 469 726; x_wconf 81' lang='lat' dir='ltr'><strong>factus</strong></span> <span class='ocrx_word' id='word_1_30' title='bbox 495 670 605 741; x_wconf 88' lang='lat' dir='ltr'><strong>ipse</strong></span> <span class='ocrx_word' id='word_1_31' title='bbox 634 666 915 725; x_wconf 75' lang='lat' dir='ltr'><strong>humilior.</strong></span> <span class='ocrx_word' id='word_1_32' title='bbox 957 666 1230 724; x_wconf 78' lang='lat' dir='ltr'><strong>Nimirum</strong></span> <span class='ocrx_word' id='word_1_33' title='bbox 1260 668 1470 725; x_wconf 76' lang='lat' dir='ltr'><strong>fraudis</strong></span> <span class='ocrx_word' id='word_1_34' title='bbox 1504 667 1662 741; x_wconf 86' lang='lat' dir='ltr'><strong>igna-</strong></span> 
     </span>
    </p>
   </div>
   <div class='ocr_carea' id='block_1_7' title="bbox 144 758 1659 831">
    <p class='ocr_par' dir='ltr' id='par_1_7' title="bbox 144 758 1659 831">
     <span class='ocr_line' id='line_1_7' title="bbox 144 758 1659 831; baseline -0.004 -10"><span class='ocrx_word' id='word_1_35' title='bbox 144 781 232 830; x_wconf 83' lang='lat' dir='ltr'><strong>rus,</strong></span> <span class='ocrx_word' id='word_1_36' title='bbox 261 760 507 818; x_wconf 78' lang='lat' dir='ltr'><strong>blanditiis</strong></span> <span class='ocrx_word' id='word_1_37' title='bbox 529 758 760 815; x_wconf 83' lang='lat' dir='ltr'><strong>credidit</strong></span> <span class='ocrx_word' id='word_1_38' title='bbox 793 758 1177 816; x_wconf 88' lang='lat' dir='ltr'><strong>fraudulentis.</strong></span> <span class='ocrx_word' id='word_1_39' title='bbox 1224 759 1293 815; x_wconf 79' lang='lat' dir='ltr'><strong>At</strong></span> <span class='ocrx_word' id='word_1_40' title='bbox 1328 759 1523 831; x_wconf 83' lang='lat' dir='ltr'><strong>jussus</strong></span> <span class='ocrx_word' id='word_1_41' title='bbox 1554 768 1659 825; x_wconf 89' lang='lat' dir='ltr'><strong>est,</strong></span> 
     </span>
    </p>
   </div>
   <div class='ocr_carea' id='block_1_8' title="bbox 119 850 1665 922">
    <p class='ocr_par' dir='ltr' id='par_1_8' title="bbox 119 850 1665 922">
     <span class='ocr_line' id='line_1_8' title="bbox 119 850 1665 922; baseline -0.005 -10"><span class='ocrx_word' id='word_1_42' title='bbox 119 854 336 912; x_wconf 80' lang='lat' dir='ltr'><strong>&#39;erercitu</strong></span> <span class='ocrx_word' id='word_1_43' title='bbox 363 852 558 920; x_wconf 83' lang='lat' dir='ltr'><strong>relicto,</strong></span> <span class='ocrx_word' id='word_1_44' title='bbox 590 865 716 906; x_wconf 92' lang='lat' dir='ltr'><strong>cum</strong></span> <span class='ocrx_word' id='word_1_45' title='bbox 748 851 940 922; x_wconf 86' lang='lat' dir='ltr'><strong>paucis</strong></span> <span class='ocrx_word' id='word_1_46' title='bbox 964 850 1271 921; x_wconf 68' lang='lat' dir='ltr'><strong>praecedere</strong></span> <span class='ocrx_word' id='word_1_47' title='bbox 1295 850 1455 922; x_wconf 86' lang='lat' dir='ltr'><strong>quasi</strong></span> <span class='ocrx_word' id='word_1_48' title='bbox 1484 850 1665 907; x_wconf 57' lang='lat' dir='ltr'><strong>turbae</strong></span> 
     </span>
    </p>
   </div>
   <div class='ocr_carea' id='block_1_9' title="bbox 138 939 1665 1003">
    <p class='ocr_par' dir='ltr' id='par_1_9' title="bbox 138 939 1665 1003">
     <span class='ocr_line' id='line_1_9' title="bbox 138 939 1665 1003; baseline -0.003 0"><span class='ocrx_word' id='word_1_49' title='bbox 138 944 313 1003; x_wconf 77' lang='lat' dir='ltr'><strong>sarcina</strong></span> <span class='ocrx_word' id='word_1_50' title='bbox 337 942 707 999; x_wconf 87' lang='lat' dir='ltr'><strong>absolvendus.</strong></span> <span class='ocrx_word' id='word_1_51' title='bbox 735 939 928 997; x_wconf 85' lang='lat' dir='ltr'><strong>Nonne</strong></span> <span class='ocrx_word' id='word_1_52' title='bbox 948 943 1053 998; x_wconf 87' lang='lat' dir='ltr'><strong>hoc</strong></span> <span class='ocrx_word' id='word_1_53' title='bbox 1094 943 1180 998; x_wconf 89' lang='lat' dir='ltr'><strong>vel</strong></span> <span class='ocrx_word' id='word_1_54' title='bbox 1210 943 1388 999; x_wconf 89' lang='lat' dir='ltr'><strong>solum</strong></span> <span class='ocrx_word' id='word_1_55' title='bbox 1433 941 1665 1000; x_wconf 86' lang='lat' dir='ltr'><strong>suffece-</strong></span> 
     </span>
    </p>
   </div>
   <div class='ocr_carea' id='block_1_10' title="bbox 140 1032 1664 1109">
    <p class='ocr_par' dir='ltr' id='par_1_10' title="bbox 140 1032 1664 1109">
     <span class='ocr_line' id='line_1_10' title="bbox 140 1032 1664 1109; baseline 0 -19"><span class='ocrx_word' id='word_1_56' title='bbox 140 1044 219 1102; x_wconf 80' lang='lat' dir='ltr'><strong>rat,</strong></span> <span class='ocrx_word' id='word_1_57' title='bbox 244 1043 293 1107; x_wconf 91' lang='lat' dir='ltr'><strong>ut</strong></span> <span class='ocrx_word' id='word_1_58' title='bbox 314 1034 484 1105; x_wconf 88' lang='lat' dir='ltr'><strong>inique</strong></span> <span class='ocrx_word' id='word_1_59' title='bbox 510 1032 734 1109; x_wconf 90' lang='lat' dir='ltr'><strong>spingos</strong></span> <span class='ocrx_word' id='word_1_60' title='bbox 760 1033 1018 1106; x_wconf 81' lang='lat' dir='ltr'><strong>ambages</strong></span> <span class='ocrx_word' id='word_1_61' title='bbox 1041 1033 1411 1090; x_wconf 81' lang='lat' dir='ltr'><strong>solveremus?</strong></span> <span class='ocrx_word' id='word_1_62' title='bbox 1439 1034 1529 1090; x_wconf 89' lang='lat' dir='ltr'><strong>illa</strong></span> <span class='ocrx_word' id='word_1_63' title='bbox 1556 1051 1664 1090; x_wconf 90' lang='lat' dir='ltr'><strong>una</strong></span> 
     </span>
    </p>
   </div>
   <div class='ocr_carea' id='block_1_11' title="bbox 138 1125 1653 1195">
    <p class='ocr_par' dir='ltr' id='par_1_11' title="bbox 138 1125 1653 1195">
     <span class='ocr_line' id='line_1_11' title="bbox 138 1125 1653 1195; baseline 0.001 -12"><span class='ocrx_word' id='word_1_64' title='bbox 138 1125 477 1193; x_wconf 82' lang='lat' dir='ltr'><strong>determinatio,</strong></span> <span class='ocrx_word' id='word_1_65' title='bbox 499 1125 546 1181; x_wconf 88' lang='lat' dir='ltr'><strong>si</strong></span> <span class='ocrx_word' id='word_1_66' title='bbox 580 1140 739 1182; x_wconf 88' lang='lat' dir='ltr'><strong>mens</strong></span> <span class='ocrx_word' id='word_1_67' title='bbox 764 1139 877 1183; x_wconf 92' lang='lat' dir='ltr'><strong>non</strong></span> <span class='ocrx_word' id='word_1_68' title='bbox 910 1127 1047 1182; x_wconf 73' lang='lat' dir='ltr'><strong>laeva</strong></span> <span class='ocrx_word' id='word_1_69' title='bbox 1071 1125 1286 1195; x_wconf 79' lang='lat' dir='ltr'><strong>fuisset,</strong></span> <span class='ocrx_word' id='word_1_70' title='bbox 1328 1136 1384 1184; x_wconf 91' lang='lat' dir='ltr'><strong>et</strong></span> <span class='ocrx_word' id='word_1_71' title='bbox 1410 1128 1653 1184; x_wconf 82' lang='lat' dir='ltr'><strong>excluse-</strong></span> 
     </span>
    </p>
   </div>
   <div class='ocr_carea' id='block_1_12' title="bbox 137 1217 1665 1286">
    <p class='ocr_par' dir='ltr' id='par_1_12' title="bbox 137 1217 1665 1286">
     <span class='ocr_line' id='line_1_12' title="bbox 137 1217 1665 1286; baseline -0.001 -11"><span class='ocrx_word' id='word_1_72' title='bbox 137 1229 203 1275; x_wconf 82' lang='lat' dir='ltr'><strong>rat</strong></span> <span class='ocrx_word' id='word_1_73' title='bbox 224 1217 441 1286; x_wconf 85' lang='lat' dir='ltr'><strong>insidias,</strong></span> <span class='ocrx_word' id='word_1_74' title='bbox 462 1226 514 1274; x_wconf 90' lang='lat' dir='ltr'><strong>et</strong></span> <span class='ocrx_word' id='word_1_75' title='bbox 536 1217 809 1275; x_wconf 89' lang='lat' dir='ltr'><strong>clauserat</strong></span> <span class='ocrx_word' id='word_1_76' title='bbox 835 1218 974 1274; x_wconf 90' lang='lat' dir='ltr'><strong>vias.</strong></span> <span class='ocrx_word' id='word_1_77' title='bbox 1002 1217 1146 1274; x_wconf 86' lang='lat' dir='ltr'><strong>ltum</strong></span> <span class='ocrx_word' id='word_1_78' title='bbox 1169 1229 1251 1275; x_wconf 90' lang='lat' dir='ltr'><strong>est</strong></span> <span class='ocrx_word' id='word_1_79' title='bbox 1281 1228 1463 1276; x_wconf 90' lang='lat' dir='ltr'><strong>tamen</strong></span> <span class='ocrx_word' id='word_1_80' title='bbox 1492 1218 1665 1277; x_wconf 87' lang='lat' dir='ltr'><strong>comi-</strong></span> 
     </span>
    </p>
   </div>
   <div class='ocr_carea' id='block_1_13' title="bbox 134 1309 1664 1387">
    <p class='ocr_par' dir='ltr' id='par_1_13' title="bbox 134 1309 1664 1387">
     <span class='ocr_line' id='line_1_13' title="bbox 134 1309 1664 1387; baseline 0.001 -20"><span class='ocrx_word' id='word_1_81' title='bbox 134 1310 330 1368; x_wconf 80' lang='lat' dir='ltr'><strong>tantibus</strong></span> <span class='ocrx_word' id='word_1_82' title='bbox 353 1309 553 1382; x_wconf 84' lang='lat' dir='ltr'><strong>paucis,</strong></span> <span class='ocrx_word' id='word_1_83' title='bbox 585 1310 747 1381; x_wconf 89' lang='lat' dir='ltr'><strong>quasi</strong></span> <span class='ocrx_word' id='word_1_84' title='bbox 776 1311 1031 1387; x_wconf 64' lang='lat' dir='ltr'><strong>praesidio</strong></span> <span class='ocrx_word' id='word_1_85' title='bbox 1061 1311 1264 1369; x_wconf 87' lang='lat' dir='ltr'><strong>fuerint</strong></span> <span class='ocrx_word' id='word_1_86' title='bbox 1290 1328 1487 1370; x_wconf 87' lang='lat' dir='ltr'><strong>manus</strong></span> <span class='ocrx_word' id='word_1_87' title='bbox 1513 1312 1664 1368; x_wconf 89' lang='lat' dir='ltr'><strong>iner-</strong></span> 
     </span>
    </p>
   </div>
   <div class='ocr_carea' id='block_1_14' title="bbox 133 1397 1665 1485">
    <p class='ocr_par' dir='ltr' id='par_1_14' title="bbox 133 1397 1665 1485">
     <span class='ocr_line' id='line_1_14' title="bbox 133 1397 1665 1485; baseline 0 -25"><span class='ocrx_word' id='word_1_88' title='bbox 133 1397 225 1460; x_wconf 83' lang='lat' dir='ltr'><strong>mes</strong></span> <span class='ocrx_word' id='word_1_89' title='bbox 247 1418 342 1459; x_wconf 89' lang='lat' dir='ltr'><strong>non</strong></span> <span class='ocrx_word' id='word_1_90' title='bbox 365 1411 602 1485; x_wconf 65' lang='lat' dir='ltr'><strong>armata.</strong></span> <span class='ocrx_word' id='word_1_91' title='bbox 631 1400 771 1459; x_wconf 87' lang='lat' dir='ltr'><strong>Nam</strong></span> <span class='ocrx_word' id='word_1_92' title='bbox 793 1402 923 1475; x_wconf 84' lang='lat' dir='ltr'><strong>quid</strong></span> <span class='ocrx_word' id='word_1_93' title='bbox 954 1402 1022 1459; x_wconf 90' lang='lat' dir='ltr'><strong>de</strong></span> <span class='ocrx_word' id='word_1_94' title='bbox 1050 1403 1285 1461; x_wconf 89' lang='lat' dir='ltr'><strong>ducibus</strong></span> <span class='ocrx_word' id='word_1_95' title='bbox 1308 1403 1498 1461; x_wconf 69' lang='lat' dir='ltr'><strong>Galliae</strong></span> <span class='ocrx_word' id='word_1_96' title='bbox 1516 1405 1665 1460; x_wconf 74' lang='lat' dir='ltr'><strong>dixe-</strong></span> 
     </span>
    </p>
   </div>
   <div class='ocr_carea' id='block_1_15' title="bbox 132 1493 1663 1570">
    <p class='ocr_par' dir='ltr' id='par_1_15' title="bbox 132 1493 1663 1570">
     <span class='ocr_line' id='line_1_15' title="bbox 132 1493 1663 1570; baseline 0.001 -20"><span class='ocrx_word' id='word_1_97' title='bbox 132 1495 231 1561; x_wconf 84' lang='lat' dir='ltr'><strong>rim,</strong></span> <span class='ocrx_word' id='word_1_98' title='bbox 251 1493 429 1565; x_wconf 78' lang='lat' dir='ltr'><strong>quibus</strong></span> <span class='ocrx_word' id='word_1_99' title='bbox 452 1493 579 1570; x_wconf 85' lang='lat' dir='ltr'><strong>ipsa</strong></span> <span class='ocrx_word' id='word_1_100' title='bbox 624 1510 728 1551; x_wconf 85' lang='lat' dir='ltr'><strong>sua</strong></span> <span class='ocrx_word' id='word_1_101' title='bbox 782 1495 1075 1551; x_wconf 85' lang='lat' dir='ltr'><strong>multitudo</strong></span> <span class='ocrx_word' id='word_1_102' title='bbox 1116 1511 1224 1552; x_wconf 91' lang='lat' dir='ltr'><strong>non</strong></span> <span class='ocrx_word' id='word_1_103' title='bbox 1268 1496 1433 1552; x_wconf 91' lang='lat' dir='ltr'><strong>modo</strong></span> <span class='ocrx_word' id='word_1_104' title='bbox 1467 1495 1663 1568; x_wconf 85' lang='lat' dir='ltr'><strong>iugum</strong></span> 
     </span>
    </p>
   </div>
   <div class='ocr_carea' id='block_1_16' title="bbox 132 1586 1665 1669">
    <p class='ocr_par' dir='ltr' id='par_1_16' title="bbox 132 1586 1665 1669">
     <span class='ocr_line' id='line_1_16' title="bbox 132 1586 1665 1669; baseline 0.001 -26"><span class='ocrx_word' id='word_1_105' title='bbox 132 1586 380 1659; x_wconf 77' lang='lat' dir='ltr'><strong>hommagii</strong></span> <span class='ocrx_word' id='word_1_106' title='bbox 409 1587 754 1669; x_wconf 83' lang='lat' dir='ltr'><strong>subtrahere,</strong></span> <span class='ocrx_word' id='word_1_107' title='bbox 799 1603 991 1644; x_wconf 88' lang='lat' dir='ltr'><strong>verum</strong></span> <span class='ocrx_word' id='word_1_108' title='bbox 1025 1589 1192 1644; x_wconf 87' lang='lat' dir='ltr'><strong>etiam</strong></span> <span class='ocrx_word' id='word_1_109' title='bbox 1238 1589 1466 1645; x_wconf 89' lang='lat' dir='ltr'><strong>rebelles</strong></span> <span class='ocrx_word' id='word_1_110' title='bbox 1495 1606 1665 1661; x_wconf 87' lang='lat' dir='ltr'><strong>quos-</strong></span> 
     </span>
    </p>
   </div>
   <div class='ocr_carea' id='block_1_17' title="bbox 131 1677 1662 1752">
    <p class='ocr_par' dir='ltr' id='par_1_17' title="bbox 131 1677 1662 1752">
     <span class='ocr_line' id='line_1_17' title="bbox 131 1677 1662 1752; baseline 0.003 -21"><span class='ocrx_word' id='word_1_111' title='bbox 131 1692 213 1749; x_wconf 85' lang='lat' dir='ltr'><strong>que</strong></span> <span class='ocrx_word' id='word_1_112' title='bbox 233 1677 469 1733; x_wconf 81' lang='lat' dir='ltr'><strong>debuerat</strong></span> <span class='ocrx_word' id='word_1_113' title='bbox 490 1677 827 1751; x_wconf 82' lang='lat' dir='ltr'><strong>subiugare?</strong></span> <span class='ocrx_word' id='word_1_114' title='bbox 868 1679 1086 1737; x_wconf 83' lang='lat' dir='ltr'><strong>Miseret</strong></span> <span class='ocrx_word' id='word_1_115' title='bbox 1114 1697 1202 1736; x_wconf 91' lang='lat' dir='ltr'><strong>me</strong></span> <span class='ocrx_word' id='word_1_116' title='bbox 1229 1681 1533 1748; x_wconf 87' lang='lat' dir='ltr'><strong>hominum,</strong></span> <span class='ocrx_word' id='word_1_117' title='bbox 1558 1697 1662 1752; x_wconf 89' lang='lat' dir='ltr'><strong>pu-</strong></span> 
     </span>
    </p>
   </div>
   <div class='ocr_carea' id='block_1_18' title="bbox 128 1769 1663 1842">
    <p class='ocr_par' dir='ltr' id='par_1_18' title="bbox 128 1769 1663 1842">
     <span class='ocr_line' id='line_1_18' title="bbox 128 1769 1663 1842; baseline 0.003 -19"><span class='ocrx_word' id='word_1_118' title='bbox 128 1769 288 1839; x_wconf 80' lang='lat' dir='ltr'><strong>detque</strong></span> <span class='ocrx_word' id='word_1_119' title='bbox 308 1782 437 1839; x_wconf 91' lang='lat' dir='ltr'><strong>quos</strong></span> <span class='ocrx_word' id='word_1_120' title='bbox 469 1776 658 1824; x_wconf 87' lang='lat' dir='ltr'><strong>tamen</strong></span> <span class='ocrx_word' id='word_1_121' title='bbox 694 1769 845 1840; x_wconf 87' lang='lat' dir='ltr'><strong>ipsos</strong></span> <span class='ocrx_word' id='word_1_122' title='bbox 872 1770 957 1826; x_wconf 90' lang='lat' dir='ltr'><strong>sui</strong></span> <span class='ocrx_word' id='word_1_123' title='bbox 998 1787 1099 1829; x_wconf 91' lang='lat' dir='ltr'><strong>nec</strong></span> <span class='ocrx_word' id='word_1_124' title='bbox 1127 1771 1374 1842; x_wconf 90' lang='lat' dir='ltr'><strong>puditum</strong></span> <span class='ocrx_word' id='word_1_125' title='bbox 1412 1780 1514 1839; x_wconf 89' lang='lat' dir='ltr'><strong>est,</strong></span> <span class='ocrx_word' id='word_1_126' title='bbox 1563 1788 1663 1827; x_wconf 90' lang='lat' dir='ltr'><strong>nec</strong></span> 
     </span>
    </p>
   </div>
   <div class='ocr_carea' id='block_1_19' title="bbox 128 1855 1664 1931">
    <p class='ocr_par' dir='ltr' id='par_1_19' title="bbox 128 1855 1664 1931">
     <span class='ocr_line' id='line_1_19' title="bbox 128 1855 1664 1931; baseline 0.003 -18"><span class='ocrx_word' id='word_1_127' title='bbox 128 1858 383 1915; x_wconf 83' lang='lat' dir='ltr'><strong>misertum.</strong></span> <span class='ocrx_word' id='word_1_128' title='bbox 421 1855 627 1915; x_wconf 75' lang='lat' dir='ltr'><strong>Videre</strong></span> <span class='ocrx_word' id='word_1_129' title='bbox 657 1858 772 1931; x_wconf 89' lang='lat' dir='ltr'><strong>iam</strong></span> <span class='ocrx_word' id='word_1_130' title='bbox 813 1860 1003 1918; x_wconf 91' lang='lat' dir='ltr'><strong>videor</strong></span> <span class='ocrx_word' id='word_1_131' title='bbox 1040 1861 1117 1917; x_wconf 87' lang='lat' dir='ltr'><strong>rei</strong></span> <span class='ocrx_word' id='word_1_132' title='bbox 1140 1862 1367 1929; x_wconf 79' lang='lat' dir='ltr'><strong>exitum,</strong></span> <span class='ocrx_word' id='word_1_133' title='bbox 1393 1877 1517 1917; x_wconf 91' lang='lat' dir='ltr'><strong>cum</strong></span> <span class='ocrx_word' id='word_1_134' title='bbox 1567 1861 1664 1918; x_wconf 84' lang='lat' dir='ltr'><strong>ab-</strong></span> 
     </span>
    </p>
   </div>
   <div class='ocr_carea' id='block_1_20' title="bbox 127 1953 1661 2025">
    <p class='ocr_par' dir='ltr' id='par_1_20' title="bbox 127 1953 1661 2025">
     <span class='ocr_line' id='line_1_20' title="bbox 127 1953 1661 2025; baseline 0.002 -19"><span class='ocrx_word' id='word_1_135' title='bbox 127 1958 329 2021; x_wconf 83' lang='lat' dir='ltr'><strong>sumptos</strong></span> <span class='ocrx_word' id='word_1_136' title='bbox 365 1958 620 2021; x_wconf 88' lang='lat' dir='ltr'><strong>sumptus</strong></span> <span class='ocrx_word' id='word_1_137' title='bbox 671 1968 856 2023; x_wconf 78' lang='lat' dir='ltr'><strong>ptena,</strong></span> <span class='ocrx_word' id='word_1_138' title='bbox 911 1953 1162 2025; x_wconf 90' lang='lat' dir='ltr'><strong>penuria,</strong></span> <span class='ocrx_word' id='word_1_139' title='bbox 1207 1953 1527 2024; x_wconf 86' lang='lat' dir='ltr'><strong>poenitentia</strong></span> <span class='ocrx_word' id='word_1_140' title='bbox 1571 1968 1661 2009; x_wconf 86' lang='lat' dir='ltr'><strong>se-</strong></span> 
     </span>
    </p>
   </div>
   <div class='ocr_carea' id='block_1_21' title="bbox 127 2042 1662 2123">
    <p class='ocr_par' dir='ltr' id='par_1_21' title="bbox 127 2042 1662 2123">
     <span class='ocr_line' id='line_1_21' title="bbox 127 2042 1662 2123; baseline 0.001 -25"><span class='ocrx_word' id='word_1_141' title='bbox 127 2052 336 2115; x_wconf 88' lang='lat' dir='ltr'><strong>quentur.</strong></span> <span class='ocrx_word' id='word_1_142' title='bbox 375 2042 673 2101; x_wconf 75' lang='lat' dir='ltr'><strong>Pmnitebit</strong></span> <span class='ocrx_word' id='word_1_143' title='bbox 700 2046 887 2120; x_wconf 87' lang='lat' dir='ltr'><strong>utique</strong></span> <span class='ocrx_word' id='word_1_144' title='bbox 933 2063 1065 2121; x_wconf 22' lang='lat' dir='ltr'><strong>eum.</strong></span> <span class='ocrx_word' id='word_1_145' title='bbox 1100 2063 1160 2103; x_wconf 89' lang='lat' dir='ltr'><strong>se</strong></span> <span class='ocrx_word' id='word_1_146' title='bbox 1207 2046 1445 2123; x_wconf 77' lang='lat' dir='ltr'><strong>viderint</strong></span> <span class='ocrx_word' id='word_1_147' title='bbox 1475 2047 1544 2103; x_wconf 84' lang='lat' dir='ltr'><strong>ad</strong></span> <span class='ocrx_word' id='word_1_148' title='bbox 1575 2046 1662 2101; x_wconf 88' lang='lat' dir='ltr'><strong>in-</strong></span> 
     </span>
    </p>
   </div>
   <div class='ocr_carea' id='block_1_22' title="bbox 125 2135 1660 2220">
    <p class='ocr_par' dir='ltr' id='par_1_22' title="bbox 125 2135 1660 2220">
     <span class='ocr_line' id='line_1_22' title="bbox 125 2135 1660 2220; baseline 0.003 -31"><span class='ocrx_word' id='word_1_149' title='bbox 125 2135 237 2205; x_wconf 84' lang='lat' dir='ltr'><strong>iusta</strong></span> <span class='ocrx_word' id='word_1_150' title='bbox 277 2136 409 2207; x_wconf 88' lang='lat' dir='ltr'><strong>cogi,</strong></span> <span class='ocrx_word' id='word_1_151' title='bbox 455 2147 511 2220; x_wconf 82' lang='lat' dir='ltr'><strong>et</strong></span> <span class='ocrx_word' id='word_1_152' title='bbox 552 2138 776 2207; x_wconf 83' lang='lat' dir='ltr'><strong>gravari</strong></span> <span class='ocrx_word' id='word_1_153' title='bbox 823 2148 1065 2206; x_wconf 87' lang='lat' dir='ltr'><strong>coactos,</strong></span> <span class='ocrx_word' id='word_1_154' title='bbox 1094 2148 1281 2194; x_wconf 91' lang='lat' dir='ltr'><strong>etnon</strong></span> <span class='ocrx_word' id='word_1_155' title='bbox 1330 2154 1495 2215; x_wconf 83' lang='lat' dir='ltr'><strong>posse</strong></span> <span class='ocrx_word' id='word_1_156' title='bbox 1543 2139 1660 2195; x_wconf 87' lang='lat' dir='ltr'><strong>erui</strong></span> 
     </span>
    </p>
   </div>
   <div class='ocr_carea' id='block_1_23' title="bbox 125 2227 1663 2304">
    <p class='ocr_par' dir='ltr' id='par_1_23' title="bbox 125 2227 1663 2304">
     <span class='ocr_line' id='line_1_23' title="bbox 125 2227 1663 2304; baseline 0.005 -22"><span class='ocrx_word' id='word_1_157' title='bbox 125 2237 346 2299; x_wconf 79' lang='lat' dir='ltr'><strong>gravatos.</strong></span> <span class='ocrx_word' id='word_1_158' title='bbox 384 2227 561 2297; x_wconf 82' lang='lat' dir='ltr'><strong>Tunc,</strong></span> <span class='ocrx_word' id='word_1_159' title='bbox 607 2229 854 2301; x_wconf 85' lang='lat' dir='ltr'><strong>inquam,</strong></span> <span class='ocrx_word' id='word_1_160' title='bbox 886 2231 1171 2302; x_wconf 71' lang='lat' dir='ltr'><strong>pmn’itebit</strong></span> <span class='ocrx_word' id='word_1_161' title='bbox 1200 2250 1213 2286; x_wconf 90' lang='lat'><strong>:</strong></span> <span class='ocrx_word' id='word_1_162' title='bbox 1240 2232 1337 2289; x_wconf 88' lang='lat' dir='ltr'><strong>sed</strong></span> <span class='ocrx_word' id='word_1_163' title='bbox 1368 2233 1493 2304; x_wconf 89' lang='lat' dir='ltr'><strong>quis</strong></span> <span class='ocrx_word' id='word_1_164' title='bbox 1542 2249 1663 2304; x_wconf 82' lang='lat' dir='ltr'><strong>pne--</strong></span> 
     </span>
    </p>
   </div>
   <div class='ocr_carea' id='block_1_24' title="bbox 123 2323 1667 2397">
    <p class='ocr_par' dir='ltr' id='par_1_24' title="bbox 123 2323 1667 2397">
     <span class='ocr_line' id='line_1_24' title="bbox 123 2323 1667 2397; baseline 0.003 -21"><span class='ocrx_word' id='word_1_165' title='bbox 123 2323 321 2378; x_wconf 56' lang='lat' dir='ltr'><strong>nitentia:</strong></span> <span class='ocrx_word' id='word_1_166' title='bbox 362 2323 538 2391; x_wconf 83' lang='lat' dir='ltr'><strong>locus,</strong></span> <span class='ocrx_word' id='word_1_167' title='bbox 589 2324 685 2379; x_wconf 90' lang='lat' dir='ltr'><strong>ubi</strong></span> <span class='ocrx_word' id='word_1_168' title='bbox 730 2324 1062 2381; x_wconf 85' lang='lat' dir='ltr'><strong>correctioni</strong></span> <span class='ocrx_word' id='word_1_169' title='bbox 1113 2324 1337 2381; x_wconf 83' lang='lat' dir='ltr'><strong>nullos?</strong></span> <span class='ocrx_word' id='word_1_170' title='bbox 1368 2341 1495 2385; x_wconf 87' lang='lat' dir='ltr'><strong>nam</strong></span> <span class='ocrx_word' id='word_1_171' title='bbox 1544 2341 1667 2397; x_wconf 59' lang='lat' dir='ltr'><strong>quae</strong></span> 
     </span>
    </p>
   </div>
   <div class='ocr_carea' id='block_1_25' title="bbox 122 2412 1669 2491">
    <p class='ocr_par' dir='ltr' id='par_1_25' title="bbox 122 2412 1669 2491">
     <span class='ocr_line' id='line_1_25' title="bbox 122 2412 1669 2491; baseline 0.004 -23"><span class='ocrx_word' id='word_1_172' title='bbox 122 2412 208 2485; x_wconf 79' lang='lat' dir='ltr'><strong>iam</strong></span> <span class='ocrx_word' id='word_1_173' title='bbox 231 2415 357 2473; x_wconf 87' lang='lat' dir='ltr'><strong>ultra</strong></span> <span class='ocrx_word' id='word_1_174' title='bbox 390 2424 562 2473; x_wconf 85' lang='lat' dir='ltr'><strong>restat</strong></span> <span class='ocrx_word' id='word_1_175' title='bbox 593 2417 903 2474; x_wconf 85' lang='lat' dir='ltr'><strong>correctio?</strong></span> <span class='ocrx_word' id='word_1_176' title='bbox 924 2416 1182 2491; x_wconf 85' lang='lat' dir='ltr'><strong>Nunquid</strong></span> <span class='ocrx_word' id='word_1_177' title='bbox 1203 2418 1446 2491; x_wconf 88' lang='lat' dir='ltr'><strong>abiurari</strong></span> <span class='ocrx_word' id='word_1_178' title='bbox 1468 2419 1669 2490; x_wconf 90' lang='lat' dir='ltr'><strong>poterit</strong></span> 
     </span>
    </p>
   </div>
   <div class='ocr_carea' id='block_1_26' title="bbox 122 2510 1669 2585">
    <p class='ocr_par' dir='ltr' id='par_1_26' title="bbox 122 2510 1669 2585">
     <span class='ocr_line' id='line_1_26' title="bbox 122 2510 1669 2585; baseline 0.003 -20"><span class='ocrx_word' id='word_1_179' title='bbox 122 2510 237 2579; x_wconf 76' lang='lat' dir='ltr'><strong>quod</strong></span> <span class='ocrx_word' id='word_1_180' title='bbox 261 2511 414 2568; x_wconf 83' lang='lat' dir='ltr'><strong>semel</strong></span> <span class='ocrx_word' id='word_1_181' title='bbox 436 2512 692 2582; x_wconf 89' lang='lat' dir='ltr'><strong>iuratum</strong></span> <span class='ocrx_word' id='word_1_182' title='bbox 728 2513 845 2568; x_wconf 84' lang='lat' dir='ltr'><strong>est?</strong></span> <span class='ocrx_word' id='word_1_183' title='bbox 870 2513 1115 2584; x_wconf 84' lang='lat' dir='ltr'><strong>nunquid</strong></span> <span class='ocrx_word' id='word_1_184' title='bbox 1137 2512 1225 2568; x_wconf 90' lang='lat' dir='ltr'><strong>sui</strong></span> <span class='ocrx_word' id='word_1_185' title='bbox 1248 2512 1390 2585; x_wconf 83' lang='lat' dir='ltr'><strong>iuris</strong></span> <span class='ocrx_word' id='word_1_186' title='bbox 1417 2529 1541 2570; x_wconf 85' lang='lat' dir='ltr'><strong>esse</strong></span> <span class='ocrx_word' id='word_1_187' title='bbox 1570 2529 1669 2585; x_wconf 48' lang='lat' dir='ltr'><strong>po.</strong></span> 
     </span>
    </p>
   </div>
   <div class='ocr_carea' id='block_1_27' title="bbox 121 2602 1669 2683">
    <p class='ocr_par' dir='ltr' id='par_1_27' title="bbox 121 2602 1669 2683">
     <span class='ocr_line' id='line_1_27' title="bbox 121 2602 1669 2683; baseline 0.004 -27"><span class='ocrx_word' id='word_1_188' title='bbox 121 2608 288 2669; x_wconf 82' lang='lat' dir='ltr'><strong>terunt,</strong></span> <span class='ocrx_word' id='word_1_189' title='bbox 320 2602 411 2673; x_wconf 87' lang='lat' dir='ltr'><strong>qui</strong></span> <span class='ocrx_word' id='word_1_190' title='bbox 444 2618 505 2659; x_wconf 90' lang='lat' dir='ltr'><strong>se</strong></span> <span class='ocrx_word' id='word_1_191' title='bbox 533 2603 722 2659; x_wconf 89' lang='lat' dir='ltr'><strong>alieno</strong></span> <span class='ocrx_word' id='word_1_192' title='bbox 746 2612 959 2683; x_wconf 74' lang='lat' dir='ltr'><strong>sponte</strong></span> <span class='ocrx_word' id='word_1_193' title='bbox 987 2604 1383 2661; x_wconf 86' lang='lat' dir='ltr'><strong>subdiderunt?</strong></span> <span class='ocrx_word' id='word_1_194' title='bbox 1420 2605 1669 2679; x_wconf 88' lang='lat' dir='ltr'><strong>nunquid</strong></span> 
     </span>
    </p>
   </div>
   <div class='ocr_carea' id='block_1_28' title="bbox 123 2689 1668 2775">
    <p class='ocr_par' dir='ltr' id='par_1_28' title="bbox 123 2689 1668 2775">
     <span class='ocr_line' id='line_1_28' title="bbox 123 2689 1668 2775; baseline 0.003 -29"><span class='ocrx_word' id='word_1_195' title='bbox 123 2689 263 2759; x_wconf 84' lang='lat' dir='ltr'><strong>liberi,</strong></span> <span class='ocrx_word' id='word_1_196' title='bbox 311 2692 400 2763; x_wconf 89' lang='lat' dir='ltr'><strong>qui</strong></span> <span class='ocrx_word' id='word_1_197' title='bbox 450 2691 711 2775; x_wconf 73' lang='lat' dir='ltr'><strong>venditi?</strong></span> <span class='ocrx_word' id='word_1_198' title='bbox 742 2708 869 2749; x_wconf 89' lang='lat' dir='ltr'><strong>nam</strong></span> <span class='ocrx_word' id='word_1_199' title='bbox 920 2701 1042 2749; x_wconf 90' lang='lat' dir='ltr'><strong>uter</strong></span> <span class='ocrx_word' id='word_1_200' title='bbox 1084 2692 1291 2765; x_wconf 90' lang='lat' dir='ltr'><strong>iustius</strong></span> <span class='ocrx_word' id='word_1_201' title='bbox 1340 2695 1525 2764; x_wconf 81' lang='lat' dir='ltr'><strong>servit,</strong></span> <span class='ocrx_word' id='word_1_202' title='bbox 1573 2697 1668 2767; x_wconf 91' lang='lat' dir='ltr'><strong>qui</strong></span> 
     </span>
    </p>
   </div>
   <div class='ocr_carea' id='block_1_29' title="bbox 121 2780 1668 2858">
    <p class='ocr_par' dir='ltr' id='par_1_29' title="bbox 121 2780 1668 2858">
     <span class='ocr_line' id='line_1_29' title="bbox 121 2780 1668 2858; baseline 0.006 -23"><span class='ocrx_word' id='word_1_203' title='bbox 121 2780 217 2853; x_wconf 83' lang='lat' dir='ltr'><strong>ipso</strong></span> <span class='ocrx_word' id='word_1_204' title='bbox 237 2783 588 2842; x_wconf 76' lang='lat' dir='ltr'><strong>sevenditOre</strong></span> <span class='ocrx_word' id='word_1_205' title='bbox 624 2785 853 2854; x_wconf 87' lang='lat' dir='ltr'><strong>emitur;</strong></span> <span class='ocrx_word' id='word_1_206' title='bbox 883 2801 954 2841; x_wconf 91' lang='lat' dir='ltr'><strong>an</strong></span> <span class='ocrx_word' id='word_1_207' title='bbox 989 2786 1083 2858; x_wconf 89' lang='lat' dir='ltr'><strong>qui</strong></span> <span class='ocrx_word' id='word_1_208' title='bbox 1110 2786 1380 2858; x_wconf 64' lang='lat' dir='ltr'><strong>praedonis</strong></span> <span class='ocrx_word' id='word_1_209' title='bbox 1410 2787 1668 2845; x_wconf 84' lang='lat' dir='ltr'><strong>violentia</strong></span> 
     </span>
    </p>
   </div>
   <div class='ocr_carea' id='block_1_30' title="bbox 117 2876 1670 2951">
    <p class='ocr_par' dir='ltr' id='par_1_30' title="bbox 117 2876 1670 2951">
     <span class='ocr_line' id='line_1_30' title="bbox 117 2876 1670 2951; baseline 0.006 -22"><span class='ocrx_word' id='word_1_210' title='bbox 117 2887 293 2930; x_wconf 61' lang='lat' dir='ltr'><strong>unum</strong></span> <span class='ocrx_word' id='word_1_211' title='bbox 320 2876 684 2947; x_wconf 80' lang='lat' dir='ltr'><strong>producitur?</strong></span> <span class='ocrx_word' id='word_1_212' title='bbox 703 2877 896 2936; x_wconf 73' lang='lat' dir='ltr'><strong>Merito</strong></span> <span class='ocrx_word' id='word_1_213' title='bbox 926 2879 1091 2951; x_wconf 90' lang='lat' dir='ltr'><strong>igitur</strong></span> <span class='ocrx_word' id='word_1_214' title='bbox 1119 2894 1314 2951; x_wconf 65' lang='lat' dir='ltr'><strong>pennas</strong></span> <span class='ocrx_word' id='word_1_215' title='bbox 1343 2879 1553 2938; x_wconf 90' lang='lat' dir='ltr'><strong>dabunt</strong></span> <span class='ocrx_word' id='word_1_216' title='bbox 1579 2876 1670 2939; x_wconf 85' lang='lat' dir='ltr'><strong>fu-</strong></span> 
     </span>
    </p>
   </div>
   <div class='ocr_carea' id='block_1_31' title="bbox 123 2970 1307 3043">
    <p class='ocr_par' dir='ltr' id='par_1_31' title="bbox 123 2970 1307 3043">
     <span class='ocr_line' id='line_1_31' title="bbox 123 2970 1307 3043; baseline 0.005 -23"><span class='ocrx_word' id='word_1_217' title='bbox 123 2974 329 3023; x_wconf 89' lang='lat' dir='ltr'><strong>turorum</strong></span> <span class='ocrx_word' id='word_1_218' title='bbox 350 2970 552 3041; x_wconf 90' lang='lat' dir='ltr'><strong>securi,</strong></span> <span class='ocrx_word' id='word_1_219' title='bbox 595 2972 958 3043; x_wconf 60' lang='lat' dir='ltr'><strong>praesentibus</strong></span> <span class='ocrx_word' id='word_1_220' title='bbox 986 2972 1253 3029; x_wconf 90' lang='lat' dir='ltr'><strong>contenti.</strong></span> <span class='ocrx_word' id='word_1_221' title='bbox 1288 2992 1307 3026; x_wconf 75' lang='grc' dir='ltr'><strong>ο</strong></span> 
     </span>
    </p>
   </div>
   <div class='ocr_carea' id='block_1_32' title="bbox 336 3059 1416 3137">
    <p class='ocr_par' dir='ltr' id='par_1_32' title="bbox 336 3059 1416 3137">
     <span class='ocr_line' id='line_1_32' title="bbox 336 3059 1416 3137; baseline 0.005 -21"><span class='ocrx_word' id='word_1_222' title='bbox 336 3059 451 3118; x_wconf 83' lang='lat' dir='ltr'><strong>XII.</strong></span> <span class='ocrx_word' id='word_1_223' title='bbox 479 3093 556 3104; x_wconf 90' lang='lat'><strong><em>—</em></strong></span> <span class='ocrx_word' id='word_1_224' title='bbox 597 3063 684 3119; x_wconf 80' lang='lat' dir='ltr'><strong>Ad</strong></span> <span class='ocrx_word' id='word_1_225' title='bbox 712 3063 960 3121; x_wconf 60' lang='lat' dir='ltr'><strong>Alesiam</strong></span> <span class='ocrx_word' id='word_1_226' title='bbox 988 3063 1127 3137; x_wconf 78' lang='lat' dir='ltr'><strong>fugit</strong></span> <span class='ocrx_word' id='word_1_227' title='bbox 1154 3064 1416 3122; x_wconf 79' lang='lat' dir='ltr'><strong>accedere.</strong></span> 
     </span>
    </p>
   </div>
   <div class='ocr_carea' id='block_1_33' title="bbox 1769 565 3360 643">
    <p class='ocr_par' dir='ltr' id='par_1_33' title="bbox 1769 565 3360 643">
     <span class='ocr_line' id='line_1_33' title="bbox 1769 565 3360 643; baseline 0 -16"><span class='ocrx_word' id='word_1_228' title='bbox 1769 578 2011 643; x_wconf 79' lang='lat' dir='ltr'><strong>gutture,</strong></span> <span class='ocrx_word' id='word_1_229' title='bbox 2055 568 2186 625; x_wconf 82' lang='lat' dir='ltr'><strong>velit</strong></span> <span class='ocrx_word' id='word_1_230' title='bbox 2232 567 2388 635; x_wconf 86' lang='lat' dir='ltr'><strong>nolit,</strong></span> <span class='ocrx_word' id='word_1_231' title='bbox 2441 565 2797 623; x_wconf 84' lang='lat' dir='ltr'><strong>Boamundus</strong></span> <span class='ocrx_word' id='word_1_232' title='bbox 2829 567 2977 639; x_wconf 90' lang='lat' dir='ltr'><strong>iurat</strong></span> <span class='ocrx_word' id='word_1_233' title='bbox 3003 584 3063 625; x_wconf 89' lang='lat' dir='ltr'><strong>se</strong></span> <span class='ocrx_word' id='word_1_234' title='bbox 3092 567 3360 627; x_wconf 81' lang='lat' dir='ltr'><strong>Tancredi</strong></span> 
     </span>
    </p>
   </div>
   <div class='ocr_carea' id='block_1_34' title="bbox 1767 659 3361 734">
    <p class='ocr_par' dir='ltr' id='par_1_34' title="bbox 1767 659 3361 734">
     <span class='ocr_line' id='line_1_34' title="bbox 1767 659 3361 734; baseline -0.001 -16"><span class='ocrx_word' id='word_1_235' title='bbox 1767 678 1967 719; x_wconf 88' lang='lat' dir='ltr'><strong>manus</strong></span> <span class='ocrx_word' id='word_1_236' title='bbox 2008 661 2154 734; x_wconf 88' lang='lat' dir='ltr'><strong>regis</strong></span> <span class='ocrx_word' id='word_1_237' title='bbox 2205 659 2519 732; x_wconf 87' lang='lat' dir='ltr'><strong>hommagio</strong></span> <span class='ocrx_word' id='word_1_238' title='bbox 2545 659 2928 716; x_wconf 89' lang='lat' dir='ltr'><strong>redditurum:</strong></span> <span class='ocrx_word' id='word_1_239' title='bbox 2956 661 3207 732; x_wconf 81' lang='lat' dir='ltr'><strong>alioquin</strong></span> <span class='ocrx_word' id='word_1_240' title='bbox 3258 676 3361 719; x_wconf 86' lang='lat' dir='ltr'><strong>nec</strong></span> 
     </span>
    </p>
   </div>
   <div class='ocr_carea' id='block_1_35' title="bbox 1766 751 3011 821">
    <p class='ocr_par' dir='ltr' id='par_1_35' title="bbox 1766 751 3011 821">
     <span class='ocr_line' id='line_1_35' title="bbox 1766 751 3011 821; baseline -0.004 -10"><span class='ocrx_word' id='word_1_241' title='bbox 1766 771 1989 812; x_wconf 88' lang='lat' dir='ltr'><strong>manere</strong></span> <span class='ocrx_word' id='word_1_242' title='bbox 2008 763 2190 810; x_wconf 88' lang='lat' dir='ltr'><strong>tutum</strong></span> <span class='ocrx_word' id='word_1_243' title='bbox 2215 752 2415 821; x_wconf 84' lang='lat' dir='ltr'><strong>fuerat,</strong></span> <span class='ocrx_word' id='word_1_244' title='bbox 2446 768 2547 809; x_wconf 90' lang='lat' dir='ltr'><strong>nec</strong></span> <span class='ocrx_word' id='word_1_245' title='bbox 2575 751 2745 819; x_wconf 81' lang='lat' dir='ltr'><strong>exire.</strong></span> <span class='ocrx_word' id='word_1_246' title='bbox 3008 816 3011 819; x_wconf 19' lang='grc' dir='ltr'>ν</span> 
     </span>
    </p>
   </div>
   <div class='ocr_carea' id='block_1_36' title="bbox 2048 844 3071 917">
    <p class='ocr_par' dir='ltr' id='par_1_36' title="bbox 2048 844 3071 917">
     <span class='ocr_line' id='line_1_36' title="bbox 2048 844 3071 917; baseline -0.002 -16"><span class='ocrx_word' id='word_1_247' title='bbox 2048 844 2187 902; x_wconf 80' lang='lat' dir='ltr'><strong>XIII.</strong></span> <span class='ocrx_word' id='word_1_248' title='bbox 2211 876 2279 886; x_wconf 92' lang='lat'>—</span> <span class='ocrx_word' id='word_1_249' title='bbox 2304 845 2619 901; x_wconf 82' lang='lat' dir='ltr'><strong>Boamundo</strong></span> <span class='ocrx_word' id='word_1_250' title='bbox 2651 844 2851 917; x_wconf 75' lang='lat' dir='ltr'><strong>legatos</strong></span> <span class='ocrx_word' id='word_1_251' title='bbox 2888 845 3071 899; x_wconf 81' lang='lat' dir='ltr'><strong>mittit.</strong></span> 
     </span>
    </p>
   </div>
   <div class='ocr_carea' id='block_1_37' title="bbox 1838 932 3360 1009">
    <p class='ocr_par' dir='ltr' id='par_1_37' title="bbox 1838 932 3360 1009">
     <span class='ocr_line' id='line_1_37' title="bbox 1838 932 3360 1009; baseline 0 -18"><span class='ocrx_word' id='word_1_252' title='bbox 1838 936 1978 993; x_wconf 89' lang='lat' dir='ltr'><strong>Dum</strong></span> <span class='ocrx_word' id='word_1_253' title='bbox 2027 937 2144 993; x_wconf 69' lang='lat' dir='ltr'><strong>haec</strong></span> <span class='ocrx_word' id='word_1_254' title='bbox 2194 946 2517 1009; x_wconf 81' lang='lat' dir='ltr'><strong>agerentur,</strong></span> <span class='ocrx_word' id='word_1_255' title='bbox 2577 933 2897 993; x_wconf 86' lang='lat' dir='ltr'><strong>Tancredus</strong></span> <span class='ocrx_word' id='word_1_256' title='bbox 2955 936 3158 992; x_wconf 88' lang='lat' dir='ltr'><strong>milites</strong></span> <span class='ocrx_word' id='word_1_257' title='bbox 3220 932 3360 997; x_wconf 84' lang='lat' dir='ltr'><strong>duos</strong></span> 
     </span>
    </p>
   </div>
   <div class='ocr_carea' id='block_1_38' title="bbox 1765 1026 3356 1101">
    <p class='ocr_par' dir='ltr' id='par_1_38' title="bbox 1765 1026 3356 1101">
     <span class='ocr_line' id='line_1_38' title="bbox 1765 1026 3356 1101; baseline -0.003 -16"><span class='ocrx_word' id='word_1_258' title='bbox 1765 1029 2049 1100; x_wconf 82' lang='lat' dir='ltr'><strong>Atropium</strong></span> <span class='ocrx_word' id='word_1_259' title='bbox 2105 1036 2161 1085; x_wconf 88' lang='lat' dir='ltr'><strong>et</strong></span> <span class='ocrx_word' id='word_1_260' title='bbox 2205 1027 2471 1101; x_wconf 86' lang='lat' dir='ltr'><strong>Garinum</strong></span> <span class='ocrx_word' id='word_1_261' title='bbox 2521 1028 3055 1099; x_wconf 81' lang='lat' dir='ltr'><strong>Constantinopolim</strong></span> <span class='ocrx_word' id='word_1_262' title='bbox 3107 1026 3356 1092; x_wconf 85' lang='lat' dir='ltr'><strong>remittit,</strong></span> 
     </span>
    </p>
   </div>
   <div class='ocr_carea' id='block_1_39' title="bbox 1765 1118 3359 1193">
    <p class='ocr_par' dir='ltr' id='par_1_39' title="bbox 1765 1118 3359 1193">
     <span class='ocr_line' id='line_1_39' title="bbox 1765 1118 3359 1193; baseline -0.001 -19"><span class='ocrx_word' id='word_1_263' title='bbox 1765 1121 1862 1193; x_wconf 88' lang='lat' dir='ltr'><strong>qui</strong></span> <span class='ocrx_word' id='word_1_264' title='bbox 1889 1120 2197 1179; x_wconf 89' lang='lat' dir='ltr'><strong>Boamundi</strong></span> <span class='ocrx_word' id='word_1_265' title='bbox 2226 1137 2413 1178; x_wconf 89' lang='lat' dir='ltr'><strong>moras</strong></span> <span class='ocrx_word' id='word_1_266' title='bbox 2466 1122 2770 1193; x_wconf 89' lang='lat' dir='ltr'><strong>increpent,</strong></span> <span class='ocrx_word' id='word_1_267' title='bbox 2801 1120 3006 1193; x_wconf 88' lang='lat' dir='ltr'><strong>quique</strong></span> <span class='ocrx_word' id='word_1_268' title='bbox 3051 1118 3359 1177; x_wconf 87' lang='lat' dir='ltr'><strong>Turcorum</strong></span> 
     </span>
    </p>
   </div>
   <div class='ocr_carea' id='block_1_40' title="bbox 1765 1212 3358 1295">
    <p class='ocr_par' dir='ltr' id='par_1_40' title="bbox 1765 1212 3358 1295">
     <span class='ocr_line' id='line_1_40' title="bbox 1765 1212 3358 1295; baseline -0.002 -23"><span class='ocrx_word' id='word_1_269' title='bbox 1765 1214 1907 1295; x_wconf 84' lang='lat' dir='ltr'><strong>bella</strong></span> <span class='ocrx_word' id='word_1_270' title='bbox 1963 1216 2219 1272; x_wconf 88' lang='lat' dir='ltr'><strong>nuntient</strong></span> <span class='ocrx_word' id='word_1_271' title='bbox 2268 1216 2562 1272; x_wconf 88' lang='lat' dir='ltr'><strong>adventare</strong></span> <span class='ocrx_word' id='word_1_272' title='bbox 2605 1234 2620 1272; x_wconf 92' lang='lat'><strong>:</strong></span> <span class='ocrx_word' id='word_1_273' title='bbox 2676 1215 2783 1272; x_wconf 90' lang='lat' dir='ltr'><strong>nisi</strong></span> <span class='ocrx_word' id='word_1_274' title='bbox 2814 1213 3193 1281; x_wconf 75' lang='lat' dir='ltr'><strong>maturaverit,</strong></span> <span class='ocrx_word' id='word_1_275' title='bbox 3237 1212 3358 1284; x_wconf 87' lang='lat' dir='ltr'><strong>eius</strong></span> 
     </span>
    </p>
   </div>
   <div class='ocr_carea' id='block_1_41' title="bbox 1767 1309 3358 1385">
    <p class='ocr_par' dir='ltr' id='par_1_41' title="bbox 1767 1309 3358 1385">
     <span class='ocr_line' id='line_1_41' title="bbox 1767 1309 3358 1385; baseline 0 -18"><span class='ocrx_word' id='word_1_276' title='bbox 1767 1327 1893 1385; x_wconf 83' lang='lat' dir='ltr'><strong>spes</strong></span> <span class='ocrx_word' id='word_1_277' title='bbox 1923 1310 2222 1368; x_wconf 88' lang='lat' dir='ltr'><strong>cassandas</strong></span> <span class='ocrx_word' id='word_1_278' title='bbox 2257 1309 2396 1379; x_wconf 88' lang='lat' dir='ltr'><strong>fore,</strong></span> <span class='ocrx_word' id='word_1_279' title='bbox 2452 1311 2653 1383; x_wconf 88' lang='lat' dir='ltr'><strong>quippe</strong></span> <span class='ocrx_word' id='word_1_280' title='bbox 2689 1311 2809 1377; x_wconf 90' lang='lat' dir='ltr'><strong>sine</strong></span> <span class='ocrx_word' id='word_1_281' title='bbox 2860 1327 2926 1368; x_wconf 90' lang='lat' dir='ltr'><strong>eo</strong></span> <span class='ocrx_word' id='word_1_282' title='bbox 2976 1311 3226 1367; x_wconf 83' lang='lat' dir='ltr'><strong>hostibus</strong></span> <span class='ocrx_word' id='word_1_283' title='bbox 3270 1326 3358 1367; x_wconf 89' lang='lat' dir='ltr'><strong>su-</strong></span> 
     </span>
    </p>
   </div>
   <div class='ocr_carea' id='block_1_42' title="bbox 1772 1390 3354 1479">
    <p class='ocr_par' dir='ltr' id='par_1_42' title="bbox 1772 1390 3354 1479">
     <span class='ocr_line' id='line_1_42' title="bbox 1772 1390 3354 1479; baseline -0.003 -20"><span class='ocrx_word' id='word_1_284' title='bbox 1772 1405 1976 1476; x_wconf 86' lang='lat' dir='ltr'><strong>peratis</strong></span> <span class='ocrx_word' id='word_1_285' title='bbox 2007 1424 2019 1459; x_wconf 90' lang='lat'>:</span> <span class='ocrx_word' id='word_1_286' title='bbox 2046 1403 2195 1475; x_wconf 92' lang='lat' dir='ltr'><strong>quod</strong></span> <span class='ocrx_word' id='word_1_287' title='bbox 2224 1418 2326 1459; x_wconf 90' lang='lat' dir='ltr'><strong>nec</strong></span> <span class='ocrx_word' id='word_1_288' title='bbox 2352 1401 2646 1474; x_wconf 82' lang='lat' dir='ltr'><strong>ignorante</strong></span> <span class='ocrx_word' id='word_1_289' title='bbox 2668 1402 2856 1459; x_wconf 78' lang='lat' dir='ltr'><strong>Alexio</strong></span> <span class='ocrx_word' id='word_1_290' title='bbox 2885 1403 3062 1473; x_wconf 88' lang='lat' dir='ltr'><strong>potuit</strong></span> <span class='ocrx_word' id='word_1_291' title='bbox 3091 1390 3354 1479; x_wconf 81' lang='lat' dir='ltr'><strong>nuntiari.</strong></span> 
     </span>
    </p>
   </div>
   <div class='ocr_carea' id='block_1_43' title="bbox 1766 1493 3357 1569">
    <p class='ocr_par' dir='ltr' id='par_1_43' title="bbox 1766 1493 3357 1569">
     <span class='ocr_line' id='line_1_43' title="bbox 1766 1493 3357 1569; baseline -0.003 -16"><span class='ocrx_word' id='word_1_292' title='bbox 1766 1498 2109 1569; x_wconf 82' lang='lat' dir='ltr'><strong>Quapropter</strong></span> <span class='ocrx_word' id='word_1_293' title='bbox 2132 1496 2199 1551; x_wconf 89' lang='lat' dir='ltr'><strong>ad</strong></span> <span class='ocrx_word' id='word_1_294' title='bbox 2229 1511 2288 1552; x_wconf 92' lang='lat' dir='ltr'><strong>se</strong></span> <span class='ocrx_word' id='word_1_295' title='bbox 2318 1494 2544 1551; x_wconf 88' lang='lat' dir='ltr'><strong>nuntios</strong></span> <span class='ocrx_word' id='word_1_296' title='bbox 2567 1504 2749 1564; x_wconf 87' lang='lat' dir='ltr'><strong>vocat,</strong></span> <span class='ocrx_word' id='word_1_297' title='bbox 2769 1511 2893 1552; x_wconf 89' lang='lat' dir='ltr'><strong>cum</strong></span> <span class='ocrx_word' id='word_1_298' title='bbox 2922 1496 3003 1552; x_wconf 82' lang='lat' dir='ltr'><strong>eis</strong></span> <span class='ocrx_word' id='word_1_299' title='bbox 3026 1495 3094 1550; x_wconf 91' lang='lat' dir='ltr'><strong>de</strong></span> <span class='ocrx_word' id='word_1_300' title='bbox 3127 1493 3357 1551; x_wconf 87' lang='lat' dir='ltr'><strong>domino</strong></span> 
     </span>
    </p>
   </div>
   <div class='ocr_carea' id='block_1_44' title="bbox 1766 1583 3358 1669">
    <p class='ocr_par' dir='ltr' id='par_1_44' title="bbox 1766 1583 3358 1669">
     <span class='ocr_line' id='line_1_44' title="bbox 1766 1583 3358 1669; baseline 0 -24"><span class='ocrx_word' id='word_1_301' title='bbox 1766 1606 1868 1645; x_wconf 90' lang='lat' dir='ltr'><strong>suo</strong></span> <span class='ocrx_word' id='word_1_302' title='bbox 1900 1600 2149 1657; x_wconf 85' lang='lat' dir='ltr'><strong>acturus,</strong></span> <span class='ocrx_word' id='word_1_303' title='bbox 2179 1597 2233 1644; x_wconf 91' lang='lat' dir='ltr'><strong>et</strong></span> <span class='ocrx_word' id='word_1_304' title='bbox 2262 1588 2421 1660; x_wconf 86' lang='lat' dir='ltr'><strong>quasi</strong></span> <span class='ocrx_word' id='word_1_305' title='bbox 2442 1604 2645 1644; x_wconf 87' lang='lat' dir='ltr'><strong>novum</strong></span> <span class='ocrx_word' id='word_1_306' title='bbox 2670 1587 2874 1659; x_wconf 87' lang='lat' dir='ltr'><strong>aliquid</strong></span> <span class='ocrx_word' id='word_1_307' title='bbox 2904 1583 3025 1669; x_wconf 31' lang='lat' dir='ltr'><strong>suae.</strong></span> <span class='ocrx_word' id='word_1_308' title='bbox 3043 1595 3188 1643; x_wconf 86' lang='lat' dir='ltr'><strong>metu</strong></span> <span class='ocrx_word' id='word_1_309' title='bbox 3219 1601 3358 1658; x_wconf 69' lang='lat' dir='ltr'><strong>pra:-</strong></span> 
     </span>
    </p>
   </div>
   <div class='ocr_carea' id='block_1_45' title="bbox 1767 1675 3469 1751">
    <p class='ocr_par' dir='ltr' id='par_1_45' title="bbox 1767 1675 3469 1751">
     <span class='ocr_line' id='line_1_45' title="bbox 1767 1675 3469 1751; baseline -0.004 -16"><span class='ocrx_word' id='word_1_310' title='bbox 1767 1678 1955 1735; x_wconf 76' lang='lat' dir='ltr'><strong>seutize</strong></span> <span class='ocrx_word' id='word_1_311' title='bbox 1977 1688 2313 1734; x_wconf 73' lang='lat' dir='ltr'><strong>extet-turus.</strong></span> <span class='ocrx_word' id='word_1_312' title='bbox 2345 1677 2533 1751; x_wconf 81' lang='lat' dir='ltr'><strong>Legati</strong></span> <span class='ocrx_word' id='word_1_313' title='bbox 2553 1693 2683 1733; x_wconf 87' lang='lat' dir='ltr'><strong>vero</strong></span> <span class='ocrx_word' id='word_1_314' title='bbox 2700 1678 2910 1748; x_wconf 89' lang='lat' dir='ltr'><strong>cuiates</strong></span> <span class='ocrx_word' id='word_1_315' title='bbox 2931 1685 2985 1732; x_wconf 91' lang='lat' dir='ltr'><strong>et</strong></span> <span class='ocrx_word' id='word_1_316' title='bbox 3013 1676 3193 1748; x_wconf 89' lang='lat' dir='ltr'><strong>cuius,</strong></span> <span class='ocrx_word' id='word_1_317' title='bbox 3219 1686 3273 1733; x_wconf 88' lang='lat' dir='ltr'><strong>et</strong></span> <span class='ocrx_word' id='word_1_318' title='bbox 3290 1675 3356 1731; x_wconf 89' lang='lat' dir='ltr'><strong>ad</strong></span> <span class='ocrx_word' id='word_1_319' title='bbox 3456 1722 3469 1729; x_wconf 81' lang='lat'><strong>-</strong></span> 
     </span>
    </p>
   </div>
   <div class='ocr_carea' id='block_1_46' title="bbox 1732 1760 3361 1843">
    <p class='ocr_par' dir='ltr' id='par_1_46' title="bbox 1732 1760 3361 1843">
     <span class='ocr_line' id='line_1_46' title="bbox 1732 1760 3361 1843; baseline -0.001 -17"><span class='ocrx_word' id='word_1_320' title='bbox 1732 1768 1737 1843; x_wconf 78' lang='grc' dir='ltr'><strong><em>ς</em></strong></span> <span class='ocrx_word' id='word_1_321' title='bbox 1766 1772 1896 1843; x_wconf 88' lang='lat' dir='ltr'><strong>quid</strong></span> <span class='ocrx_word' id='word_1_322' title='bbox 1934 1771 2087 1827; x_wconf 87' lang='lat' dir='ltr'><strong>missi</strong></span> <span class='ocrx_word' id='word_1_323' title='bbox 2113 1780 2297 1828; x_wconf 88' lang='lat' dir='ltr'><strong>essent</strong></span> <span class='ocrx_word' id='word_1_324' title='bbox 2318 1770 2493 1842; x_wconf 85' lang='lat' dir='ltr'><strong>rogati</strong></span> <span class='ocrx_word' id='word_1_325' title='bbox 2518 1788 2531 1825; x_wconf 88' lang='lat'><strong>:</strong></span> <span class='ocrx_word' id='word_1_326' title='bbox 2555 1768 2906 1825; x_wconf 90' lang='lat' dir='ltr'><strong>Normannos</strong></span> <span class='ocrx_word' id='word_1_327' title='bbox 2936 1784 2994 1825; x_wconf 91' lang='lat' dir='ltr'><strong>se</strong></span> <span class='ocrx_word' id='word_1_328' title='bbox 3024 1785 3056 1825; x_wconf 89' lang='lat' dir='ltr'><strong>a</strong></span> <span class='ocrx_word' id='word_1_329' title='bbox 3075 1760 3361 1825; x_wconf 77' lang='lat' dir='ltr'><strong>Tancredo</strong></span> 
     </span>
    </p>
   </div>
   <div class='ocr_carea' id='block_1_47' title="bbox 1767 1854 3361 1939">
    <p class='ocr_par' dir='ltr' id='par_1_47' title="bbox 1767 1854 3361 1939">
     <span class='ocr_line' id='line_1_47' title="bbox 1767 1854 3361 1939; baseline 0.001 -20"><span class='ocrx_word' id='word_1_330' title='bbox 1767 1863 1834 1919; x_wconf 82' lang='lat' dir='ltr'><strong>ad</strong></span> <span class='ocrx_word' id='word_1_331' title='bbox 1872 1862 2253 1919; x_wconf 82' lang='lat' dir='ltr'><strong>Boamundum</strong></span> <span class='ocrx_word' id='word_1_332' title='bbox 2279 1863 2605 1939; x_wconf 79' lang='lat' dir='ltr'><strong>eliciendum</strong></span> <span class='ocrx_word' id='word_1_333' title='bbox 2650 1861 2852 1931; x_wconf 86' lang='lat' dir='ltr'><strong>missos</strong></span> <span class='ocrx_word' id='word_1_334' title='bbox 2895 1854 3017 1918; x_wconf 82' lang='lat' dir='ltr'><strong>esse</strong></span> <span class='ocrx_word' id='word_1_335' title='bbox 3047 1854 3229 1917; x_wconf 75' lang='lat' dir='ltr'><strong>Securi</strong></span> <span class='ocrx_word' id='word_1_336' title='bbox 3275 1878 3361 1921; x_wconf 84' lang='lat' dir='ltr'><strong>rc-</strong></span> 
     </span>
    </p>
   </div>
   <div class='ocr_carea' id='block_1_48' title="bbox 1766 1942 3363 2028">
    <p class='ocr_par' dir='ltr' id='par_1_48' title="bbox 1766 1942 3363 2028">
     <span class='ocr_line' id='line_1_48' title="bbox 1766 1942 3363 2028; baseline -0.003 -16"><span class='ocrx_word' id='word_1_337' title='bbox 1766 1957 2055 2028; x_wconf 85' lang='lat' dir='ltr'><strong>spondent.</strong></span> <span class='ocrx_word' id='word_1_338' title='bbox 2090 1942 2297 2011; x_wconf 42' lang='lat' dir='ltr'><strong>V&#39;idens&#39;</strong></span> <span class='ocrx_word' id='word_1_339' title='bbox 2342 1964 2525 2011; x_wconf 89' lang='lat' dir='ltr'><strong>autem</strong></span> <span class='ocrx_word' id='word_1_340' title='bbox 2553 1970 2647 2010; x_wconf 84' lang='lat' dir='ltr'><strong>rex</strong></span> <span class='ocrx_word' id='word_1_341' title='bbox 2676 1954 2815 2009; x_wconf 89' lang='lat' dir='ltr'><strong>nihil</strong></span> <span class='ocrx_word' id='word_1_342' title='bbox 2853 1970 3101 2009; x_wconf 88' lang='lat' dir='ltr'><strong>mussare</strong></span> <span class='ocrx_word' id='word_1_343' title='bbox 3132 1953 3363 2025; x_wconf 86' lang='lat' dir='ltr'><strong>intrepi-</strong></span> 
     </span>
    </p>
   </div>
   <div class='ocr_carea' id='block_1_49' title="bbox 1765 2034 3364 2129">
    <p class='ocr_par' dir='ltr' id='par_1_49' title="bbox 1765 2034 3364 2129">
     <span class='ocr_line' id='line_1_49' title="bbox 1765 2034 3364 2129; baseline -0.005 -22"><span class='ocrx_word' id='word_1_344' title='bbox 1765 2052 1888 2118; x_wconf 90' lang='lat' dir='ltr'><strong>dos,</strong></span> <span class='ocrx_word' id='word_1_345' title='bbox 1915 2050 2142 2129; x_wconf 82' lang='lat' dir='ltr'><strong>dimittit</strong></span> <span class='ocrx_word' id='word_1_346' title='bbox 2167 2049 2488 2129; x_wconf 76' lang='lat' dir='ltr'><strong>impunitos,</strong></span> <span class='ocrx_word' id='word_1_347' title='bbox 2510 2034 2747 2125; x_wconf 77' lang='lat' dir='ltr'><strong>quorum</strong></span> <span class='ocrx_word' id='word_1_348' title='bbox 2774 2063 2995 2120; x_wconf 78' lang='lat' dir='ltr'><strong>pcenam</strong></span> <span class='ocrx_word' id='word_1_349' title='bbox 3013 2046 3233 2103; x_wconf 84' lang='lat' dir='ltr'><strong>videbat</strong></span> <span class='ocrx_word' id='word_1_350' title='bbox 3257 2046 3364 2102; x_wconf 85' lang='lat' dir='ltr'><strong>sibi</strong></span> 
     </span>
    </p>
   </div>
   <div class='ocr_carea' id='block_1_50' title="bbox 1762 2126 3366 2213">
    <p class='ocr_par' dir='ltr' id='par_1_50' title="bbox 1762 2126 3366 2213">
     <span class='ocr_line' id='line_1_50' title="bbox 1762 2126 3366 2213; baseline -0.002 -14"><span class='ocrx_word' id='word_1_351' title='bbox 1762 2128 2015 2199; x_wconf 86' lang='lat' dir='ltr'><strong>inutilem</strong></span> <span class='ocrx_word' id='word_1_352' title='bbox 2047 2126 2319 2200; x_wconf 73' lang='lat' dir='ltr'><strong>futuram.</strong></span> <span class='ocrx_word' id='word_1_353' title='bbox 2368 2142 2511 2198; x_wconf 79' lang='lat' dir='ltr'><strong>Cum</strong></span> <span class='ocrx_word' id='word_1_354' title='bbox 2537 2156 2670 2213; x_wconf 88' lang='lat' dir='ltr'><strong>ergo</strong></span> <span class='ocrx_word' id='word_1_355' title='bbox 2691 2142 2810 2197; x_wconf 67' lang='lat' dir='ltr'><strong>haec</strong></span> <span class='ocrx_word' id='word_1_356' title='bbox 2834 2148 2949 2195; x_wconf 89' lang='lat' dir='ltr'><strong>tum</strong></span> <span class='ocrx_word' id='word_1_357' title='bbox 2975 2156 3005 2195; x_wconf 90' lang='lat' dir='ltr'><strong>a</strong></span> <span class='ocrx_word' id='word_1_358' title='bbox 3036 2140 3251 2211; x_wconf 84' lang='lat' dir='ltr'><strong>legatis,</strong></span> <span class='ocrx_word' id='word_1_359' title='bbox 3268 2141 3366 2210; x_wconf 85' lang='lat' dir='ltr'><strong>qui</strong></span> 
     </span>
    </p>
   </div>
   <div class='ocr_carea' id='block_1_51' title="bbox 1768 2232 3367 2307">
    <p class='ocr_par' dir='ltr' id='par_1_51' title="bbox 1768 2232 3367 2307">
     <span class='ocr_line' id='line_1_51' title="bbox 1768 2232 3367 2307; baseline -0.003 -13"><span class='ocrx_word' id='word_1_360' title='bbox 1768 2237 2046 2299; x_wconf 86' lang='lat' dir='ltr'><strong>redeundo</strong></span> <span class='ocrx_word' id='word_1_361' title='bbox 2071 2243 2491 2307; x_wconf 69' lang='lat' dir='ltr'><strong>praecesserunt,</strong></span> <span class='ocrx_word' id='word_1_362' title='bbox 2522 2250 2648 2291; x_wconf 89' lang='lat' dir='ltr'><strong>cum</strong></span> <span class='ocrx_word' id='word_1_363' title='bbox 2681 2250 2714 2292; x_wconf 91' lang='lat' dir='ltr'><strong>a</strong></span> <span class='ocrx_word' id='word_1_364' title='bbox 2756 2232 3077 2290; x_wconf 89' lang='lat' dir='ltr'><strong>Boamundo</strong></span> <span class='ocrx_word' id='word_1_365' title='bbox 3126 2233 3223 2305; x_wconf 81' lang='lat' dir='ltr'><strong>qui</strong></span> <span class='ocrx_word' id='word_1_366' title='bbox 3277 2247 3367 2289; x_wconf 85' lang='lat' dir='ltr'><strong>se-</strong></span> 
     </span>
    </p>
   </div>
   <div class='ocr_carea' id='block_1_52' title="bbox 1768 2322 3365 2401">
    <p class='ocr_par' dir='ltr' id='par_1_52' title="bbox 1768 2322 3365 2401">
     <span class='ocr_line' id='line_1_52' title="bbox 1768 2322 3365 2401; baseline -0.004 -15"><span class='ocrx_word' id='word_1_367' title='bbox 1768 2340 1929 2389; x_wconf 86' lang='lat' dir='ltr'><strong>cutus</strong></span> <span class='ocrx_word' id='word_1_368' title='bbox 1975 2329 2173 2401; x_wconf 86' lang='lat' dir='ltr'><strong>fuerat,</strong></span> <span class='ocrx_word' id='word_1_369' title='bbox 2218 2327 2537 2386; x_wconf 87' lang='lat' dir='ltr'><strong>Tancredus</strong></span> <span class='ocrx_word' id='word_1_370' title='bbox 2580 2325 2882 2399; x_wconf 87' lang='lat' dir='ltr'><strong>accepisset</strong></span> <span class='ocrx_word' id='word_1_371' title='bbox 2926 2344 2938 2380; x_wconf 91' lang='lat'>:</span> <span class='ocrx_word' id='word_1_372' title='bbox 2990 2338 3169 2395; x_wconf 81' lang='lat' dir='ltr'><strong>neque</strong></span> <span class='ocrx_word' id='word_1_373' title='bbox 3212 2322 3365 2386; x_wconf 83' lang='lat' dir='ltr'><strong>dictu</strong></span> 
     </span>
    </p>
   </div>
   <div class='ocr_carea' id='block_1_53' title="bbox 1771 2416 3365 2493">
    <p class='ocr_par' dir='ltr' id='par_1_53' title="bbox 1771 2416 3365 2493">
     <span class='ocr_line' id='line_1_53' title="bbox 1771 2416 3365 2493; baseline -0.004 -15"><span class='ocrx_word' id='word_1_374' title='bbox 1771 2421 1930 2478; x_wconf 81' lang='lat' dir='ltr'><strong>facile</strong></span> <span class='ocrx_word' id='word_1_375' title='bbox 1956 2430 2061 2490; x_wconf 91' lang='lat' dir='ltr'><strong>est,</strong></span> <span class='ocrx_word' id='word_1_376' title='bbox 2085 2436 2263 2492; x_wconf 87' lang='lat' dir='ltr'><strong>neque</strong></span> <span class='ocrx_word' id='word_1_377' title='bbox 2305 2419 2518 2478; x_wconf 80' lang='lat' dir='ltr'><strong>credita</strong></span> <span class='ocrx_word' id='word_1_378' title='bbox 2557 2434 2725 2493; x_wconf 88' lang='lat' dir='ltr'><strong>quam</strong></span> <span class='ocrx_word' id='word_1_379' title='bbox 2771 2432 2914 2490; x_wconf 69' lang='lat' dir='ltr'><strong>aegre</strong></span> <span class='ocrx_word' id='word_1_380' title='bbox 2943 2416 3148 2485; x_wconf 87' lang='lat' dir='ltr'><strong>tulerit,</strong></span> <span class='ocrx_word' id='word_1_381' title='bbox 3188 2432 3365 2488; x_wconf 84' lang='lat' dir='ltr'><strong>quan-</strong></span> 
     </span>
    </p>
   </div>
   <div class='ocr_carea' id='block_1_54' title="bbox 1770 2503 3362 2585">
    <p class='ocr_par' dir='ltr' id='par_1_54' title="bbox 1770 2503 3362 2585">
     <span class='ocr_line' id='line_1_54' title="bbox 1770 2503 3362 2585; baseline -0.004 -16"><span class='ocrx_word' id='word_1_382' title='bbox 1770 2526 1997 2585; x_wconf 89' lang='lat' dir='ltr'><strong>tumque</strong></span> <span class='ocrx_word' id='word_1_383' title='bbox 2029 2511 2365 2585; x_wconf 83' lang='lat' dir='ltr'><strong>vigilantiam</strong></span> <span class='ocrx_word' id='word_1_384' title='bbox 2396 2526 2555 2567; x_wconf 85' lang='lat' dir='ltr'><strong>suam</strong></span> <span class='ocrx_word' id='word_1_385' title='bbox 2599 2508 2767 2565; x_wconf 78' lang='lat' dir='ltr'><strong>alien;</strong></span> <span class='ocrx_word' id='word_1_386' title='bbox 2808 2506 3173 2565; x_wconf 86' lang='lat' dir='ltr'><strong>somnolentia</strong></span> <span class='ocrx_word' id='word_1_387' title='bbox 3201 2503 3362 2563; x_wconf 84' lang='lat' dir='ltr'><strong>indo-</strong></span> 
     </span>
    </p>
   </div>
   <div class='ocr_carea' id='block_1_55' title="bbox 1772 2598 3366 2675">
    <p class='ocr_par' dir='ltr' id='par_1_55' title="bbox 1772 2598 3366 2675">
     <span class='ocr_line' id='line_1_55' title="bbox 1772 2598 3366 2675; baseline -0.004 -16"><span class='ocrx_word' id='word_1_388' title='bbox 1772 2604 1935 2660; x_wconf 82' lang='lat' dir='ltr'><strong>luerit</strong></span> <span class='ocrx_word' id='word_1_389' title='bbox 1960 2604 2239 2675; x_wconf 87' lang='lat' dir='ltr'><strong>deceptam</strong></span> <span class='ocrx_word' id='word_1_390' title='bbox 2275 2622 2289 2658; x_wconf 76' lang='grc' dir='ltr'><strong>τ</strong></span> <span class='ocrx_word' id='word_1_391' title='bbox 2316 2618 2425 2659; x_wconf 85' lang='lat' dir='ltr'><strong>nec</strong></span> <span class='ocrx_word' id='word_1_392' title='bbox 2458 2600 2718 2659; x_wconf 89' lang='lat' dir='ltr'><strong>cohibere</strong></span> <span class='ocrx_word' id='word_1_393' title='bbox 2745 2598 2995 2656; x_wconf 79' lang='lat' dir='ltr'><strong>ﬂammas</strong></span> <span class='ocrx_word' id='word_1_394' title='bbox 3034 2600 3216 2674; x_wconf 90' lang='lat' dir='ltr'><strong>potuit</strong></span> <span class='ocrx_word' id='word_1_395' title='bbox 3253 2598 3366 2654; x_wconf 89' lang='lat' dir='ltr'><strong>for-</strong></span> 
     </span>
    </p>
   </div>
   <div class='ocr_carea' id='block_1_56' title="bbox 1772 2691 3359 2771">
    <p class='ocr_par' dir='ltr' id='par_1_56' title="bbox 1772 2691 3359 2771">
     <span class='ocr_line' id='line_1_56' title="bbox 1772 2691 3359 2771; baseline -0.003 -19"><span class='ocrx_word' id='word_1_396' title='bbox 1772 2711 1877 2752; x_wconf 77' lang='lat' dir='ltr'><strong>nax</strong></span> <span class='ocrx_word' id='word_1_397' title='bbox 1905 2710 2156 2763; x_wconf 89' lang='lat' dir='ltr'><strong>accensa,</strong></span> <span class='ocrx_word' id='word_1_398' title='bbox 2181 2694 2423 2752; x_wconf 88' lang='lat' dir='ltr'><strong>rumoris</strong></span> <span class='ocrx_word' id='word_1_399' title='bbox 2451 2693 2627 2765; x_wconf 83' lang='lat' dir='ltr'><strong>rapidi</strong></span> <span class='ocrx_word' id='word_1_400' title='bbox 2651 2693 2870 2749; x_wconf 89' lang='lat' dir='ltr'><strong>turbine</strong></span> <span class='ocrx_word' id='word_1_401' title='bbox 2904 2691 3224 2771; x_wconf 84' lang='lat' dir='ltr'><strong>ventilante,</strong></span> <span class='ocrx_word' id='word_1_402' title='bbox 3253 2707 3359 2748; x_wconf 86' lang='lat' dir='ltr'><strong>un-</strong></span> 
     </span>
    </p>
   </div>
   <div class='ocr_carea' id='block_1_57' title="bbox 1742 2783 3368 2860">
    <p class='ocr_par' dir='ltr' id='par_1_57' title="bbox 1742 2783 3368 2860">
     <span class='ocr_line' id='line_1_57' title="bbox 1742 2783 3368 2860; baseline -0.004 -15"><span class='ocrx_word' id='word_1_403' title='bbox 1742 2788 1747 2791; x_wconf 70' lang='grc'><strong>⁷</strong></span> <span class='ocrx_word' id='word_1_404' title='bbox 1773 2788 1985 2847; x_wconf 82' lang='lat' dir='ltr'><strong>dantes.</strong></span> <span class='ocrx_word' id='word_1_405' title='bbox 2016 2787 2360 2860; x_wconf 86' lang='lat' dir='ltr'><strong>Quapropter</strong></span> <span class='ocrx_word' id='word_1_406' title='bbox 2391 2787 2565 2843; x_wconf 78' lang='lat' dir='ltr'><strong>fertur</strong></span> <span class='ocrx_word' id='word_1_407' title='bbox 2590 2785 2932 2841; x_wconf 88' lang='lat' dir='ltr'><strong>intrinsecos</strong></span> <span class='ocrx_word' id='word_1_408' title='bbox 2959 2783 3198 2856; x_wconf 81' lang='lat' dir='ltr'><strong>gemitus</strong></span> <span class='ocrx_word' id='word_1_409' title='bbox 3225 2798 3368 2858; x_wconf 61' lang='lat' dir='ltr'><strong>pne</strong></span> 
     </span>
    </p>
   </div>
   <div class='ocr_carea' id='block_1_58' title="bbox 1742 2874 3367 2953">
    <p class='ocr_par' dir='ltr' id='par_1_58' title="bbox 1742 2874 3367 2953">
     <span class='ocr_line' id='line_1_58' title="bbox 1742 2874 3367 2953; baseline -0.006 -15"><span class='ocrx_word' id='word_1_410' title='bbox 1742 2874 1745 2881; x_wconf 32' lang='grc' dir='ltr'><em>λ</em></span> <span class='ocrx_word' id='word_1_411' title='bbox 1773 2882 1914 2938; x_wconf 88' lang='lat' dir='ltr'><strong>senti</strong></span> <span class='ocrx_word' id='word_1_412' title='bbox 1943 2878 2202 2937; x_wconf 80' lang='lat' dir='ltr'><strong>eﬂ‘udisse</strong></span> <span class='ocrx_word' id='word_1_413' title='bbox 2229 2879 2473 2951; x_wconf 89' lang='lat' dir='ltr'><strong>querela.</strong></span> <span class='ocrx_word' id='word_1_414' title='bbox 2513 2897 2532 2930; x_wconf 75' lang='grc' dir='ltr'>ι</span> <span class='ocrx_word' id='word_1_415' title='bbox 2557 2874 2707 2953; x_wconf 77' lang='lat' dir='ltr'><strong>Heu!</strong></span> <span class='ocrx_word' id='word_1_416' title='bbox 2747 2891 2923 2933; x_wconf 59' lang='lat' dir='ltr'><strong>cacas</strong></span> <span class='ocrx_word' id='word_1_417' title='bbox 2955 2874 3123 2931; x_wconf 88' lang='lat' dir='ltr'><strong>futuri</strong></span> <span class='ocrx_word' id='word_1_418' title='bbox 3153 2881 3367 2930; x_wconf 82' lang='lat' dir='ltr'><strong>mentes</strong></span> 
     </span>
    </p>
   </div>
   <div class='ocr_carea' id='block_1_59' title="bbox 1771 2968 3364 3048">
    <p class='ocr_par' dir='ltr' id='par_1_59' title="bbox 1771 2968 3364 3048">
     <span class='ocr_line' id='line_1_59' title="bbox 1771 2968 3364 3048; baseline -0.006 -18"><span class='ocrx_word' id='word_1_419' title='bbox 1771 2973 2121 3030; x_wconf 84' lang='lat' dir='ltr'><strong>mortalium!</strong></span> <span class='ocrx_word' id='word_1_420' title='bbox 2179 2988 2338 3044; x_wconf 83' lang='lat' dir='ltr'><strong>quas,</strong></span> <span class='ocrx_word' id='word_1_421' title='bbox 2384 2987 2510 3029; x_wconf 90' lang='lat' dir='ltr'><strong>cum</strong></span> <span class='ocrx_word' id='word_1_422' title='bbox 2552 2971 2688 3048; x_wconf 71' lang='lat' dir='ltr'><strong>visae</strong></span> <span class='ocrx_word' id='word_1_423' title='bbox 2733 2970 2837 3027; x_wconf 89' lang='lat' dir='ltr'><strong>sibi</strong></span> <span class='ocrx_word' id='word_1_424' title='bbox 2867 2968 3073 3027; x_wconf 89' lang='lat' dir='ltr'><strong>fuerint</strong></span> <span class='ocrx_word' id='word_1_425' title='bbox 3101 2982 3364 3023; x_wconf 87' lang='lat' dir='ltr'><strong>consum-</strong></span> 
     </span>
    </p>
   </div>
   <div class='ocr_carea' id='block_1_60' title="bbox 1776 3060 3366 3138">
    <p class='ocr_par' dir='ltr' id='par_1_60' title="bbox 1776 3060 3366 3138">
     <span class='ocr_line' id='line_1_60' title="bbox 1776 3060 3366 3138; baseline -0.005 -15"><span class='ocrx_word' id='word_1_426' title='bbox 1776 3082 1979 3135; x_wconf 90' lang='lat' dir='ltr'><strong>masse,</strong></span> <span class='ocrx_word' id='word_1_427' title='bbox 2028 3074 2144 3122; x_wconf 91' lang='lat' dir='ltr'><strong>tum</strong></span> <span class='ocrx_word' id='word_1_428' title='bbox 2180 3065 2248 3122; x_wconf 92' lang='lat' dir='ltr'><strong>de</strong></span> <span class='ocrx_word' id='word_1_429' title='bbox 2298 3065 2509 3138; x_wconf 80' lang='lat' dir='ltr'><strong>integro</strong></span> <span class='ocrx_word' id='word_1_430' title='bbox 2561 3064 2801 3135; x_wconf 91' lang='lat' dir='ltr'><strong>incipere</strong></span> <span class='ocrx_word' id='word_1_431' title='bbox 2850 3071 3085 3135; x_wconf 91' lang='lat' dir='ltr'><strong>oportet.</strong></span> <span class='ocrx_word' id='word_1_432' title='bbox 3138 3060 3366 3116; x_wconf 87' lang='lat' dir='ltr'><strong>Frustra</strong></span> 
     </span>
    </p>
   </div>
   <div class='ocr_carea' id='block_1_61' title="bbox 172 3149 3370 3239">
    <p class='ocr_par' dir='ltr' id='par_1_61' title="bbox 172 3149 3370 3239">
     <span class='ocr_line' id='line_1_61' title="bbox 172 3149 3370 3239; baseline -0.001 -32"><span class='ocrx_word' id='word_1_433' title='bbox 172 3151 481 3239; x_wconf 81' lang='lat' dir='ltr'><strong>Tancredus</strong></span> <span class='ocrx_word' id='word_1_434' title='bbox 519 3156 619 3214; x_wconf 90' lang='lat' dir='ltr'><strong>bis</strong></span> <span class='ocrx_word' id='word_1_435' title='bbox 686 3156 993 3215; x_wconf 87' lang='lat' dir='ltr'><strong>Boamundi</strong></span> <span class='ocrx_word' id='word_1_436' title='bbox 1043 3169 1381 3231; x_wconf 87' lang='lat' dir='ltr'><strong>conquestus</strong></span> <span class='ocrx_word' id='word_1_437' title='bbox 1440 3174 1666 3234; x_wconf 81' lang='lat' dir='ltr'><strong>casum,</strong></span> <span class='ocrx_word' id='word_1_438' title='bbox 1697 3176 1742 3239; x_wconf 68' lang='grc' dir='ltr'><strong><em>ε</em></strong></span> <span class='ocrx_word' id='word_1_439' title='bbox 1775 3156 2097 3229; x_wconf 87' lang='lat' dir='ltr'><strong>prudentia,</strong></span> <span class='ocrx_word' id='word_1_440' title='bbox 2151 3155 2243 3212; x_wconf 90' lang='lat' dir='ltr'><strong>ubi</strong></span> <span class='ocrx_word' id='word_1_441' title='bbox 2293 3154 2478 3211; x_wconf 86' lang='lat' dir='ltr'><strong>invida</strong></span> <span class='ocrx_word' id='word_1_442' title='bbox 2530 3154 2855 3211; x_wconf 82' lang='lat' dir='ltr'><strong>adversatur</strong></span> <span class='ocrx_word' id='word_1_443' title='bbox 2920 3152 3142 3208; x_wconf 88' lang='lat' dir='ltr'><strong>fortuna</strong></span> <span class='ocrx_word' id='word_1_444' title='bbox 3178 3169 3191 3206; x_wconf 91' lang='lat'><strong>:</strong></span> <span class='ocrx_word' id='word_1_445' title='bbox 3224 3149 3370 3206; x_wconf 90' lang='lat' dir='ltr'><strong>sicut</strong></span> 
     </span>
    </p>
   </div>
   <div class='ocr_carea' id='block_1_62' title="bbox 122 3238 1668 3324">
    <p class='ocr_par' dir='ltr' id='par_1_62' title="bbox 122 3238 1668 3324">
     <span class='ocr_line' id='line_1_62' title="bbox 122 3238 1668 3324; baseline 0.005 -25"><span class='ocrx_word' id='word_1_446' title='bbox 122 3243 259 3301; x_wconf 77' lang='lat' dir='ltr'><strong>Alexii</strong></span> <span class='ocrx_word' id='word_1_447' title='bbox 289 3238 498 3319; x_wconf 83' lang='lat' dir='ltr'><strong>tegnas,</strong></span> <span class='ocrx_word' id='word_1_448' title='bbox 550 3248 749 3311; x_wconf 67' lang='lat' dir='ltr'><strong>Gallia:</strong></span> <span class='ocrx_word' id='word_1_449' title='bbox 789 3250 1020 3322; x_wconf 87' lang='lat' dir='ltr'><strong>iugum;</strong></span> <span class='ocrx_word' id='word_1_450' title='bbox 1067 3252 1172 3308; x_wconf 90' lang='lat' dir='ltr'><strong>hoc</strong></span> <span class='ocrx_word' id='word_1_451' title='bbox 1212 3251 1470 3324; x_wconf 74' lang='lat' dir='ltr'><strong>effugere,</strong></span> <span class='ocrx_word' id='word_1_452' title='bbox 1514 3251 1668 3307; x_wconf 91' lang='lat' dir='ltr'><strong>illum</strong></span> 
     </span>
    </p>
   </div>
   <div class='ocr_carea' id='block_1_63' title="bbox 121 3334 1670 3425">
    <p class='ocr_par' dir='ltr' id='par_1_63' title="bbox 121 3334 1670 3425">
     <span class='ocr_line' id='line_1_63' title="bbox 121 3334 1670 3425; baseline 0.006 -36"><span class='ocrx_word' id='word_1_453' title='bbox 121 3334 277 3425; x_wconf 75' lang='lat' dir='ltr'><strong>solari,</strong></span> <span class='ocrx_word' id='word_1_454' title='bbox 288 3338 409 3394; x_wconf 81' lang='lat' dir='ltr'><strong>illas</strong></span> <span class='ocrx_word' id='word_1_455' title='bbox 442 3340 652 3410; x_wconf 78' lang='lat' dir='ltr'><strong>punire</strong></span> <span class='ocrx_word' id='word_1_456' title='bbox 676 3338 952 3412; x_wconf 82' lang='lat' dir='ltr'><strong>sapienter</strong></span> <span class='ocrx_word' id='word_1_457' title='bbox 974 3341 1239 3398; x_wconf 89' lang='lat' dir='ltr'><strong>decernit.</strong></span> <span class='ocrx_word' id='word_1_458' title='bbox 1275 3340 1670 3399; x_wconf 88' lang='lat' dir='ltr'><strong>Constantino-</strong></span> 
     </span>
    </p>
   </div>
   <div class='ocr_carea' id='block_1_64' title="bbox 119 3427 1671 3503">
    <p class='ocr_par' dir='ltr' id='par_1_64' title="bbox 119 3427 1671 3503">
     <span class='ocr_line' id='line_1_64' title="bbox 119 3427 1671 3503; baseline 0.006 -18"><span class='ocrx_word' id='word_1_459' title='bbox 119 3427 252 3497; x_wconf 81' lang='lat' dir='ltr'><strong>polita</strong></span> <span class='ocrx_word' id='word_1_460' title='bbox 288 3431 451 3503; x_wconf 82' lang='lat' dir='ltr'><strong>igitur</strong></span> <span class='ocrx_word' id='word_1_461' title='bbox 482 3432 738 3502; x_wconf 81' lang='lat' dir='ltr'><strong>veniens,</strong></span> <span class='ocrx_word' id='word_1_462' title='bbox 780 3449 891 3491; x_wconf 90' lang='lat' dir='ltr'><strong>non</strong></span> <span class='ocrx_word' id='word_1_463' title='bbox 934 3435 1079 3493; x_wconf 90' lang='lat' dir='ltr'><strong>sicut</strong></span> <span class='ocrx_word' id='word_1_464' title='bbox 1103 3436 1283 3493; x_wconf 64' lang='lat' dir='ltr'><strong>caueri</strong></span> <span class='ocrx_word' id='word_1_465' title='bbox 1324 3435 1562 3493; x_wconf 89' lang='lat' dir='ltr'><strong>declinat</strong></span> <span class='ocrx_word' id='word_1_466' title='bbox 1602 3438 1671 3495; x_wconf 90' lang='lat' dir='ltr'><strong>ad</strong></span> 
     </span>
    </p>
   </div>
   <div class='ocr_carea' id='block_1_65' title="bbox 119 3526 1670 3601">
    <p class='ocr_par' dir='ltr' id='par_1_65' title="bbox 119 3526 1670 3601">
     <span class='ocr_line' id='line_1_65' title="bbox 119 3526 1670 3601; baseline 0.008 -25"><span class='ocrx_word' id='word_1_467' title='bbox 119 3535 283 3592; x_wconf 86' lang='lat' dir='ltr'><strong>regem,</strong></span> <span class='ocrx_word' id='word_1_468' title='bbox 314 3540 422 3581; x_wconf 88' lang='lat' dir='ltr'><strong>non</strong></span> <span class='ocrx_word' id='word_1_469' title='bbox 467 3526 715 3583; x_wconf 87' lang='lat' dir='ltr'><strong>classica</strong></span> <span class='ocrx_word' id='word_1_470' title='bbox 764 3528 1067 3599; x_wconf 73' lang='lat' dir='ltr'><strong>praemittit,</strong></span> <span class='ocrx_word' id='word_1_471' title='bbox 1109 3544 1219 3585; x_wconf 90' lang='lat' dir='ltr'><strong>non</strong></span> <span class='ocrx_word' id='word_1_472' title='bbox 1264 3529 1394 3586; x_wconf 89' lang='lat' dir='ltr'><strong>tuba</strong></span> <span class='ocrx_word' id='word_1_473' title='bbox 1436 3530 1670 3601; x_wconf 90' lang='lat' dir='ltr'><strong>intonat,</strong></span> 
     </span>
    </p>
   </div>
   <div class='ocr_carea' id='block_1_66' title="bbox 118 3609 1672 3697">
    <p class='ocr_par' dir='ltr' id='par_1_66' title="bbox 118 3609 1672 3697">
     <span class='ocr_line' id='line_1_66' title="bbox 118 3609 1672 3697; baseline 0.008 -26"><span class='ocrx_word' id='word_1_474' title='bbox 118 3609 229 3670; x_wconf 81' lang='lat' dir='ltr'><strong>clam</strong></span> <span class='ocrx_word' id='word_1_475' title='bbox 248 3617 456 3674; x_wconf 82' lang='lat' dir='ltr'><strong>transit.</strong></span> <span class='ocrx_word' id='word_1_476' title='bbox 484 3615 636 3675; x_wconf 86' lang='lat' dir='ltr'><strong>Nam</strong></span> <span class='ocrx_word' id='word_1_477' title='bbox 660 3627 825 3676; x_wconf 80' lang='lat' dir='ltr'><strong>exuto</strong></span> <span class='ocrx_word' id='word_1_478' title='bbox 845 3619 1020 3678; x_wconf 85' lang='lat' dir='ltr'><strong>milite</strong></span> <span class='ocrx_word' id='word_1_479' title='bbox 1040 3620 1274 3694; x_wconf 88' lang='lat' dir='ltr'><strong>peditem</strong></span> <span class='ocrx_word' id='word_1_480' title='bbox 1305 3622 1511 3693; x_wconf 90' lang='lat' dir='ltr'><strong>induit;</strong></span> <span class='ocrx_word' id='word_1_481' title='bbox 1540 3641 1672 3697; x_wconf 88' lang='lat' dir='ltr'><strong>qua-</strong></span> 
     </span>
    </p>
   </div>
   <div class='ocr_carea' id='block_1_67' title="bbox 116 3709 1670 3793">
    <p class='ocr_par' dir='ltr' id='par_1_67' title="bbox 116 3709 1670 3793">
     <span class='ocr_line' id='line_1_67' title="bbox 116 3709 1670 3793; baseline 0.01 -34"><span class='ocrx_word' id='word_1_482' title='bbox 116 3711 247 3762; x_wconf 83' lang='lat' dir='ltr'><strong>tenus</strong></span> <span class='ocrx_word' id='word_1_483' title='bbox 294 3710 460 3767; x_wconf 80' lang='lat' dir='ltr'><strong>vestis</strong></span> <span class='ocrx_word' id='word_1_484' title='bbox 536 3709 753 3768; x_wconf 85' lang='lat' dir='ltr'><strong>rustica</strong></span> <span class='ocrx_word' id='word_1_485' title='bbox 823 3711 957 3769; x_wconf 86' lang='lat' dir='ltr'><strong>dum</strong></span> <span class='ocrx_word' id='word_1_486' title='bbox 1007 3711 1349 3771; x_wconf 79' lang='lat' dir='ltr'><strong>Tancredum</strong></span> <span class='ocrx_word' id='word_1_487' title='bbox 1426 3724 1633 3793; x_wconf 77' lang='lat' dir='ltr'><strong>tegeret</strong></span> <span class='ocrx_word' id='word_1_488' title='bbox 1654 3761 1670 3787; x_wconf 93' lang='lat'><strong>,</strong></span> 
     </span>
    </p>
   </div>
   <div class='ocr_carea' id='block_1_68' title="bbox 116 3794 1674 3881">
    <p class='ocr_par' dir='ltr' id='par_1_68' title="bbox 116 3794 1674 3881">
     <span class='ocr_line' id='line_1_68' title="bbox 116 3794 1674 3881; baseline 0.011 -30"><span class='ocrx_word' id='word_1_489' title='bbox 116 3794 323 3856; x_wconf 73' lang='lat' dir='ltr'><strong>Alexium</strong></span> <span class='ocrx_word' id='word_1_490' title='bbox 350 3799 593 3860; x_wconf 86' lang='lat' dir='ltr'><strong>falleret.</strong></span> <span class='ocrx_word' id='word_1_491' title='bbox 622 3801 814 3876; x_wconf 85' lang='lat' dir='ltr'><strong>Itaque</strong></span> <span class='ocrx_word' id='word_1_492' title='bbox 829 3805 1016 3874; x_wconf 86' lang='lat' dir='ltr'><strong>naulo,</strong></span> <span class='ocrx_word' id='word_1_493' title='bbox 1039 3808 1263 3881; x_wconf 84' lang='lat' dir='ltr'><strong>remige,</strong></span> <span class='ocrx_word' id='word_1_494' title='bbox 1285 3809 1457 3865; x_wconf 83' lang='lat' dir='ltr'><strong>borea</strong></span> <span class='ocrx_word' id='word_1_495' title='bbox 1491 3811 1674 3869; x_wconf 83' lang='lat' dir='ltr'><strong>velum</strong></span> 
     </span>
    </p>
   </div>
   <div class='ocr_carea' id='block_1_69' title="bbox 117 3889 1673 3968">
    <p class='ocr_par' dir='ltr' id='par_1_69' title="bbox 117 3889 1673 3968">
     <span class='ocr_line' id='line_1_69' title="bbox 117 3889 1673 3968; baseline 0.009 -26"><span class='ocrx_word' id='word_1_496' title='bbox 117 3889 417 3961; x_wconf 79' lang='lat' dir='ltr'><strong>urgentibus,</strong></span> <span class='ocrx_word' id='word_1_497' title='bbox 444 3892 659 3966; x_wconf 79' lang='lat' dir='ltr'><strong>refugit</strong></span> <span class='ocrx_word' id='word_1_498' title='bbox 687 3910 718 3951; x_wconf 91' lang='lat' dir='ltr'><strong>a</strong></span> <span class='ocrx_word' id='word_1_499' title='bbox 745 3904 900 3967; x_wconf 83' lang='lat' dir='ltr'><strong>tergo</strong></span> <span class='ocrx_word' id='word_1_500' title='bbox 925 3893 1167 3968; x_wconf 77' lang='lat' dir='ltr'><strong>Europa,</strong></span> <span class='ocrx_word' id='word_1_501' title='bbox 1191 3898 1321 3954; x_wconf 80' lang='lat' dir='ltr'><strong>Asia</strong></span> <span class='ocrx_word' id='word_1_502' title='bbox 1358 3898 1673 3956; x_wconf 88' lang='lat' dir='ltr'><strong>festinanti-</strong></span> 
     </span>
    </p>
   </div>
   <div class='ocr_carea' id='block_1_70' title="bbox 117 3970 1676 4051">
    <p class='ocr_par' dir='ltr' id='par_1_70' title="bbox 117 3970 1676 4051">
     <span class='ocr_line' id='line_1_70' title="bbox 117 3970 1676 4051; baseline 0.01 -16"><span class='ocrx_word' id='word_1_503' title='bbox 117 3976 198 4037; x_wconf 83' lang='lat' dir='ltr'><strong>bus</strong></span> <span class='ocrx_word' id='word_1_504' title='bbox 221 3983 469 4041; x_wconf 92' lang='lat' dir='ltr'><strong>occurrit.</strong></span> <span class='ocrx_word' id='word_1_505' title='bbox 503 3984 890 4043; x_wconf 84' lang='lat' dir='ltr'><strong>Wiscardidcs</strong></span> <span class='ocrx_word' id='word_1_506' title='bbox 908 3986 1129 4045; x_wconf 89' lang='lat' dir='ltr'><strong>interim</strong></span> <span class='ocrx_word' id='word_1_507' title='bbox 1154 3970 1451 4051; x_wconf 28' lang='lat' dir='ltr'><strong>nautasrad</strong></span> <span class='ocrx_word' id='word_1_508' title='bbox 1492 4008 1676 4050; x_wconf 90' lang='lat' dir='ltr'><strong>remos</strong></span> 
     </span>
    </p>
   </div>
   <div class='ocr_carea' id='block_1_71' title="bbox 114 4068 1677 4152">
    <p class='ocr_par' dir='ltr' id='par_1_71' title="bbox 114 4068 1677 4152">
     <span class='ocr_line' id='line_1_71' title="bbox 114 4068 1677 4152; baseline 0.01 -25"><span class='ocrx_word' id='word_1_509' title='bbox 114 4068 293 4144; x_wconf 77' lang='lat' dir='ltr'><strong>invitat,</strong></span> <span class='ocrx_word' id='word_1_510' title='bbox 320 4085 374 4134; x_wconf 86' lang='lat' dir='ltr'><strong>et</strong></span> <span class='ocrx_word' id='word_1_511' title='bbox 409 4078 532 4150; x_wconf 84' lang='lat' dir='ltr'><strong>ipse</strong></span> <span class='ocrx_word' id='word_1_512' title='bbox 577 4094 734 4137; x_wconf 89' lang='lat' dir='ltr'><strong>remo</strong></span> <span class='ocrx_word' id='word_1_513' title='bbox 767 4077 1104 4152; x_wconf 82' lang='lat' dir='ltr'><strong>Hellesponti</strong></span> <span class='ocrx_word' id='word_1_514' title='bbox 1127 4092 1311 4141; x_wconf 85' lang='lat' dir='ltr'><strong>versat</strong></span> <span class='ocrx_word' id='word_1_515' title='bbox 1334 4084 1538 4141; x_wconf 86' lang='lat' dir='ltr'><strong>ccrula.</strong></span> <span class='ocrx_word' id='word_1_516' title='bbox 1564 4083 1677 4143; x_wconf 88' lang='lat' dir='ltr'><strong>Nec</strong></span> 
     </span>
    </p>
   </div>
   <div class='ocr_carea' id='block_1_72' title="bbox 115 4160 1675 4245">
    <p class='ocr_par' dir='ltr' id='par_1_72' title="bbox 115 4160 1675 4245">
     <span class='ocr_line' id='line_1_72' title="bbox 115 4160 1675 4245; baseline 0.009 -25"><span class='ocrx_word' id='word_1_517' title='bbox 115 4177 241 4223; x_wconf 88' lang='lat' dir='ltr'><strong>mora</strong></span> <span class='ocrx_word' id='word_1_518' title='bbox 258 4169 453 4241; x_wconf 82' lang='lat' dir='ltr'><strong>puppis</strong></span> <span class='ocrx_word' id='word_1_519' title='bbox 486 4160 682 4244; x_wconf 77' lang='lat' dir='ltr'><strong>optato</strong></span> <span class='ocrx_word' id='word_1_520' title='bbox 700 4171 948 4245; x_wconf 83' lang='lat' dir='ltr'><strong>infigitur</strong></span> <span class='ocrx_word' id='word_1_521' title='bbox 964 4173 1134 4234; x_wconf 87' lang='lat' dir='ltr'><strong>littori</strong></span> <span class='ocrx_word' id='word_1_522' title='bbox 1169 4175 1548 4233; x_wconf 79' lang='lat' dir='ltr'><strong>festinantium</strong></span> <span class='ocrx_word' id='word_1_523' title='bbox 1574 4195 1675 4234; x_wconf 92' lang='lat' dir='ltr'><strong>vo-</strong></span> 
     </span>
    </p>
   </div>
   <div class='ocr_carea' id='block_1_73' title="bbox 116 4260 1678 4345">
    <p class='ocr_par' dir='ltr' id='par_1_73' title="bbox 116 4260 1678 4345">
     <span class='ocr_line' id='line_1_73' title="bbox 116 4260 1678 4345; baseline 0.01 -31"><span class='ocrx_word' id='word_1_524' title='bbox 116 4260 171 4318; x_wconf 84' lang='lat' dir='ltr'><strong>tis</strong></span> <span class='ocrx_word' id='word_1_525' title='bbox 188 4262 436 4323; x_wconf 83' lang='lat' dir='ltr'><strong>brevitate</strong></span> <span class='ocrx_word' id='word_1_526' title='bbox 461 4266 685 4327; x_wconf 86' lang='lat' dir='ltr'><strong>itineris</strong></span> <span class='ocrx_word' id='word_1_527' title='bbox 706 4266 1060 4343; x_wconf 77' lang='lat' dir='ltr'><strong>suffragante.</strong></span> <span class='ocrx_word' id='word_1_528' title='bbox 1102 4270 1305 4326; x_wconf 81' lang='lat' dir='ltr'><strong>Asiana</strong></span> <span class='ocrx_word' id='word_1_529' title='bbox 1337 4272 1504 4345; x_wconf 86' lang='lat' dir='ltr'><strong>igitur</strong></span> <span class='ocrx_word' id='word_1_530' title='bbox 1528 4273 1678 4344; x_wconf 79' lang='lat' dir='ltr'><strong>poti-</strong></span> 
     </span>
    </p>
   </div>
   <div class='ocr_carea' id='block_1_74' title="bbox 114 4357 1679 4436">
    <p class='ocr_par' dir='ltr' id='par_1_74' title="bbox 114 4357 1679 4436">
     <span class='ocr_line' id='line_1_74' title="bbox 114 4357 1679 4436; baseline 0.008 -26"><span class='ocrx_word' id='word_1_531' title='bbox 114 4359 186 4410; x_wconf 83' lang='lat' dir='ltr'><strong>tus</strong></span> <span class='ocrx_word' id='word_1_532' title='bbox 205 4370 381 4428; x_wconf 69' lang='lat' dir='ltr'><strong>arma,</strong></span> <span class='ocrx_word' id='word_1_533' title='bbox 431 4357 702 4416; x_wconf 77' lang='lat' dir='ltr'><strong>Marebisi</strong></span> <span class='ocrx_word' id='word_1_534' title='bbox 761 4359 908 4420; x_wconf 83' lang='lat' dir='ltr'><strong>filius</strong></span> <span class='ocrx_word' id='word_1_535' title='bbox 937 4360 1186 4418; x_wconf 87' lang='lat' dir='ltr'><strong>habitum</strong></span> <span class='ocrx_word' id='word_1_536' title='bbox 1234 4379 1544 4436; x_wconf 79' lang='lat' dir='ltr'><strong>nomenque</strong></span> <span class='ocrx_word' id='word_1_537' title='bbox 1592 4382 1679 4423; x_wconf 76' lang='lat' dir='ltr'><strong>re-</strong></span> 
     </span>
    </p>
   </div>
   <div class='ocr_carea' id='block_1_75' title="bbox 1750 3241 3353 3318">
    <p class='ocr_par' dir='ltr' id='par_1_75' title="bbox 1750 3241 3353 3318">
     <span class='ocr_line' id='line_1_75' title="bbox 1750 3241 3353 3318; baseline -0.006 -11"><span class='ocrx_word' id='word_1_538' title='bbox 1750 3258 1962 3308; x_wconf 80' lang='lat' dir='ltr'><strong>‘contra</strong></span> <span class='ocrx_word' id='word_1_539' title='bbox 1986 3268 2002 3318; x_wconf 89' lang='lat'><strong>;</strong></span> <span class='ocrx_word' id='word_1_540' title='bbox 2030 3249 2119 3305; x_wconf 91' lang='lat' dir='ltr'><strong>cui</strong></span> <span class='ocrx_word' id='word_1_541' title='bbox 2154 3247 2383 3304; x_wconf 89' lang='lat' dir='ltr'><strong>numina</strong></span> <span class='ocrx_word' id='word_1_542' title='bbox 2414 3244 2619 3315; x_wconf 89' lang='lat' dir='ltr'><strong>favent,</strong></span> <span class='ocrx_word' id='word_1_543' title='bbox 2649 3245 2858 3302; x_wconf 89' lang='lat' dir='ltr'><strong>frustra</strong></span> <span class='ocrx_word' id='word_1_544' title='bbox 2891 3244 3193 3301; x_wconf 88' lang='lat' dir='ltr'><strong>adversari.</strong></span> <span class='ocrx_word' id='word_1_545' title='bbox 3224 3241 3353 3298; x_wconf 84' lang='lat' dir='ltr'><strong>Pro-</strong></span> 
     </span>
    </p>
   </div>
   <div class='ocr_carea' id='block_1_76' title="bbox 1745 3334 3368 3411">
    <p class='ocr_par' dir='ltr' id='par_1_76' title="bbox 1745 3334 3368 3411">
     <span class='ocr_line' id='line_1_76' title="bbox 1745 3334 3368 3411; baseline -0.005 -13"><span class='ocrx_word' id='word_1_546' title='bbox 1745 3340 1949 3398; x_wconf 67' lang='lat' dir='ltr'><strong>&#39;visum</strong></span> <span class='ocrx_word' id='word_1_547' title='bbox 1986 3341 2120 3399; x_wconf 90' lang='lat' dir='ltr'><strong>satis</strong></span> <span class='ocrx_word' id='word_1_548' title='bbox 2158 3340 2293 3395; x_wconf 91' lang='lat' dir='ltr'><strong>mibi</strong></span> <span class='ocrx_word' id='word_1_549' title='bbox 2321 3355 2443 3396; x_wconf 90' lang='lat' dir='ltr'><strong>esse</strong></span> <span class='ocrx_word' id='word_1_550' title='bbox 2486 3346 2830 3411; x_wconf 88' lang='lat' dir='ltr'><strong>putaveram,</strong></span> <span class='ocrx_word' id='word_1_551' title='bbox 2861 3336 3108 3407; x_wconf 86' lang='lat' dir='ltr'><strong>nihilque</strong></span> <span class='ocrx_word' id='word_1_552' title='bbox 3128 3334 3236 3391; x_wconf 90' lang='lat' dir='ltr'><strong>loci</strong></span> <span class='ocrx_word' id='word_1_553' title='bbox 3276 3349 3368 3390; x_wconf 89' lang='lat' dir='ltr'><strong>se-</strong></span> 
     </span>
    </p>
   </div>
   <div class='ocr_carea' id='block_1_77' title="bbox 1748 3427 3366 3507">
    <p class='ocr_par' dir='ltr' id='par_1_77' title="bbox 1748 3427 3366 3507">
     <span class='ocr_line' id='line_1_77' title="bbox 1748 3427 3366 3507; baseline -0.007 -17"><span class='ocrx_word' id='word_1_554' title='bbox 1748 3435 1943 3507; x_wconf 77' lang='lat' dir='ltr'><strong>gnitie</strong></span> <span class='ocrx_word' id='word_1_555' title='bbox 1966 3448 2145 3505; x_wconf 90' lang='lat' dir='ltr'><strong>neque</strong></span> <span class='ocrx_word' id='word_1_556' title='bbox 2170 3431 2438 3490; x_wconf 70' lang='lat' dir='ltr'><strong>socordia:</strong></span> <span class='ocrx_word' id='word_1_557' title='bbox 2466 3430 2739 3488; x_wconf 89' lang='lat' dir='ltr'><strong>relictum.</strong></span> <span class='ocrx_word' id='word_1_558' title='bbox 2776 3427 3003 3487; x_wconf 81' lang='lat' dir='ltr'><strong>Munera</strong></span> <span class='ocrx_word' id='word_1_559' title='bbox 3029 3440 3366 3507; x_wconf 76' lang='lat' dir='ltr'><strong>spreverant,</strong></span> 
     </span>
    </p>
   </div>
   <div class='ocr_carea' id='block_1_78' title="bbox 1752 3518 3368 3601">
    <p class='ocr_par' dir='ltr' id='par_1_78' title="bbox 1752 3518 3368 3601">
     <span class='ocr_line' id='line_1_78' title="bbox 1752 3518 3368 3601; baseline -0.007 -18"><span class='ocrx_word' id='word_1_560' title='bbox 1752 3526 1927 3583; x_wconf 90' lang='lat' dir='ltr'><strong>solus</strong></span> <span class='ocrx_word' id='word_1_561' title='bbox 1954 3523 2297 3597; x_wconf 88' lang='lat' dir='ltr'><strong>aufugeram,</strong></span> <span class='ocrx_word' id='word_1_562' title='bbox 2334 3521 2631 3581; x_wconf 72' lang='lat' dir='ltr'><strong>fefellerant</strong></span> <span class='ocrx_word' id='word_1_563' title='bbox 2660 3520 2942 3601; x_wconf 82' lang='lat' dir='ltr'><strong>excubias,</strong></span> <span class='ocrx_word' id='word_1_564' title='bbox 2968 3534 3251 3575; x_wconf 88' lang='lat' dir='ltr'><strong>evaseram</strong></span> <span class='ocrx_word' id='word_1_565' title='bbox 3280 3518 3368 3573; x_wconf 89' lang='lat' dir='ltr'><strong>in-</strong></span> 
     </span>
    </p>
   </div>
   <div class='ocr_carea' id='block_1_79' title="bbox 1752 3609 3371 3688">
    <p class='ocr_par' dir='ltr' id='par_1_79' title="bbox 1752 3609 3371 3688">
     <span class='ocr_line' id='line_1_79' title="bbox 1752 3609 3371 3688; baseline -0.006 -15"><span class='ocrx_word' id='word_1_566' title='bbox 1752 3617 1967 3686; x_wconf 58' lang='lat' dir='ltr'><strong>‘sidias,</strong></span> <span class='ocrx_word' id='word_1_567' title='bbox 1994 3615 2140 3688; x_wconf 87' lang='lat' dir='ltr'><strong>quod</strong></span> <span class='ocrx_word' id='word_1_568' title='bbox 2172 3614 2263 3670; x_wconf 85' lang='lat' dir='ltr'><strong>vix</strong></span> <span class='ocrx_word' id='word_1_569' title='bbox 2298 3613 2570 3683; x_wconf 81' lang='lat' dir='ltr'><strong>affectare,</strong></span> <span class='ocrx_word' id='word_1_570' title='bbox 2602 3612 2738 3670; x_wconf 87' lang='lat' dir='ltr'><strong>mihi</strong></span> <span class='ocrx_word' id='word_1_571' title='bbox 2767 3610 2948 3667; x_wconf 88' lang='lat' dir='ltr'><strong>fuerat</strong></span> <span class='ocrx_word' id='word_1_572' title='bbox 2985 3609 3197 3669; x_wconf 69' lang='lat' dir='ltr'><strong>edicere</strong></span> <span class='ocrx_word' id='word_1_573' title='bbox 3233 3623 3371 3666; x_wconf 58' lang='lat' dir='ltr'><strong>con-</strong></span> 
     </span>
    </p>
   </div>
   <div class='ocr_carea' id='block_1_80' title="bbox 1773 3699 3373 3778">
    <p class='ocr_par' dir='ltr' id='par_1_80' title="bbox 1773 3699 3373 3778">
     <span class='ocr_line' id='line_1_80' title="bbox 1773 3699 3373 3778; baseline -0.008 -12"><span class='ocrx_word' id='word_1_574' title='bbox 1773 3723 2013 3767; x_wconf 88' lang='lat' dir='ltr'><strong>cessum.</strong></span> <span class='ocrx_word' id='word_1_575' title='bbox 2039 3706 2220 3764; x_wconf 78' lang='lat' dir='ltr'><strong>Probl</strong></span> <span class='ocrx_word' id='word_1_576' title='bbox 2250 3713 2521 3778; x_wconf 87' lang='lat' dir='ltr'><strong>quantum</strong></span> <span class='ocrx_word' id='word_1_577' title='bbox 2573 3711 2694 3761; x_wconf 89' lang='lat' dir='ltr'><strong>erat</strong></span> <span class='ocrx_word' id='word_1_578' title='bbox 2738 3702 2971 3759; x_wconf 85' lang='lat' dir='ltr'><strong>hostem</strong></span> <span class='ocrx_word' id='word_1_579' title='bbox 3002 3715 3100 3774; x_wconf 90' lang='lat' dir='ltr'><strong>per</strong></span> <span class='ocrx_word' id='word_1_580' title='bbox 3140 3699 3373 3771; x_wconf 74' lang='lat' dir='ltr'><strong>laqueos</strong></span> 
     </span>
    </p>
   </div>
   <div class='ocr_carea' id='block_1_81' title="bbox 1771 3789 3373 3867">
    <p class='ocr_par' dir='ltr' id='par_1_81' title="bbox 1771 3789 3373 3867">
     <span class='ocr_line' id='line_1_81' title="bbox 1771 3789 3373 3867; baseline -0.007 -11"><span class='ocrx_word' id='word_1_581' title='bbox 1771 3800 2005 3857; x_wconf 67' lang='lat' dir='ltr'><strong>illaesum</strong></span> <span class='ocrx_word' id='word_1_582' title='bbox 2052 3797 2341 3865; x_wconf 81' lang='lat' dir='ltr'><strong>transisse,</strong></span> <span class='ocrx_word' id='word_1_583' title='bbox 2388 3810 2530 3867; x_wconf 89' lang='lat' dir='ltr'><strong>quos</strong></span> <span class='ocrx_word' id='word_1_584' title='bbox 2574 3793 2742 3851; x_wconf 90' lang='lat' dir='ltr'><strong>etiam</strong></span> <span class='ocrx_word' id='word_1_585' title='bbox 2780 3790 3095 3867; x_wconf 86' lang='lat' dir='ltr'><strong>insontibus</strong></span> <span class='ocrx_word' id='word_1_586' title='bbox 3139 3789 3373 3861; x_wconf 85' lang='lat' dir='ltr'><strong>evadere</strong></span> 
     </span>
    </p>
   </div>
   <div class='ocr_carea' id='block_1_82' title="bbox 1777 3880 3374 3949">
    <p class='ocr_par' dir='ltr' id='par_1_82' title="bbox 1777 3880 3374 3949">
     <span class='ocr_line' id='line_1_82' title="bbox 1777 3880 3374 3949; baseline -0.009 -2"><span class='ocrx_word' id='word_1_587' title='bbox 1777 3906 1887 3947; x_wconf 91' lang='lat' dir='ltr'><strong>non</strong></span> <span class='ocrx_word' id='word_1_588' title='bbox 1916 3890 2042 3946; x_wconf 89' lang='lat' dir='ltr'><strong>licet</strong></span> <span class='ocrx_word' id='word_1_589' title='bbox 2082 3887 2304 3945; x_wconf 64' lang='lat' dir='ltr'><strong>illaesis?</strong></span> <span class='ocrx_word' id='word_1_590' title='bbox 2338 3885 2596 3944; x_wconf 78' lang='lat' dir='ltr'><strong>Videram</strong></span> <span class='ocrx_word' id='word_1_591' title='bbox 2638 3884 2791 3940; x_wconf 88' lang='lat' dir='ltr'><strong>viros</strong></span> <span class='ocrx_word' id='word_1_592' title='bbox 2832 3881 3069 3949; x_wconf 89' lang='lat' dir='ltr'><strong>nobiles,</strong></span> <span class='ocrx_word' id='word_1_593' title='bbox 3105 3880 3242 3936; x_wconf 90' lang='lat' dir='ltr'><strong>alios</strong></span> <span class='ocrx_word' id='word_1_594' title='bbox 3268 3880 3374 3935; x_wconf 89' lang='lat' dir='ltr'><strong>du-</strong></span> 
     </span>
    </p>
   </div>
   <div class='ocr_carea' id='block_1_83' title="bbox 1777 3971 3376 4063">
    <p class='ocr_par' dir='ltr' id='par_1_83' title="bbox 1777 3971 3376 4063">
     <span class='ocr_line' id='line_1_83' title="bbox 1777 3971 3376 4063; baseline -0.009 -22"><span class='ocrx_word' id='word_1_595' title='bbox 1777 4000 1927 4053; x_wconf 91' lang='lat' dir='ltr'><strong>cum,</strong></span> <span class='ocrx_word' id='word_1_596' title='bbox 1957 3983 2095 4041; x_wconf 90' lang='lat' dir='ltr'><strong>alios</strong></span> <span class='ocrx_word' id='word_1_597' title='bbox 2122 3994 2312 4054; x_wconf 88' lang='lat' dir='ltr'><strong>regum</strong></span> <span class='ocrx_word' id='word_1_598' title='bbox 2347 3979 2662 4057; x_wconf 79' lang='lat' dir='ltr'><strong>progeniem</strong></span> <span class='ocrx_word' id='word_1_599' title='bbox 2690 3976 2943 4031; x_wconf 81' lang='lat' dir='ltr'><strong>ultronea</strong></span> <span class='ocrx_word' id='word_1_600' title='bbox 2975 3989 3142 4046; x_wconf 85' lang='lat' dir='ltr'><strong>regna</strong></span> <span class='ocrx_word' id='word_1_601' title='bbox 3179 3971 3376 4063; x_wconf 76' lang='lat' dir='ltr'><strong>exsilio</strong></span> 
     </span>
    </p>
   </div>
   <div class='ocr_carea' id='block_1_84' title="bbox 1753 4065 3376 4145">
    <p class='ocr_par' dir='ltr' id='par_1_84' title="bbox 1753 4065 3376 4145">
     <span class='ocr_line' id='line_1_84' title="bbox 1753 4065 3376 4145; baseline -0.01 -10"><span class='ocrx_word' id='word_1_602' title='bbox 1753 4075 2044 4145; x_wconf 48' lang='lat' dir='ltr'><strong>‘mutassc,</strong></span> <span class='ocrx_word' id='word_1_603' title='bbox 2094 4075 2313 4131; x_wconf 85' lang='lat' dir='ltr'><strong>venisse</strong></span> <span class='ocrx_word' id='word_1_604' title='bbox 2348 4070 2638 4144; x_wconf 80' lang='lat' dir='ltr'><strong>paciﬁcos,</strong></span> <span class='ocrx_word' id='word_1_605' title='bbox 2699 4069 2821 4129; x_wconf 88' lang='lat' dir='ltr'><strong>loca</strong></span> <span class='ocrx_word' id='word_1_606' title='bbox 2871 4065 3153 4136; x_wconf 88' lang='lat' dir='ltr'><strong>immania,</strong></span> <span class='ocrx_word' id='word_1_607' title='bbox 3205 4080 3376 4137; x_wconf 85' lang='lat' dir='ltr'><strong>regna</strong></span> 
     </span>
    </p>
   </div>
   <div class='ocr_carea' id='block_1_85' title="bbox 1754 4154 3377 4241">
    <p class='ocr_par' dir='ltr' id='par_1_85' title="bbox 1754 4154 3377 4241">
     <span class='ocr_line' id='line_1_85' title="bbox 1754 4154 3377 4241; baseline -0.011 -16"><span class='ocrx_word' id='word_1_608' title='bbox 1754 4167 2014 4225; x_wconf 82' lang='lat' dir='ltr'><strong>barbara</strong></span> <span class='ocrx_word' id='word_1_609' title='bbox 2046 4165 2392 4223; x_wconf 87' lang='lat' dir='ltr'><strong>venientibus</strong></span> <span class='ocrx_word' id='word_1_610' title='bbox 2437 4160 2768 4241; x_wconf 86' lang='lat' dir='ltr'><strong>inclinasse;</strong></span> <span class='ocrx_word' id='word_1_611' title='bbox 2814 4174 2926 4215; x_wconf 88' lang='lat' dir='ltr'><strong>non</strong></span> <span class='ocrx_word' id='word_1_612' title='bbox 2967 4166 3171 4213; x_wconf 65' lang='lat' dir='ltr'><strong>terran</strong></span> <span class='ocrx_word' id='word_1_613' title='bbox 3202 4154 3377 4215; x_wconf 85' lang='lat' dir='ltr'><strong>obsti-</strong></span> 
     </span>
    </p>
   </div>
   <div class='ocr_carea' id='block_1_86' title="bbox 1758 4246 3374 4341">
    <p class='ocr_par' dir='ltr' id='par_1_86' title="bbox 1758 4246 3374 4341">
     <span class='ocr_line' id='line_1_86' title="bbox 1758 4246 3374 4341; baseline -0.01 -24"><span class='ocrx_word' id='word_1_614' title='bbox 1758 4259 1934 4329; x_wconf 70' lang='lat' dir='ltr'><strong>tisse,</strong></span> <span class='ocrx_word' id='word_1_615' title='bbox 1965 4274 2076 4317; x_wconf 93' lang='lat' dir='ltr'><strong>non</strong></span> <span class='ocrx_word' id='word_1_616' title='bbox 2122 4257 2367 4341; x_wconf 81' lang='lat' dir='ltr'><strong>pelagus.</strong></span> <span class='ocrx_word' id='word_1_617' title='bbox 2413 4256 2483 4317; x_wconf 83' lang='lat' dir='ltr'><strong>At</strong></span> <span class='ocrx_word' id='word_1_618' title='bbox 2530 4254 2695 4317; x_wconf 87' lang='lat' dir='ltr'><strong>simul</strong></span> <span class='ocrx_word' id='word_1_619' title='bbox 2721 4252 2790 4311; x_wconf 91' lang='lat' dir='ltr'><strong>ad</strong></span> <span class='ocrx_word' id='word_1_620' title='bbox 2821 4252 2897 4318; x_wconf 83' lang='lat' dir='ltr'><strong>id,</strong></span> <span class='ocrx_word' id='word_1_621' title='bbox 2946 4264 3059 4322; x_wconf 90' lang='lat' dir='ltr'><strong>quo</strong></span> <span class='ocrx_word' id='word_1_622' title='bbox 3102 4246 3374 4304; x_wconf 85' lang='lat' dir='ltr'><strong>triformis</strong></span> 
     </span>
    </p>
   </div>
   <div class='ocr_carea' id='block_1_87' title="bbox 1762 4342 3375 4425">
    <p class='ocr_par' dir='ltr' id='par_1_87' title="bbox 1762 4342 3375 4425">
     <span class='ocr_line' id='line_1_87' title="bbox 1762 4342 3375 4425; baseline -0.011 -15"><span class='ocrx_word' id='word_1_623' title='bbox 1762 4354 2039 4425; x_wconf 86' lang='lat' dir='ltr'><strong>&#39;chymera</strong></span> <span class='ocrx_word' id='word_1_624' title='bbox 2068 4359 2377 4406; x_wconf 90' lang='lat' dir='ltr'><strong>monstrum</strong></span> <span class='ocrx_word' id='word_1_625' title='bbox 2408 4348 2685 4406; x_wconf 85' lang='lat' dir='ltr'><strong>crudelius</strong></span> <span class='ocrx_word' id='word_1_626' title='bbox 2711 4360 2821 4401; x_wconf 90' lang='lat' dir='ltr'><strong>non</strong></span> <span class='ocrx_word' id='word_1_627' title='bbox 2852 4342 2976 4410; x_wconf 89' lang='lat' dir='ltr'><strong>fuit,</strong></span> <span class='ocrx_word' id='word_1_628' title='bbox 3016 4351 3239 4401; x_wconf 83' lang='lat' dir='ltr'><strong>ventum</strong></span> <span class='ocrx_word' id='word_1_629' title='bbox 3271 4351 3375 4401; x_wconf 88' lang='lat' dir='ltr'><strong>est,</strong></span> 
     </span>
    </p>
   </div>
   <div class='ocr_carea' id='block_1_88' title="bbox 115 4431 3380 4528">
    <p class='ocr_par' dir='ltr' id='par_1_88' title="bbox 115 4431 3380 4528">
     <span class='ocr_line' id='line_1_88' title="bbox 115 4431 3380 4528; baseline -0.007 -20"><span class='ocrx_word' id='word_1_630' title='bbox 115 4449 315 4521; x_wconf 72' lang='lat' dir='ltr'><strong>mmpsit</strong></span> <span class='ocrx_word' id='word_1_631' title='bbox 331 4451 447 4522; x_wconf 88' lang='lat' dir='ltr'><strong>iam</strong></span> <span class='ocrx_word' id='word_1_632' title='bbox 475 4452 658 4508; x_wconf 90' lang='lat' dir='ltr'><strong>tutior</strong></span> <span class='ocrx_word' id='word_1_633' title='bbox 682 4471 695 4507; x_wconf 91' lang='lat'><strong>:</strong></span> <span class='ocrx_word' id='word_1_634' title='bbox 725 4452 915 4528; x_wconf 86' lang='lat' dir='ltr'><strong>sicque</strong></span> <span class='ocrx_word' id='word_1_635' title='bbox 939 4452 1174 4510; x_wconf 89' lang='lat' dir='ltr'><strong>ducibus</strong></span> <span class='ocrx_word' id='word_1_636' title='bbox 1205 4455 1419 4512; x_wconf 63' lang='lat' dir='ltr'><strong>caeteris</strong></span> <span class='ocrx_word' id='word_1_637' title='bbox 1437 4431 1677 4513; x_wconf 65' lang='lat' dir='ltr'><strong>Nicmam</strong></span> <span class='ocrx_word' id='word_1_638' title='bbox 1714 4525 1735 4528; x_wconf 30' lang='lat' dir='ltr'><strong>A</strong></span> <span class='ocrx_word' id='word_1_639' title='bbox 1760 4447 1967 4504; x_wconf 63' lang='lat' dir='ltr'><strong>&#39;nullus</strong></span> <span class='ocrx_word' id='word_1_640' title='bbox 1994 4443 2096 4501; x_wconf 93' lang='lat' dir='ltr'><strong>fuit</strong></span> <span class='ocrx_word' id='word_1_641' title='bbox 2124 4458 2361 4516; x_wconf 89' lang='lat' dir='ltr'><strong>pegasus</strong></span> <span class='ocrx_word' id='word_1_642' title='bbox 2388 4442 2482 4514; x_wconf 89' lang='lat' dir='ltr'><strong>qui</strong></span> <span class='ocrx_word' id='word_1_643' title='bbox 2524 4438 2808 4512; x_wconf 78' lang='lat' dir='ltr'><strong>expediret</strong></span> <span class='ocrx_word' id='word_1_644' title='bbox 2843 4431 3380 4528; x_wconf 61' lang='lat' dir='ltr'><strong>implicitos,_nullus</strong></span> 
     </span>
    </p>
   </div>
   <div class='ocr_carea' id='block_1_89' title="bbox 114 4525 3378 4621">
    <p class='ocr_par' dir='ltr' id='par_1_89' title="bbox 114 4525 3378 4621">
     <span class='ocr_line' id='line_1_89' title="bbox 114 4525 3378 4621; baseline -0.006 -25"><span class='ocrx_word' id='word_1_645' title='bbox 114 4536 584 4609; x_wconf 63' lang='lat' dir='ltr'><strong>proﬁciscentibus,</strong></span> <span class='ocrx_word' id='word_1_646' title='bbox 635 4525 829 4599; x_wconf 81' lang='lat' dir='ltr'><strong>comes</strong></span> <span class='ocrx_word' id='word_1_647' title='bbox 860 4541 1098 4600; x_wconf 83' lang='lat' dir='ltr'><strong>additur.</strong></span> <span class='ocrx_word' id='word_1_648' title='bbox 1147 4543 1501 4601; x_wconf 88' lang='lat' dir='ltr'><strong>Boamundus</strong></span> <span class='ocrx_word' id='word_1_649' title='bbox 1545 4562 1678 4601; x_wconf 69' lang='lat' dir='ltr'><strong>vero</strong></span> <span class='ocrx_word' id='word_1_650' title='bbox 1711 4525 1756 4584; x_wconf 74' lang='grc' dir='ltr'>ο</span> <span class='ocrx_word' id='word_1_651' title='bbox 1781 4540 1877 4621; x_wconf 84' lang='lat' dir='ltr'><strong>qui</strong></span> <span class='ocrx_word' id='word_1_652' title='bbox 1928 4544 2236 4611; x_wconf 85' lang='lat' dir='ltr'><strong>asportarct</strong></span> <span class='ocrx_word' id='word_1_653' title='bbox 2267 4534 2548 4597; x_wconf 85' lang='lat' dir='ltr'><strong>attonitos.</strong></span> <span class='ocrx_word' id='word_1_654' title='bbox 2598 4532 2805 4611; x_wconf 85' lang='lat' dir='ltr'><strong>Omnes</strong></span> <span class='ocrx_word' id='word_1_655' title='bbox 2830 4528 2990 4603; x_wconf 87' lang='lat' dir='ltr'><strong>quasi</strong></span> <span class='ocrx_word' id='word_1_656' title='bbox 3030 4527 3132 4621; x_wconf 85' lang='lat' dir='ltr'><strong>sub</strong></span> <span class='ocrx_word' id='word_1_657' title='bbox 3156 4525 3378 4621; x_wconf 81' lang='lat' dir='ltr'><strong>domina</strong></span> 
     </span>
    </p>
   </div>
   <div class='ocr_carea' id='block_1_90' title="bbox 114 4624 1680 4713">
    <p class='ocr_par' dir='ltr' id='par_1_90' title="bbox 114 4624 1680 4713">
     <span class='ocr_line' id='line_1_90' title="bbox 114 4624 1680 4713; baseline 0.009 -34"><span class='ocrx_word' id='word_1_658' title='bbox 114 4624 374 4688; x_wconf 81' lang='lat' dir='ltr'><strong>Thracium</strong></span> <span class='ocrx_word' id='word_1_659' title='bbox 421 4634 588 4692; x_wconf 90' lang='lat' dir='ltr'><strong>littus</strong></span> <span class='ocrx_word' id='word_1_660' title='bbox 628 4632 877 4691; x_wconf 84' lang='lat' dir='ltr'><strong>nondum</strong></span> <span class='ocrx_word' id='word_1_661' title='bbox 920 4635 1236 4709; x_wconf 87' lang='lat' dir='ltr'><strong>reliquerat,</strong></span> <span class='ocrx_word' id='word_1_662' title='bbox 1280 4647 1506 4713; x_wconf 84' lang='lat' dir='ltr'><strong>r0gante</strong></span> <span class='ocrx_word' id='word_1_663' title='bbox 1549 4637 1680 4694; x_wconf 81' lang='lat' dir='ltr'><strong>Rai-</strong></span> 
     </span>
    </p>
   </div>
   <div class='ocr_carea' id='block_1_91' title="bbox 114 4722 1680 4804">
    <p class='ocr_par' dir='ltr' id='par_1_91' title="bbox 114 4722 1680 4804">
     <span class='ocr_line' id='line_1_91' title="bbox 114 4722 1680 4804; baseline 0.008 -29"><span class='ocrx_word' id='word_1_664' title='bbox 114 4722 289 4780; x_wconf 85' lang='lat' dir='ltr'><strong>mundo</strong></span> <span class='ocrx_word' id='word_1_665' title='bbox 328 4723 521 4783; x_wconf 87' lang='lat' dir='ltr'><strong>Sancti</strong></span> <span class='ocrx_word' id='word_1_666' title='bbox 580 4725 776 4799; x_wconf 57' lang='grc' dir='ltr'><strong>(Εςὶὤὶ</strong></span> <span class='ocrx_word' id='word_1_667' title='bbox 806 4728 1007 4785; x_wconf 89' lang='lat' dir='ltr'><strong>comite</strong></span> <span class='ocrx_word' id='word_1_668' title='bbox 1037 4739 1284 4787; x_wconf 79' lang='lat' dir='ltr'><strong>moratus</strong></span> <span class='ocrx_word' id='word_1_669' title='bbox 1313 4752 1325 4787; x_wconf 91' lang='lat'>:</span> <span class='ocrx_word' id='word_1_670' title='bbox 1361 4747 1526 4804; x_wconf 90' lang='lat' dir='ltr'><strong>quem</strong></span> <span class='ocrx_word' id='word_1_671' title='bbox 1560 4748 1680 4788; x_wconf 89' lang='lat' dir='ltr'><strong>mo-</strong></span> 
     </span>
    </p>
   </div>
   <div class='ocr_carea' id='block_1_92' title="bbox 112 4815 1675 4895">
    <p class='ocr_par' dir='ltr' id='par_1_92' title="bbox 112 4815 1675 4895">
     <span class='ocr_line' id='line_1_92' title="bbox 112 4815 1675 4895; baseline 0.013 -27"><span class='ocrx_word' id='word_1_672' title='bbox 112 4815 205 4868; x_wconf 87' lang='lat' dir='ltr'><strong>rari</strong></span> <span class='ocrx_word' id='word_1_673' title='bbox 233 4817 446 4887; x_wconf 90' lang='lat' dir='ltr'><strong>quidem</strong></span> <span class='ocrx_word' id='word_1_674' title='bbox 470 4828 530 4875; x_wconf 86' lang='lat' dir='ltr'><strong>et</strong></span> <span class='ocrx_word' id='word_1_675' title='bbox 555 4819 895 4878; x_wconf 87' lang='lat' dir='ltr'><strong>intercedere</strong></span> <span class='ocrx_word' id='word_1_676' title='bbox 932 4837 997 4878; x_wconf 83' lang='lat' dir='ltr'><strong>ea</strong></span> <span class='ocrx_word' id='word_1_677' title='bbox 1027 4824 1384 4895; x_wconf 88' lang='lat' dir='ltr'><strong>compellebat</strong></span> <span class='ocrx_word' id='word_1_678' title='bbox 1430 4827 1675 4887; x_wconf 88' lang='lat' dir='ltr'><strong>necessi-</strong></span> 
     </span>
    </p>
   </div>
   <div class='ocr_carea' id='block_1_93' title="bbox 114 4909 1681 4988">
    <p class='ocr_par' dir='ltr' id='par_1_93' title="bbox 114 4909 1681 4988">
     <span class='ocr_line' id='line_1_93' title="bbox 114 4909 1681 4988; baseline 0.013 -30"><span class='ocrx_word' id='word_1_679' title='bbox 114 4910 201 4975; x_wconf 88' lang='lat' dir='ltr'><strong>tas,</strong></span> <span class='ocrx_word' id='word_1_680' title='bbox 232 4909 372 4980; x_wconf 87' lang='lat' dir='ltr'><strong>quod</strong></span> <span class='ocrx_word' id='word_1_681' title='bbox 402 4926 497 4967; x_wconf 74' lang='lat' dir='ltr'><strong>rex</strong></span> <span class='ocrx_word' id='word_1_682' title='bbox 528 4913 885 4986; x_wconf 72' lang='lat' dir='ltr'><strong>praescriptus</strong></span> <span class='ocrx_word' id='word_1_683' title='bbox 910 4915 1096 4971; x_wconf 67' lang='lat' dir='ltr'><strong>comiti</strong></span> <span class='ocrx_word' id='word_1_684' title='bbox 1121 4914 1293 4987; x_wconf 85' lang='lat' dir='ltr'><strong>legem</strong></span> <span class='ocrx_word' id='word_1_685' title='bbox 1317 4933 1425 4988; x_wconf 88' lang='lat' dir='ltr'><strong>qua</strong></span> <span class='ocrx_word' id='word_1_686' title='bbox 1452 4928 1681 4977; x_wconf 65' lang='lat' dir='ltr'><strong>cancros</strong></span> 
     </span>
    </p>
   </div>
   <div class='ocr_carea' id='block_1_94' title="bbox 113 4999 1679 5078">
    <p class='ocr_par' dir='ltr' id='par_1_94' title="bbox 113 4999 1679 5078">
     <span class='ocr_line' id='line_1_94' title="bbox 113 4999 1679 5078; baseline 0.007 -24"><span class='ocrx_word' id='word_1_687' title='bbox 113 4999 449 5063; x_wconf 65' lang='lat' dir='ltr'><strong>pratwdentes</strong></span> <span class='ocrx_word' id='word_1_688' title='bbox 481 5002 843 5075; x_wconf 85' lang='lat' dir='ltr'><strong>obligaverat,</strong></span> <span class='ocrx_word' id='word_1_689' title='bbox 881 5004 1235 5078; x_wconf 80' lang='lat' dir='ltr'><strong>subsequenti</strong></span> <span class='ocrx_word' id='word_1_690' title='bbox 1270 5007 1550 5078; x_wconf 87' lang='lat' dir='ltr'><strong>imponere</strong></span> <span class='ocrx_word' id='word_1_691' title='bbox 1578 5024 1679 5066; x_wconf 75' lang='lat' dir='ltr'><strong>vo—</strong></span> 
     </span>
    </p>
   </div>
   <div class='ocr_carea' id='block_1_95' title="bbox 112 5074 1683 5166">
    <p class='ocr_par' dir='ltr' id='par_1_95' title="bbox 112 5074 1683 5166">
     <span class='ocr_line' id='line_1_95' title="bbox 112 5074 1683 5166; baseline 0.01 -26"><span class='ocrx_word' id='word_1_692' title='bbox 112 5082 251 5144; x_wconf 84' lang='lat' dir='ltr'><strong>lebat.</strong></span> <span class='ocrx_word' id='word_1_693' title='bbox 278 5088 480 5149; x_wconf 87' lang='lat' dir='ltr'><strong>Comes</strong></span> <span class='ocrx_word' id='word_1_694' title='bbox 528 5074 715 5149; x_wconf 86' lang='lat' dir='ltr'><strong>autem</strong></span> <span class='ocrx_word' id='word_1_695' title='bbox 765 5094 927 5166; x_wconf 82' lang='lat' dir='ltr'><strong>longe</strong></span> <span class='ocrx_word' id='word_1_696' title='bbox 962 5074 1261 5166; x_wconf 71' lang='lat' dir='ltr'><strong>iucundius</strong></span> <span class='ocrx_word' id='word_1_697' title='bbox 1296 5074 1399 5152; x_wconf 82' lang='lat' dir='ltr'><strong>sibi</strong></span> <span class='ocrx_word' id='word_1_698' title='bbox 1423 5113 1555 5155; x_wconf 83' lang='lat' dir='ltr'><strong>esse</strong></span> <span class='ocrx_word' id='word_1_699' title='bbox 1595 5114 1683 5156; x_wconf 87' lang='lat' dir='ltr'><strong>re—</strong></span> 
     </span>
    </p>
   </div>
   <div class='ocr_carea' id='block_1_96' title="bbox 113 5181 1683 5269">
    <p class='ocr_par' dir='ltr' id='par_1_96' title="bbox 113 5181 1683 5269">
     <span class='ocr_line' id='line_1_96' title="bbox 113 5181 1683 5269; baseline 0.008 -33"><span class='ocrx_word' id='word_1_700' title='bbox 113 5181 381 5253; x_wconf 82' lang='lat' dir='ltr'><strong>spondebat</strong></span> <span class='ocrx_word' id='word_1_701' title='bbox 409 5186 611 5269; x_wconf 82' lang='lat' dir='ltr'><strong>mortis</strong></span> <span class='ocrx_word' id='word_1_702' title='bbox 641 5187 964 5260; x_wconf 88' lang='lat' dir='ltr'><strong>compendio</strong></span> <span class='ocrx_word' id='word_1_703' title='bbox 986 5186 1131 5244; x_wconf 90' lang='lat' dir='ltr'><strong>banc</strong></span> <span class='ocrx_word' id='word_1_704' title='bbox 1149 5188 1517 5246; x_wconf 90' lang='lat' dir='ltr'><strong>conditionem</strong></span> <span class='ocrx_word' id='word_1_705' title='bbox 1543 5206 1683 5262; x_wconf 68' lang='lat' dir='ltr'><strong>pra:—</strong></span> 
     </span>
    </p>
   </div>
   <div class='ocr_carea' id='block_1_97' title="bbox 114 5272 1682 5355">
    <p class='ocr_par' dir='ltr' id='par_1_97' title="bbox 114 5272 1682 5355">
     <span class='ocr_line' id='line_1_97' title="bbox 114 5272 1682 5355; baseline 0.007 -28"><span class='ocrx_word' id='word_1_706' title='bbox 114 5272 306 5355; x_wconf 77' lang='lat' dir='ltr'><strong>cidere:</strong></span> <span class='ocrx_word' id='word_1_707' title='bbox 342 5288 512 5351; x_wconf 83' lang='lat' dir='ltr'><strong>atque</strong></span> <span class='ocrx_word' id='word_1_708' title='bbox 559 5279 866 5338; x_wconf 80' lang='lat' dir='ltr'><strong>definienda</strong></span> <span class='ocrx_word' id='word_1_709' title='bbox 901 5282 1059 5340; x_wconf 93' lang='lat' dir='ltr'><strong>valde</strong></span> <span class='ocrx_word' id='word_1_710' title='bbox 1095 5283 1146 5339; x_wconf 92' lang='lat' dir='ltr'><strong>ei</strong></span> <span class='ocrx_word' id='word_1_711' title='bbox 1177 5280 1523 5339; x_wconf 88' lang='lat' dir='ltr'><strong>necessarius</strong></span> <span class='ocrx_word' id='word_1_712' title='bbox 1563 5290 1682 5339; x_wconf 89' lang='lat' dir='ltr'><strong>erat</strong></span> 
     </span>
    </p>
   </div>
   <div class='ocr_carea' id='block_1_98' title="bbox 114 5364 1682 5450">
    <p class='ocr_par' dir='ltr' id='par_1_98' title="bbox 114 5364 1682 5450">
     <span class='ocr_line' id='line_1_98' title="bbox 114 5364 1682 5450; baseline 0.006 -27"><span class='ocrx_word' id='word_1_713' title='bbox 114 5364 386 5428; x_wconf 79' lang='lat' dir='ltr'><strong>Boamundi</strong></span> <span class='ocrx_word' id='word_1_714' title='bbox 431 5390 718 5435; x_wconf 83' lang='lat' dir='ltr'><strong>accessus.</strong></span> <span class='ocrx_word' id='word_1_715' title='bbox 749 5374 929 5448; x_wconf 73' lang='lat' dir='ltr'><strong>igitur,</strong></span> <span class='ocrx_word' id='word_1_716' title='bbox 949 5376 1041 5432; x_wconf 89' lang='lat' dir='ltr'><strong>ubi</strong></span> <span class='ocrx_word' id='word_1_717' title='bbox 1069 5376 1293 5432; x_wconf 81' lang='lat' dir='ltr'><strong>Alexius</strong></span> <span class='ocrx_word' id='word_1_718' title='bbox 1316 5375 1385 5432; x_wconf 90' lang='lat' dir='ltr'><strong>ab</strong></span> <span class='ocrx_word' id='word_1_719' title='bbox 1429 5376 1682 5450; x_wconf 79' lang='lat' dir='ltr'><strong>explora-</strong></span> 
     </span>
    </p>
   </div>
   <div class='ocr_carea' id='block_1_99' title="bbox 116 5460 1682 5546">
    <p class='ocr_par' dir='ltr' id='par_1_99' title="bbox 116 5460 1682 5546">
     <span class='ocr_line' id='line_1_99' title="bbox 116 5460 1682 5546; baseline 0.006 -31"><span class='ocrx_word' id='word_1_720' title='bbox 116 5460 299 5519; x_wconf 72' lang='lat' dir='ltr'><strong>toribus</strong></span> <span class='ocrx_word' id='word_1_721' title='bbox 322 5466 443 5522; x_wconf 83' lang='lat' dir='ltr'><strong>suis</strong></span> <span class='ocrx_word' id='word_1_722' title='bbox 463 5466 874 5523; x_wconf 84' lang='lat' dir='ltr'><strong>Wiscardidam</strong></span> <span class='ocrx_word' id='word_1_723' title='bbox 894 5468 1038 5546; x_wconf 87' lang='lat' dir='ltr'><strong>clam</strong></span> <span class='ocrx_word' id='word_1_724' title='bbox 1062 5467 1448 5525; x_wconf 88' lang='lat' dir='ltr'><strong>transfretasse</strong></span> <span class='ocrx_word' id='word_1_725' title='bbox 1477 5483 1682 5541; x_wconf 86' lang='lat' dir='ltr'><strong>cogno—</strong></span> 
     </span>
    </p>
   </div>
   <div class='ocr_carea' id='block_1_100' title="bbox 117 5551 1681 5632">
    <p class='ocr_par' dir='ltr' id='par_1_100' title="bbox 117 5551 1681 5632">
     <span class='ocr_line' id='line_1_100' title="bbox 117 5551 1681 5632; baseline 0.008 -27"><span class='ocrx_word' id='word_1_726' title='bbox 117 5551 200 5620; x_wconf 75' lang='lat' dir='ltr'><strong>vit,</strong></span> <span class='ocrx_word' id='word_1_727' title='bbox 226 5554 436 5614; x_wconf 85' lang='lat' dir='ltr'><strong>elusum</strong></span> <span class='ocrx_word' id='word_1_728' title='bbox 465 5574 530 5616; x_wconf 89' lang='lat' dir='ltr'><strong>se</strong></span> <span class='ocrx_word' id='word_1_729' title='bbox 559 5560 772 5629; x_wconf 80' lang='lat' dir='ltr'><strong>dolens,</strong></span> <span class='ocrx_word' id='word_1_730' title='bbox 808 5576 840 5617; x_wconf 91' lang='lat' dir='ltr'><strong>a</strong></span> <span class='ocrx_word' id='word_1_731' title='bbox 868 5560 1228 5632; x_wconf 67' lang='lat' dir='ltr'><strong>pmentibus</strong></span> <span class='ocrx_word' id='word_1_732' title='bbox 1267 5559 1436 5631; x_wconf 82' lang='lat' dir='ltr'><strong>exigit</strong></span> <span class='ocrx_word' id='word_1_733' title='bbox 1479 5560 1681 5618; x_wconf 86' lang='lat' dir='ltr'><strong>absen-</strong></span> 
     </span>
    </p>
   </div>
   <div class='ocr_carea' id='block_1_101' title="bbox 118 5649 1681 5723">
    <p class='ocr_par' dir='ltr' id='par_1_101' title="bbox 118 5649 1681 5723">
     <span class='ocr_line' id='line_1_101' title="bbox 118 5649 1681 5723; baseline -0.003 -13"><span class='ocrx_word' id='word_1_734' title='bbox 118 5649 243 5710; x_wconf 70' lang='grc' dir='ltr'>ίεως</span> <span class='ocrx_word' id='word_1_735' title='bbox 268 5661 579 5722; x_wconf 78' lang='lat' dir='ltr'><strong>eorumque</strong></span> <span class='ocrx_word' id='word_1_736' title='bbox 618 5651 748 5708; x_wconf 90' lang='lat' dir='ltr'><strong>dolo</strong></span> <span class='ocrx_word' id='word_1_737' title='bbox 786 5652 1039 5723; x_wconf 89' lang='lat' dir='ltr'><strong>imputat,</strong></span> <span class='ocrx_word' id='word_1_738' title='bbox 1071 5651 1216 5723; x_wconf 88' lang='lat' dir='ltr'><strong>quod</strong></span> <span class='ocrx_word' id='word_1_739' title='bbox 1249 5667 1412 5708; x_wconf 88' lang='lat' dir='ltr'><strong>suum</strong></span> <span class='ocrx_word' id='word_1_740' title='bbox 1438 5650 1681 5708; x_wconf 80' lang='lat' dir='ltr'><strong>Tenere-</strong></span> 
     </span>
    </p>
   </div>
   <div class='ocr_carea' id='block_1_102' title="bbox 122 5732 1682 5815">
    <p class='ocr_par' dir='ltr' id='par_1_102' title="bbox 122 5732 1682 5815">
     <span class='ocr_line' id='line_1_102' title="bbox 122 5732 1682 5815; baseline 0.004 -24"><span class='ocrx_word' id='word_1_741' title='bbox 122 5732 209 5791; x_wconf 82' lang='lat' dir='ltr'><strong>dus</strong></span> <span class='ocrx_word' id='word_1_742' title='bbox 247 5741 525 5811; x_wconf 87' lang='lat' dir='ltr'><strong>sapienter</strong></span> <span class='ocrx_word' id='word_1_743' title='bbox 578 5743 832 5800; x_wconf 88' lang='lat' dir='ltr'><strong>evaserit.</strong></span> <span class='ocrx_word' id='word_1_744' title='bbox 880 5742 1159 5815; x_wconf 64' lang='lat' dir='ltr'><strong>Praecipue</strong></span> <span class='ocrx_word' id='word_1_745' title='bbox 1199 5743 1254 5798; x_wconf 92' lang='lat' dir='ltr'><strong>in</strong></span> <span class='ocrx_word' id='word_1_746' title='bbox 1300 5741 1682 5799; x_wconf 88' lang='lat' dir='ltr'><strong>Boamundum</strong></span> 
     </span>
    </p>
   </div>
   <div class='ocr_carea' id='block_1_103' title="bbox 124 5828 1680 5908">
    <p class='ocr_par' dir='ltr' id='par_1_103' title="bbox 124 5828 1680 5908">
     <span class='ocr_line' id='line_1_103' title="bbox 124 5828 1680 5908; baseline 0.005 -26"><span class='ocrx_word' id='word_1_747' title='bbox 124 5828 247 5886; x_wconf 74' lang='lat' dir='ltr'><strong>oculi</strong></span> <span class='ocrx_word' id='word_1_748' title='bbox 298 5845 710 5907; x_wconf 81' lang='lat' dir='ltr'><strong>retorquentur,</strong></span> <span class='ocrx_word' id='word_1_749' title='bbox 762 5850 900 5908; x_wconf 90' lang='lat' dir='ltr'><strong>quos</strong></span> <span class='ocrx_word' id='word_1_750' title='bbox 946 5834 1179 5893; x_wconf 82' lang='lat' dir='ltr'><strong>faciebat</strong></span> <span class='ocrx_word' id='word_1_751' title='bbox 1228 5835 1306 5889; x_wconf 86' lang='lat' dir='ltr'><strong>ira</strong></span> <span class='ocrx_word' id='word_1_752' title='bbox 1345 5835 1680 5892; x_wconf 85' lang='lat' dir='ltr'><strong>novercales.</strong></span> 
     </span>
    </p>
   </div>
   <div class='ocr_carea' id='block_1_104' title="bbox 1780 4617 3469 4695">
    <p class='ocr_par' dir='ltr' id='par_1_104' title="bbox 1780 4617 3469 4695">
     <span class='ocr_line' id='line_1_104' title="bbox 1780 4617 3469 4695; baseline -0.011 -8"><span class='ocrx_word' id='word_1_753' title='bbox 1780 4617 1943 4687; x_wconf 78' lang='lat' dir='ltr'><strong>hasta</strong></span> <span class='ocrx_word' id='word_1_754' title='bbox 1974 4629 2230 4695; x_wconf 88' lang='lat' dir='ltr'><strong>transire,</strong></span> <span class='ocrx_word' id='word_1_755' title='bbox 2264 4641 2457 4683; x_wconf 90' lang='lat' dir='ltr'><strong>omnes</strong></span> <span class='ocrx_word' id='word_1_756' title='bbox 2484 4624 2669 4680; x_wconf 86' lang='lat' dir='ltr'><strong>omnia</strong></span> <span class='ocrx_word' id='word_1_757' title='bbox 2700 4631 2823 4695; x_wconf 70' lang='lat' dir='ltr'><strong>qua:</strong></span> <span class='ocrx_word' id='word_1_758' title='bbox 2840 4622 3027 4693; x_wconf 76' lang='lat' dir='ltr'><strong>iurare</strong></span> <span class='ocrx_word' id='word_1_759' title='bbox 3043 4617 3184 4690; x_wconf 89' lang='lat' dir='ltr'><strong>iussi</strong></span> <span class='ocrx_word' id='word_1_760' title='bbox 3220 4626 3373 4683; x_wconf 88' lang='lat' dir='ltr'><strong>sunt,</strong></span> <span class='ocrx_word' id='word_1_761' title='bbox 3466 4686 3469 4687; x_wconf 12' lang='grc' dir='ltr'><em>γ</em></span> 
     </span>
    </p>
   </div>
   <div class='ocr_carea' id='block_1_105' title="bbox 1783 4710 3379 4786">
    <p class='ocr_par' dir='ltr' id='par_1_105' title="bbox 1783 4710 3379 4786">
     <span class='ocr_line' id='line_1_105' title="bbox 1783 4710 3379 4786; baseline -0.013 -4"><span class='ocrx_word' id='word_1_762' title='bbox 1783 4725 1958 4782; x_wconf 88' lang='lat' dir='ltr'><strong>coacti</strong></span> <span class='ocrx_word' id='word_1_763' title='bbox 1989 4731 2135 4780; x_wconf 91' lang='lat' dir='ltr'><strong>sunt.</strong></span> <span class='ocrx_word' id='word_1_764' title='bbox 2169 4719 2239 4777; x_wconf 88' lang='lat' dir='ltr'><strong>Ut</strong></span> <span class='ocrx_word' id='word_1_765' title='bbox 2261 4719 2328 4776; x_wconf 91' lang='lat' dir='ltr'><strong>ad</strong></span> <span class='ocrx_word' id='word_1_766' title='bbox 2352 4735 2440 4774; x_wconf 91' lang='lat' dir='ltr'><strong>me</strong></span> <span class='ocrx_word' id='word_1_767' title='bbox 2463 4718 2705 4786; x_wconf 88' lang='lat' dir='ltr'><strong>redeam,</strong></span> <span class='ocrx_word' id='word_1_768' title='bbox 2731 4724 3043 4773; x_wconf 84' lang='lat' dir='ltr'><strong>exactorem</strong></span> <span class='ocrx_word' id='word_1_769' title='bbox 3067 4710 3379 4767; x_wconf 86' lang='lat' dir='ltr'><strong>districtum</strong></span> 
     </span>
    </p>
   </div>
   <div class='ocr_carea' id='block_1_106' title="bbox 1760 4798 3376 4882">
    <p class='ocr_par' dir='ltr' id='par_1_106' title="bbox 1760 4798 3376 4882">
     <span class='ocr_line' id='line_1_106' title="bbox 1760 4798 3376 4882; baseline -0.013 -8"><span class='ocrx_word' id='word_1_770' title='bbox 1760 4812 2038 4882; x_wconf 37' lang='lat' dir='ltr'><strong>‘meritus,</strong></span> <span class='ocrx_word' id='word_1_771' title='bbox 2086 4810 2555 4869; x_wconf 86' lang='lat' dir='ltr'><strong>districtissimum</strong></span> <span class='ocrx_word' id='word_1_772' title='bbox 2605 4807 2835 4863; x_wconf 88' lang='lat' dir='ltr'><strong>verebar</strong></span> <span class='ocrx_word' id='word_1_773' title='bbox 2887 4804 3168 4869; x_wconf 89' lang='lat' dir='ltr'><strong>ultorem;</strong></span> <span class='ocrx_word' id='word_1_774' title='bbox 3230 4798 3376 4855; x_wconf 84' lang='lat' dir='ltr'><strong>unde</strong></span> 
     </span>
    </p>
   </div>
   <div class='ocr_carea' id='block_1_107' title="bbox 1787 4892 3378 4981">
    <p class='ocr_par' dir='ltr' id='par_1_107' title="bbox 1787 4892 3378 4981">
     <span class='ocr_line' id='line_1_107' title="bbox 1787 4892 3378 4981; baseline -0.014 -12"><span class='ocrx_word' id='word_1_775' title='bbox 1787 4922 1940 4969; x_wconf 89' lang='lat' dir='ltr'><strong>tanto</strong></span> <span class='ocrx_word' id='word_1_776' title='bbox 1985 4907 2388 4981; x_wconf 86' lang='lat' dir='ltr'><strong>vigilantiorem</strong></span> <span class='ocrx_word' id='word_1_777' title='bbox 2434 4919 2523 4960; x_wconf 90' lang='lat' dir='ltr'><strong>me</strong></span> <span class='ocrx_word' id='word_1_778' title='bbox 2569 4903 2664 4974; x_wconf 91' lang='lat' dir='ltr'><strong>qui</strong></span> <span class='ocrx_word' id='word_1_779' title='bbox 2708 4914 2932 4957; x_wconf 89' lang='lat' dir='ltr'><strong>eruerer</strong></span> <span class='ocrx_word' id='word_1_780' title='bbox 2958 4911 3092 4952; x_wconf 84' lang='lat' dir='ltr'><strong>esse</strong></span> <span class='ocrx_word' id='word_1_781' title='bbox 3112 4892 3378 4965; x_wconf 88' lang='lat' dir='ltr'><strong>oportuit,</strong></span> 
     </span>
    </p>
   </div>
   <div class='ocr_carea' id='block_1_108' title="bbox 1788 4982 3382 5076">
    <p class='ocr_par' dir='ltr' id='par_1_108' title="bbox 1788 4982 3382 5076">
     <span class='ocr_line' id='line_1_108' title="bbox 1788 4982 3382 5076; baseline -0.013 -18"><span class='ocrx_word' id='word_1_782' title='bbox 1788 5012 1998 5076; x_wconf 83' lang='lat' dir='ltr'><strong>quanto</strong></span> <span class='ocrx_word' id='word_1_783' title='bbox 2025 5001 2252 5058; x_wconf 83' lang='lat' dir='ltr'><strong>ultionis</strong></span> <span class='ocrx_word' id='word_1_784' title='bbox 2280 4997 2432 5054; x_wconf 85' lang='lat' dir='ltr'><strong>zelus</strong></span> <span class='ocrx_word' id='word_1_785' title='bbox 2474 4997 2530 5052; x_wconf 92' lang='lat' dir='ltr'><strong>in</strong></span> <span class='ocrx_word' id='word_1_786' title='bbox 2564 5009 2652 5049; x_wconf 90' lang='lat' dir='ltr'><strong>me</strong></span> <span class='ocrx_word' id='word_1_787' title='bbox 2691 4991 2868 5064; x_wconf 83' lang='lat' dir='ltr'><strong>maior</strong></span> <span class='ocrx_word' id='word_1_788' title='bbox 2910 4993 3213 5050; x_wconf 79' lang='lat' dir='ltr'><strong>exarserat,</strong></span> <span class='ocrx_word' id='word_1_789' title='bbox 3253 4982 3382 5039; x_wconf 78' lang='lat' dir='ltr'><strong>inde</strong></span> 
     </span>
    </p>
   </div>
   <div class='ocr_carea' id='block_1_109' title="bbox 1760 5077 3380 5167">
    <p class='ocr_par' dir='ltr' id='par_1_109' title="bbox 1760 5077 3380 5167">
     <span class='ocr_line' id='line_1_109' title="bbox 1760 5077 3380 5167; baseline -0.014 -15"><span class='ocrx_word' id='word_1_790' title='bbox 1760 5090 1905 5152; x_wconf 14' lang='lat' dir='ltr'><strong>ierat</strong></span> <span class='ocrx_word' id='word_1_791' title='bbox 1938 5093 2086 5167; x_wconf 88' lang='lat' dir='ltr'><strong>quod</strong></span> <span class='ocrx_word' id='word_1_792' title='bbox 2126 5101 2434 5152; x_wconf 86' lang='lat' dir='ltr'><strong>castrorum</strong></span> <span class='ocrx_word' id='word_1_793' title='bbox 2472 5088 2715 5161; x_wconf 85' lang='lat' dir='ltr'><strong>regimen</strong></span> <span class='ocrx_word' id='word_1_794' title='bbox 2763 5083 2963 5151; x_wconf 81' lang='lat' dir='ltr'><strong>adhuc,</strong></span> <span class='ocrx_word' id='word_1_795' title='bbox 3006 5089 3063 5136; x_wconf 92' lang='lat' dir='ltr'><strong>et</strong></span> <span class='ocrx_word' id='word_1_796' title='bbox 3105 5077 3380 5149; x_wconf 86' lang='lat' dir='ltr'><strong>mcipsum</strong></span> 
     </span>
    </p>
   </div>
   <div class='ocr_carea' id='block_1_110' title="bbox 1791 5167 3381 5259">
    <p class='ocr_par' dir='ltr' id='par_1_110' title="bbox 1791 5167 3381 5259">
     <span class='ocr_line' id='line_1_110' title="bbox 1791 5167 3381 5259; baseline -0.014 -12"><span class='ocrx_word' id='word_1_797' title='bbox 1791 5189 2122 5259; x_wconf 77' lang='lat' dir='ltr'><strong>abiecerant,</strong></span> <span class='ocrx_word' id='word_1_798' title='bbox 2165 5185 2297 5241; x_wconf 89' lang='lat' dir='ltr'><strong>dum</strong></span> <span class='ocrx_word' id='word_1_799' title='bbox 2345 5196 2415 5237; x_wconf 90' lang='lat' dir='ltr'><strong>ne</strong></span> <span class='ocrx_word' id='word_1_800' title='bbox 2462 5178 2803 5243; x_wconf 87' lang='lat' dir='ltr'><strong>inclinarcm,</strong></span> <span class='ocrx_word' id='word_1_801' title='bbox 2836 5183 2899 5231; x_wconf 93' lang='lat' dir='ltr'><strong>ut</strong></span> <span class='ocrx_word' id='word_1_802' title='bbox 2926 5171 3040 5239; x_wconf 89' lang='lat' dir='ltr'><strong>alii,</strong></span> <span class='ocrx_word' id='word_1_803' title='bbox 3066 5178 3122 5227; x_wconf 88' lang='lat' dir='ltr'><strong>et</strong></span> <span class='ocrx_word' id='word_1_804' title='bbox 3155 5167 3381 5225; x_wconf 87' lang='lat' dir='ltr'><strong>liberius</strong></span> 
     </span>
    </p>
   </div>
   <div class='ocr_carea' id='block_1_111' title="bbox 1790 5260 3383 5339">
    <p class='ocr_par' dir='ltr' id='par_1_111' title="bbox 1790 5260 3383 5339">
     <span class='ocr_line' id='line_1_111' title="bbox 1790 5260 3383 5339; baseline -0.014 -2"><span class='ocrx_word' id='word_1_805' title='bbox 1790 5281 1904 5337; x_wconf 89' lang='lat' dir='ltr'><strong>iras</strong></span> <span class='ocrx_word' id='word_1_806' title='bbox 1934 5278 2227 5335; x_wconf 79' lang='lat' dir='ltr'><strong>ulciscerer</strong></span> <span class='ocrx_word' id='word_1_807' title='bbox 2246 5275 2505 5333; x_wconf 89' lang='lat' dir='ltr'><strong>aliorum.</strong></span> <span class='ocrx_word' id='word_1_808' title='bbox 2536 5267 2674 5325; x_wconf 90' lang='lat' dir='ltr'><strong>Nam</strong></span> <span class='ocrx_word' id='word_1_809' title='bbox 2705 5265 2840 5339; x_wconf 90' lang='lat' dir='ltr'><strong>quid</strong></span> <span class='ocrx_word' id='word_1_810' title='bbox 2869 5265 2939 5322; x_wconf 84' lang='lat' dir='ltr'><strong>de</strong></span> <span class='ocrx_word' id='word_1_811' title='bbox 2966 5263 3191 5325; x_wconf 88' lang='lat' dir='ltr'><strong>homine</strong></span> <span class='ocrx_word' id='word_1_812' title='bbox 3222 5260 3383 5332; x_wconf 87' lang='lat' dir='ltr'><strong>queri</strong></span> 
     </span>
    </p>
   </div>
   <div class='ocr_carea' id='block_1_112' title="bbox 1790 5356 3378 5443">
    <p class='ocr_par' dir='ltr' id='par_1_112' title="bbox 1790 5356 3378 5443">
     <span class='ocr_line' id='line_1_112' title="bbox 1790 5356 3378 5443; baseline -0.012 -14"><span class='ocrx_word' id='word_1_813' title='bbox 1790 5373 2005 5440; x_wconf 87' lang='lat' dir='ltr'><strong>attinet,</strong></span> <span class='ocrx_word' id='word_1_814' title='bbox 2030 5370 2127 5443; x_wconf 90' lang='lat' dir='ltr'><strong>qui</strong></span> <span class='ocrx_word' id='word_1_815' title='bbox 2155 5370 2211 5425; x_wconf 92' lang='lat' dir='ltr'><strong>in</strong></span> <span class='ocrx_word' id='word_1_816' title='bbox 2233 5382 2356 5425; x_wconf 90' lang='lat' dir='ltr'><strong>eam</strong></span> <span class='ocrx_word' id='word_1_817' title='bbox 2384 5378 2552 5437; x_wconf 91' lang='lat' dir='ltr'><strong>quam</strong></span> <span class='ocrx_word' id='word_1_818' title='bbox 2578 5362 2905 5432; x_wconf 80' lang='lat' dir='ltr'><strong>abruperam</strong></span> <span class='ocrx_word' id='word_1_819' title='bbox 2940 5356 3259 5430; x_wconf 88' lang='lat' dir='ltr'><strong>compedem</strong></span> <span class='ocrx_word' id='word_1_820' title='bbox 3288 5370 3378 5413; x_wconf 80' lang='lat' dir='ltr'><strong>me</strong></span> 
     </span>
    </p>
   </div>
   <div class='ocr_carea' id='block_1_113' title="bbox 1785 5452 3381 5535">
    <p class='ocr_par' dir='ltr' id='par_1_113' title="bbox 1785 5452 3381 5535">
     <span class='ocr_line' id='line_1_113' title="bbox 1785 5452 3381 5535; baseline -0.01 -17"><span class='ocrx_word' id='word_1_821' title='bbox 1785 5459 2160 5535; x_wconf 60' lang='lat' dir='ltr'><strong>redegitlcui</strong></span> <span class='ocrx_word' id='word_1_822' title='bbox 2187 5458 2444 5515; x_wconf 74' lang='lat' dir='ltr'><strong>nexuisse</strong></span> <span class='ocrx_word' id='word_1_823' title='bbox 2474 5470 2660 5525; x_wconf 92' lang='lat' dir='ltr'><strong>suum,</strong></span> <span class='ocrx_word' id='word_1_824' title='bbox 2702 5453 2809 5509; x_wconf 89' lang='lat' dir='ltr'><strong>nisi</strong></span> <span class='ocrx_word' id='word_1_825' title='bbox 2842 5452 3005 5509; x_wconf 92' lang='lat' dir='ltr'><strong>etiam</strong></span> <span class='ocrx_word' id='word_1_826' title='bbox 3054 5464 3236 5506; x_wconf 88' lang='lat' dir='ltr'><strong>meum</strong></span> <span class='ocrx_word' id='word_1_827' title='bbox 3280 5462 3381 5501; x_wconf 88' lang='lat' dir='ltr'><strong>ne-</strong></span> 
     </span>
    </p>
   </div>
   <div class='ocr_carea' id='block_1_114' title="bbox 1790 5538 3381 5622">
    <p class='ocr_par' dir='ltr' id='par_1_114' title="bbox 1790 5538 3381 5622">
     <span class='ocr_line' id='line_1_114' title="bbox 1790 5538 3381 5622; baseline -0.014 -8"><span class='ocrx_word' id='word_1_828' title='bbox 1790 5563 1961 5613; x_wconf 86' lang='lat' dir='ltr'><strong>cteret</strong></span> <span class='ocrx_word' id='word_1_829' title='bbox 1983 5553 2189 5621; x_wconf 91' lang='lat' dir='ltr'><strong>colum,</strong></span> <span class='ocrx_word' id='word_1_830' title='bbox 2219 5566 2331 5607; x_wconf 93' lang='lat' dir='ltr'><strong>non</strong></span> <span class='ocrx_word' id='word_1_831' title='bbox 2371 5545 2607 5606; x_wconf 80' lang='lat' dir='ltr'><strong>suliicit:</strong></span> <span class='ocrx_word' id='word_1_832' title='bbox 2639 5561 2803 5618; x_wconf 90' lang='lat' dir='ltr'><strong>quem</strong></span> <span class='ocrx_word' id='word_1_833' title='bbox 2846 5543 3108 5600; x_wconf 88' lang='lat' dir='ltr'><strong>invidisse</strong></span> <span class='ocrx_word' id='word_1_834' title='bbox 3124 5538 3381 5622; x_wconf 67' lang='lat' dir='ltr'><strong>felicitati</strong></span> 
     </span>
    </p>
   </div>
   <div class='ocr_carea' id='block_1_115' title="bbox 1774 5631 3380 5721">
    <p class='ocr_par' dir='ltr' id='par_1_115' title="bbox 1774 5631 3380 5721">
     <span class='ocr_line' id='line_1_115' title="bbox 1774 5631 3380 5721; baseline -0.01 -16"><span class='ocrx_word' id='word_1_835' title='bbox 1774 5663 1926 5721; x_wconf 70' lang='lat' dir='ltr'><strong>mete</strong></span> <span class='ocrx_word' id='word_1_836' title='bbox 1954 5645 2184 5701; x_wconf 86' lang='lat' dir='ltr'><strong>forsitan</strong></span> <span class='ocrx_word' id='word_1_837' title='bbox 2217 5660 2281 5700; x_wconf 88' lang='lat' dir='ltr'><strong>os</strong></span> <span class='ocrx_word' id='word_1_838' title='bbox 2306 5650 2503 5716; x_wconf 87' lang='lat' dir='ltr'><strong>negat;</strong></span> <span class='ocrx_word' id='word_1_839' title='bbox 2532 5655 2724 5696; x_wconf 88' lang='lat' dir='ltr'><strong>verum</strong></span> <span class='ocrx_word' id='word_1_840' title='bbox 2745 5637 2876 5693; x_wconf 90' lang='lat' dir='ltr'><strong>illud</strong></span> <span class='ocrx_word' id='word_1_841' title='bbox 2901 5632 3289 5708; x_wconf 80' lang='lat' dir='ltr'><strong>iusiurandum</strong></span> <span class='ocrx_word' id='word_1_842' title='bbox 3311 5631 3380 5689; x_wconf 75' lang='lat' dir='ltr'><strong>de</strong></span> 
     </span>
    </p>
   </div>
   <div class='ocr_carea' id='block_1_116' title="bbox 1789 5724 3382 5802">
    <p class='ocr_par' dir='ltr' id='par_1_116' title="bbox 1789 5724 3382 5802">
     <span class='ocr_line' id='line_1_116' title="bbox 1789 5724 3382 5802; baseline -0.014 -6"><span class='ocrx_word' id='word_1_843' title='bbox 1789 5742 1940 5797; x_wconf 82' lang='lat' dir='ltr'><strong>fonte</strong></span> <span class='ocrx_word' id='word_1_844' title='bbox 1970 5739 2186 5795; x_wconf 78' lang='lat' dir='ltr'><strong>invidia:</strong></span> <span class='ocrx_word' id='word_1_845' title='bbox 2218 5750 2492 5801; x_wconf 87' lang='lat' dir='ltr'><strong>manasse,</strong></span> <span class='ocrx_word' id='word_1_846' title='bbox 2528 5741 2583 5788; x_wconf 88' lang='lat' dir='ltr'><strong>et</strong></span> <span class='ocrx_word' id='word_1_847' title='bbox 2610 5731 2771 5802; x_wconf 85' lang='lat' dir='ltr'><strong>lippis</strong></span> <span class='ocrx_word' id='word_1_848' title='bbox 2791 5737 2955 5800; x_wconf 86' lang='lat' dir='ltr'><strong>patet,</strong></span> <span class='ocrx_word' id='word_1_849' title='bbox 2979 5735 3034 5781; x_wconf 91' lang='lat' dir='ltr'><strong>et</strong></span> <span class='ocrx_word' id='word_1_850' title='bbox 3051 5724 3231 5781; x_wconf 79' lang='lat' dir='ltr'><strong>exitus</strong></span> <span class='ocrx_word' id='word_1_851' title='bbox 3250 5736 3382 5791; x_wconf 86' lang='lat' dir='ltr'><strong>pro-</strong></span> 
     </span>
    </p>
   </div>
   <div class='ocr_carea' id='block_1_117' title="bbox 1794 5814 3379 5906">
    <p class='ocr_par' dir='ltr' id='par_1_117' title="bbox 1794 5814 3379 5906">
     <span class='ocr_line' id='line_1_117' title="bbox 1794 5814 3379 5906; baseline -0.015 -15"><span class='ocrx_word' id='word_1_852' title='bbox 1794 5836 1905 5891; x_wconf 87' lang='lat' dir='ltr'><strong>bat.</strong></span> <span class='ocrx_word' id='word_1_853' title='bbox 1944 5834 2119 5906; x_wconf 75' lang='lat' dir='ltr'><strong>Ipsius</strong></span> <span class='ocrx_word' id='word_1_854' title='bbox 2156 5830 2376 5905; x_wconf 83' lang='lat' dir='ltr'><strong>quidem</strong></span> <span class='ocrx_word' id='word_1_855' title='bbox 2406 5828 2461 5884; x_wconf 89' lang='lat' dir='ltr'><strong>in</strong></span> <span class='ocrx_word' id='word_1_856' title='bbox 2485 5825 2713 5883; x_wconf 84' lang='lat' dir='ltr'><strong>dubium</strong></span> <span class='ocrx_word' id='word_1_857' title='bbox 2744 5821 2910 5892; x_wconf 88' lang='lat' dir='ltr'><strong>venit,</strong></span> <span class='ocrx_word' id='word_1_858' title='bbox 2942 5818 3187 5894; x_wconf 84' lang='lat' dir='ltr'><strong>majorne</strong></span> <span class='ocrx_word' id='word_1_859' title='bbox 3207 5814 3379 5889; x_wconf 52' lang='lat' dir='ltr'><strong>pigri.</strong></span> 
     </span>
    </p>
   </div>
  </div>
