3838 6306
503 299 608 358 503

1073 299 1164 353 AD
1198 299 1651 356 GODEFRIDUM
1689 297 1984 356 APPEND.
2024 298 2089 354 Il.
2128 329 2198 339 --
2234 297 2505 356 NONUM.
2550 297 2639 352 DE
2675 297 2904 352 θειιο
2945 294 3194 353 SACRO.
3652 303 3731 356 δθι

503 418 600 481 tia,
628 431 698 473 an
747 412 1023 485 imperitia
1071 413 1125 469 iu
1168 414 1316 470 hunc
1363 430 1451 470 me
1496 414 1790 484 conjecerit
1823 414 2087 471 dolorem.
2124 415 2165 474 A
2194 413 2466 470 ricordem
2508 412 2682 468 sensit
2731 410 3091 479 Normannia,
3127 410 3262 466 dum
3302 425 3369 468 eo
3415 413 3624 470 consule
3662 432 3735 486 per

504 508 716 578 Quippe
736 523 933 578 magna
955 516 1204 578 utraque,
1229 515 1282 562 ct
1311 515 1542 578 utraque
1560 506 1939 578 prosperitatis
1961 523 2094 564 mete

504 615 760 656 noverca.
799 600 869 654 At
915 608 1140 655 coactus
1187 599 1240 654 in
1287 599 1584 670 perniciem
1633 614 1816 654 meam
1865 599 2096 670 juravir,

505 692 665 763 quasi
695 691 782 750 his
815 693 998 748 verbis
1024 692 1280 746 invidiam
1304 692 1631 758 dissimulet,
1663 692 2093 764 indignationem

506 786 737 858 mitiget,
761 793 986 841 excuset
1006 783 1232 850 factum,
1249 784 1498 838 absolvat
1521 793 1761 840 actorem
1780 804 1792 840 :
1818 785 1920 841 hac
1942 802 2094 853 vero,

507 887 569 933 nt
595 879 966 934 innocentiam
993 877 1320 948 prazdicent;
1350 892 1534 932 moras
1557 886 1740 932 tamen
1774 877 2097 936 innocentes

507 984 618 1024 non
650 968 878 1035 faciunt,
911 983 1011 1022 nec
1042 967 1308 1021 morantis
1332 982 1557 1023 somnos
1583 983 1614 1022 a
1649 967 1878 1025 crimine
1904 969 2096 1026 defen-

505 1062 661 1117 dunt.
694 1059 892 1116 Verum
921 1069 1068 1125 esto;
1103 1059 1327 1115 salvabo
1352 1067 1560 1128 votum,
1604 1059 1872 1116 redimam
1915 1062 2098 1133 perju-

506 1154 676 1220 rium,
705 1153 832 1219 mei,
863 1153 1110 1222 inquam,
1139 1152 1246 1207 mei
1264 1152 1510 1223 periculo
1541 1153 1805 1208 redimam
1831 1154 2092 1210 alienum.

504 1245 706 1301 Elusus
733 1262 878 1312 sum,
921 1246 1014 1300 sed
1067 1261 1178 1300 non
1204 1261 1327 1302 mea
1356 1245 1592 1314 incuria,
1624 1256 1956 1317 superatus;
2002 1249 2097 1305 sed

503 1337 729 1393 alterius
752 1339 1029 1394 debilitate
1058 1359 1070 1393 :
1104 1349 1331 1411 captus,
1364 1342 1457 1396 sed
1487 1343 1706 1414 cognati
1750 1342 2094 1397 liberatione.

503 1427 756 1488 Profecto
785 1429 953 1500 hujus
980 1431 1156 1487 victor
1189 1433 1529 1502 certaminis,
1563 1434 1773 1498 odium,
1811 1433 1856 1488 si
1887 1433 2096 1499 vixero,

501 1521 762 1580 eﬂerasse
806 1523 1030 1592 dolebit,
1078 1541 1180 1580 nec
1225 1526 1498 1582 meruisse
1547 1526 1919 1582 concordiam.
1958 1522 2096 1579 Nam

503 1631 603 1686 pro
630 1615 735 1671 levi
763 1617 905 1672 duco
927 1617 1142 1672 irritum
1169 1616 1368 1685 facere,
1395 1618 1541 1689 quod
1586 1635 1696 1674 non
1727 1618 1870 1674 ultro
1909 1617 2098 1688 jurare

504 1694 860 1780 appetiverim
887 1729 900 1765 :
925 1711 1019 1766 sed
1042 1710 1285 1766 dictante
1314 1709 1532 1784 tyranni
1556 1710 1814 1789 violentia
1848 1710 2097 1782 subiece-

2195 508 2576 579 impunitatem
2615 504 2934 577 rapinarum
2964 520 3067 561 nec
3111 504 3322 560 homini
3366 516 3618 575 parceret,
3658 526 3735 565 nec

2195 600 2306 655 Deo
2338 599 2558 655 licentia
2581 607 2886 670 raptorum.
2915 595 3053 652 Nam
3088 597 3308 654 sicariis
3344 598 3586 654 manibus
3611 600 3738 658 latro-

2195 709 2329 748 num
2386 691 2615 764 gutturi,
2673 691 3018 747 mmcborum
3073 691 3262 746 caudae
3311 690 3497 756 salaci,
3529 693 3736 749 eamdem

2194 803 2360 858 quam
2391 785 2508 841 suis
2531 800 2591 841 se
2623 783 2986 840 reverentiam
3029 783 3227 839 debere
3255 783 3450 838 consul
3480 783 3738 841 arbitraba-

2195 885 2304 931 tur.
2347 875 2694 948 Quapropter
2727 875 2912 931 nullus
2938 875 3006 930 ad
3035 877 3158 930 e‘um
3196 874 3416 929 vinctus
3451 873 3503 928 in
3525 873 3743 945 laerymis

2195 969 2539 1036 trahebatur,
2591 968 2726 1040 quin
2766 968 2983 1023 solutus
3023 977 3247 1022 mutuas
3286 966 3357 1022 ab
3402 981 3468 1021 eo
3512 965 3739 1039 lacrymas

2196 1062 2458 1118 continuo
2481 1062 2823 1133 impetraret.
2863 1059 3012 1127 Ideo,
3045 1068 3107 1117 ut
3133 1059 3268 1126 dixi,
3300 1059 3465 1115 nullis
3487 1060 3742 1117 sceleribus

2195 1155 2436 1222 frenum,
2467 1155 2579 1210 imo
2607 1153 2866 1210 omnibus
2886 1153 3132 1210 additum
3159 1153 3343 1210 calcar
3371 1167 3435 1208 ea
3469 1161 3742 1224 tempestate

2194 1245 2530 1302 Normaunia
2557 1246 2909 1318 querebatur.
2945 1244 3122 1317 Hujus
3147 1255 3332 1302 autem
3361 1245 3570 1316 pietatis
3588 1261 3744 1302 soror-

2195 1341 2374 1395 culam
2404 1356 2527 1396 eam
2551 1338 2723 1395 fuisse
2755 1348 2907 1411 patet
2942 1339 3270 1410 largitatem,
3309 1354 3433 1410 qua:
3470 1338 3742 1409 accipitrem

2196 1435 2310 1489 sive
2333 1449 2524 1489 canem
2551 1435 2761 1506 argenti
2785 1449 3000 1491 summa
3036 1432 3380 1503 quantalibet
3408 1433 3743 1502 comparabat.

2195 1527 2334 1584 Cum
2362 1529 2580 1584 interim
2602 1542 2795 1583 mensa
2817 1526 3126 1584 consularis
3172 1526 3399 1582 unicum
3436 1525 3641 1580 haberet
3675 1542 3748 1580 re-

2197 1617 2408 1689 fugium
2441 1617 2688 1690 rapinam
2715 1617 2939 1684 civium,
2965 1626 3131 1688 atque
3155 1616 3273 1671 haec
3300 1625 3483 1671 tamen
3508 1615 3637 1670 intra
3663 1632 3746 1685 pa-

2195 1704 2390 1772 triam;
2419 1720 2610 1760 verum
2638 1704 2775 1759 fines
2795 1703 3004 1774 patrios
3024 1719 3300 1775 egressus,
3329 1718 3524 1774 magna
3543 1718 3600 1758 ex
3622 1713 3747 1773 parte

505 1804 611 1858 rim
652 1803 857 1859 invitus
890 1822 902 1857 :
944 1804 1249 1874 praesertim
1279 1820 1403 1858 cum
1435 1782 1695 1874 promissi
1727 1801 1874 1860 illius
1907 1804 2096 1859 obser-
2128 1780 2174 1841 Β
2200 1796 2388 1851 luxum
2431 1796 2664 1862 domuit,
2695 1795 2785 1852 cui
2837 1805 2967 1852 ante
3013 1811 3111 1867 per
3146 1811 3470 1867 magnarum
3500 1810 3650 1865 opum
3683 1795 3750 1849 af-

504 1895 692 1950 vantia
720 1895 984 1952 damnum
1038 1897 1108 1954 sit
1147 1897 1426 1967 publicum
1467 1915 1483 1966 ;
1527 1897 1864 1968 contemptio
1911 1905 2095 1952 autem

505 1987 858 2043 commodum
884 1991 1154 2062 generale.
1190 2009 1208 2043 ι

504 2101 648 2159 XIV.
664 2134 731 2143 —
744 2103 821 2159 De
848 2104 1117 2159 obsidione
1136 2104 1189 2158 Ν
1192 2106 1418 2176 iaetu,“
1435 2107 1606 2176 primo
1621 2107 1686 2160 de
1707 2106 1928 2162 ducibus
1955 2106 2098 2161 obsi-

864 2175 1128 2230 dentibus.
1177 2175 1498 2246 Godefridus
1527 2177 1732 2232 Ballio.

579 2266 684 2322 Sed
706 2267 818 2338 jam
843 2267 930 2322 his
955 2284 1079 2340 qua:
1099 2277 1194 2324 aut
1217 2278 1462 2342 quaestus
1488 2278 1594 2337 est,
1639 2279 1734 2326 aut
1781 2270 1952 2341 quaeri
1994 2285 2096 2341 po-

507 2359 610 2414 tuit
643 2359 1000 2416 Marchisides
1035 2362 1270 2418 evolutis
1294 2405 1308 2431 ,
1346 2363 1576 2434 respiret
1618 2364 1901 2434 paululum
1945 2363 2094 2434 ipse;

475 2448 477 2450 ’
505 2455 634 2510 dum
664 2455 950 2511 obsidione
977 2455 1215 2512 Nicmam
1242 2457 1482 2524 cingere,
1506 2457 1636 2513 dum
1673 2466 1854 2512 castra
1876 2456 2096 2525 metari,

505 2549 636 2605 dum
669 2549 912 2614 nomina,
943 2565 1135 2622 genus,
1168 2565 1460 2621 moresque
1507 2549 1841 2621 principum,
1895 2548 2098 2620 quibus

505 2643 638 2699 urbs
667 2658 730 2698 ea
759 2651 1071 2714 oppugnata
1102 2643 1290 2710 cessit,
1329 2644 1574 2700 recolere
1608 2643 1755 2699 libet.
1783 2641 1911 2699 llaec
1951 2642 2098 2698 enim

506 2733 822 2803 hujusmodi
847 2746 998 2800 sunt,
1022 2743 1158 2791 utet
1184 2735 1440 2791 laudibus
1465 2750 1574 2790 non
1603 2735 1825 2790 obvient
1846 2733 2098 2805 praeseri-

505 2824 635 2894 ptis,
663 2835 718 2881 et
749 2827 1062 2882 ministrent
1087 2827 1412 2884 scribendis.
1456 2826 1627 2899 Igitur
1657 2827 1919 2884 clariores
1941 2826 2100 2884 {amre

507 2915 698 2982 duces,
725 2931 753 2969 a
781 2917 980 2987 quibus
1004 2917 1116 2985 alii,
1145 2933 1254 2972 non
1277 2917 1372 2988 qui
1394 2918 1462 2972 ab
1489 2918 1766 2989 aliquibus
1794 2917 2100 2974 Martiatica

506 3017 853 3078 receperunt,
887 3008 946 3063 hi
967 3007 1192 3063 fuerunt
1223 3028 1236 3062 ε
1282 3008 1404 3064 Dux
1430 3008 1778 3075 Godelridus,
1811 3009 1959 3064 senis
1991 3008 2100 3064 Eu-

508 3100 707 3156 stachii
732 3100 975 3156 Boloniae
1015 3101 1232 3158 comitis
1275 3103 1440 3169 filius,
1477 3103 1564 3159 cui
1596 3103 1912 3173 dignitatem
1941 3101 2100 3158 ducis

508 3208 821 3264 nomenque
863 3193 1039 3249 Bullio
1088 3194 1231 3250 idem
1265 3195 1361 3266 qui
1409 3211 1534 3250 eum
1584 3194 1826 3262 miserat,
1855 3195 2096 3251 dederat.

507 3282 607 3339 Est
635 3293 818 3340 autem
849 3285 1025 3341 Bullio
1057 3287 1112 3340 in
1135 3286 1386 3343 Lotharii
1427 3302 1598 3358 regno
1629 3287 1910 3358 oppidum,
1944 3287 2100 3358 adja-

509 3378 682 3434 centis
717 3388 879 3449 caput
922 3380 1175 3449 ducatus,
1208 3397 1239 3437 a
1286 3381 1425 3437 duce
1480 3381 1753 3437 avunculo
1802 3379 2100 3437 Godefrido

509 3471 862 3541 senejnniori
898 3473 1168 3528 relictum.
1215 3471 1460 3529 Junioris
1483 3473 1647 3545 hujus
1676 3474 1934 3530 nobilitas
1960 3473 2103 3530 mul-

507 3564 580 3619 tis
630 3565 822 3634 polluit
871 3566 1169 3622 virtutibus
1226 3567 1503 3622 cumulata
1551 3583 1676 3622 eum
1722 3567 2099 3632 saecularibus,

507 3672 632 3712 cum
683 3657 906 3713 divinis.
958 3657 1186 3726 Divinis,
1235 3658 1486 3730 largitate
1534 3659 1589 3713 in
1634 3674 1921 3730 pauperes,
1972 3675 2103 3730 erga

509 3745 892 3817 delinquentes
921 3747 1315 3804 misericordia.
1370 3747 1543 3804 Porro
1578 3749 1909 3816 humilitate,
1944 3765 2102 3805 man-

511 3837 822 3904 suetudine,
866 3837 1181 3905 sobrietate,
1231 3838 1469 3909 justitia,
1525 3839 1778 3895 castitate
1830 3838 2098 3910 insignis;

512 3929 697 3999 potius
747 3931 1142 3985 monachorum
1184 3932 1301 3997 lux,
1336 3948 1503 4004 quam
1549 3931 1781 3986 militum
1824 3919 1935 3986 dux
1965 3931 2102 3986 emi-

513 4019 692 4077 cabat.
725 4019 837 4076 Nec
866 4021 1048 4076 minus
1075 4031 1256 4077 tamen
1299 4038 1361 4077 ea
1389 4038 1512 4093 quze
1543 4023 1725 4078 saeculi
1756 4031 1904 4086 sunt,
1936 4037 2103 4078 nove-

537 4121 889 4179 attractare,
921 4113 1179 4183 praeliari,
1216 4115 1473 4171 ordinare
1511 4114 1679 4180 acies,
1723 4113 1894 4168 armis
1928 4113 2104 4169 eccle-

513 4205 653 4260 siam
682 4221 1000 4276 pmpagarc.
1053 4205 1272 4263 Primus
1302 4216 1396 4262 aut
1440 4207 1494 4260 in
1538 4205 1734 4276 primis
1781 4203 1948 4260 ferire
1995 4189 2100 4259 ho-

518 4307 680 4363 stem,
726 4298 1042 4354 adolescens
1097 4298 1306 4367 didicit,
1350 4297 1569 4370 juvenis
1622 4297 1886 4365 assuevit,
1937 4314 2100 4353 senex

517 4408 628 4446 non
653 4391 880 4447 destitit.
907 4393 1059 4448 Adeo
1092 4393 1337 4466 belligeri
1372 4393 1591 4448 comitis
1612 4402 1666 4447 et
1695 4392 1994 4448 comitissze
2016 4408 2102 4448 rc—

2197 1883 2475 1940 ﬂucntiam
2508 1885 2894 1941 succubuerat.
2935 1883 3153 1940 Tertius
3183 1884 3237 1939 in
3271 1885 3378 1940 hoc
3412 1884 3596 1940 ordine
3637 1884 3749 1941 Boa-

2198 1977 2437 2034 mundus
2465 1976 2653 2050 fulget,
2693 1978 2855 2049 cujus
2884 1989 3129 2049 repetere
3169 1977 3648 2049 hicgenealogiam
3676 1993 3753 2033 su-

2196 2071 2488 2144 perfluum,
2521 2087 2704 2128 mores
2724 2080 2781 2127 et
2826 2073 3043 2127 animos
3092 2071 3358 2126 adnotare
3398 2081 3749 2142 praematurum

2198 2163 2414 2218 videtur
2438 2181 2450 2216 :
2482 2161 2785 2233 praesertim
2810 2177 2936 2218 cum
2960 2162 3029 2218 de
3054 2161 3174 2232 ejus
3197 2177 3395 2233 genere
3416 2161 3653 2232 superior
3677 2178 3751 2231 pa-

2199 2255 2325 2326 gina
2349 2254 2539 2326 egerit.
2578 2252 2811 2310 Inferior
2837 2270 2969 2310 vero
2999 2254 3147 2310 circa
3178 2253 3432 2310 fortunas
3458 2254 3682 2324 ejusdem
3711 2264 3753 2309 et

2199 2345 2500 2401 infortunia
2531 2346 2690 2428 quasi
2741 2346 3038 2418 quemdam
3055 2347 3348 2420 cardinem
3373 2345 3488 2402 fere
3526 2355 3632 2402 tota
3661 2363 3753 2401 ver-

2200 2450 2370 2496 setur.
2410 2437 2568 2511 llugo
2598 2455 2852 2511 magnus,
2897 2437 3145 2495 Francia:
3185 2455 3374 2510 regum
3413 2437 3635 2510 Philippi
3672 2437 3757 2492 fra-

2199 2546 2300 2603 ter,
2325 2535 2542 2590 llenrici
2571 2534 2737 2602 filius,
2768 2542 3027 2606 quartum
3070 2534 3282 2589 obtinet
3304 2534 3487 2590 locum
3512 2551 3526 2601 ;
3554 2549 3753 2605 magnus

2200 2643 2414 2699 genere,
2441 2643 2675 2698 magnus
2710 2625 3058 2697 cognomine,
3083 2640 3320 2694 magnus
3361 2624 3641 2696 probitate,
3668 2639 3757 2677 ma-

2200 2737 2340 2791 gnus
2370 2719 2533 2775 etiam
2579 2726 2635 2774 et
2681 2727 2877 2789 potens
2918 2725 3034 2771 tum
3075 2733 3196 2782 sua,
3237 2726 3354 2771 tum
3386 2715 3609 2771 fraterni
3633 2716 3754 2784 regni

2201 2811 2393 2866 militia
2424 2829 2436 2863 :
2471 2809 2836 2865 venerabilior
2876 2817 3064 2864 tamen
3102 2809 3236 2880 regii
3269 2808 3443 2880 gloria
3483 2808 3753 2879 sanguinis,

2200 2919 2364 2974 quam
2387 2912 2482 2958 aut
2497 2890 2660 2974 opum
2675 2902 2944 2969 ubertate,
2959 2911 3054 2956 aut
3070 2901 3403 2973 praecellenti
3421 2901 3754 2966 multitudine,

2201 3006 2298 3051 aut
2322 2995 2748 3068 triumphalibus
2771 2994 3001 3050 meritis.
3035 2993 3274 3062 Quintus
3306 2993 3579 3050 Blcsensis
3605 3009 3757 3048 comes

2203 3087 2534 3159 Stephanus,
2565 3096 2620 3143 et
2649 3087 2767 3157 ipse
2803 3101 2994 3159 regum
3026 3085 3336 3157 proximus,
3364 3085 3564 3156 quippe
3603 3083 3755 3140 Gallo-

2203 3197 2324 3235 rum
2359 3195 2652 3251 pronepos,
2687 3188 2743 3234 et
2775 3194 2941 3250 gener
2966 3178 3321 3250 Anglicorum
3348 3196 3361 3232 :
3405 3179 3564 3248 cujus
3592 3177 3636 3233 si
3668 3177 3754 3230 lar-

2204 3275 2423 3345 gitatem
2453 3273 2724 3338 hilaritas,
2748 3272 2796 3328 si
2822 3271 3110 3327 audaciam
3135 3269 3341 3340 fervor,
3375 3271 3564 3342 quanti
3595 3271 3757 3328 debue.

2202 3375 2348 3433 rant,
2372 3366 2767 3432 illustrassent;
2793 3365 2929 3421 nihil
2950 3365 2998 3421 ei
3023 3365 3211 3421 deerat
3229 3365 3296 3420 ad
3319 3366 3538 3431 ducem,
3561 3365 3681 3420 nihil
3704 3363 3755 3418 ad

2204 3458 2650 3515 strenuissimum
2680 3459 2930 3516 militem.
2964 3455 3224 3529 Sequitur
3251 3457 3401 3513 hunc
3423 3473 3604 3514 comes
3623 3456 3756 3511 Fian-

2202 3553 2336 3609 driae
2361 3552 2656 3619 Robertus,
2680 3551 2951 3608 Flandrite
2977 3551 3210 3607 nutricis
3229 3551 3500 3622 equitum,
3527 3548 3759 3605 Flaudrize

2206 3645 2403 3702 feracis
2426 3662 2716 3716 equorum,
2754 3645 3026 3700 Flandrize
3066 3642 3303 3711 Cereris,
3342 3643 3610 3700 Flandria:
3644 3642 3759 3712 peri-

2205 3740 2475 3806 culorum,
2522 3755 2645 3809 qua:
2685 3737 2912 3809 puellari
2954 3752 3174 3808 quoque
3221 3736 3625 3807 pulchritudine
3651 3749 3759 3804 piar-

2205 3833 2428 3899 cellens,
2453 3847 2609 3903 reges
2639 3829 2928 3896 Gallicum,
2953 3829 3242 3902 Anglicum
3267 3837 3323 3885 et
3363 3827 3566 3884 Dacum
3596 3826 3756 3883 meruit

2206 3939 2438 3996 generos
2473 3942 2487 3978 :
2523 3922 2726 3994 quibus
2783 3937 2968 3978 eomes
3024 3937 3267 3992 praesens
3312 3919 3566 3976 sublimis
3600 3916 3756 3974 aflinis.

2204 4017 2467 4086 p0pulare
2498 4014 2708 4072 fastidit
2758 4014 3026 4086 regimen,
3055 4013 3187 4068 dum
3231 4013 3348 4083 ipse
3395 4027 3563 4082 super
3603 4023 3756 4065 omnes

2206 4109 2544 4165 exercituum
2585 4116 2828 4164 rectores
2863 4106 2919 4160 in
2967 4121 3100 4162 ense
3125 4114 3180 4161 et
3208 4106 3397 4164 lancea
3428 4104 3718 4159 laudaretur
3746 4118 3755 4150 :

2209 4203 2352 4256 unde
2380 4211 2568 4273 postea
2597 4200 2846 4271 contigit,
2864 4210 2922 4256 ut
2949 4199 3066 4270 ipse
3107 4199 3328 4270 quidem
3361 4197 3537 4252 multo
3558 4197 3667 4267 plus
3688 4208 3762 4248 eae

2209 4291 2339 4347 teris
2375 4291 2608 4347 ducibus
2633 4292 3002 4347 celebraretur
3029 4289 3231 4344 habere
3258 4289 3325 4343 de
3364 4289 3571 4355 milite;
3612 4297 3661 4341 at
3689 4302 3761 4338 ne-

2207 4384 2382 4454 glecta
2403 4382 2686 4455 regiminis
2715 4399 2868 4450 cura,
2892 4383 3069 4437 multo
3097 4382 3284 4437 minus
3314 4381 3379 4436 de
3409 4382 3568 4437 duce.
3604 4378 3761 4434 Novis-

513 4483 881 4555 ligiosissimae
916 4485 1086 4552 filius,
1119 4493 1179 4540 ut
1218 4486 1384 4540 etiam
1415 4485 1484 4540 ab
1506 4485 1706 4539 azmulo
1745 4491 2102 4555 conspectus,
2137 4487 2181 4544 Ι)
2211 4476 2385 4531 simus
2439 4475 2686 4531 omnium
2749 4474 3092 4530 Raimundus
3139 4489 3322 4530 comes
3370 4473 3560 4529 Sancti
3596 4470 3756 4542 ,Egidii

515 4576 706 4631 audire
755 4586 1058 4631 mereretur
1094 4595 1105 4629 :
1149 4577 1214 4630 ad
1252 4576 1379 4631 belli
1426 4575 1708 4642 studium,
1739 4591 1867 4631 ecce
1910 4581 2096 4646 pater;

514 4665 660 4720 circa
704 4665 797 4722 Dei
823 4668 1054 4734 cultum,
1083 4683 1208 4722 ecce
1235 4677 1426 4723 mater.
1456 4666 1550 4723 llis
1579 4668 1771 4722 ducem
1815 4669 2099 4738 praeditum

513 4757 760 4813 moribus
786 4759 1058 4815 innumeri
1093 4759 1386 4815 bellatores
1402 4761 1468 4814 ad
1492 4759 1759 4829 praedictae
1786 4761 1940 4816 urbis
1969 4775 2105 4815 mce-

513 4849 604 4904 nia
631 4850 870 4920 primum
895 4853 1168 4922 prosecuti
1201 4865 1329 4906 sunt
1349 4853 1711 4908 obsessor-em.

512 4962 720 5035 XY._—-
736 4962 989 5035 Robertus
1006 4963 1356 5021 Normanniw
1371 4982 1563 5030 centes,
1575 4965 1938 5032 Boamundus,
1955 4964 2006 5019 Η
2011 4983 2111 5035 ago

587 5033 836 5106 Magnus,
859 5033 1156 5106 Stephanus
1176 5053 1346 5090 comes
1366 5035 1652 5101 Bleseusis,
1669 5036 1923 5091 Robertus
1938 5033 2110 5090 Flau-

584 5104 720 5158 driw
755 5104 960 5172 comes,
986 5105 1319 5159 Raimuudus
1351 5124 1520 5161 comes
1555 5107 1738 5162 Sancti
1767 5107 1998 5178 z‘Egidii.

589 5192 932 5250 Subsecutus
966 5205 1050 5250 est
1078 5204 1262 5252 autem
1297 5196 1569 5254 Robertus
1613 5197 1964 5255 Normaunizr
2012 5215 2107 5255 co—

514 5300 655 5351 mes,
682 5283 940 5341 Willelmi
967 5287 1109 5359 regis
1143 5297 1197 5344 et
1238 5291 1632 5361 expugnatoris
1675 5289 1887 5362 Anglia:
1930 5291 2106 5358 filius;

518 5392 736 5449 genere,
751 5377 978 5447 divitiis,
1006 5381 1259 5438 facundia
1281 5399 1499 5455 quoque
1521 5399 1631 5438 non
1662 5384 1938 5440 secundus
1959 5385 2107 5453 duci,

520 5468 616 5523 sed
643 5470 920 5542 superior;
940 5489 1039 5544 par
1064 5475 1117 5530 in
1144 5475 1228 5532 his
1252 5492 1374 5547 qua:
1393 5475 1629 5532 Caesaris
1661 5486 1824 5542 sunt;
1847 5493 1968 5548 quae
1989 5476 2109 5545 Dei,

518 5561 704 5618 minor
737 5582 750 5617 :
781 5565 942 5635 cujus
987 5568 1159 5637 pietas
1188 5561 1518 5640 largitasque
1545 5568 1702 5624 valde
1739 5567 1974 5625 fuissent
2003 5569 2108 5624 mi-

517 5655 720 5711 rabiles
755 5676 766 5709 :
798 5659 892 5713 sed
921 5661 1050 5730 quia
1076 5661 1130 5716 iu
1161 5670 1357 5718 neutra
1383 5663 1604 5717 modum
1635 5663 1829 5730 tenuit,
1867 5664 1922 5718 in
1955 5675 2105 5719 utra-

518 5759 626 5816 que
656 5750 872 5804 erravit.
923 5751 1202 5822 Siquidem
1236 5748 1670 5810 misericordiam
1713 5757 1830 5826 ejus
1860 5758 2074 5812 immise

2209 4567 2408 4622 emicat
2443 4567 2720 4624 obsessor.
2754 4562 3122 4633 Novissimus,
3142 4567 3387 4637 inquam,
3407 4576 3658 4636 tempore,
3677 4577 3758 4615 non

2211 4659 2437 4722 divitiis,
2485 4676 2590 4714 non
2638 4660 2906 4730 potentia,
2957 4676 3067 4714 non
3118 4659 3372 4726 consilio,
3411 4675 3521 4714 non
3577 4653 3758 4713 militari

2213 4751 2563 4807 multitudine
2592 4771 2602 4805 :
2637 4769 2762 4806 nam
2795 4752 2848 4806 in
2879 4751 2966 4808 his
2994 4752 3250 4808 omnibus
3289 4767 3319 4806 a
3361 4751 3651 4821 primordio
3675 4748 3760 4803 cla-

2214 4843 2326 4899 ruit
2357 4843 2497 4897 inter
2539 4843 2768 4912 primos,
2803 4852 2856 4897 et
2901 4858 3028 4897 mox
3079 4841 3314 4897 aliorum
3347 4857 3474 4896 cum
3505 4840 3758 4896 effluxisset

2216 4934 2469 5006 pecunia,
2502 4934 2666 5004 hujus
2692 4934 3021 4990 aflluxerunt
3044 4942 3100 4989 et
3127 4933 3544 5005 praecelluerunt
3573 4931 3756 4988 diviti-.e.

2212 5024 2304 5079 illa
2329 5024 2587 5080 nimirum
2610 5041 2742 5096 gens
2772 5023 2914 5096 frugi
2941 5041 3048 5081 non
3075 5025 3324 5098 prodiga,
3351 5025 3596 5096 parcitati
3615 5022 3758 5094 potius

2213 5135 2377 5190 quam
2422 5117 2580 5174 famze
2615 5119 2920 5186 serviebat;
2969 5119 3333 5190 exemploque
3366 5120 3556 5174 territa
3597 5118 3755 5176 alieno,

2215 5227 2345 5276 non,
2378 5221 2436 5266 ut
2480 5210 2697 5278 Franci,
2745 5211 2802 5265 in
2831 5211 3188 5278 detrahendo,
3222 5211 3317 5266 sed
3360 5227 3573 5282 semper
3608 5210 3654 5264 in
3680 5222 3755 5260 auc

2212 5305 2387 5376 geudo
2416 5305 2779 5361 substantiam
2799 5305 3123 5361 desudabat.
3175 5303 3318 5376 Ergo
3354 5321 3515 5360 suum
3549 5302 3756 5358 comitem

2213 5413 2374 5469 egere
2404 5413 2586 5453 rerum
2635 5413 2804 5470 sagax
2851 5397 3090 5465 utilium,
3133 5398 3463 5470 divitiusque
3496 5396 3650 5454 futuri
3684 5408 3757 5464 ρος

2213 5491 2376 5560 pulus
2408 5507 2514 5546 non
2549 5491 2800 5562 permisit
2828 5510 2839 5546 :
2872 5491 3051 5546 virum
3085 5491 3360 5562 aaquitatis
3386 5493 3659 5550 cultorem.
3680 5483 3757 5540 illi-

2210 5578 2436 5648 quitatis
2465 5581 2730 5650 ultorem;
2758 5581 2936 5637 virum
2963 5581 3029 5637 ad
3055 5581 3277 5638 timidos
3301 5599 3527 5656 agnum,
3547 5580 3608 5638 ad
3634 5571 3756 5634 lumi-

2208 5672 2307 5726 dos
2339 5671 2572 5728 leonem.
