3838 6306
129 363 211 426 505

1347 355 1578 413 GESTA
1615 357 1984 416 TANCREDI.

3192 367 3299 425 506

126 472 446 547 XYl.—Urlu_
443 470 813 547 circumdatur.
833 468 1133 547 Tancredus
1150 469 1358 540 primus
1373 469 1609 523 omnium
1639 472 1686 530 Α
1713 468 1849 523 urbe
1872 511 1888 536 ,
1921 467 2276 524 Boamundus
2317 484 2411 540 per
2457 479 2615 541 pacta
2653 468 2890 540 foedera,
2945 487 3043 544 per
3076 476 3302 547 junctas

408 541 618 598 Turcam
647 542 870 609 occidit,
907 541 1042 595 alios
1079 541 1248 612 fugat.

172 663 246 721 llis
278 661 422 734 igitur
455 657 908 730 expugnatoribus
955 656 1191 715 Nicaeam
1240 657 1568 716 circumdari
1594 697 1612 724 ,

116 754 346 820 debellari,
366 760 625 824 postremo
649 752 715 807 ad
731 751 1060 807 deditionem
1102 753 1224 824 cogi
1248 795 1264 819 ,
1291 753 1464 809 Callia
1493 769 1614 809 cer-

115 849 241 914 tavit,
267 845 446 902 Graecia
486 843 728 914 adjuvit,
772 841 914 898 Deus
953 845 1303 914 perpetravit.
1344 844 1448 902 Sed
1481 847 1612 905 dum

113 939 410 1006 novissimus,
439 936 612 992 utdixi
630 978 645 1004 ,
670 934 1010 991 Raimundus
1035 951 1220 993 comes
1248 946 1375 994 ante
1400 951 1614 1010 portam

114 1031 367 1088 orientalem
410 1029 633 1083 tentoria
675 1028 888 1099 figeret,
915 1028 1005 1083 illa
1037 1029 1186 1084 enim
1226 1045 1355 1086 area
1400 1034 1616 1091 caeteris

107 1126 190 1198 jam
209 1121 486 1193 occupatis,
523 1120 682 1176 unica
717 1119 973 1176 vacabat:
1000 1135 1128 1176 ecce
1155 1136 1254 1192 per
1295 1124 1614 1193 compendia

109 1217 262 1274 montis
281 1213 494 1285 proximi
532 1211 743 1270 Turcus
767 1212 1106 1270 descendens
1127 1214 1427 1282 exercitus,
1454 1217 1615 1286 quasi

108 1312 249 1367 urbem
271 1308 334 1364 ab
353 1307 529 1363 eadem
560 1316 717 1377 porta
745 1307 1094 1378 ingressurus
1127 1308 1399 1377 apparuit,
1413 1307 1615 1365 festino

106 1401 258 1468 impetu
278 1396 484 1466 cupiens
508 1394 1081 1471 subvenirepbsessis.
1109 1393 1369 1453 Exoritur
1385 1396 1611 1452 clamor.

103 1491 254 1546 Comes
277 1487 541 1559 proximus
561 1488 682 1543 loco
706 1530 722 1549 ,
763 1486 976 1558 primus
1004 1486 1220 1555 obviat;
1266 1502 1394 1542 mox
1434 1487 1615 1544 caeteri

102 1587 243 1641 duces.
267 1581 389 1636 Pars
427 1580 652 1647 armati,
686 1580 781 1635 alii
817 1580 1167 1648 semiermes,
1199 1588 1260 1635 ut
1289 1581 1453 1636 ardor
1490 1580 1614 1636 belli

101 1689 318 1748 quemque
333 1671 596 1728 exciverat
618 1713 634 1739 ,
665 1686 953 1726 occurrere
988 1669 1270 1726 festinant.
1300 1669 1616 1726 Tancredus

101 1768 232 1837 spatio
259 1773 480 1820 remotus
503 1805 520 1830 ,
543 1763 598 1817 in
624 1778 769 1834 equo
791 1761 1009 1817 advolat
1028 1762 1228 1818 ardens
1251 1763 1396 1833 quod
1417 1763 1470 1818 ei
1497 1763 1616 1817 vul-

99 1859 207 1915 neris
216 1857 357 1930 primi
384 1856 607 1928 gloriam
637 1855 793 1912 locus
815 1855 1086 1910 inviderit.
1116 1854 1303 1926 Itaque
1324 1855 1471 1926 quod
1497 1855 1618 1911 abs-

99 1952 247 2006 tulerat
264 1949 434 2016 locus,
469 1947 649 2004 reddit
675 1948 921 2003 animus:
949 1962 1078 2002 nam
1099 1947 1327 2002 absente
1361 1963 1426 2006 eo
1446 1990 1461 2013 ,
1487 1945 1614 2020 fuga

95 2055 133 2101 et
156 2045 351 2114 impetus
370 2057 509 2096 nunc
531 2040 619 2096 his
637 2083 654 2107 ,
681 2056 827 2095 nunc
857 2039 966 2096 illis
989 2039 1172 2096 varias
1195 2041 1310 2111 spei
1339 2056 1405 2096 ac
1436 2049 1616 2097 metus

95 2137 419 2193 distribuerant
445 2134 628 2190 vices:
666 2142 722 2188 at
757 2142 1049 2206 postquam
1103 2133 1152 2190 is
1189 2133 1284 2205 qui
1325 2149 1470 2189 unus
1514 2149 1613 2204 pro

93 2228 374 2285 multitudine
395 2270 411 2295 ,
439 2228 598 2283 miles
619 2241 721 2298 pro
749 2226 966 2299 agmine
986 2234 1041 2284 et
1060 2226 1365 2283 habebatur
1399 2236 1453 2282 et
1473 2235 1611 2293 erat,

91 2323 413 2393 superveniens
431 2321 628 2385 irruit;
657 2335 800 2377 caesa
816 2321 961 2376 illico
983 2320 1168 2376 cervix
1188 2317 1388 2381 Turca.
1408 2319 1612 2374 Christi

89 2399 271 2469 cderavit
290 2412 478 2468 milites
491 2453 507 2479 ,
521 2411 863 2467 eﬂ‘eminavit
878 2412 1083 2467 hostes.
1109 2409 1420 2466 Exanimati
1449 2409 1613 2482 igitur

88 2506 134 2558 ad
161 2514 342 2560 montes
367 2519 490 2570 ora,
529 2503 607 2558 ad
635 2502 877 2560 Francos
904 2513 1081 2574 terga,
1117 2503 1185 2558 ad
1219 2501 1400 2573 fugam
1431 2501 1610 2558 studia

86 2608 373 2664 convertunt;
425 2598 711 2654 animatos
747 2613 877 2652 vero
923 2596 1152 2651 audacia
1206 2611 1432 2662 cernes,
1481 2593 1611 2667 fuga

87 2694 300 2759 hostium,
348 2709 638 2750 morarum
695 2691 891 2762 pudor,
945 2689 1285 2761 fugientibus
1341 2690 1606 2745 immittit.

86 2785 200 2854 Quod
216 2788 306 2842 nisi
333 2787 532 2842 montis
563 2786 808 2857 proximi
839 2785 1046 2856 asylum
1073 2784 1292 2856 refugos
1322 2785 1504 2840 subito
1522 2800 1610 2840 re-

82 2881 283 2950 cepisset,
322 2881 482 2950 paulo
541 2879 764 2935 tardius
820 2877 1042 2949 sanguis
1086 2878 1354 2934 barbarus
1407 2876 1612 2933 Latina:

84 2970 269 3040 cuspidis
299 2971 440 3026 sitim
474 2970 779 3026 imbuisset
821 2969 889 3024 ad
934 2970 1262 3026 satietatem.
1305 2968 1445 3036 Quia
1481 2985 1611 3024 vero

82 3068 235 3121 montis
249 3066 452 3121 viciniae
481 3065 680 3130 timor,
705 3063 862 3135 cujus
884 3071 968 3119 est
989 3062 1222 3134 pedibus
1251 3062 1368 3117 alas
1391 3062 1608 3129 addere,

81 3160 244 3214 subitus
273 3159 526 3225 accessit,
583 3157 750 3213 facile
802 3173 908 3228 qua
943 3157 1323 3214 descendendo
1359 3157 1607 3211 invasum
1635 3180 1680 3240 ρ

80 3251 233 3317 fuerat,
257 3251 606 3308 ascendendo
629 3266 854 3305 evasum
883 3258 994 3317 est,
1028 3250 1116 3304 illa
1147 3258 1358 3304 tantum
1385 3249 1611 3304 absente

79 3341 214 3396 anima
235 3358 386 3412 quam
409 3341 740 3398 Tancredus
771 3358 883 3397 sua:
905 3357 1209 3412 praeconem
1231 3341 1476 3396 audacia:
1507 3341 1612 3396 sub

78 3443 229 3488 tartara
243 3434 471 3490 miserat.
496 3433 665 3488 Multi
691 3442 869 3487 tamen
894 3433 1179 3488 inhonesta
1211 3441 1363 3504 tergo
1384 3433 1610 3489 vulnera

79 3525 247 3580 domum
279 3535 656 3597 reportarunt.
701 3525 1041 3580 Christicolae
1085 3525 1289 3582 hilares
1331 3526 1385 3580 in
1429 3536 1608 3581 castra

78 3627 378 3684 revertuntur,
426 3618 484 3672 hi
516 3625 790 3682 cruenta,
843 3617 921 3671 illi
962 3633 1188 3672 recurva
1226 3618 1484 3688 cuspide,
1519 3619 1608 3672 alii

79 3705 241 3763 fraxino
283 3719 509 3775 trunca,
533 3725 672 3782 pars
699 3708 892 3765 hebete
919 3709 1098 3781 gladio
1137 3709 1401 3780 insignes.
1446 3709 1610 3766 Turci

74 3804 220 3873 capitis
249 3806 627 3875 spectaculum
663 3804 825 3875 vulgo
859 3811 1242 3874 prtesentatur.
1295 3803 1612 3860 Tancredus

76 3910 144 3964 per
173 3898 386 3953 universi
429 3898 718 3954 exercitus
763 3899 1036 3968 populos,
1083 3897 1337 3968 linguas,
1391 3906 1607 3964 aetates,

73 4003 194 4044 sexus
209 4033 222 4054 ,
236 3989 612 4060 professiones
646 3989 858 4060 primus
871 3988 1034 4045 Turci
1062 3989 1283 4044 verticis
1304 3989 1614 4045 celebratur

71 4079 194 4133 unius
239 4082 499 4147 abscisor,
537 4089 604 4136 et
654 4079 1136 4135 innumerabilium
1168 4079 1402 4151 fugator.
1455 4078 1612 4145 Quod

69 4185 146 4224 non
182 4172 285 4228 sine
332 4174 583 4244 quodam
645 4171 815 4226 futuri
874 4170 1143 4227 Tancredi
1205 4171 1614 4242 praemonitorio

68 4264 267 4334 quisquis
287 4282 398 4322 rem
420 4265 723 4337 diligenter
746 4264 1059 4333 attenderit,
1095 4272 1280 4319 aetum
1309 4279 1431 4320 esse
1460 4279 1613 4318 com-

72 4355 208 4412 teriet.
235 4355 370 4413 Sane
420 4357 565 4412 tales
610 4357 828 4412 coalitus
866 4355 1063 4412 oblatae
1094 4355 1396 4412 decuerunt
1431 4356 1611 4410 virum

69 4447 292 4516 ριοὶωίιὶε,
320 4450 416 4520 qui
435 4451 558 4521 jam
595 4459 795 4504 extunc
820 4490 836 4516 ,
868 4449 982 4504 imo
1020 4465 1050 4504 a
1075 4449 1277 4505 saeculo
1325 4449 1612 4519 praelectus

1714 560 1990 629 dexteras,
2021 577 2120 632 per
2159 561 2456 634 hommagii
2502 563 2664 619 fidem
2695 565 3008 634 adjuratus,
3047 569 3115 624 ad
3171 585 3298 625 eum

1713 653 1971 725 navigat,
2022 668 2244 722 secum,
2299 654 2441 711 sicut
2499 656 2868 726 promiserat,
2916 657 3300 717 Marchisidem

1714 743 2002 800 reducens.
2039 743 2142 800 Ubi
2171 745 2292 816 ejus
2319 747 2635 820 hommagio
2675 748 2900 805 Alexius
2929 751 3102 822 magis
3130 762 3303 809 terre-

1714 833 1894 892 factus
1917 853 2084 907 quam
2130 847 2308 907 tutus,
2340 840 2514 896 multo
2547 841 2810 912 dejectior
2857 859 3023 914 quam
3062 853 3301 912 erectus,

1713 931 2060 1001 exaggeravit
2081 931 2373 998 iram,non
2405 934 2724 1004 impetravit
2749 935 3131 991 reverentiam.
3161 934 3303 991 Nam

1713 1021 1864 1076 velut
1880 1021 2068 1077 divino
2088 1024 2312 1079 oraculo
2341 1025 2651 1082 instructus
2669 1068 2684 1093 ,
2713 1026 3043 1084 metiebatur
3065 1028 3150 1082 vir
3171 1043 3305 1098 pru-

1714 1113 1850 1169 dens
1892 1113 2014 1170 illos
2065 1114 2162 1185 qui
2196 1114 2453 1187 deinceps
2487 1118 2661 1174 secuti
2696 1128 2826 1175 sunt
2860 1135 3046 1176 rerum
3097 1121 3300 1177 exitus.

1715 1203 1888 1278 Regni
1909 1206 2223 1262 Graecorum
2255 1224 2363 1264 non
2388 1209 2782 1281 longitudinem
2806 1211 3175 1269 immensitate
3202 1229 3306 1270 sua

1716 1297 2274 1372 Hicrosolymitanum
2307 1301 2592 1373 attingere.
2641 1302 2802 1358 Tanti
2852 1306 3014 1374 spatii
3060 1306 3224 1362 urbes
3271 1322 3304 1361 a

1715 1391 1912 1448 Turcis
1934 1401 2153 1463 captas,
2176 1391 2490 1450 Christiano
2535 1396 2707 1452 cultui
2736 1395 2854 1452 fore
2888 1398 3300 1468 mancipandas.

1714 1485 1888 1542 Porro
1908 1487 2112 1543 Graecis
2139 1497 2356 1557 ereptas
2385 1488 2587 1544 talibus
2616 1505 2724 1544 non
2756 1499 3012 1560 oportere
3037 1492 3186 1546 reddi
3211 1500 3300 1546 tu-

1718 1580 1951 1636 toribus.
1996 1579 2241 1635 Francos
2283 1594 2408 1636 esse
2466 1581 2563 1650 qui
2607 1581 2924 1652 hujusmodi
2973 1584 3154 1640 tutelae
3198 1583 3303 1639 soli

1716 1672 2021 1729 sufﬁcerent
2043 1690 2057 1739 ;
2079 1672 2322 1743 alioquin
2346 1673 2510 1730 urbes
2533 1685 2587 1728 et
2607 1673 2806 1744 oppida
2841 1675 3054 1730 restitui
3075 1675 3303 1742 Graecis,

1718 1766 1770 1820 id
1795 1781 1918 1821 esse
1948 1765 2167 1821 restitui
2204 1764 2436 1820 Turcis:
2480 1781 2539 1822 se
2562 1767 2729 1822 simul
2771 1767 2988 1824 duobus
3028 1769 3299 1833 dominis,

1719 1855 1930 1914 scilicet
1987 1840 2304 1928 reipublicae
2346 1865 2401 1912 et
2458 1858 2573 1928 regi
2624 1858 2846 1914 Graecia:
2890 1858 3142 1914 famulari
3195 1875 3306 1915 non

1718 1963 1901 2018 posse.
1959 1945 2086 2004 Haec
2128 1949 2316 2004 animo
2372 1949 2601 2005 volvens
2641 1949 2726 2002 vir
2783 1950 3089 2020 providus,
3133 1949 3308 2005 fertur

1716 2041 1895 2111 regias
1923 2056 2088 2097 aures
2115 2041 2396 2096 simillima
2422 2041 2552 2095 huic
2589 2041 2846 2111 implesse
2870 2042 3125 2112 querela:
3159 2062 3177 2095 ι
3209 2042 3309 2097 Co-

1714 2140 1914 2201 gnatus
1945 2131 2170 2203 sanguis
2206 2131 2558 2187 Boamundus
2586 2141 2679 2187 tua
2728 2132 2998 2202 impulsus
3028 2135 3267 2204 potentia
3288 2176 3304 2201 ,

1713 2223 1825 2278 huc
1854 2238 1974 2290 me,
2002 2239 2037 2279 ο
2079 2223 2397 2293 imperator,
2445 2223 2660 2292 impulit
2703 2223 3021 2279 retransire.
3067 2223 3122 2279 Si
3170 2241 3306 2295 pro-

1714 2315 1884 2372 missa
1909 2323 2032 2383 tua,
2057 2315 2104 2370 si
2132 2331 2390 2382 munera,
2426 2315 2474 2370 si
2504 2314 2850 2370 familiaritas
2880 2332 2967 2370 me
2990 2317 3302 2386 cepissent,

1713 2425 1820 2464 non
1843 2409 2068 2466 deerant
2098 2408 2279 2463 aditus
2313 2423 2410 2479 per
2432 2423 2574 2478 quos
2605 2407 2909 2477 irrumpere
2940 2407 3155 2464 licebat.
3182 2408 3302 2463 Cae-

1712 2508 1890 2554 terum
1921 2499 2012 2553 tibi
2047 2514 2110 2554 ea
2158 2497 2582 2568 displicuerant,
2612 2495 2818 2552 frustra
2847 2497 2982 2551 mihi
3015 2506 3143 2552 tuus
3187 2497 3303 2567 pla-

1712 2591 1916 2647 cuisset
1934 2606 2212 2647 accessus.
2237 2588 2362 2646 llaec
2381 2588 2669 2644 attendens
2689 2605 2910 2660 operam
2934 2589 3086 2655 dedi,
3111 2605 3219 2658 qua
3252 2599 3303 2644 te

1711 2685 2045 2757 praeterirem
2091 2683 2333 2750 liberior,
2373 2682 2519 2753 vigili
2566 2698 2698 2736 cura
2750 2682 3042 2737 liberatum
3085 2691 3177 2736 tua
3217 2698 3304 2735 me

1713 2779 1821 2834 huc
1841 2777 2100 2832 violentia
2129 2777 2354 2831 retrusit
2385 2775 2645 2842 invitum;
2678 2775 2977 2846 quominus
3008 2775 3105 2830 tibi
3132 2773 3302 2829 eonfi-

1711 2869 1949 2924 dendum
1993 2868 2254 2936 noveris,
2296 2868 2342 2923 si
2387 2867 2519 2939 quid
2567 2867 2727 2922 hodie
2766 2867 3022 2937 pepigere
3054 2874 3302 2924 coactus.

1712 2963 1810 3019 llis
1857 2972 1906 3018 te
1953 2961 2341 3033 praemonitum
2367 3002 2383 3027 ,
2433 2959 2719 3030 sequentia
2755 2975 2978 3030 quoque
3021 2959 3306 3013 attendere

1711 3067 1944 3128 oportet.
1973 3057 2112 3112 Ecce
2139 3056 2206 3111 ad
2232 3056 2284 3111 id
2326 3064 2547 3111 ventum
2576 3065 2680 3122 est,
2715 3063 2774 3109 ut
2829 3053 3044 3124 cognati
3083 3053 3309 3110 l'tederis

1713 3157 2119 3207 sacramentum
2146 3149 2447 3206 absolvam.
2480 3146 2679 3202 Verum
2709 3163 2772 3203 ea
2793 3148 2878 3203 lex
2897 3148 3072 3203 aderit
3102 3148 3303 3208 media.

1714 3253 1774 3300 ut
1804 3252 1856 3298 te
1892 3241 2252 3314 Ilierosolymi
2274 3250 2428 3312 petas
2453 3243 2768 3312 adjuvante,
2807 3246 2914 3294 stet
2943 3238 3129 3293 ι’ωιίυε
3176 3253 3307 3292 mox

1714 3352 1971 3393 casurum
1992 3378 2008 3402 ,
2031 3327 2158 3391 cum
2182 3349 2380 3389 eorum
2401 3343 2495 3389 aut
2522 3329 2874 3389 successibus
2897 3329 3178 3395 invideris,
3213 3337 3309 3383 aut

1713 3429 2011 3486 infortunia
2024 3444 2134 3483 non
2158 3428 2385 3484 levabis.
2401 3425 2559 3480 Absit
2585 3441 2714 3488 vero
2735 3434 2796 3480 ut
2823 3425 3120 3496 aliquando
3137 3423 3306 3478 fidum

1713 3535 1801 3575 me
1831 3520 2049 3586 habeat,
2077 3517 2329 3589 quisquis
2357 3517 2426 3572 ab
2447 3531 2640 3572 eorum
2670 3515 2928 3571 fidelitate
2963 3513 3302 3572 discesserit.

1715 3612 1773 3668 Si
1809 3628 1942 3684 ergo
1998 3610 2272 3667 dominari
2317 3608 2637 3674 desideras,
2692 3606 2948 3662 famulari
2999 3606 3188 3671 stude,
3231 3605 3310 3660 de

1717 3705 1988 3762 Tancredi
2025 3712 2209 3760 certus
2259 3701 2560 3772 obsequio,
2601 3701 2696 3756 ubi
2729 3699 2937 3756 Christi
2981 3699 3310 3755 exercitium

1713 3794 2105 3851 certificaveris
2134 3793 2202 3848 de
2224 3800 2341 3848 tuo.
2369 3790 2629 3846 Omnium
2658 3790 2933 3856 minister,
2961 3789 3056 3844 tibi
3086 3803 3311 3858 quoque

1714 3902 1814 3958 pro
1846 3887 2108 3942 omnibus
2135 3901 2246 3941 non
2287 3885 2471 3940 abnuo
2499 3884 2843 3940 ministrare.
2875 3881 3160 3938 Summam
3209 3897 3307 3936 auo

1713 3988 1823 4034 tem
1860 3979 2057 4033 borum
2102 3975 2527 4048 compcndiosus
2585 3989 2772 4031 sermo
2831 3974 3076 4030 dilliniat.
3120 3972 3310 4039 Qualis

1715 4070 2001 4126 antecedet
2029 4081 2123 4126 tua
2169 4085 2297 4141 erga
2336 4068 2582 4124 Francos
2612 4068 2868 4135 devotio,
2916 4067 3080 4122 talem
3123 4080 3305 4119 meam

1715 4161 1889 4218 Cneci
1913 4177 2044 4235 erga
2074 4177 2133 4218 se
2157 4169 2477 4232 exspectent
2499 4171 2866 4218 secuturam.»
2893 4157 2989 4215 IIis
3014 4159 3077 4214 de
3106 4173 3310 4214 arcano

1714 4255 1952 4328 pectoris
1976 4254 2280 4327 prudentiae
2315 4255 2686 4322 tabernaculi,
2715 4253 2998 4324 sapientia:
3043 4251 3310 4308 domicilii

1714 4347 1863 4404 fonte
1892 4347 2185 4414 derivatis,
2210 4347 2466 4402 laudatur
2495 4349 2714 4403 animus
2735 4347 2832 4418 qui
2856 4355 2910 4402 et
2937 4355 3047 4400 tam
3076 4345 3310 4400 fideliter

1713 4456 1814 4512 pro
1839 4440 2115 4510 republica
2147 4439 2476 4506 intercedit,
2502 4449 2557 4495 et
2585 4449 2696 4494 tam
2733 4447 3052 4494 constanter
3085 4455 3185 4491 nec
3208 4453 3309 4506 pro

65 4552 245 4609 erat,ut
272 4546 521 4600 omnium
554 4543 964 4600 invictissimus
1009 4543 1201 4600 bellica
1224 4543 1410 4600 subire
1439 4543 1608 4599 debe-
1639 4532 1688 4592 Ι)
1713 4533 2015 4589 domestica
2067 4534 2256 4601 timet,
2312 4549 2415 4589 nec
2464 4549 2496 4589 a
2532 4533 2747 4605 justitia
2799 4531 3023 4588 recedit.
3063 4529 3300 4583 Tollitur

67 4643 148 4697 rel,
172 4637 286 4691 etin
319 4639 475 4694 nullo
515 4637 775 4708 superari
803 4635 1147 4692 discrimine.

62 4785 187 4842 XVII.
216 4823 276 4832 --
313 4791 447 4847 Urbs
490 4792 761 4846 redditur.
802 4789 990 4844 Alexio
1038 4790 1249 4843 sistitur
1285 4786 1608 4844 Tancredus.

282 4861 450 4918 Verba
491 4862 759 4916 Tuncredi
799 4861 868 4914 ad
908 4863 1299 4930 imperatorem.

116 4995 378 5068 Postquam
412 4998 639 5054 obsessi
670 4997 1039 5053 obsidentium
1065 4995 1208 5049 vires
1233 5001 1446 5060 auctas,
1479 5010 1612 5050 suas

62 5091 338 5156 exspectatis
371 5090 468 5143 diu
518 5087 784 5143 subsidiis
813 5088 1100 5142 destitutas
1145 5086 1420 5153 viderunt,
1446 5087 1611 5142 simul

62 5180 197 5232 territi
223 5183 358 5250 quod
389 5180 747 5235 Raimundus
775 5195 992 5244 comes,
1043 5178 1170 5248 quia
1201 5178 1428 5233 ultimus
1475 5192 1612 5232 mte-

64 5268 127 5320 nia
154 5269 378 5339 fuderat,
411 5274 606 5327 acrius
629 5272 864 5326 suffossa
895 5270 1141 5325 funditus
1169 5269 1480 5340 quatiebat,
1513 5286 1610 5324 ur-

61 5356 151 5411 bem
174 5377 231 5415 eo
253 5373 439 5416 tenore
465 5361 707 5416 reddunt
725 5371 812 5427 ,nt
837 5376 1002 5431 quam
1031 5377 1144 5416 rem
1169 5377 1350 5415 emere
1374 5362 1478 5416 sibi
1501 5377 1609 5416 non

66 5445 181 5516 licet,
207 5453 358 5508 liceat
386 5456 586 5510 saltem
612 5455 838 5525 perdere
867 5455 1069 5508 illiusis.
1099 5453 1281 5508 Placet
1318 5455 1605 5523 utrobique

61 5543 288 5612 conditio,
319 5549 514 5618 sicque
537 5549 603 5603 ad
632 5547 1015 5616 imperatorem
1045 5547 1293 5601 mittitur.
1316 5545 1615 5617 Imperator

62 5643 205 5690 autem
239 5638 379 5694 felici
428 5641 530 5694 illo
566 5654 790 5693 rumore
847 5638 1193 5708 impertitus,
1235 5647 1290 5693 et
1329 5639 1613 5694 munimen

61 5723 215 5794 mittit,
239 5739 290 5784 et
313 5733 432 5802 ipse
452 5731 661 5790 missos
685 5746 858 5802 usque
879 5731 1092 5797 sinum,
1116 5732 1211 5802 qui
1239 5733 1401 5803 vulgo
1426 5730 1614 5787 Sancti

64 5809 236 5888 Gmrgii
281 5820 577 5876 brachium
625 5822 857 5891 dicitur,
913 5821 1175 5896 sequitur.
1229 5822 1356 5878 Inde
1403 5824 1612 5884 munita

1715 4623 1925 4680 clamor
1954 4623 2225 4691 Gallicus,
2250 4624 2442 4680 Graeca
2470 4640 2692 4696 quoque
2721 4638 3010 4680 murmura
3042 4621 3305 4676 meritum

1714 4732 1823 4769 non
1855 4716 2106 4771 abnuunt
2140 4715 2406 4772 favorem.

1713 4806 1902 4863 XVIII.
1917 4837 1987 4848 ——
2000 4807 2182 4879 Ipsius
2195 4809 2323 4879 petit
2338 4809 2642 4863 tentorium.
2660 4807 2984 4879 Indignatur
2994 4808 3302 4875 imperator.

1785 4899 2086 4970 Postquam
2145 4902 2372 4957 Alcxius
2417 4900 2518 4954 viri
2577 4908 2815 4954 mentem
2865 4897 3013 4952 videt
3058 4895 3308 4965 pecuniae:

1717 4994 2190 5064 contemptricem,
2220 5010 2397 5064 neque
2422 5009 2590 5047 aureo
2617 4993 2759 5047 sicut
2787 4999 3111 5046 caeterorum
3142 5003 3314 5056 posse

1716 5086 1934 5142 vinculo
1965 5085 2195 5153 irretiri,
2229 5086 2360 5157 quia
2387 5102 2514 5140 eum
2551 5092 2676 5154 post
2714 5099 2774 5138 se
2812 5081 3006 5152 nequit
3050 5081 3308 5146 trahere;

1717 5179 2023 5234 trahentem
2066 5179 2337 5248 sequitur,
2365 5185 2421 5231 et
2467 5175 2816 5231 sermonibus
2851 5184 3119 5229 consonat
3144 5172 3309 5226 dicti-

1717 5272 1864 5328 tatis.
1900 5270 2148 5342 Jungunt
2186 5271 2408 5325 dextras
2438 5310 2454 5334 ,
2502 5269 2877 5324 stomachante
2922 5275 3104 5322 tamen
3155 5265 3309 5322 intus

1715 5363 2078 5428 Marchisida,
2131 5371 2286 5418 extra
2340 5378 2472 5418 vero
2519 5361 2689 5415 torvis
2735 5359 3037 5414 luminibus
3111 5359 3310 5414 crude-

1715 5467 1918 5513 scente.
1943 5456 2227 5510 Celebrato
2249 5456 2356 5510 ritu
2388 5470 2572 5525 quem,
2591 5453 2657 5507 ad
2673 5453 2785 5507 haec
2801 5453 3004 5508 hedera
3028 5452 3306 5522 principes

1720 5549 2044 5615 observant,
2075 5548 2335 5602 invitatur
2374 5544 2724 5612 Tancredus,
2753 5554 2813 5600 ut
2835 5545 3098 5615 quidlibet
3121 5560 3151 5597 a
3179 5558 3309 5613 rege

1715 5649 1863 5712 petat
1878 5683 1893 5709 ,
1920 5642 2125 5697 nullam
2144 5656 2412 5712 passurus
2431 5641 2498 5696 de
2523 5641 2694 5711 petito
2717 5639 3030 5710 repulsam:
3057 5637 3302 5692 aestima-

1717 5733 1878 5789 batur
1907 5735 2055 5790 enim
2096 5749 2325 5800 aurum,
2362 5742 2650 5806 argentum
2673 5775 2691 5798 ,
2727 5746 3006 5803 gemmas,
3043 5728 3207 5799 pallia
3249 5733 3308 5782 et

1720 5825 1805 5882 his
1839 5827 2040 5883 similia
2078 5827 2385 5888 petiturus.
2417 5827 2792 5886 necessarium
2818 5823 2918 5880 viae
2960 5819 3264 5878 subsidium
