3838 6306
542 374 652 433 507

1117 369 1212 428 AD
1246 368 1699 431 GODEFRIDUM
1738 367 2033 425 APPEND.
2075 368 2143 426 ll.
2183 399 2254 412 —-
2295 356 2569 426 MONUM.
2612 366 2703 425 DE
2746 367 2973 426 BELLO
3011 368 3258 426 SACRO.
3697 350 3774 434 5δὸ

541 500 599 551 et
643 488 795 550 avari
845 489 1015 547 animi
1071 480 1527 546 blandimentum.
1574 483 1801 557 Spretor
1833 486 2200 557 pecunize,'A
2226 482 2448 542 fortuna
2494 485 2661 543 simul
2688 468 2743 541 et
2770 465 3001 543 vocatur
3025 493 3081 541 et
3109 456 3282 542 adest.
3316 462 3644 543 Transii‘etat
3676 478 3776 547 nihil

544 581 1013 655 sublimitatlsque
1053 580 1218 654 regia:
1272 579 1491 634 animus
1530 577 1839 644 aemulator,
1887 577 2136 650 vulgaria

543 675 765 742 temnit,
794 668 957 745 quem
968 671 1137 727 duces
1156 669 1248 723 alii
1271 668 1512 724 oblatum
1533 681 1645 737 pra:
1671 681 1840 722 onere
1872 667 2136 723 honorem

543 775 868 824 recusarent
885 807 900 833 ,
940 762 1359 827 illum‘aﬂ'ectat,
1389 767 1445 815 et
1473 750 1649 815 solum
1670 760 1738 815 de
1765 760 2038 831 regalibus
2060 760 2138 816 ait

547 859 893 929 praaplacere.
934 855 1065 910 Erat
1095 850 1333 923 namque
1352 851 1467 923 regi
1494 851 1790 907 tenterium
1808 894 1822 919 ,
1845 854 1991 923 quOd
2019 861 2137 910 arte

547 948 715 1005 simu.
741 952 800 1003 et
825 954 1022 1001 natura
1047 943 1295 1000 mirabile
1331 942 1606 1013 duplicem
1643 945 1938 1015 spectatori
1961 945 2139 1016 jacta-

544 1042 642 1097 bat
673 1048 994 1109 stuporem:
1033 1036 1101 1091 ad
1137 1036 1254 1090 haec
1287 1030 1460 1091 urbis
1495 1035 1670 1092 instar
1722 1037 1918 1092 turrita
1962 1038 2135 1108 atria,

546 1135 786 1189 camelos
816 1132 1006 1205 viginti
1031 1131 1181 1204 gravi
1208 1130 1428 1188 sarcina
1449 1147 1559 1188 non
1590 1130 1949 1203 fraudabant,
1975 1150 2139 1207 capa-

542 1228 681 1282 citas
712 1224 1100 1280 convenienda:
1125 1224 1463 1280 multitudini
1483 1233 1824 1297 opportuna;
1851 1241 1985 1299 apex
2010 1234 2104 1283 tan
2123 1257 2137 1269 ν

544 1326 661 1373 tum
696 1316 908 1372 caeteris
942 1315 1325 1387 praeminens.

648 1426 923 1496 Quantum
960 1430 1105 1486 lenta
1132 1430 1304 1486 solent
1342 1432 1483 1487 inter
1512 1432 1735 1505 giburna
1771 1435 2026 1505 cupressi.

1491 1501 1697 1572 (γεω,
1736 1520 1751 1558 ι
1781 1501 1995 1576 Βίιςοι.)

542 1591 656 1650 Hoc
686 1608 819 1666 ergo
862 1590 1198 1667 magnanimi
1238 1590 1599 1651 Wiseardidm
1651 1600 1889 1650 mentem
1936 1612 2139 1654 munus

541 1687 770 1741 unicum
799 1688 977 1758 capit,
1030 1689 1172 1745 hanc
1217 1688 1321 1744 sibi
1349 1688 1588 1745 destinat
1630 1689 1812 1743 aulam
1854 1688 2135 1756 idoneam;

2240 593 2502 644 morans,
2531 576 2579 633 is
2632 576 2721 632 cui
2751 577 2888 632 adeo
2923 576 3202 648 ingratum
3253 575 3393 630 nihil
3429 591 3589 657 quam
3639 594 3775 637 mora.

2237 667 2591 725 Boamundus
2608 676 2789 724 autem
2803 668 2967 742 paulo
2982 668 3191 725 tardior
3209 683 3467 741 egressus
3479 708 3496 736 ,
3519 668 3677 740 regias
3695 673 3779 730 fere

2237 762 2574 832 exspectavit
2597 770 2653 818 et
2677 761 2912 817 incurrit
2938 761 3195 817 insidias:
3228 760 3326 817 sed
3338 760 3567 816 latenter
3578 763 3777 834 edoctus,

2238 852 2396 910 vertit
2420 869 2477 910 se
2504 854 2573 909 ad
2599 852 2782 926 fugam
2804 895 2820 922 ,
2849 854 3096 925 alioquin
3119 853 3188 909 ad
3209 840 3485 909 catenam.
3516 851 3697 910 Deinde
3712 873 3780 912 re-

2237 949 2323 1020 gis
2338 949 2563 1005 nuntius
2580 948 2907 1013 reclamans,
2922 963 3186 1005 revocans
3212 953 3439 1003 secutus
3452 955 3534 1002 est
3554 963 3779 1027 egressos:

2237 1055 2427 1095 verum
2454 1040 2647 1095 donati
2670 1030 2806 1095 rude
2820 1082 2834 1107 ,
2850 1039 3104 1096 extricati
3132 1038 3314 1104 nodis,
3336 1037 3588 1110 procellis
3604 1042 3780 1107 emersi;

2238 1148 2432 1189 rursus
2459 1132 2651 1188 iisdem
2675 1132 2871 1188 nolunt
2894 1130 3094 1202 exponi
3118 1131 3451 1187 turbinibus.
3466 1128 3651 1187 Sordet
3663 1147 3785 1188 revo—

2238 1224 2384 1281 catio
2415 1224 2679 1290 absentis,
2694 1223 2853 1295 cujus
2874 1238 3117 1295 praesens
3137 1230 3450 1294 contempta
3473 1230 3558 1278 est
3574 1239 3783 1295 persona,

2239 1332 2418 1388 neque
2450 1316 2650 1371 adituri
2696 1316 2900 1371 summi
2935 1316 3083 1387 regis
3106 1316 3415 1383 cunabula,
3463 1313 3679 1371 Herodis
3710 1335 3786 1373 au-

2239 1408 2399 1464 diunt
2421 1406 2706 1479 perﬁdiam
2733 1407 3063 1463 revocantis.
3089 1405 3415 1462 lmmissave
3438 1415 3618 1462 aratro
3635 1424 3785 1475 manu,

2239 1502 2445 1557 lttmina
2495 1517 2604 1556 non
2633 1501 2947 1570 reﬂectunt,
2973 1502 3141 1557 semel
3166 1517 3331 1573 quam
3372 1501 3447 1558 sit
3487 1501 3574 1557 illa
3608 1503 3788 1559 reﬂexio

2239 1595 2506 1649 damnosa
2548 1593 2777 1665 experti.
2812 1593 2917 1650 Sed
2948 1602 3003 1650 et
3033 1594 3140 1650 illa:
3191 1610 3429 1666 quarum
3454 1594 3619 1650 altera
3655 1598 3788 1654 cultos

2243 1685 2496 1743 Sodomm
2515 1687 2783 1757 respexit;
2800 1688 2968 1742 altera
2981 1686 3197 1743 Treicio
3218 1686 3439 1759 conjugi
3459 1695 3546 1743 est
3567 1701 3789 1759 respecta,

540 1794 685 1835 onus
705 1778 925 1849 quidem
959 1779 1443 1852 inutileipraesenti,
1466 1781 1558 1838 sed
1582 1780 1798 1852 signum
1822 1782 1964 1838 haud
1991 1781 2142 1855 igno-
2172 1838 2210 1856 η
2240 1792 2488 1834 emersos
2527 1778 2595 1833 ad
2638 1779 2816 1833 lucem
2872 1794 3067 1835 rursus
3115 1778 3407 1856 prohibent
3449 1779 3680 1836 tenebris
3709 1782 3791 1836 im-

544 1869 652 1924 bile
686 1838 878 1924 futuri.
915 1868 1039 1938 Quo
1087 1838 1396 1942 comperto,
1427 1838 1664 1928 'Alexius]
1690 1872 1773 1928 sic
1812 1872 1988 1928 fertur
2012 1838 2139 1929 Vaas-
2172 1838 2210 1895 Β
2242 1870 2433 1942 mergi.
2462 1868 2566 1925 Tot
2593 1869 2860 1925 admoniti
2897 1838 3197 1942 exemplis,
3226 1850 3415 1927 omnia
3440 1871 3557 1927 hac
3582 1869 3673 1927 visi
3692 1885 3793 1927 sunt

541 1968 731 2017 tuasse
760 1960 828 2017 ad
852 1954 1124 2033 petentem
1149 1963 1293 2019 sicut
1314 1964 1444 2018 olim
1457 1963 1643 2021 Delius
1674 1964 1741 2020 ad
1754 1963 2133 2033 Pbaetontem;

544 2054 653 2110 nisi
683 2055 813 2125 quia
858 2056 972 2112 illic
1001 2065 1228 2127 paterna
1255 2057 1431 2128 pietas
1463 2058 1798 2129 trepidabat,
1824 2059 1915 2115 hic
1950 2060 2138 2116 saevie—

543 2144 633 2200 bat
691 2145 993 2216 indignatio
1039 2146 1272 2202 hostilis.
1331 2145 1572 2204 thbus
1627 2148 2021 2220 ingemiscebat
2070 2150 2138 2206 de

546 2238 790 2308 periculo
814 2238 907 2293 lilii
924 2281 938 2303 ,
971 2239 1195 2296 Alexius
1233 2256 1400 2311 super
1421 2240 1609 2298 animo
1634 2242 2137 2300 sublimi.thbus

543 2330 715 2384 lilium
746 2330 814 2385 ad
847 2331 1155 2387 salubriora
1183 2333 1485 2404 optandum
1516 2334 1816 2392 hortatur:
1851 2355 1870 2388 ‹
1908 2336 2136 2392 Alexins

541 2423 623 2478 sic
646 2431 890 2493 optatum
916 2434 1120 2497 negat,
1150 2434 1213 2481 ut
1263 2436 1385 2497 post
1413 2436 1670 2500 negatum
1719 2429 1807 2483 his
1854 2429 2132 2500 increpet:

540 2511 785 2585 Ergone,
822 2513 1215 2584 Marcbisides,
1262 2516 1475 2573 confert
1504 2533 1564 2573 se
1606 2518 1780 2587 mihi,
1806 2519 2007 2591 regalia
2039 2534 2135 2589 pe-

541 2605 706 2660 tendo
731 2604 1005 2678 insignia?
1029 2609 1253 2664 sordent
1275 2623 1408 2665 vero
1425 2609 1484 2665 ei
1512 2610 1853 2677 communia,
1880 2610 1987 2666 nisi
2017 2610 2135 2665 sin-

540 2698 730 2764 gulare
776 2715 961 2755 meum
1012 2701 1066 2755 in
1108 2712 1224 2757 tcto
1271 2688 1404 2759 orbe
1450 2703 1665 2759 aﬂ'ectet
1703 2704 2136 2776 palatiumﬁquo

541 2790 865 2860 impetrato,
894 2794 1027 2864 quid
1068 2804 1241 2851 restat
1277 2796 1450 2863 ultra,
1505 2798 1639 2868 quin
1664 2798 1830 2869 capiti
1879 2798 2134 2854 diadema

540 2898 666 2940 meo
691 2885 975 2952 detrahat,
999 2888 1432 2960 suoimprimat?
1456 2898 1513 2945 at
1540 2897 1673 2961 puto
1694 2891 1893 2946 desunt
1924 2890 1973 2947 ei
1995 2892 2135 2948 atria

540 2984 835 3048 congestos
870 2978 1005 3034 satis
1059 2980 1379 3059 explicitura
1440 2982 1702 3048 clientes,
1741 2998 1918 3053 neque
1971 2992 2137 3041 tantae

542 3068 975 3142 militum'copite
995 3072 1138 3128 intra
1163 3072 1314 3145 Septa
1341 3074 1525 3129 valent
1547 3074 2131 3151 coneludidome‘stiea.

542 3160 731 3233 Itaque
779 3163 928 3236 regia
978 3166 1201 3235 petitur,
1224 3182 1349 3237 qum
1404 3167 1522 3261 suis
1550 3167 1989 3261 dimensionibus
2027 3168 2132 3224 im-
2161 3200 2205 3261 Ο

542 3271 765 3325 mensa,
797 3258 1023 3313 domino
1052 3258 1285 3315 sufﬁciat
1316 3260 1625 3331 magniﬁco.
1661 3258 1731 3316 Ut
1769 3270 1953 3317 autem
1976 3262 2135 3319 cedat

542 3349 594 3404 ei
642 3340 846 3421 petita,
887 3338 981 3407 ubi
1032 3353 1205 3421 muli‘,
1243 3352 1337 3408 ubi
1384 3354 1698 3423 muliones,
1749 3364 1937 3427 aptum
1967 3363 2136 3415 tanta:

541 3436 674 3495 moli
698 3442 1049 3499 vehiculum?
1086 3444 1348 3500 nimirum
1378 3446 1522 3502 hanc
1556 3447 1752 3519 adepto
1780 3450 2132 3522 relinquitur,

542 3539 606 3587 ut
655 3533 774 3604 ipse
813 3521 997 3606 pedes
1020 3524 1337 3608 impositam
1385 3539 1545 3609 quasi
1585 3536 1815 3597 numina
1846 3521 2130 3614 sequatur.

542 3623 772 3682 Reeolat
805 3642 940 3683 vero
974 3628 1132 3685 asino
1176 3643 1237 3686 se
1280 3629 1685 3699 dissimulanti,
1716 3631 1890 3691 fuisse
1931 3634 2137 3691 damno

538 3714 716 3775 leonis
740 3720 972 3777 exuvias
1004 3738 1019 3776 :
1049 3721 1255 3792 quibus
1286 3721 1513 3803 indutus
1542 3733 1604 3780 ut
1631 3732 1899 3803 terreret,
1932 3727 2138 3784 meruit

534 3811 808 3867 rusticum
835 3813 1040 3869 sentire
1065 3802 1520 3893 terribilem.Quo
1543 3802 1858 3876 admonitus
1886 3822 2137 3893 exemplo

539 3917 610 3957 ne
638 3903 853 3960 all‘ectet
879 3906 985 3962 mei
1040 3906 1235 3963 umbra
1263 3892 1506 3965 nominis
1526 3910 1734 3967 terrere
1780 3892 2137 3985 ignaros,ﬁne

541 3992 764 4049 demum
803 3996 1057 4068 cognitus
1085 4005 1269 4068 pateat
1292 3997 1630 4058 Tancredus.
1665 4001 1920 4059 Metiatur
1946 4019 2005 4061 se
2037 3988 2138 4059 au-

538 4091 650 4139 tem
701 4087 925 4144 modulo
954 4104 1058 4145 suo
1079 4105 1145 4144 ac
1165 4089 1332 4161 pede,
1363 4093 1565 4148 sareiat
1595 4093 1698 4149 sibi
1737 4110 1840 4164 pro
1871 4109 1931 4149 se
1965 4102 2137 4151 tento-

539 4174 716 4243 rium;
775 4178 942 4250 hujus
978 4195 1110 4237 vero
1157 4196 1311 4253 spem
1344 4184 1572 4239 omnino
1609 4184 1868 4255 deponat.
1895 4184 2057 4253 Quod
2086 4187 2135 4243 si

541 4267 706 4325 irasci
735 4272 911 4344 pergit
939 4264 1008 4330 de
1030 4276 1248 4345 repulsa
1267 4318 1281 4343 ,
1313 4275 1652 4346 ﬂoccipendo
1697 4276 1844 4343 iras,
1874 4286 1929 4333 et
1957 4292 2135 4349 quan-

537 4366 658 4415 tum
690 4361 804 4419 iras
827 4405 842 4430 ,
874 4364 1075 4422 minas.
1108 4365 1231 4423 Jam
1267 4368 1413 4423 enim
1441 4356 1617 4439 magis
1658 4369 1941 4441 magisque
1976 4356 2135 4426 men-

538 4460 653 4509 tem
692 4454 932 4514 hominis
956 4459 1153 4515 stolida
1192 4460 1327 4515 mihi
1352 4453 1586 4516 ambitio
1617 4462 1898 4518 reseravit.
1950 4460 2136 4519 Donec

2240 1965 2345 2033 sibi
2383 1963 2614 2020 evadere
2665 1970 2975 2041 tormenta;
3026 1965 3158 2020 dum
3208 1965 3357 2021 hunc
3403 1980 3579 2020 unum
3607 1974 3792 2036 prteter-

2235 2066 2369 2112 eunt
2415 2065 2704 2112 tortorem.
2757 2055 2927 2128 igitur
2982 2057 3144 2128 longo
3188 2073 3475 2113 morarum
3523 2064 3689 2113 tractu
3727 2058 3793 2113 af-

2237 2148 2368 2215 ﬂicti
2425 2148 2603 2205 Latini
2648 2150 2846 2217 duces,
2902 2149 3061 2205 taedia
3096 2151 3357 2219 vincunt,
3396 2152 3795 2222 necessariisque

2231 2243 2381 2315 justa
2429 2243 2532 2300 sibi
2564 2259 2628 2299 ac
2653 2243 2964 2299 vectoribus
2990 2243 3239 2313 iumenta
3272 2252 3509 2300 onerant
3535 2243 3793 2302 alimentis:

2238 2352 2364 2390 nam
2390 2335 2567 2391 media
2596 2352 2720 2406 quae
2767 2334 3119 2411 fertilitatem,
3144 2336 3508 2393 submovebat
3550 2338 3796 2404 sterilitas,

2238 2444 2337 2498 per
2375 2429 2493 2485 dies
2534 2429 2802 2499 plurimos
2842 2429 3260 2485 transeuntibus
3298 2430 3643 2500 occurrebat;
3674 2432 3798 2486 nullo

2239 2518 2412 2591 frugis
2445 2519 2640 2575 solatio
2689 2519 2928 2592 inopiam
2968 2521 3232 2575 levatura.
3280 2520 3341 2575 ιιι
3388 2522 3547 2592 cujus
3583 2524 3798 2579 conﬁnio

2240 2614 2609 2686 Solymannus
2668 2629 2769 2695 rex
2817 2612 3033 2671 Turcus
3082 2612 3472 2684 opperiebatur
3532 2624 3797 2680 venturos,

2238 2716 2508 2777 quatenus
2562 2705 2770 2777 ignaris
2826 2706 3176 2763 incurrerent
3241 2705 3499 2778 providi,
3561 2704 3799 2765 famelici:

2237 2794 2510 2865 opulenti,
2543 2792 2704 2850 fessis
2734 2793 2978 2861 alacres,
3016 2793 3291 2865 languidis
3319 2794 3553 2851 robusti.
3585 2791 3798 2849 Cons..-

2239 2896 2353 2942 tum
2393 2896 2476 2943 est
2527 2901 2658 2944 vero
2692 2887 2854 2959 quasi
2891 2887 3159 2943 divinitus
3200 2886 3346 2943 ﬁdeli
3388 2887 3617 2959 populo,
3650 2899 3712 2942 ut
3743 2888 3797 2940 si.

2236 2980 2499 3037 ctualium
2535 2982 2751 3053 copiam
2798 2996 2896 3053 per
2917 2981 3177 3037 incultam
3222 2980 3576 3037 solitudinem
3629 2978 3797 3036 trada-

2237 3083 2414 3145 ceret,
2445 3090 2570 3149 qua
2610 3085 2793 3144 vecta,
2825 3089 2958 3131 suos
3006 3073 3416 3146 quodammodo
3464 3074 3687 3131 veheret
3724 3086 3799 3128 ve-

2235 3177 2488 3314 θὲοὶὶῗεζ-
2517 3257 2797 3314 Exercitus
2828 3257 3259 3315 Christianorum
3282 3258 3340 3313 in
3363 3257 3500 3313 bicio
3526 3256 3784 3313 dividitur.

2309 3351 2413 3407 Sed
2449 3367 2573 3408 cum
2613 3352 2913 3424 penultima
2946 3354 3093 3409 circa
3120 3352 3329 3407 exitum
3368 3350 3516 3407 illius
3561 3350 3806 3406 ariditatis

2237 3442 2550 3499 transiisset
2604 3443 2750 3509 dies,
2794 3432 2932 3513 pene
2976 3430 3213 3498 fortuna:
3259 3442 3425 3498 ludus
3464 3457 3629 3498 suum
3676 3441 3801 3496 illum

2238 3534 2485 3591 favorem
2520 3550 2551 3591 τι
2585 3533 2931 3592 Christicolis
2980 3536 3050 3591 ad
3093 3533 3493 3591 Mahumicolas
3522 3535 3803 3595 convertit,

2235 3635 2291 3683 et
2313 3627 2369 3682 in
2395 3636 2580 3699 partes
2613 3626 2883 3684 Tancredi
2916 3643 3053 3685 ausa
3080 3635 3167 3683 est
3190 3626 3446 3681 nimium.
3471 3624 3610 3681 Nam
3649 3625 3803 3680 redin-

2237 3724 2451 3788 tegrato
2478 3716 2623 3773 sicut
2650 3716 2798 3773 soliti
2823 3725 2983 3773 erant
3019 3717 3362 3789 quotidiano,
3379 3717 3466 3771 vel
3484 3759 3499 3784 ,
3546 3725 3607 3771 ut
3639 3716 3711 3771 ita
3739 3716 3807 3770 di-

2237 3825 2391 3877 cam,
2421 3809 2853 3882 quotinocturno
2890 3810 3027 3866 calle
3047 3852 3064 3879 ,
3098 3818 3247 3867 secta
3276 3819 3364 3866 est
3389 3810 3443 3865 in
3472 3809 3681 3864 bivium
3708 3809 3805 3872 via,

2237 3909 2291 3958 et
2317 3901 2595 3959 exercitus
2625 3898 2831 3960 Christi
2855 3901 3031 3959 factus
3056 3910 3141 3960 est
3174 3893 3435 3958 biviator.
3461 3899 3808 3956 Plurimorum

2237 3994 2426 4065 opinio
2449 4009 2691 4051 errorem
2714 3994 2869 4050 illum
2889 3993 3178 4051 industria:
3206 3992 3531 4065 deputavit;
3555 4007 3669 4064 quo
3691 4002 3809 4047 terra

2237 4086 2386 4159 genti
2442 4085 2757 4157 opulentius
2790 4078 3044 4141 serviret
3091 4083 3290 4140 diﬂ’use
3341 4083 3589 4155 spatiosa
3617 4125 3634 4150 ,
3671 4097 3809 4153 quam

2238 4178 2441 4248 stipate
2490 4184 2794 4233 contracta.
2827 4174 2945 4232 l-luc
2978 4176 3270 4233 accedebat
3294 4175 3446 4248 quod
3484 4190 3654 4233 casus
3692 4174 3809 4229 idem

2237 4268 2593 4326 Normannim
2622 4268 2911 4338 comitem,
2936 4266 3431 4340 Boamundumque
3458 4265 3811 4323 Tancredum-

2235 4379 2346 4436 que
2374 4379 2626 4420 seorsum
2667 4379 2699 4419 a
2728 4354 2889 4419 turba
2917 4362 3243 4429 direrterat,
3282 4361 3447 4432 quasi
3492 4369 3557 4415 ut
3590 4360 3813 4431 unigena:

2239 4469 2352 4509 uno
2372 4454 2603 4512 consilio
2627 4470 2797 4510 uuam
2827 4454 3021 4526 patria:
3045 4468 3161 4509 sua:
3182 4452 3415 4526 gloriam
3441 4458 3809 4523 premgarrnt.

538 4546 739 4613 tacuit,
784 4548 1147 4621 phil090phus
1199 4549 1378 4606 credi:
1423 4551 1656 4607 insanus
1701 4560 1913 4620 autem,
1948 4568 2011 4610 os
2065 4562 2127 4609 ut

2239 4545 2335 4600 Alii
2354 4561 2483 4602 vero
2517 4561 2629 4601 non
2654 4542 2966 4602 ultroneum
2992 4544 3087 4601 sed
3115 4542 3368 4611 casuale,
3399 4558 3505 4599 nec
3551 4552 3665 4598 tam
3693 4555 3812 4613 prte—

536 4639 783 4708 aperuit,
816 4642 1037 4697 meruit.
1061 4640 1159 4697 Eia
1188 4642 1356 4713 igitur
1379 4642 1648 4714 quidquid
1695 4642 1941 4713 fraudis,
1983 4654 2135 4703 astu-
2172 4646 2177 4651 ’

538 4731 667 4798 tite,
729 4732 936 4789 irarum
996 4750 1063 4791 ac
1111 4734 1382 4792 furiarum
1430 4738 1600 4794 babes
1649 4738 1979 4797 Marchisida
2007 4784 2023 4811 ,
2077 4742 2133 4798 in

534 4836 721 4878 meum
744 4818 947 4880 ventila
974 4816 1168 4896 caput:
1192 4816 1406 4898 excipio
1438 4829 1749 4885 ardentem:
1775 4829 1889 4903 Ego
1911 4847 2011 4888 nec
2037 4832 2136 4889 ho-

534 4921 677 4969 stem
730 4916 865 4971 mihi
899 4925 952 4973 te
992 4917 1189 4989 dignor
1224 4935 1327 4975 nec
1370 4920 1629 4977 amicum.
1671 4941 1691 4974 ι
1730 4921 1858 4980 Haec
1908 4923 2133 4982 Alexius

534 5004 617 5060 ira
643 5006 806 5062 simul
832 5018 887 5063 et
908 5010 1110 5065 astutia
1132 5010 1374 5066 dictante
1398 5013 1690 5084 profatus;
1723 5017 1925 5085 partim
1963 5018 2132 5074 dissi-

531 5097 783 5154 mulabat
808 5100 1080 5169 timorem,
1109 5104 1306 5173 partim
1325 5113 1598 5161 tumorem
1623 5109 1982 5165 atrocissima:
2008 5111 2133 5167 bilis

532 5189 793 5273 leniebat.
825 5190 896 5245 At
924 5190 1243 5250 Tancredus
1276 5197 1436 5266 quasi
1463 5197 1670 5268 joeosm
1701 5200 1847 5255 illius
1875 5201 2131 5273 imaginis

531 5269 785 5336 imitator
804 5283 999 5338 ultima
1033 5285 1101 5340 de
1127 5288 1318 5344 multis
1355 5290 1521 5346 verba
1562 5292 1754 5362 arripit
1789 5269 2035 5364 nullique
2066 5295 2133 5348 li-

533 5372 761 5426 bentius
790 5388 1045 5457 unquam,
1070 5394 1475 5450 responsurus,
1506 5384 1622 5439 ait:
1673 5404 1693 5435 σ
1739 5384 1961 5441 Hostem
1996 5386 2132 5441 mihi

531 5473 592 5519 te
613 5465 828 5534 dignor,
854 5481 955 5522 nec
975 5471 1236 5528 amicum.
1262 5474 1346 5529 Ab
1375 5475 1462 5531 his
1489 5474 1800 5547 digressum
1823 5486 1904 5534 est
1921 5519 1936 5545 ,
1953 5492 2131 5549 neque

533 5556 683 5609 nitra
712 5553 1088 5627 congressum.
1123 5584 1143 5615 ι

534 5665 683 5722 ΧίσΧ.
710 5700 782 5709 -—
810 5668 896 5723 Ea:
919 5672 1084 5742 ipsius
1106 5678 1350 5753 munibus
1390 5697 1444 5753 se
1479 5682 1709 5753 eripiunt
1746 5650 2049 5739 Tancredus
2079 5662 2129 5741 et

1141 5748 1508 5806 Boamundus.

611 5825 933 5917 Tancredus
989 5837 1056 5891 ad
1103 5838 1261 5900 littus
1294 5841 1463 5907 redit,
1510 5842 1603 5897 ubi
1649 5852 1843 5915 parato
1890 5844 2123 5919 remige,

2235 4639 2418 4696 lusum
2447 4655 2614 4712 quam
2649 4640 2890 4697 invisum
2921 4638 3125 4707 fuisse,
3157 4639 3294 4710 ipsis
3326 4637 3426 4709 qui
3464 4637 3813 4699 diverteraat,

2234 4733 2529 4792 divortium
2568 4733 2925 4803 asserebant,
2979 4747 3113 4790 sane
3150 4732 3482 4791 miserantes
3524 4729 3813 4793 fortunam,

2233 4836 2289 4884 et
2325 4827 2593 4885 lenientes
2642 4826 2943 4883 invidiam:
2986 4841 3110 4898 quae
3165 4824 3388 4896 quidem
3444 4824 3715 4879 sententia
3748 4821 3818 4875 his

2234 4919 2457 4975 suﬂ'ulta
2487 4919 2697 4974 firmior
2725 4918 2906 4975 stabat
2928 4917 3199 4990 praesidiis
3218 4959 3233 4985 ,
3254 4915 3404 4987 quod
3427 4910 3816 4986 praememorati

2232 5009 2403 5067 duces
2425 5011 2649 5066 domitis
2671 5011 2967 5082 plebeculze
3003 5027 3115 5066 non
3152 5017 3482 5065 amoverant
3529 5007 3815 5068 sarcinam,

2236 5103 2383 5175 quod
2416 5103 2738 5176 alienigena:
2770 5104 2977 5160 militia:
3006 5103 3272 5159 comitatu
3311 5102 3661 5175 gaudebant,
3692 5096 3815 5170 quod

2234 5212 2393 5253 suam
2434 5195 2707 5268 denique,
2739 5212 2864 5268 quae
2901 5197 3141 5252 maxima
3184 5195 3413 5262 aberat,
3444 5210 3559 5250 non
3599 5206 3815 5266 praemu-

2233 5288 2473 5344 nierant.

2230 5403 2374 5459 XXI.
2416 5430 2487 5443 --
2511 5402 2577 5458 In
2605 5414 2787 5459 mutuo
2813 5404 3035 5459 occursu
3065 5404 3203 5458 acies
3254 5401 3470 5458 Latine
3501 5412 3555 5456 et
3601 5400 3815 5456 barbara

2726 5485 3045 5529 concurrunt
3066 5475 3135 5529 ad
3155 5491 3329 5529 arma.

2300 5564 2468 5638 Igitur
2536 5567 2631 5624 ubi
2702 5566 3144 5623 Normannorum
3183 5566 3395 5643 vexilla.
3456 5567 3641 5623 minas
3711 5562 3820 5619 belli

2231 5657 2427 5715 Turcis
2476 5646 2800 5716 denuntiant
2848 5662 3011 5732 (nam
3056 5660 3376 5716 Tancredus
3431 5659 3664 5730 impiger
3719 5670 3823 5711 mo-

2228 5766 2346 5806 rem
2397 5767 2560 5808 suum
2612 5752 2982 5823 pmcumndi
3016 5746 3312 5818 ‘obtinens,
3346 5751 3567 5823 primus
3611 5758 3668 5806 et
3697 5763 3816 5804 con.

2228 5844 2442 5919 spicere
2489 5853 2542 5903 et
2588 5844 2834 5918 conspici
2882 5845 3297 5918 maturaverat).
3366 5844 3706 5918 Dispositum
3750 5849 3821 5896 est
