3808 6306
53 384 140 447 509

1340 379 1570 437 GESTA
1605 377 1975 435 TANCREDI.

3198 347 3313 428 Sto

50 500 331 570 utrobique,
360 505 422 554 ut
449 512 483 554 a
514 494 707 565 ﬂuvio,
754 493 852 567 qui
886 493 1102 551 medius
1132 482 1496 562 discurrebat,
1525 510 1618 550 ve-
1645 484 1691 557 Ᾱ
1721 490 1984 564 paulatim
2006 491 2250 546 lucratur
2265 487 2376 543 iras
2392 486 2616 555 latratu,
2644 487 2800 555 lituo,
2824 485 3084 554 clamore,
3111 485 3312 556 iaculis

47 596 252 654 lociores
281 592 468 648 tardos
519 607 716 648 arcere
761 589 1100 662 debuissent.
1120 571 1124 576 ’
1145 588 1402 660 Coeperat
1431 600 1615 644 autem

46 685 333 758 crepusculo
359 699 558 756 vesper
584 684 798 749 cedere,
846 681 1216 739 cum'Latinze
1261 681 1616 752 barbaraeque

46 781 166 838 acies
192 785 434 833 mutuum
468 783 863 846 compererunt
887 791 1199 831 occursum.
1225 773 1477 845 Expensa
1506 774 1614 828 ita—

45 887 131 942 que
155 876 302 924 nocte
330 868 565 922 instanti
598 866 667 922 ad
712 866 952 922 mediam
983 867 1036 921 in
1070 867 1330 937 quietem,
1376 881 1406 920 a
1435 865 1614 922 media

44 965 87 1018 in
109 961 333 1017 laborem
372 978 385 1014 :
420 975 556 1030 pars
586 959 762 1014 ﬁdelis
791 959 1113 1030 promptior,
1134 956 1309 1014 'mane
1333 960 1480 1015 circa
1514 961 1614 1015 ho-

41 1071 138 1109 ram
165 1054 388 1123 primam
425 1051 496 1110 ad
549 1051 699 1122 ripas
729 1050 1033 1122 praescripti
1084 1050 1328 1104 fluminis
1354 1050 1616 1121 praevenit

42 1144 275 1201 inﬁdelem
295 1185 310 1211 ,
360 1143 456 1199 ubi
510 1144 609 1198 vix
643 1152 876 1199 metator
906 1143 1130 1199 sedulus
1155 1142 1337 1217 prima.
1361 1143 1616 1199 inﬁxerat

41 1247 212 1303 castra,
241 1253 363 1292 cum
401 1255 414 1291 :
445 1223 596 1292 Eece
627 1236 836 1293 hostis!
884 1251 1012 1292 ecce
1043 1235 1254 1292 hostis!
1298 1245 1352 1291 et
1383 1237 1615 1308 ingemi-

41 1341 175 1386 natur
203 1330 421 1396 acriter,
452 1337 510 1385 et
542 1339 790 1385 occurrit
840 1330 1120 1385 audacter.
1173 1330 1474 1383 Armantur
1499 1329 1614 1399 ⁴(ιιιὶ

41 1418 254 1476 armandi
276 1427 582 1485 venerant;
615 1427 673 1473 at
701 1417 795 1489 qui
819 1418 1035 1486 armati,
1067 1417 1121 1472 in
1149 1418 1290 1474 bella
1320 1417 1573 1473 feruntur
1597 1438 1612 1475 :

40 1511 315 1566 retunditur
339 1510 737 1581 sagittipotens
763 1527 982 1578 manus,
1028 1527 1176 1567 nunc
1219 1510 1464 1582 perfossa
1494 1511 1615 1566 lan-

42 1603 152 1667 ceis,
181 1619 321 1658 nunc
351 1603 591 1659 ensibus
621 1604 826 1659 decisa.
849 1591 852 1594 ’
879 1603 1232 1671 Retunditur,
1260 1603 1508 1674 inquam,
1554 1613 1616 1660 ut

41 1711 138 1764 quae
180 1695 345 1766 prima
399 1694 609 1764 fuerat,
643 1697 698 1750 in
738 1697 986 1752 mediam
1035 1691 1275 1768 referri;
1330 1713 1454 1767 qua:
1483 1712 1614 1752 vero

45 1789 208 1854 media,
237 1803 344 1857 prae
387 1789 566 1843 tutela
626 1787 745 1844 ﬁeri
790 1798 1097 1860 cogeretur.
1150 1788 1290 1844 Cum
1339 1787 1506 1859 igitur
1548 1803 1613 1843 eo

43 1894 184 1949 usque
223 1877 526 1934 Normanni
582 1879 922 1952 fugientibus
981 1879 1347 1946 institissent;
1400 1879 1611 1935 densati

46 1971 172 2025 cunei
197 1970 334 2026 vires
361 1980 688 2037 resumunt,
720 1980 775 2026 et
807 1971 902 2043 qui
932 1971 1098 2026 modo
1128 1969 1472 2047 fugaverant,
1507 1970 1611 2041 ipsi

44 2062 85 2114 in
103 2060 261 2131 fugam
303 2069 434 2116 sunt
457 2062 742 2118 conversi.
780 2047 996 2118 Interea
1037 2061 1394 2118 Normannia:
1427 2049 1612 2119 comes

48 2161 88 2205 et
104 2151 434 2232 Boamundus
457 2139 609 2208 duas
631 2160 868 2221 tantum,
893 2155 1094 2226 singuli
1129 2170 1310 2222 suam,
1336 2139 1613 2210 instruxe-

47 2253 142 2298 rant
198 2244 336 2300 acies
385 2239 398 2299 ξ
442 2244 680 2316 jamque
755 2245 1023 2319 gradatim
1090 2241 1300 2302 alacres
1362 2239 1608 2317 praelium

48 2334 237 2391 inibant.
277 2335 836 2409 lnstantibusitaque
860 2337 1075 2402 Turcis,
1113 2346 1413 2408 contraque
1452 2337 1612 2393 Chrié

48 2427 206 2482 stianis
233 2429 715 2498 subvenientibus,
742 2447 940 2502 magna
963 2430 1020 2485 vi
1042 2431 1172 2486 hinc
1212 2439 1268 2486 et
1288 2431 1412 2485 inde
1435 2439 1613 2486 certa-

49 2528 156 2573 tur:
185 2521 310 2575 nihil
352 2537 559 2591 arcus,
607 2539 801 2596 parum
849 2524 1073 2590 lancea,
1119 2523 1272 2586 ensis
1313 2523 1610 2592 plurimum

51 2609 154 2679 agit.
195 2608 394 2668 Turcos
418 2629 522 2669 sua
549 2631 787 2670 numero
810 2611 1004 2670 carens
1027 2611 1396 2670 numerositas
1419 2614 1609 2669 defen-

52 2699 138 2764 dit;
174 2715 379 2760 nostros
420 2715 613 2762 autem
659 2706 862 2774 lorica,
891 2716 1047 2762 scuta
1090 2717 1145 2763 et
1167 2704 1350 2778 galeae.
1381 2705 1608 2763 Multum

54 2795 230 2850 cruoris
270 2797 527 2869 utrinque
577 2798 848 2867 funditur,
883 2801 1008 2872 plus
1029 2801 1248 2856 barbari
1277 2798 1290 2856 ὲ
1316 2801 1463 2857 illius
1485 2802 1610 2874 qui-

54 2885 147 2938 dem
168 2903 263 2942 non
281 2900 459 2946 cessat
481 2891 735 2964 strages;
779 2902 834 2948 at
871 2902 1136 2964 tanquam
1163 2894 1400 2950 recidiva
1427 2893 1614 2967 hydra:

55 2977 214 3046 capita,
234 2979 319 3035 ubi
342 2983 506 3052 pauci
527 2985 810 3054 occidunt,
840 2985 1116 3040 innumeri
1137 2986 1459 3064 succedunt.

55 3083 186 3144 XXII.
197 3120 258 3132 —-
273 3091 574 3168 Christiani
589 3097 644 3150 in
661 3097 841 3168 fugam
855 3106 1148 3159 vertuntur.
1168 3097 1425 3164 Robertus
1439 3115 1611 3154 comes

377 3165 738 3225 Normanniaé
768 3169 975 3222 animos
1007 3169 1234 3240 colligit.

114 3249 169 3307 At
202 3271 322 3311 vero
365 3257 549 3316 ﬁdelis
597 3259 737 3334 legio
776 3248 1127 3318 communem
1183 3277 1310 3318 cum
1349 3253 1452 3318 his
1479 3261 1609 3334 qui-

61 3340 154 3396 dem
185 3345 337 3404 habet
379 3365 690 3420 occasum;
725 3344 841 3409 sed
886 3341 1004 3409 non
1049 3369 1344 3410 commune
1392 3357 1612 3427 supple-

62 3444 283 3494 mentum.
307 3438 475 3512 lgitur
495 3445 708 3500 lassata
732 3445 863 3500 dum
895 3445 1153 3516 percutit,
1177 3456 1439 3517 quassata
1477 3447 1610 3502 dum

61 3529 242 3596 resistit,
265 3532 565 3593 inaminara
589 3537 720 3592 dum
749 3538 999 3604 rarescit,
1023 3538 1118 3594 dat
1137 3547 1292 3610 terga
1317 3557 1331 3594 :
1353 3540 1611 3610 quodque

61 3629 295 3688 nunquam
317 3641 556 3698 usquam
582 3625 709 3684 ante
727 3629 1043 3698 didiscerat,
1071 3629 1126 3685 iu
1149 3618 1430 3687 momento
1451 3633 1610 3689 docta

65 3707 322 3796 estfugere.
364 3715 640 3776 Obellum
666 3720 1010 3776 miserabile!
1059 3719 1106 3778 Ο
1138 3721 1281 3793 fuga
1318 3723 1606 3796 lugubris!

63 3793 98 3849 0
113 3799 338 3862 dtmnum
362 3809 416 3865 in
439 3813 674 3868 damno!
701 3810 748 3868 0
771 3813 825 3868 in
848 3815 1075 3871 vulnere
1095 3815 1327 3872 vulnus!
1357 3793 1610 3873 nummis

67 3886 408 3992 f{lgiﬁitltpetus
428 3905 740 3976 pedestrem
765 3891 1054 3964 conculeat
1073 3909 1408 3975 tarditatem,
1444 3909 1610 3979 inque

65 3990 202 4040 Viccm
233 3990 556 4050 densissima
587 3997 918 4066 pedestrium
963 3999 1247 4054 hastarum
1289 3992 1424 4054 Silva
1463 4015 1610 4055 nunc

69 4067 214 4143 fugam
233 4077 462 4152 impedit,
499 4099 652 4140 nunc
674 4081 976 4159 exstinguit
1000 4107 1013 4143 :
1039 4088 1206 4158 ﬁtque
1224 4088 1312 4143 vel
1333 4087 1478 4143 hosti
1501 4088 1608 4143 mi-

67 4167 256 4266 seranda
275 4173 469 4243 clades,
498 4191 627 4232 cum
651 4184 803 4249 terga
845 4179 1062 4252 sagittis
1093 4181 1341 4248 horrent,
1366 4180 1458 4234 illa
1483 4180 1608 4236 lan-

70 4261 156 4355 ceis
182 4261 314 4318 velut
350 4267 739 4324 torrendorum
784 4271 1026 4328 verubus
1061 4264 1418 4342 'afﬁnguntur.
1468 4271 1608 4327 Dum

70 4354 216 4418 Itaque
233 4368 333 4410 non
355 4369 611 4428 parcunt,
635 4370 729 4417 aut
748 4363 841 4433 qui
866 4360 1058 4434 fugant
1079 4363 1340 4430 arcubus,
1386 4372 1481 4419 aut
1511 4365 1608 4434 qui

71 4434 283 4510 ῒιιεωιυτ
317 4452 645 4521 calcaribus,
687 4453 1035 4527 refugiturin
1069 4467 1273 4522 castra,
1316 4457 1605 4513 minimum

1635 3208 1683 3271 C

1719 582 2056 650 lascessitus,
2095 591 2148 637 et
2184 589 2448 651 tanquam
2481 595 2592 634 non
2630 595 2740 636 suae
2755 579 3041 650 cujusque,
3082 577 3176 634 sed
3201 593 3313 634 una

1717 676 2006 748 utriusque
2041 677 2110 730 ab
2160 675 2334 730 altero
2374 673 2650 730 discurrat
2700 673 2768 728 ad
2822 672 3055 727 alterum
3103 663 3335 741 quanto.

1716 761 1898 826 aeriOr
1941 771 2024 824 ira
2071 767 2616 834 aceenditurleonis,
2647 775 2804 822 tanto
2829 766 3054 840 tepescit
3091 765 3313 836 segnior

1714 863 2014 918 venatoris.
2040 861 2166 916 Pari
2191 860 2370 916 forma
2398 860 2530 915 dum
2561 859 2734 914 ﬁdelis
2759 859 2996 929 populus
3015 857 3314 925 crudescit,

1716 955 1950 1011 inﬁdelis
1995 954 2324 1019 remittitur,
2371 968 2553 1023 neque
2605 952 2750 1006 ultra
2797 951 2960 1006 audet
3011 949 3267 1005 invadere
3291 989 3310 1016 ,

1715 1063 1877 1119 quem
1923 1047 2154 1118 cmperit
2197 1046 2275 1100 nil
2325 1046 2533 1101 timere.
2584 1043 2877 1114 Respirant
2926 1043 3091 1115 igitur
3135 1042 3311 1098 ambae

1714 1149 1920 1212 partes,
1951 1141 2106 1209 alios,
2149 1142 2212 1196 ut
2239 1140 2447 1196 dictum
2497 1148 2603 1208 est,
2635 1147 2948 1194 remorante
2975 1138 3226 1206 audacia,
3257 1147 3314 1194 et

1717 1233 1856 1290 alios
1883 1243 2053 1289 metu.
2590 1250 2597 1255 ·
3093 1275 3101 1284 .

1996 1324 2275 1380 XXlll.-—
2304 1323 2501 1396 Magna
2531 1325 2776 1394 ﬁdelium.
2803 1333 3027 1394 strages.

1784 1419 1996 1476 Interea
2026 1419 2252 1473 nuntius
2287 1418 2546 1483 mittitur,
2575 1418 2671 1487 qui
2700 1429 2955 1472 eventum
2987 1415 3068 1470 rei
3093 1413 3309 1469 exercio

1715 1514 1790 1570 tui
1821 1513 2054 1568 declaret
2085 1511 2297 1583 ignaro,
2331 1508 2658 1578 festinetque
2695 1509 2909 1574 abesse,
2936 1517 2996 1561 ut
3020 1507 3210 1561 adesse
3238 1507 3311 1559 at.

1714 1603 1822 1660 illis
1848 1602 2156 1658 festinetur.
2185 1601 2288 1656 Ast
2307 1599 2606 1654 adversarii
2633 1598 2770 1652 alios
2791 1606 2847 1652 et
2875 1598 2940 1651 ad
2971 1596 3116 1651 aliud
3145 1596 3308 1658 emite

1713 1703 1856 1762 tunt,
1887 1694 2248 1766 spiculatores
2288 1692 2512 1748 scilicet
2555 1690 2624 1745 ad
2653 1689 2885 1755 cladem,
2915 1704 3026 1744 non
3059 1689 3180 1759 opis
3207 1690 3304 1744 im-

1714 1788 2016 1859 ploratores
2047 1786 2114 1840 ad
2143 1785 2394 1840 salutem.
2435 1782 2619 1838 Turba
2645 1782 2829 1852 itaque
2857 1781 2946 1836 illa
2971 1782 3184 1852 equites
3206 1795 3312 1843 no-

1706 1891 1860 1940 'strns
1887 1877 2294 1952 praetervolans,
2323 1878 2756 1948 adplebeculam
2785 1877 3047 1943 transilit,
3075 1889 3310 1931 numero

1713 1984 1897 2031 tamen
1924 1972 2244 2038 maximam,
2272 1973 2366 2027 sed
2396 1971 2989 2026 viribus'imbecillam.
3025 1967 3090 2023 Hi
3117 1968 3280 2038 palan

1713 2074 1796 2122 tes
1841 2063 2266 2137 praefestinantis
2283 2063 2501 2117 militia:
2545 2063 2776 2134 vestigia
2808 2061 3080 2132 legebant,
3111 2073 3308 2116 muros

1712 2150 1970 2230 periculis
2008 2156 2334 2226 opposuisse
2383 2164 2664 2225 putantes,
2706 2171 2831 2210 cum
2876 2154 3060 2209 subito
3091 2152 3314 2214 irruunt

1711 2243 1892 2322 primo
1923 2247 2162 2320 sagittis,
2184 2262 2312 2302 mox
2336 2246 2565 2303 ensibus
2594 2245 2880 2302 saevientes
2909 2243 3095 2310 Turci,
3127 2244 3312 2312 adepti

1711 2343 1854 2397 'ultra
1905 2357 2056 2412 spem
2103 2340 2382 2411 praedam,
2449 2339 2697 2410 citraque
2742 2339 2947 2394 bellum
2995 2335 3306 2396 victoriam.

1714 2433 2088 2488 Trucidantur
2113 2432 2298 2502 itaque
2324 2446 2507 2498 senes,
2537 2431 2692 2501 pueri
2725 2431 3145 2494 abstrahuntur,
3174 2436 3312 2484 aetas

1713 2527 1890 2582 media
1939 2525 2118 2580 utrius
2142 2525 2314 2596 partis
2343 2524 2658 2595 expressius
2697 2523 2897 2595 ﬁgurat
2927 2521 3154 2596 “faciem,
3187 2521 3311 2591 ejus

1712 2623 1916 2694 patitur
1946 2630 2151 2678 sortem
2187 2639 2200 2675 :
2229 2619 2531 2690 saepissime
2561 2627 2746 2674 tamen
2770 2633 2835 2673 ac
2867 2615 3168 2672 saevissime
3194 2629 3312 2669 mu-

1712 2731 1807 2772 cro
1836 2715 1979 2771 etde
2011 2712 2328 2784 impubibus
2357 2711 2662 2781 praesumit,
2697 2709 2896 2781 praedae
2921 2707 3081 2778 copia
3113 2706 3308 2762 suavio-

1711 2822 1829 2862 rem
1873 2808 1940 2863 de
1987 2805 2295 2862 suavissimo
2344 2803 2577 2868 faciente
2623 2802 2934 2874 praedonem
2987 2797 3132 2856 :‘cui
3181 2813 3306 2856 cure

1711 2897 1921 2954 Briarei
1957 2914 2154 2954 manus
2180 2912 2292 2952 non
2323 2895 2633 2952 sufﬁcerent
2663 2895 2732 2950 ad
2760 2894 3032 2965 rapinam,
3066 2891 3311 2949 aedibus
3341 2911 3346 2914 ·

1712 2990 1938 3056 insistit,
1968 3000 2244 3061 quatenus
2276 2989 2361 3045 vel
2410 2989 2490 3045 sic
2519 2989 2764 3044 animum
2790 2987 3004 3056 expleat
3029 2998 3308 3040 verauera.

1719 3079 1874 3136 Unde
1902 3079 2106 3136 factum
2136 3088 2336 3148 est,'ut
2365 3079 2432 3135 de
2459 3087 2615 3134 tanto
2661 3091 2894 3133 numero
2924 3091 3190 3147 perquam
3221 3091 3312 3130 ra-

1713 3172 1968 3228 rissimas
1995 3173 2296 3244 praeteriret
2325 3181 2421 3228 aut
2441 3173 2644 3228 vulnus
2675 3179 2772 3226 aut
2796 3169 3099 3226 vinculum.
3125 3167 3316 3240 Neque

1713 3265 1769 3319 in
1801 3273 1880 3320 tot
1919 3273 2156 3337 usquam
2202 3282 2299 3322 seu
2349 3267 2445 3337 qui
2471 3272 2893 3336 praecesserunt,
2924 3279 3021 3318 seu
3052 3262 3148 3333 qui
3178 3276 3313 3316 ven-

1711 3359 1822 3413 turi
1849 3367 2027 3426 erant,
2060 3359 2324 3414 bellorum
2364 3359 2589 3416 casibus
2617 3365 2832 3432 tantum
2859 3357 2927 3412 de
2954 3355 3153 3411 Latino
3179 3370 3312 3412 san-

1713 3447 1878 3519 guine
1905 3449 2086 3525 gladio
2110 3449 2258 3504 licuit
2289 3450 2497 3520 gentili.
2559 3448 2703 3516 Quid
2731 3447 2926 3520 plura?
2969 3446 3314 3503 Cedentium

1712 3541 1936 3608 lassata,
1970 3555 2072 3595 nec
2099 3540 2230 3596 dum
2260 3540 2456 3596 satiata
2483 3541 2668 3608 rabie,
2708 3538 2836 3615 victi
2869 3538 3107 3593 victores
3135 3538 3192 3591 in
3218 3552 3315 3592 οδε

1714 3641 1827 3688 stra
1857 3639 2162 3703 sequuntur
2188 3641 2382 3702 suapte
2425 3632 2648 3688 sarcina
2697 3637 2794 3686 seu
2845 3630 2997 3686 socia
3044 3629 3258 3684 onerati
3293 3646 3308 3682 :

1695 3726 1922 3781 militia:
1948 3722 2552 3796 nostrte'spectaculum
2600 3725 2736 3780 satis
2765 3721 3120 3788 miserabile;
3173 3719 3312 3775 nulli

1710 3832 1844 3872 vero
1872 3815 2125 3872 audaciai
2147 3817 2280 3872 satis
2312 3815 2634 3872 miseratum
2661 3833 2674 3869 :
2699 3815 2899 3886 quippe
2921 3813 3157 3884 quorum
3181 3819 3313 3866 vota

1701 3901 1800 3966 liis
1845 3903 2100 3964 contenta
2135 3907 2361 3976 ﬁnibus,
2420 3907 2718 3974 haerebant,
2749 3914 2812 3960 ut
2839 3901 3314 3976 oppugnatoribus

1695 4001 1829 4056 suis
1861 4000 2216 4067 resisterent;
2269 4014 2382 4054 non
2432 4007 2494 4054 ut
2535 4001 2815 4054 cessantes
2847 3996 3067 4052 interim
3098 3996 3315 4066 aliqua-

1710 4099 1870 4147 tenus
1905 4088 2304 4160 oppugnarent.

1947 4179 2140 4237 XXIV.
2173 4209 2249 4222 -—-
2284 4180 2502 4235 Acriter
2516 4179 2716 4235 resistit
2755 4178 3078 4234 Tancredus.

1784 4273 1960 4331 Porro
2011 4273 2334 4330 Tancredus
2379 4288 2448 4329 ex
2506 4271 2740 4328 adverso
2780 4275 3090 4326 castrorum
3143 4271 3318 4325 latere

1713 4368 1904 4424 hostes
1927 4367 2254 4436 debellabat,
2282 4365 2378 4437 qui
2407 4365 2642 4420 tentoria
2667 4364 3016 4420 dirimentem
3045 4377 3302 4419 conscen-

1713 4465 1908 4520 derant
1931 4465 2200 4520 tumulum
2224 4482 2238 4530 ;
2271 4461 2416 4518 unde
2445 4460 2663 4517 facilius
2689 4460 2904 4526 laedere,
2931 4457 3312 4526 difﬁciliusque

73 4535 524 4628 υψθῖδθιπίηων
545 4545 642 4600 sed
667 4561 857 4601 υηυωο
903 4545 983 4602 lbi
1014 4547 1251 4618 ἀθηίίμιθ
1276 4548 1460 4618 regius
1483 4564 1611 4604 sall-
1643 4555 1686 4613 D
1713 4555 1836 4613 laedi
1863 4556 2190 4628 potuissent.
2223 4552 2342 4620 His,
2371 4553 2619 4622 inquam,
2644 4566 2756 4606 uno
2783 4559 2838 4606 et
2867 4549 3059 4620 rapido
3085 4549 3313 4602 incursu

75 4623 168 4689 guis
186 4625 544 4704 Willelmides,
566 4637 712 4717 quis,
735 4639 894 4709 cujus
916 4639 1124 4710 stirpis,
1151 4639 1241 4694 cui
1265 4640 1460 4696 militet
1491 4658 1579 4696 me
1594 4673 1613 4685 -

77 4725 185 4783 mor,
204 4725 440 4783 verticem
468 4730 662 4798 nudat,
702 4730 1098 4787 Normanniam
1140 4733 1432 4800 exclamat,
1475 4733 1615 4789 Boa-

77 4810 296 4868 mundum
318 4819 602 4894 collegam,
626 4822 738 4877 imo
778 4821 1070 4894 coniugam
1103 4839 1266 4879 suum
1305 4823 1395 4879 his
1429 4823 1612 4880 incre-

80 4905 151 4986 pat
183 4919 194 4953 :
236 4922 254 4955 ι
283 4905 421 4966 Eho!
469 4912 788 4968 Boamunde
812 4957 827 4980 ,
878 4929 1142 4984 quorsum
1194 4913 1321 4986 fuga
1345 4916 1370 4968 ?
1400 4910 1404 4914 ’
1429 4913 1615 4986 Longe

81 4983 256 5077 θρυιίε,
275 4996 423 5073 longe
444 5003 830 5076 Hydruntum,
857 4983 1020 5077 longe
1055 5022 1180 5076 spes
1211 4983 1394 5062 omnis
1419 4983 1613 5061 ﬁniurn

87 5073 347 5146 Latinorum
379 5113 392 5168 ;
419 5073 509 5153 hic
551 5098 844 5163 standum,
891 5073 981 5154 hic
1020 5073 1121 5154 nos
1154 5099 1395 5170 gloriosa
1431 5097 1616 5154 manet

87 5181 309 5244 autpmna
335 5176 643 5256 victos,aut
681 5204 886 5244 corona
922 5190 1192 5257 victores;
1235 5191 1493 5262 gloriosa,
1525 5191 1613 5245 in-

93 5275 248 5336 quam.
286 5290 394 5334 sors
424 5290 683 5357 utraque,
727 5282 826 5339 sed
857 5281 1024 5337 etiam
1067 5297 1134 5336 eo
1168 5283 1381 5338 beatior
1422 5284 1613 5352 altera,

91 5368 174 5421 ψιο
204 5364 404 5427 celerius
444 5374 605 5428 efﬁcit
647 5375 860 5430 beatos.
909 5373 1056 5446 Ergo
1089 5375 1262 5446 agite,
1301 5391 1334 5430 ο
1361 5376 1613 5445 juvenes,

1716 4649 1964 4719 deiectis,
2007 4648 2092 4702 vir
2143 4645 2304 4701 for-tis
2351 4651 2716 4713 occupaverat
2762 4656 3076 4705 ascensum,
3110 4639 3310 4707 multos
3393 4677 3398 4690 .

1683 4739 1974 4806 'adorsus,
2024 4737 2216 4809 paucis
2263 4735 2504 4806 adjutus.
2553 4733 2875 4788 Boamundo
2919 4731 3064 4786 enim
3117 4730 3290 4784 invito

1687 4843 1692 4847 ‘
1717 4832 1848 4903 quin
1875 4832 2216 4902 prohibente,
2250 4837 2546 4900 res‘eaapta
2577 4828 2667 4882 vix
2693 4827 2924 4882 comites
2954 4825 3164 4893 aliquot
3208 4823 3310 4877 eli-

1716 4939 1839 4980 cere
1867 4924 2204 4995 impetravit;
2239 4924 2362 4978 ideo
2392 4915 2574 4977 autem
2604 4919 2948 4990 prohibente,
2981 4915 3126 4986 quod
3153 4907 3282 4990 exer

1716 5014 1858 5070 citus
1905 5015 2124 5071 hostilis
2168 5013 2402 5069 diffusus
2452 5009 2706 5067 nostrum
2761 5009 3000 5080 quadam
3054 5007 3314 5060 theatrali

1715 5106 1897 5175 specie
1925 5107 2400 5176 circumscpserat,
2429 5100 2495 5159 ex
2527 5096 2680 5159 Omni
2729 5101 2883 5172 parte
2915 5115 3105 5154 necem
3137 5099 3312 5170 sig-ni-

1716 5187 2161 5252 ﬁeans‘inclusit.
2215 5195 2587 5262 Quamobrem
2633 5193 3074 5248 Christianorum
3121 5191 3314 5261 provi-

1716 5287 1922 5354 dentia,
1951 5287 2310 5343 azstuantibus
2332 5287 2596 5356 juvenum
2626 5284 2826 5339 animis
2857 5283 2922 5337 ad
2953 5293 3312 5350 congressum)

1714 5392 2002 5447 egressum
2024 5377 2280 5448 negabat,
2313 5389 2382 5429 ne
2425 5374 2565 5428 forte
2595 5388 2896 5445 paucorum
2929 5372 3208 5428 temeritas
3231 5372 3315 5424 rei.

98 5449 356 5526 moriamur,
384 5473 434 5517 et
472 5466 525 5519 in
550 5466 730 5521 media
762 5482 918 5522 arma
945 5453 1193 5523 ruamus.
1231 5487 1250 5518 ι
1296 5460 1400 5523 llis
1422 5469 1532 5524 adn
1553 5484 1616 5510 τι·
1673 5503 1676 5506 ~
1717 5470 1964 5524 ordinem
1996 5469 2240 5524 turbaret
2267 5467 2604 5521 universum.

97 5539 170 5630 uiti
195 5549 517 5626 agglomerant
541 5573 662 5626 sese
683 5556 916 5615 ducibus
937 5568 1129 5614 caetera
1151 5559 1430 5630 juventus,
1453 5561 1620 5615 morti
1699 5571 1704 5575 '

104 5625 307 5730 deinceps
333 5661 479 5714 quam
508 5649 651 5722 fugae
676 5644 920 5730 paratior
950 5671 963 5707 :
993 5625 1178 5707 astant
1209 5643 1488 5722 intrepidi,
1508 5647 1617 5707 ceu

1789 5560 1954 5615 XXV.
1982 5560 2054 5614 Et
2071 5561 2238 5630 ipsius
2262 5560 2430 5630 frater
2453 5557 2754 5612 Willelmus
2770 5600 2784 5623 ,
2811 5558 2983 5612 hostes
3007 5557 3238 5611 credunt.

1795 5653 2096 5708 Willclmus
2123 5661 2305 5707 tamen
2334 5650 2717 5718 Mareliisides,
2738 5651 2865 5704 dum
2901 5649 3066 5705 fratri.
3089 5646 3314 5712 metuit,

103 5727 317 5818 ξῙυοηάἓῐη
347 5736 430 5809 [f._,
455 5743 729 5818 quaedam]
751 5727 1020 5800 venabula
1059 5745 1117 5800 in
1157 5742 1346 5800 furore
1365 5737 1618 5815 operiens
1719 5746 1805 5802 sui
1835 5762 1943 5801 non
1972 5745 2240 5812 meminit,
2269 5745 2366 5816 qui
2397 5759 2498 5800 nec
2525 5753 2870 5799 revocantem
2903 5740 3310 5804 Boamundum,

106 5806 186 5873 leo.
209 5823 281 5881 qui
307 5836 448 5893 modo
468 5839 628 5904 longa
657 5806 841 5898 quiete
866 5825 1017 5903 piger
1042 5853 1073 5894 a
1105 5837 1360 5894 latibulis
1380 5806 1614 5902 excitus,

1721 5855 1824 5896 nec
1853 5838 2068 5896 hostilis
2100 5838 2252 5901 vires
2273 5836 2644 5895 multitudinis
2664 5834 2892 5900 veritus,
2911 5830 3309 5888 fraternaeﬁeri
