3838 6306
492 379 592 438 511

1059 379 1152 436 AD
1190 377 1645 440 GODEFRIDUM
1680 373 1978 432 APPEND.
2019 375 2087 431 il.
2119 403 2191 418 —-
2228 371 2503 431 MONUM.
2547 371 2636 428 DE
2674 371 2901 430 θειιο
2937 371 3185 431 SACRO.

3660 374 3751 435 542

491 509 678 551 comes
704 493 858 551 ardet
887 493 1148 551 audaciai.
1184 493 1296 550 0b!
1328 494 1472 550 facto
1499 495 1670 550 miser
1693 501 1859 564 atque
1884 491 2080 548 beatus
2109 490 2155 550 A
2183 489 2382 559 nostri,
2411 488 2541 544 dum
2569 488 2946 561 degrandinet.
2977 487 3281 556 sustinent;
3304 485 3500 558 siquis
3521 486 3754 549 alicunde

489 593 705 663 eodem,
734 595 828 664 qui
857 595 914 649 in
941 603 1172 649 mortem
1204 593 1334 660 ruit,
1383 593 1449 647 ad
1495 591 1666 646 vitam
1703 591 2076 646 transiturus!

489 697 618 739 nam
650 683 888 754 repulsa,
919 692 979 739 ut
1003 682 1375 754 praescriptum
1422 689 1526 748 est,
1574 696 1607 736 a
1655 680 1870 735 tumulo
1895 679 2078 748 turba,

491 791 600 830 non
633 785 744 831 tam
775 785 1036 844 cesserat,
1073 775 1162 830 his
1192 789 1425 844 quorum
1455 783 1819 844 prmsenserat
1847 773 2076 845 gladios,

491 883 656 936 quam
686 883 826 938 quos
857 867 1059 923 frustra
1104 866 1363 922 timuerat
1411 874 1720 922 secuturos.
1777 864 1949 938 Igitur
1986 865 2079 921 ubi

490 969 647 1031 quot,
681 977 790 1016 non
821 975 960 1032 quos
990 959 1187 1031 fugerit
1227 958 1470 1030 respicit,
1519 974 1810 1015 numerum
1846 960 2076 1026 librans,

490 1067 594 1108 nec
641 1053 858 1108 animus
908 1052 1048 1107 redit
1088 1072 1100 1106 :
1135 1050 1319 1106 acrior
1369 1051 1573 1123 quippe
1624 1051 1784 1122 cujus
1833 1052 2076 1108 laborem

490 1149 666 1216 dolor,
711 1148 955 1203 dolorem
1005 1147 1183 1218 pudor
1228 1148 1567 1204 cumulabat.
1621 1145 1848 1203 lrruunt
1893 1149 2079 1220 itaque

487 1239 648 1308 primi
677 1239 914 1294 arcubus
945 1239 1222 1310 projectis,
1259 1240 1525 1296 audacius
1561 1240 1768 1297 strictis
1798 1242 2080 1298 mucroni-

485 1329 588 1384 bus
615 1330 874 1386 saevituri.
903 1329 1114 1399 Quibus
1138 1333 1358 1404 quidem
1378 1333 1492 1403 jam
1515 1349 1626 1389 non
1649 1335 1942 1405 putabatur
1959 1335 2078 1393 haec

484 1435 688 1491 pugna,
726 1422 822 1476 sed
862 1437 1025 1492 paena
1057 1441 1070 1478 :
1099 1439 1201 1478 nec
1242 1423 1506 1478 adversus
1553 1423 1738 1481 hostes
1775 1424 2075 1497 conﬂigen-

481 1509 614 1566 dum
633 1555 648 1577 ,
681 1513 774 1567 sed
801 1522 1064 1585 tanquam
1094 1515 1160 1570 de
1189 1515 1504 1586 capitalium
1530 1531 1716 1572 rerum
1747 1517 2077 1572 condemna-

486 1601 578 1668 tis,
611 1603 746 1658 ultio
774 1605 1034 1660 secunda.
1069 1606 1137 1661 At
1162 1621 1292 1662 vero
1323 1606 1538 1661 numeri
1565 1606 1878 1676 parvissimi
1909 1607 2078 1663 robur

484 1695 810 1762 maximum,
843 1698 1110 1752 muralem
1141 1706 1330 1754 contra
1355 1699 1593 1768 obiectat
1621 1699 1929 1766 audaciam,
1963 1715 2074 1756 non

2185 583 2346 639 turbo
2394 580 2633 654 perﬂans
2675 590 2886 638 tantam
2935 581 3168 636 telorum
3230 578 3431 635 nubem
3493 578 3750 638 discutiat.

2180 679 2439 751 Cognata:
2479 677 2628 735 acies
2665 678 2845 750 juxta,
2879 678 3054 734 hostis
3093 677 3355 749 undique,
3385 675 3597 746 adjutor
3632 695 3758 734 nus-

2179 787 2366 843 quam,
2398 771 2603 828 interea
2636 779 2861 845 gemunt
2899 770 3092 828 saucii.
3144 769 3244 826 Hic
3289 785 3514 825 manum
3561 769 3763 839 perfos-

2179 863 2421 930 sus,°ille
2444 863 2666 920 oculum
2694 862 2960 930 eﬂ‘ossus;
3009 861 3103 918 alii
3150 860 3376 917 suffossi
3405 859 3611 930 pedem,
3635 877 3764 931 pars

2176 956 2436 1012 verticem
2488 953 2809 1026 superfossi.
2863 953 2908 1009 0
2939 954 3141 1025 pietas!
3191 969 3225 1009 ο
3255 953 3444 1009 dolor!
3491 966 3526 1007 o
3554 952 3762 1008 luctus!

2177 1047 2414 1120 Clypeus
2436 1047 2671 1103 aliorum
2698 1045 3054 1102 Marchisides
3082 1053 3137 1100 et
3164 1044 3280 1116 ipse
3308 1059 3434 1100 cum
3460 1042 3578 1098 aliis
3599 1041 3770 1114 attigi—

2177 1148 2268 1198 tur
2293 1140 2620 1196 Willelmus.
2676 1139 2926 1195 Aliorum
2974 1138 3130 1195 dolor
3175 1136 3417 1193 haerebat
3444 1135 3500 1190 in
3525 1135 3771 1204 vulnere,

2181 1231 2350 1302 hujus
2381 1231 2605 1286 vulnera
2637 1245 2815 1302 usque
2863 1230 2969 1286 sub
2996 1240 3228 1286 mortem
3259 1228 3570 1285 doluerunt.
3601 1227 3771 1283 Labi-

2177 1331 2269 1380 tur
2291 1339 2494 1394 corpus
2518 1322 2719 1390 nobile,
2746 1323 2882 1378 socii
2907 1331 3193 1394 exceptum
3221 1322 3278 1376 in
3306 1329 3486 1377 castra
3509 1319 3772 1388 referunt,

2175 1431 2402 1487 pauper,
2459 1415 2584 1471 belli
2633 1431 2834 1481 causa,
2883 1431 3048 1488 agger
3089 1414 3440 1486 relinquitur.
3468 1412 3598 1480 Quis
3642 1413 3773 1482 tibi,

2177 1507 2478 1575 Tancrede,
2510 1507 2779 1578 spectanti
2808 1508 2936 1563 talia
2967 1507 3200 1564 sensus?
3245 1521 3455 1578 quosve
3480 1506 3643 1562 dabas
3671 1522 3776 1576 ge-

2175 1601 2382 1657 mitus?
2429 1598 2535 1656 viri
2583 1599 2771 1667 corda,
2802 1599 2892 1656 cui
2936 1598 3102 1654 modo
3151 1598 3324 1654 robur
3368 1607 3422 1653 et
3463 1613 3538 1654 res
3576 1598 3779 1668 triplex

2176 1692 2323 1749 circa
2355 1702 2546 1764 pectus
2573 1701 2726 1760 erat;
2759 1691 2873 1763 jam
2903 1691 3201 1748 muliebres
3231 1690 3556 1746 mollescunt
3583 1690 3649 1745 ad
3683 1691 3779 1744 la-

485 1787 535 1844 si
567 1787 650 1843 vel
679 1805 773 1844 rex
803 1787 919 1860 ipse
949 1788 1302 1846 Solimannus
1326 1807 1448 1846 cum
1483 1791 1740 1847 omnibus
1763 1791 1878 1846 suis
1902 1791 2075 1862 copiis
2110 1843 2152 1862 ,,
2178 1799 2416 1856 comas,
2440 1799 2538 1840 ora
2566 1783 2865 1840 femineum
2886 1785 3100 1840 ululant
3125 1783 3422 1854 eiulatum;
3449 1782 3602 1855 digiti
3625 1800 3783 1838 men-

485 1877 544 1932 in
567 1894 664 1935 eos
687 1881 875 1936 szeviat
900 1897 1202 1938 cessuram.
1248 1882 1336 1937 Fit
1377 1881 1598 1954 fragor;
1647 1881 1702 1936 hi
1729 1883 1952 1938 lanceas
1992 1883 2079 1939 vi-
2115 1877 2154 1898 "
2183 1883 2320 1943 tum,
2349 1891 2536 1948 genas,
2568 1885 2734 1948 caput
2760 1877 3045 1932 decalvant
3077 1895 3090 1931 :
3129 1885 3407 1946 postremo
3433 1890 3786 1946 quzecunque

484 1971 670 2041 brant,
693 1973 768 2028 illi
791 1974 1020 2045 gladios,
1047 1975 1104 2030 ut
1124 1975 1327 2031 dictum
1352 1983 1456 2043 est,
1481 1975 1796 2046 stringunt.
1821 1975 1878 2030 bi
1901 1984 2081 2047 pecto-
2180 1966 2458 2022 hominem
2493 1975 2710 2022 armant
2753 1967 3057 2038 particulae,
3088 1967 3330 2036 reliquas
3361 1965 3602 2020 inermes
3642 1981 3782 2020 cru-

483 2062 642 2118 ribus
668 2063 887 2132 loricas,
931 2065 1116 2122 loricis
1155 2075 1332 2133 scuta,
1357 2066 1641 2121 munimen
1676 2066 1961 2134 adhibent;
2001 2067 2077 2123 illi

482 2155 680 2227 peltas.
726 2154 933 2213 Horum
977 2174 1158 2231 pugna
1184 2174 1214 2213 a
1238 2165 1457 2216 summo
1497 2159 1812 2227 descendit;
1855 2159 2077 2218 illorum

481 2249 554 2304 ab
577 2249 687 2304 imo
708 2250 916 2306 nititur.
963 2249 1090 2308 Illos
1128 2252 1322 2323 pudori
1362 2252 1562 2309 mistus
1598 2252 1758 2308 dolor
1788 2253 2074 2321 stimulat;

481 2340 586 2396 hos
609 2357 707 2397 ceu
733 2343 789 2398 in
813 2345 1033 2415 specula
1072 2353 1301 2412 stantes,
1344 2353 1426 2400 tot
1451 2354 1646 2418 urgent
1687 2346 1914 2415 stimuli,
1941 2357 2076 2417 quot

480 2443 730 2504 spectant
765 2437 929 2492 oculi.
974 2437 1111 2494 Aliis
1131 2454 1263 2510 ergo
1297 2438 1403 2494 loci
1433 2439 1594 2505 situs,
1618 2454 1898 2496 armorum
1924 2456 2078 2496 com-

478 2524 736 2594 moditas,
759 2527 890 2598 quin
916 2528 1036 2598 ipsa
1060 2544 1160 2584 sua
1183 2530 1432 2600 paucitas
1451 2530 1706 2600 praesidio
1729 2539 1887 2587 erant
1911 2549 1926 2586 :
1952 2531 2075 2588 aliis

479 2616 546 2670 ad
579 2619 986 2675 incommodum
1015 2632 1232 2689 cuncta,
1263 2623 1428 2678 etiam
1466 2623 1523 2677 in
1551 2639 1660 2694 qua
1688 2623 2072 2693 confitebatur,

477 2708 782 2776 piurahtas.
816 2711 1107 2768 Enimvero
1135 2715 1448 2769 ascendenti
1479 2713 1662 2770 Turco
1691 2713 1942 2772 fraxinus
1970 2715 2072 2772 ob-

471 2800 614 2870 jecta
641 2804 857 2860 eminus
883 2805 1086 2872 obviat,
1118 2822 1427 2878 casuroque
1458 2807 1692 2863 similem
1738 2808 1793 2863 vi
1841 2817 2069 2876 tactum,

476 2891 774 2962 impactum
806 2895 964 2953 facile
990 2907 1084 2953 aut
1108 2898 1325 2954 coniicit
1374 2909 1470 2955 aut
1519 2899 1722 2971 dejicit.
1774 2898 2072 2956 Confectus

474 2992 661 3039 autem
688 2985 1000 3055 dejectusve
1030 3006 1194 3058 unus,
1224 2991 1408 3060 plures
1455 2991 1586 3047 dum
1635 3000 1868 3058 rotatur,
1911 2992 2070 3062 parili

476 3071 690 3144 impetit
718 3079 899 3134 ruina.
934 3079 1056 3136 Uno
1084 3090 1265 3138 tamen
1296 3085 1542 3150 cadente,
1577 3092 1636 3139 ut
1663 3084 1722 3140 ﬁt
1755 3085 1810 3139 in
1840 3101 2071 3142 numero

477 3163 706 3271 ingenti,
733 3186 865 3266 .mox
896 3173 1116 3242 plurimi
1159 3175 1418 3244 subeunt,
1451 3193 1754 3248 rursusque
1783 3177 1869 3234 his
1898 3159 2071 3249 pluri-
2096 3213 2139 3271 ο

476 3255 582 3308 nuis
610 3255 701 3310 alii
731 3254 857 3314 item
909 3261 1123 3331 plures;
1172 3265 1362 3336 sicque
1416 3266 1620 3322 factum
1661 3277 1767 3334 est,
1800 3277 1861 3323 ut
1888 3269 1982 3340 qui
2013 3269 2068 3324 in

474 3343 680 3416 furore,
715 3350 767 3405 in
799 3353 1196 3426 indignatione,
1243 3359 1298 3412 in
1344 3368 1657 3429 contemptu
1686 3361 1947 3418 bellatum
1973 3378 2069 3418 ve-

473 3450 698 3509 nerant;
723 3445 876 3514 prius
899 3446 1015 3517 ipsa
1038 3449 1123 3504 sui
1142 3450 1299 3505 ruina
1321 3467 1572 3522 aggerem
1599 3464 1882 3523 aequarent
1902 3471 2068 3524 quam

473 3531 748 3590 calcarent
781 3555 795 3591 :
835 3547 1138 3614 contraque
1167 3557 1429 3597 numerus
1457 3542 1663 3600 Christi
1695 3561 1795 3600 nec
1823 3546 2070 3602 minutus

473 3630 558 3678 est
589 3641 690 3682 nec
716 3627 901 3686 iresus.
956 3631 1108 3688 Adeo
1135 3634 1320 3704 cuspis
1360 3634 1605 3692 fraxinea
1651 3638 1817 3709 largae
1843 3639 2068 3710 prodiga

472 3715 613 3784 opis,
643 3735 807 3776 usum
850 3723 1016 3779 simul
1062 3733 1358 3796 utrumque
1387 3735 1443 3782 et
1467 3729 1607 3783 scuti
1636 3730 1850 3800 supplet
1871 3739 1927 3785 et
1955 3732 2070 3802 gla-

472 3807 569 3862 dii.
603 3808 742 3876 Quid
774 3824 966 3870 contra
996 3817 1110 3872 haec
1141 3819 1364 3875 mucro?
1389 3819 1596 3888 Mucro,
1631 3822 1876 3892 inquam,
1909 3824 2068 3894 cujus

472 3907 557 3952 est
603 3903 912 3970 proximum
957 3908 1206 3975 credere,
1259 3911 1484 3966 remotis
1513 3926 1766 3980 parcere;
1816 3912 2067 3986 immergi

473 3992 746 4059 cominus,
774 3997 972 4052 minari
1001 4001 1248 4068 eminus;
1280 4012 1448 4073 utque
1473 4004 1664 4073 paucis
1693 4003 1815 4073 ejus
1839 4002 2070 4061 faculta-

471 4091 583 4136 tem
619 4083 916 4155 includam,
946 4090 1103 4159 cujus
1135 4092 1370 4148 licentia:
1400 4109 1560 4163 pares
1613 4095 1776 4150 habet
1801 4096 2068 4152 terminos

471 4172 774 4244 lezgitudo,
823 4180 1144 4252 evaginatus
1189 4184 1386 4238 minari
1433 4192 1664 4254 poterat,
1716 4185 1910 4242 laedere
1957 4201 2064 4239 non

471 4275 686 4333 putarat
708 4268 792 4323 vel
817 4272 1071 4328 emissus.
1103 4273 1255 4329 Unde
1275 4276 1616 4345 comperiens
1639 4283 1825 4345 utpote
1843 4283 2064 4344 experta

473 4357 620 4412 acies
649 4358 820 4415 fracta
851 4363 904 4417 in
951 4365 1413 4442 audaces,'tutam
1445 4381 1555 4420 non
1585 4381 1707 4421 esse
1733 4365 2018 4420 audaciam
2048 4384 2060 4420 :

468 4448 582 4518 jam
608 4466 713 4506 non
739 4453 879 4508 ultra
904 4455 1112 4512 viribus
1140 4465 1330 4512 contra
1360 4458 1503 4512 vires
1531 4456 1821 4512 decernere
1847 4457 2062 4529 satagit,

2178 2058 2285 2116 deli
2311 2059 2574 2115 seditione
2604 2058 2887 2114 dilaniant.
2924 2057 3077 2112 Multi
3129 2071 3351 2127 quoque
3379 2055 3612 2110 heroum
3642 2055 3788 2110 fide-

2176 2151 2312 2208 lium
2349 2151 2405 2206 in
2435 2151 2625 2206 eadem
2669 2151 2908 2206 lamenta
2936 2149 3188 2216 resoluti,
3219 2163 3385 2219 super
3412 2145 3786 2203 Marchisidas

2178 2245 2369 2317 lugent
2401 2261 2415 2298 :
2445 2258 2624 2314 neque
2671 2242 2857 2298 minus
2903 2242 3070 2313 hujus
3119 2240 3395 2313 lacrymas
3431 2255 3604 2310 quam
3631 2239 3788 2295 illius

2177 2353 2366 2394 necem
2396 2337 2749 2394 miserantur.
2782 2336 2921 2391 Dum
2968 2336 3085 2391 haec
3129 2343 3441 2406 agerentur,
3469 2333 3566 2388 vix
3597 2333 3791 2387 debel—

2176 2431 2321 2488 latus
2347 2429 2556 2486 Turcos
2581 2436 2862 2501 receperat
2886 2427 3154 2493 tumulus,
3182 2437 3236 2482 et
3259 2441 3386 2482 ecce
3414 2423 3790 2479 Christicolas

2176 2524 2355 2594 pulvis
2405 2531 2635 2579 testatur
2676 2521 2870 2578 adesse
2913 2521 3189 2587 cohortes,
3212 2517 3475 2574 submissi
3508 2517 3790 2571 tolluntur

2175 2615 2368 2679 animi,
2401 2624 2593 2671 contra
2619 2613 2748 2670 elati
2782 2612 3198 2669 suimittuntur.
3229 2610 3616 2675 Exclamatur,
3643 2607 3789 2661 Deus

2175 2707 2310 2774 vult,
2334 2707 2438 2761 hoc
2461 2707 2606 2761 enim
2637 2705 2813 2762 nostri
2838 2704 3238 2775 interjiciebant
3264 2703 3536 2758 laetantes.
3575 2699 3791 2756 Adver-

2175 2799 2329 2864 sarii,
2381 2796 2521 2866 Heu,
2557 2805 2633 2864 et,
2677 2797 2768 2862 At,
2799 2805 2879 2863 at,
2911 2804 3339 2860 murmurantes,
3387 2793 3746 2865 ingeminant
3775 2812 3788 2845 :

2173 2889 2377 2960 quippe
2418 2905 2528 2945 non
2551 2895 2666 2945 tam
2696 2904 2822 2961 spes
2851 2888 3086 2958 ablatas,
3128 2903 3295 2960 quam
3345 2886 3572 2942 oblatos
3605 2897 3789 2941 metus

2176 2982 2530 3052 trepidantes.

2461 3129 2676 3186 XXVII.
2713 3161 2785 3172 -
2821 3129 2980 3202 Hugo
3007 3128 3234 3201 Magnus
3270 3129 3460 3184 instat.

2245 3268 2479 3324 Advolat
2504 3275 2630 3324 ante
2655 3268 2796 3324 alios
2821 3282 3010 3339 regum
3034 3265 3341 3322 clarissima
3372 3264 3570 3334 proles

2171 3359 2401 3432 Magnus
2427 3358 2606 3432 Hugo,
2635 3360 2805 3432 galeis
2832 3368 3120 3420 contentus
3147 3357 3319 3414 ferme
3344 3357 3643 3413 trecentis.

2173 3449 2338 3506 lrruit
2366 3451 2422 3506 in
2449 3451 2662 3507 medios
2687 3466 2796 3505 non
2823 3459 2884 3508 ut
2917 3451 3012 3522 qui
3042 3458 3247 3521 pugnet
3273 3450 3328 3504 in
3358 3449 3562 3506 hostes
3584 3491 3603 3516 ,

2174 3541 2277 3598 Sed
2311 3542 2406 3613 qui
2435 3550 2560 3619 post
2587 3557 2826 3614 pugnam
2857 3541 3115 3614 fugientia
3144 3550 3293 3613 terga
3319 3551 3623 3611 sequatur.

2175 3633 2267 3690 Sic
2295 3635 2542 3704 rapidus,
2570 3635 2653 3690 sic
2681 3635 3010 3705 intrepidus,
3045 3635 3126 3690 sic
3151 3635 3395 3704 undique
3428 3642 3596 3690 tutus

2169 3725 2520 3796 Aggreditur,
2545 3725 2770 3794 lacerat,
2801 3726 3314 3798 fugat,insequitur,
3337 3726 3572 3795 premit,
3591 3736 3790 3793 arctat,

2170 3817 2468 3886 Fulminat,
2483 3819 2740 3887 exsultat,
2773 3818 2976 3886 fremit,
3003 3819 3293 3885 exclamat,
3323 3819 3478 3886 furit,
3508 3823 3686 3877 ardet
3710 3865 3724 3878 .

2171 3911 2333 3968 Mittit
2361 3913 2415 3967 in
2441 3913 2590 3969 hunc
2618 3913 2791 3969 aciem
2821 3911 3080 3967 ferratam
3109 3928 3204 3968 rex
3239 3911 3675 3984 Solymannus;

2169 4005 2448 4078 ingentem
2475 4021 2726 4073 numero,
2756 4005 2976 4070 virtute,
3009 4003 3196 4072 minis,
3230 4003 3472 4071 feritate,

2170 4096 2303 4163 Quae
2327 4112 2558 4152 numero
2585 4105 2807 4166 superet
2831 4105 3061 4167 segetes,
3088 4112 3121 4150 ο
3146 4096 3410 4167 Gargara,
3445 4107 3686 4155 vestras
3711 4119 3725 4156 :

2169 4188 2305 4256 Quae
2327 4191 2526 4244 virtute
2549 4190 2667 4245 suis
2696 4197 2877 4259 aequet
2902 4189 3242 4265 convallibus
3279 4187 3528 4244 Ethnam
3550 4233 3571 4258 ,

2167 4283 2302 4350 Quae
2327 4282 2542 4339 feritate
2566 4283 2730 4338 minis
2755 4291 2929 4338 totum
2956 4283 3062 4337 sibi
3086 4282 3325 4336 vindicet
3351 4281 3589 4351 orbem,

2169 4373 2302 4440 Quae
2328 4371 2568 4443 perferre
2605 4387 2821 4443 graves,
2850 4379 2907 4426 et
2937 4371 3164 4426 reddere
3193 4371 3431 4440 gaudeat
3456 4371 3651 4428 ictus.

2169 4466 2311 4537 Ergo
2341 4466 2548 4522 alacres
2577 4465 2706 4519 hinc
2741 4472 2891 4519 tanta
2928 4463 3149 4530 cohors,
3177 4470 3258 4517 tot
3283 4463 3414 4528 tela,
3443 4472 3539 4518 tot
3575 4481 3751 4521 arcus
3781 4486 3792 4520 :

470 4550 617 4598 aites
646 4559 918 4617 arcusque
947 4564 1088 4618 quos
1117 4549 1390 4619 abjecerat
1417 4563 1722 4605 resumens.
1750 4547 1905 4616 Quod
1937 4550 1983 4606 si
2008 4560 2069 4606 ut
2095 4559 2144 4617 Ι)
2169 4557 2299 4613 inde
2323 4571 2510 4613 comes
2541 4571 2773 4628 magnus
2801 4571 2965 4627 quam
2996 4555 3217 4610 nomine
3246 4562 3356 4609 tam
3386 4555 3697 4624 probitate

470 4633 653 4704 primo
681 4648 942 4706 coeperat,
973 4641 1162 4708 pedem
1191 4640 1336 4710 pedi,
1366 4656 1588 4694 manum
1625 4641 1835 4707 manui,
1867 4642 2064 4698 umbo-

471 4739 594 4776 nem
629 4727 851 4779 umboni
899 4743 1188 4782 conserere
1237 4727 1555 4796 aliquandiu
1604 4729 1910 4795 inarsissct,
1939 4746 2067 4799 pro-

474 4812 616 4870 ἐξω
646 4819 978 4886 magnanimi
1005 4834 1160 4875 same
1187 4829 1398 4891 strages
1426 4820 1556 4876 huic
1582 4822 1777 4876 collata
1805 4837 2065 4878 succum-

472 4906 660 4971 beret;
691 4909 744 4964 id
769 4918 983 4966 tantum
1012 4913 1194 4968 solatii
1220 4913 1523 4983 objectura,
1547 4915 1692 4984 quod
1725 4919 1843 4986 ipsa
1867 4932 2062 4985 unum,

475 4997 593 5055 haec
626 5001 798 5056 saavas
825 5018 1016 5059 omnes
1039 5020 1170 5062 suos
1199 5006 1450 5061 habuerit
1476 5007 1784 5064 bellatores.

858 5093 1046 5151 XXVI.
1079 5126 1149 5136 —
1179 5096 1336 5153 Cadit
1368 5098 1686 5156 Willelmus.

551 5183 657 5239 Sed
684 5187 978 5255 resumptis
1003 5189 1260 5257 arcubus,
1289 5192 1496 5261 grando
1526 5194 1717 5250 volans
1746 5195 1946 5265 quibus
1973 5210 2072 5250 en-

476 5292 567 5332 ses
604 5288 978 5347 pepercerant,
1009 5297 1118 5335 non
1149 5283 1355 5352 parcit;
1408 5300 1568 5355 quOS‘
1597 5303 1705 5342 non
1751 5289 2068 5358 attigerant,

474 5366 744 5438 perfodit;
783 5369 875 5424 ubi
904 5385 1005 5426 nec
1031 5374 1409 5442 ascenderant,
1441 5377 1741 5433 descendit.
1791 5377 2071 5434 Hactenus

475 5477 610 5530 ergo
639 5463 855 5517 sarcina
887 5473 1096 5521 tantum
1128 5468 1329 5538 gravis,
1364 5469 1562 5536 loricae,
1591 5478 1742 5526 scuta
1773 5480 1827 5526 et
1862 5471 2030 5541 galeae
2056 5489 2068 5525 :

479 5569 629 5609 nunc
659 5555 1002 5624 gratissimus
1031 5560 1191 5625 obex,
1235 5559 1359 5616 vitae
1386 5562 1688 5633 mortisque
1711 5563 1847 5617 ﬁnes
1871 5563 2074 5617 dister-

477 5645 676 5701 minat.
727 5645 964 5704 Eatenus
1010 5659 1212 5720 tamen,
1246 5653 1294 5709 si
1335 5662 1610 5722 quatenus
1641 5654 1890 5721 molesta,
1923 5655 2072 5725 quod

478 5737 674 5794 levitas
698 5747 913 5808 captata
941 5743 1007 5798 ad
1035 5743 1199 5799 limen
1244 5745 1446 5815 saepius
1489 5745 1724 5803 artifices
1755 5761 1950 5802 manus
1982 5762 2070 5803 re-

473 5831 722 5903 torserit.
747 5829 1064 5894 Pluentibus
1085 5837 1268 5908 itaque
1289 5837 1514 5895 vulnera
1539 5837 1842 5896 Turcoruin
1868 5839 2070 5908 nervis,

2167 4649 2410 4706 Occursu
2443 4649 2621 4719 parili,
2651 4663 2882 4703 numero
2907 4647 3000 4703 sed
3030 4647 3248 4718 dispare
3270 4644 3418 4712 freti,

2171 4739 2380 4795 Bellum
2409 4740 2620 4803 ineunt,
2653 4747 2800 4793 stant
2826 4737 3062 4808 oppositi
3100 4752 3229 4807 pars
3274 4737 3441 4792 obvia
3473 4737 3678 4801 Gallis
3713 4761 3727 4796 :

2168 4831 2420 4888 Conserti
2448 4830 2666 4902 clypeos
2693 4829 2916 4901 clypeis,
2949 4838 3114 4899 atque
3141 4828 3365 4884 ensibus
3397 4844 3588 4887 enses
3624 4852 3638 4886 :

2168 4923 2303 4980 Pars
2335 4924 2520 4978 lateris
2546 4923 2722 4978 dextri
2749 4937 2964 4993 gyrum,
2995 4937 3126 4993 pars
3161 4921 3329 4975 altera
3355 4919 3486 4975 laevi

2169 5015 2432 5086 Occupat,
2461 5025 2515 5070 et
2543 5015 2797 5069 volucres
2824 5013 3050 5068 mittunt
3078 5012 3368 5082 utrobique
3403 5014 3690 5084 sagittas.

2173 5106 2428 5178 Undique
2457 5115 2613 5177 septa
2644 5105 2813 5160 armis
2839 5103 3067 5160 audacia
3099 5103 3302 5160 Gallica
3329 5113 3386 5158 et
3411 5105 3623 5174 hoste,

2169 5199 2252 5253 Ad
2278 5213 2422 5268 quos
2453 5213 2512 5253 se
2533 5204 2730 5263 vertat,
2762 5196 2868 5250 nisi
2901 5210 2960 5251 se
2996 5188 3278 5250 Convertat
3307 5194 3376 5249 ad
3409 5210 3659 5259 omnes.

2172 5291 2436 5363 Ignorans
2464 5309 2477 5345 :
2503 5289 2666 5344 modo
2695 5288 2762 5344 ad
2792 5287 2915 5354 hos,
2944 5286 3106 5343 mode
3145 5302 3204 5343 se
3229 5287 3515 5344 convertit
3555 5293 3631 5347 ad
3663 5293 3792 5357 illos,

2172 5384 2364 5452 Qualis
2391 5383 2531 5453 apri,
2558 5396 2723 5452 quem
2753 5381 2913 5437 turba
2941 5396 3139 5436 canum
3167 5381 3559 5439 circumvenit
3588 5385 3796 5458 ingens,

2173 5475 2490 5532 Fuhnineus
2533 5491 2681 5530 nunc
2709 5474 2814 5529 bos
2841 5473 3000 5539 deus,
3027 5489 3178 5530 nunc
3201 5473 3484 5528 eviscerat
3528 5477 3694 5545 illos;

2173 5567 2332 5622 Nunc
2353 5575 2500 5622 retro
2525 5565 2834 5632 mordaces,
2860 5572 2917 5620 et
2947 5577 3094 5618 nunc
3115 5578 3147 5618 a
3171 5561 3350 5618 fronte
3373 5563 3655 5624 minaces
3679 5609 3695 5626 .

2176 5658 2269 5714 Sic
2291 5657 2372 5711 vir
2392 5655 2794 5728 magnanimus,
2819 5663 2874 5711 et
2893 5670 2960 5712 eo
2980 5654 3120 5710 duce
3140 5650 3278 5708 freta
3294 5653 3592 5724 juventus

2176 5748 2500 5804 Innumeros
2533 5747 2734 5804 ardens
2761 5762 2822 5804 se
2843 5745 3225 5803 circumﬂectit
3257 5745 3316 5799 in
3342 5746 3558 5818 orbes,

2177 5844 2243 5901 Et
2277 5853 2620 5909 quaecunque
2654 5839 2764 5894 ruit
2793 5835 3030 5906 cedens,
3057 5852 3232 5894 caesus
3264 5836 3379 5892 ruit
3420 5837 3650 5899 hostis.
