3838 6306
38 343 120 420 ςιες
1370 345 1595 406 casm
1631 340 2002 407 TANCREDI.

1672 469 1714 528 Α
1747 462 2078 519 Rollandum
2110 461 2262 518 dicas
2287 459 2697 534 Oliveriumque
2726 471 2968 533 renatos,

433 455 732 518 XXVIII.
811 459 1008 518 Tarsos
1029 461 1198 534 fugat.

42 565 148 627 me
165 561 342 604 recens
373 552 553 610 acies
583 554 725 624 jam
765 557 942 612 multa
969 556 1112 612 caede
1141 563 1390 624 cruento,

43 654 214 711 nmque
237 639 495 714 fatigato
535 649 763 706 comiti
789 664 1102 720 congressa,
1136 647 1378 704 laborem

48 737 373 806 Sudoremque
406 737 532 793 viri
564 742 804 797 crudeli
835 750 1123 813 exaggerat
1152 741 1252 796 ira.

18 826 223 905 garriat
241 835 395 893 ante,
441 839 643 898 retro,
680 833 884 888 dextra
918 833 1175 904 laivaque,
1206 849 1304 888 nec
1327 833 1496 889 ullam

0 928 132 1008 φοι
145 918 370 988 requiem
395 922 720 991 gravibus,
751 923 906 979 nullo
929 924 1124 979 sudore
1159 932 1402 993 gravata.

0 1021 302 1096 (estquam
327 1013 498 1067 nulla
531 1015 699 1070 valet
724 1017 812 1072 vis
849 1017 1172 1072 innumeros
1199 1032 1480 1071 revocare.

23 1105 127 1179 »(1
143 1119 432 1170 numerum,
461 1106 778 1177 majorque
811 1108 953 1162 re-Jit
992 1123 1155 1176 quam
1193 1107 1403 1162 corruit
1439 1106 1634 1163 hostis.

37 1204 216 1269 “agna
242 1212 427 1252 comes
455 1213 656 1268 parva:
691 1201 990 1255 miseratus
1014 1199 1205 1254 funera
1231 1201 1405 1255 turbae

62 1291 219 1351 ()rain
243 1300 388 1360 terga
417 1289 621 1358 refert,
649 1292 771 1346 haec
798 1293 916 1346 sola
945 1293 1188 1349 timentis
1213 1293 1393 1364 imago
1418 1311 1431 1348 :

76 1387 239 1439 Caetera
264 1381 489 1436 victoris
520 1381 852 1448 lacerantis,
879 1384 1201 1454 dejicientis,

80 1476 214 1543 Atque
237 1471 474 1542 fugantis
498 1481 666 1527 erant
693 1491 706 1525 :
739 1473 794 1526 in
824 1481 973 1544 terga
1004 1473 1218 1543 fugacia
1247 1474 1433 1545 cuspis

80 1563 206 1618 Ensis
225 1561 545 1629 dimidians,
570 1578 755 1634 equus
786 1565 1006 1632 ardens,
1045 1565 1264 1620 dextera
1304 1565 1562 1637 ﬂagrans,

76 1652 248 1723 Quippe
266 1653 611 1720 retrocessit,
643 1655 741 1724 qui
773 1663 924 1710 retro
944 1655 1217 1711 occiderat
1249 1656 1462 1712 hostis:

71 1744 119 1799 Et
141 1761 348 1800 versam
383 1744 583 1801 faciem
606 1746 778 1813 videt,
812 1755 1204 1818 aspectumque
1232 1748 1524 1818 minacem,

65 1836 242 1908 Expers
270 1837 366 1908 qui
392 1847 629 1892 mortem
655 1837 874 1909 fugiens
897 1838 1126 1895 incurrit
1147 1839 1347 1908 eidem,

63 1925 227 1982 Tatius
249 1928 457 1998 ignotis
486 1943 718 1998 sperans
746 1942 1037 1984 occurrere
1065 1930 1276 1997 multis,

57 2016 202 2086 Quam
229 2021 406 2075 semel
431 2030 676 2092 experta:
703 2030 915 2077 restare
946 2022 1013 2077 ad
1047 2022 1273 2078 verbera
1299 2022 1523 2078 dextrae.

54 2107 232 2165 Consul
261 2110 379 2181 agit
412 2111 681 2181 trepidos,
714 2110 1064 2182 graviterque
1089 2111 1328 2168 instatur
1355 2111 1559 2183 agenti,

49 2199 95 2255 Et
117 2201 264 2273 fugit
285 2211 345 2258 et
371 2203 646 2273 sequitur,
677 2204 886 2273 pariter
909 2203 1060 2274 fugat
1087 2213 1250 2275 atque
1284 2203 1523 2275 fugatur.

95 2293 273 2348 XXIX
299 2336 316 2350 .
341 2325 402 2334 —
427 2295 502 2349 Et
527 2312 646 2348 cum
671 2313 734 2350 eo
755 2295 1012 2350 Robertus
1033 2313 1203 2351 comes
1233 2296 1530 2352 Flaudriar.

40 2385 223 2443 Obviat
247 2389 340 2444 his
367 2389 533 2444 hasta
555 2388 907 2455 metuendus,
932 2397 987 2444 et
1008 2404 1140 2444 ense
1169 2387 1444 2444 Robertus

36 2479 423 2551 Flandrigena,
452 2479 757 2550 eﬂrenique
793 2481 987 2536 volans
1025 2481 1092 2536 ad
1122 2481 1307 2551 pmlia
1337 2495 1523 2548 cursu,

37 2569 232 2628 Damna
285 2587 594 2644 morasque
626 2571 790 2640 levat,
846 2573 977 2628 dum
1029 2588 1193 2644 quam
1243 2571 1471 2628 ultimus
1495 2574 1633 2628 bau-

1191 2665 1361 2738 [serat
1385 2682 1517 2721 aure
1538 2666 1562 2719 τ

27 2754 243 2815 Primus
270 2757 586 2814 inardescit
609 2773 853 2830 pugnam
885 2758 1225 2833 impinguare
1253 2775 1474 2814 cruore.

25 2848 227 2907 Obvius
262 2865 406 2923 ergo
432 2849 599 2924 fugae,
629 2851 930 2921 pertransit
956 2850 1010 2904 in
1038 2866 1214 2920 usque
1238 2849 1508 2921 fugantes,

22 2939 251 3012 Quaque
280 2942 441 2997 videt
463 2940 670 2997 densas
689 2941 840 2997 acies
871 2940 1076 2996 fervere
1105 2941 1338 3013 sagittis,

17 3031 64 3088 Et
95 3034 354 3090 stridere
381 3034 596 3100 minis;
629 3033 702 3088 ibi
735 3033 948 3090 fervere
979 3034 1209 3089 stridere
1235 3033 1428 3089 tendit.

15 3121 320 3182 Incurrunt
343 3125 521 3182 Turci
548 3127 603 3181 in
630 3126 913 3194 comitem,
938 3142 1124 3182 comes
1160 3142 1286 3182 acer
1316 3127 1370 3181 in
1405 3126 1555 3182 illos:

16 3215 514 3290 Flandrensesque
549 3219 664 3274 fere
695 3233 948 3286 numero,
998 3227 1054 3274 et
1076 3219 1276 3276 virtute
1330 3220 1630 3290 phalanges

16 3305 131 3379 Igne
155 3293 616 3380 pari°acoensa3;
640 3309 800 3380 pede,
833 3321 1034 3382 strage,
1059 3309 1276 3381 fragore
1301 3320 1624 3382 sequuntur.

17 3397 305 3456 Sternitur
333 3401 656 3457 arcitenens
679 3401 863 3470 acies,
881 3411 1215 3474 sparguntur
1239 3414 1294 3459 et
1319 3419 1503 3460 arcus.

15 3492 385 3569 anpuntur
413 3497 708 3568 pharetrae,
730 3496 1013 3554 calcantur
1034 3507 1093 3553 ut
1116 3498 1234 3570 alga
1259 3499 1488 3571 sagittae,

16 3585 199 3655 Pellae,
239 3591 507 3646 thoraces
530 3589 690 3662 quasi
717 3589 955 3645 stamina
982 3591 1125 3646 linea
1154 3591 1220 3646 ad
1248 3607 1431 3660 enses,

15 3682 255 3740 Sardoa
290 3693 433 3741 sunt
460 3683 641 3751 tectis,
665 3692 722 3740 et
747 3698 860 3738 non
888 3683 1154 3739 tutamina
1177 3683 1393 3740 Turcis.

15 3774 88 3832 Sic
113 3792 330 3833 comes
355 3777 703 3846 armipotens
727 3773 1009 3831 Gallorum
1042 3785 1189 3848 terga
1213 3785 1527 3846 sequentes,

15 3862 239 3922 Rursus
269 3877 432 3937 terga
467 3867 600 3922 dare
615 3884 641 3920 σε
666 3874 724 3921 et
751 3881 912 3922 versa
948 3867 1068 3922 vice
1102 3875 1322 3937 pectora
1353 3867 1538 3923 Gallos

14 3952 248 4013 Vertere
285 3956 616 4026 compellit;
640 3971 981 4028 numeroque
1009 3959 1252 4014 carentia
1281 3959 1518 4030 primum

13 4047 248 4121 Agmina
280 4050 400 4106 sub
425 4064 716 4105 numerum
742 4049 1035 4105 sternendo
1056 4051 1301 4106 necando
1323 4051 1551 4108 reducit.

12 4142 63 4196 At
93 4141 289 4198 Turci
323 4157 435 4198 nec
455 4142 568 4198 ulla
593 4141 838 4214 quidem,
862 4157 962 4197 nec
994 4141 1166 4197 multa
1192 4141 1516 4212 rependunt.

13 4231 282 4301 Vulnera,
313 4249 452 4305 spes
478 4249 714 4305 quorum
739 4231 952 4288 ferratae
977 4233 1161 4288 nescia
1193 4233 1376 4303 calcis,

12 4321 134 4380 lota
167 4323 543 4380 retrosuada
567 4323 636 4378 de
653 4323 882 4378 verbere
911 4322 1112 4393 pendet
1135 4323 1361 4378 habena:
1386 4340 1402 4391 ;

13 4413 148 4473 lore
191 4427 404 4473 tamen
432 4415 616 4486 patrio
646 4413 859 4487 fugiens
887 4429 1000 4484 quo
1029 4415 1281 4470 vulnerat
1309 4430 1472 4470 arcus
1499 4433 1515 4482 ;

14 4508 101 4565 Sed
129 4509 525 4566 tremebunda
559 4518 705 4563 metu
732 4506 879 4573 ferit,
907 4516 961 4562 et
986 4522 1097 4562 non
1131 4505 1281 4562 laedit
1316 4509 1550 4576 arundo,

15 4598 220 4656 lautus
255 4601 329 4656 ad
352 4601 608 4656 internas
631 4598 950 4670 pertransiit
976 4610 1158 4670 usque
1187 4599 1476 4657 medullas.

14 4687 213 4762 iapa!
269 4706 449 4763 quem
491 4690 680 4763 genuit
728 4689 1108 4763 Flandrensis_
1143 4689 1366 4748 flamma
1419 4699 1625 4748 tremo-

263 4793 292 4819 ο
1373 4785 1510 4838 irem
1536 4785 1550 4838 !

263 4793 292 4819 ο
1397 4800 1424 4837 1·
1536 4785 1550 4838 !

13 4869 140 4930 ium
199 4888 416 4931 eomes
470 4872 769 4930 indomitus
825 4873 1016 4929 domat
1063 4871 1289 4942 hostes,
1343 4782 1624 4946 dgjgtque

1323 4964 1556 5038 [spargit

18 5057 249 5130 lgmina
281 5077 297 5125 ;
332 5072 535 5129 sparsa
573 5067 743 5126 secat,
776 5067 926 5114 secta
965 5057 1168 5202 obruis
1223 5057 1419 5112 obruta
1450 5058 1628 5113 calcat

21 5150 209 5202 [amo
238 5151 603 5202 marmanimo
630 5151 835 5202 comite
863 5151 1101 5202 stipatus
1173 5163 1374 5202 unone.

21 5150 209 5223 [agno
238 5151 603 5223 magnanimo
630 5151 835 5206 comite
863 5151 1101 5221 stipatus
1122 5150 1374 5220 Hugone.

23 5241 114 5299 iet:
135 5252 339 5299 cessat
363 5252 600 5312 strages,
635 5242 814 5297 donec
834 5241 984 5296 socia
1013 5236 1166 5295 afma
1199 5238 1415 5312 fugatos

26 5317 356 5400 ﬁeipiunt;
387 5337 728 5399 nectuntque
751 5342 957 5394 moras,
1009 5335 1306 5398 arceatque
1352 5325 1622 5398 fugantes.

29 5419 88 5474 in
124 5423 340 5478 herum
369 5421 630 5492 viresque
652 5434 828 5475 novas
857 5418 1182 5489 animosque
1203 5426 1453 5474 recentes

29 5511 476 5587 Iongressusque
503 5529 708 5571 manus
729 5512 943 5579 avidas,
970 5521 1025 5566 et
1045 5520 1236 5567 caetera
1263 5511 1331 5566 ad
1356 5525 1516 5566 usum

34 5603 268 5680 longi-ua
291 5608 564 5666 bellorum
593 5649 612 5674 ,
635 5620 781 5662 nova
818 5613 1016 5660 cuncta
1047 5603 1286 5659 recentia
1309 5603 1482 5659 nostri

40 5697 322 5765 eveniunt,
345 5697 639 5767 ultaque
669 5692 802 5746 licet
834 5691 950 5760 jam
980 5690 1128 5745 caede
1153 5690 1385 5762 gravati,

41 5786 295 5860 “cipiunt
322 5805 502 5858 acres,
536 5794 596 5844 et
629 5781 874 5839 reddunt
894 5781 1094 5837 acriter
1121 5780 1282 5854 ictus,

3223 353 3332 413 5H

1745 553 1803 610 Si
1833 554 2095 611 comitum
2120 563 2333 625 spectes
2363 554 2512 610 hunc
2547 556 2704 612 hasta
2729 555 2876 612 hunc
2904 573 3035 614 ense
3065 555 3331 616 furentes.

2001 644 2171 700 XXX.
2202 676 2274 686 —
2299 645 2620 716 Godefridus
2647 646 2703 700 in
2731 646 2904 702 hostes
2929 649 3055 703 ruit.

1741 739 1861 794 Dux
1883 739 2209 795 Godefridus
2240 739 2408 795 homo
2439 748 2588 796 totus
2618 740 2854 810 bellique
2873 739 3079 812 Deique

1739 830 1912 902 Cujus
1936 846 2044 886 non
2069 832 2273 897 fervor,
2311 847 2420 886 non
2449 832 2614 901 vires,
2640 848 2752 887 non
2788 833 3075 890 animosus

1741 919 1983 991 Spiritus
2012 919 2294 976 Hectoreis
2324 923 2526 990 cessit;
2559 925 2652 978 sed
2684 924 2902 994 praefuit
2924 927 3118 990 armis,

1741 1012 1922 1068 Laetus
1945 1014 2122 1070 adest.
2149 1012 2193 1068 Ο
2224 1030 2362 1084 quas
2393 1015 2557 1078 acies,
2587 1032 2709 1086 quae
2739 1027 2954 1087 pectora
2991 1016 3120 1072 fer-2i

1739 1103 1914 1169 Quam
1943 1104 2165 1174 longum
2194 1103 2438 1175 calybem
2471 1105 2658 1161 lateris
2686 1107 2991 1160 munimina
3021 1106 3139 1161 laevi

1737 1196 1975 1251 Cernere
2015 1204 2134 1252 erat
2181 1196 2442 1252 comitata
2493 1198 2726 1254 ducem!
2775 1200 2900 1271 quis
2948 1199 3112 1255 flatus
3159 1215 3336 1271 equo-

3087 1290 3256 1363 [run],

1739 1379 1874 1448 Quis
1901 1379 2150 1438 fremitus
2173 1381 2482 1450 hominum,
2509 1398 2632 1453 quae
2661 1383 2831 1454 gloria
2864 1383 3285 1440 Lotlraridarum
3311 1385 3336 1437 Ἰ

1740 1473 1858 1528 Dux
1888 1490 2018 1543 ergo
2041 1471 2252 1528 Turcas
2288 1475 2434 1529 acies
2461 1475 2679 1544 premit,
2718 1476 3132 1546 insequiturque

1738 1565 1855 1621 Non
1881 1575 2001 1621 astu
2024 1565 2196 1637 vigili,
2224 1581 2334 1620 non
2362 1566 2748 1620 commoditate
2771 1566 2953 1634 loculi,

1738 1655 1854 1711 Non
1883 1672 2007 1726 qua:
2028 1656 2111 1710 vel
2151 1654 2370 1710 timidos
2395 1655 2447 1708 in
2472 1653 2641 1710 fortes
2663 1656 2886 1721 excitat,
2911 1665 3027 1711 arte

1737 1747 1971 1817 Adjutus
1997 1766 2010 1801 :
2036 1763 2227 1802 verum
2252 1747 2480 1802 turbans
2504 1746 2590 1802 his
2625 1747 2882 1801 omnibus
2907 1747 3094 1804 hostes

1664 1828 1708 1885 Β
1737 1835 1956 1894 Scilicet
1979 1837 2196 1910 adjutus
2223 1847 2478 1909 astuque,
2509 1838 2762 1908 locoque,
2788 1838 3043 1909 doloque.

1737 1949 1934 2005 XXXI.
1959 1983 2032 1992 —
2057 1950 2258 2023 Aggere
2290 1953 2523 2031 potitur;
2548 1949 2808 2031 fugientes
2833 1949 3152 2020 insequitur,
3187 1963 3338 2007 nm

2256 2022 2460 2074 vicinus
2483 2020 2622 2074 liostt'
2647 2021 2808 2090 favet.

1739 2095 2014 2169 Stabat'in
2038 2128 2273 2168 occursu
2301 2112 2458 2168 ducis
2494 2128 2678 2184 agger,
2703 2127 2942 2185 agerque
2972 2112 3075 2168 sub
3101 2112 3223 2182 ipso

1737 2203 2186 2259 Rctrocedentem
2207 2203 2498 2259 dirimebat
2529 2204 2598 2259 ab
2619 2220 2815 2276 aggere
2842 2214 3108 2260 montem.

1736 2294 1854 2351 Iluc
1880 2295 1974 2350 ubi
2006 2294 2104 2350 fisa
2134 2295 2274 2350 dolis
2306 2311 2439 2368 gens
2463 2295 2587 2366 plus
2616 2310 2782 2365 quam
2805 2293 2904 2350 fisa
2932 2295 3145 2364 sagittis

1735 2387 2028 2459 Diffugium
2060 2386 2187 2442 fecit
2219 2405 2231 2440 :
2265 2395 2420 2441 ratus
2451 2402 2646 2457 aggere
2683 2386 2820 2440 velle
2851 2386 3034 2456 potiri,

1735 2480 1814 2534 Ad
1839 2495 2076 2550 pugnam
2105 2478 2345 2550 refugos,
2373 2478 2482 2533 dux
2513 2477 2724 2533 fraudis
2751 2485 2806 2532 et
2835 2478 2969 2532 artis
2999 2476 3205 2550 iniqua:

1736 2570 1984 2642 Ignarus,
2017 2572 2142 2628 belli
2174 2570 2369 2627 faciem
2398 2571 2668 2626 convertit
2695 2570 2748 2624 in
2779 2570 2922 2638 illos,

1735 2664 1802 2720 Et
1822 2665 1984 2721 celeri
2014 2665 2237 2720 incursu
2271 2665 2541 2719 tumulum
2580 2663 2734 2735 prius
2757 2664 2913 2720 hoste
2939 2672 3222 2735 gravatum

1735 2753 1978 2821 Liberat,
2017 2755 2143 2810 inde
2167 2753 2351 2825 fugam
2377 2755 2444 2810 ad
2487 2761 2728 2810 montem
2769 2770 2866 2825 per
2895 2756 3054 2825 plana
3081 2769 3331 2810 coac'am

1738 2844 1930 2918 Strage
1964 2846 2163 2917 premit
2194 2846 2388 2911 multa,
2420 2845 2595 2900 hostis
2639 2844 2848 2901 scilicet
2877 2852 3041 2916 atque
3075 2859 3325 2900 suorum.

1733 2935 2005 2992 Nimirum
2037 2954 2169 3009 gens
2200 2937 2289 2992 illa
2324 2938 2464 2992 dolis
2491 2947 2701 2992 armata
2724 2947 3042 3008 sequentem

1737 3027 1915 3100 Eque
1940 3030 2212 3101 transfigit
2234 3030 2480 3096 loricam,
2507 3045 2672 3100 quam
2704 3027 3001 3100 fugientem
3025 3047 3039 3084 :

1737 3121 1801 3178 Et
1828 3121 1936 3178 nisi
1963 3136 2139 3193 equus
2169 3121 2326 3177 velox
2352 3121 2686 3193 fugientibus
2713 3121 2921 3193 iggerat
2949 3121 3159 3188 hastas,

1685 3216 1702 3236 ⁴
1734 3213 1856 3282 Quo
1885 3214 2062 3286 magis
2111 3213 2377 3287 cli'ugiunt
2409 3212 2586 3285 magis
2625 3212 2852 3270 horrida
2901 3213 3127 3269 vulnera
3167 3227 3327 3284 spar-

3211 3312 3226 3358 f

3211 3312 3226 3358 f

1733 3395 1806 3453 Ut
1837 3396 2004 3454 faciat
2033 3397 2197 3455 Turci
2222 3397 2370 3470 fuga,
2403 3397 2550 3470 quod
2571 3397 2800 3456 victoria
2821 3397 3041 3455 Franci.
3069 3303 3203 3379 [gul]
3235 3347 3254 3374 ν

1731 3490 1914 3546 Monte
1940 3500 2158 3562 recepta
2188 3491 2410 3557 cohors,
2443 3506 2552 3547 non
2582 3508 2692 3547 rere
2715 3501 2938 3563 gravata
2987 3506 3088 3546 nec
3132 3491 3326 3558 armis,

1731 3582 1864 3639 Ere
1897 3600 2110 3656 graves,
2135 3585 2414 3655 armisque
2439 3585 2589 3640 viros
2617 3592 2741 3655 post
2769 3593 2921 3656 terga
2961 3593 3183 3640 ruentes

1731 3675 1924 3732 Evadit
1953 3676 2130 3742 facile,
2154 3686 2208 3732 et
2233 3675 2380 3732 facili
2404 3690 2688 3746 pronaque
2713 3675 2908 3746 sagitta

1723 3762 1997 3834 'Sauciati,
2029 3767 2246 3821 intorta:
2276 3765 2657 3836 comtemptrix
2683 3766 2900 3820 eminus
2914 3764 3107 3819 hastae.

1729 3857 1942 3913 Anxius
1971 3855 2169 3926 objecti
2194 3857 2302 3912 dux
2330 3854 2585 3912 frendens
2615 3855 2670 3911 in
2701 3856 2837 3927 pede
2866 3856 3072 3910 montis

1731 3947 1972 4004 Rursum
2003 3948 2058 4002 in
2084 3946 2246 4017 plana
2266 3946 2437 4002 redit:
2471 3947 2518 4002 si
2549 3962 2689 4017 quos
2718 3961 2877 4001 mons
2900 3945 3105 4000 invidet
3126 3945 3316 4002 hostes

1730 4036 1987 4103 Eliciant,
2016 4051 2191 4091 vacua
2213 4051 2343 4091 arva
2365 4036 2490 4092 duci
2520 4038 2785 4108 repetitus
2816 4045 2871 4092 et
2897 4051 3080 4107 agger.

1730 4128 1914 4186 Hostis
1941 4129 2009 4185 ad
2031 4130 2158 4201 duce
2207 4126 2427 4201 gaudet,
2459 4129 2759 4196 descendit,
2807 4137 2862 4184 et
2897 4128 3044 4184 ultro
3081 4128 3322 4198 lacessit,

1731 4220 1959 4292 Semper
1981 4221 2317 4287 discurrens,
2339 4228 2394 4275 et
2419 4235 2635 4291 semper
2655 4221 2882 4277 vulnera
2915 4235 3200 4292 spargens.

1727 4312 1926 4370 Fretus
1949 4328 2092 4384 equo
2116 4312 2302 4378 celeri,
2331 4313 2648 4383 montisque
2670 4311 2859 4368 favore
2884 4311 3202 4382 propinqui,

1728 4403 1848 4462 Dux
1869 4405 2178 4475 iterumque
2200 4404 2507 4476 iterumque
2534 4404 2838 4476 sequeusin
2869 4413 3090 4475 pectora
3119 4403 3325 4460 multos

1650 4513 1704 4573 ι)
1729 4497 1963 4570 Excipit,
1991 4505 2046 4554 et
2081 4499 2266 4569 plures
2296 4496 2352 4552 in
2380 4507 2529 4570 terga
2556 4507 2872 4554 remunerat
2893 4499 3056 4554 ictus.

1727 4589 1910 4647 Monte
1948 4599 2127 4645 tamen
2151 4589 2377 4645 meritos
2405 4606 2620 4660 semper
2648 4599 2898 4646 curtante
2922 4590 3249 4661 triumphos,

1726 4682 1939 4754 Quippe
1964 4682 2088 4737 sinu
2120 4683 2300 4750 victis,
2321 4682 2644 4738 victricibus
2667 4682 2823 4737 obice
2853 4683 3048 4754 signis,

1725 4773 1839 4830 Ceu
1871 4774 2148 4846 quondam
2185 4774 2501 4845 accipitrem
2535 4773 2631 4845 qui
2659 4773 2891 4830 circinat
2913 4788 3040 4829 aera
3064 4787 3219 4845 gyro,

1726 4865 1839 4921 Ceu
1868 4865 1961 4936 qui
1987 4866 2044 4920 in
2067 4865 2246 4922 fronte
2275 4866 2426 4922 sedet
2449 4867 2801 4938 querularum
2834 4865 2991 4920 turba
3032 4865 3321 4920 volucrum

1727 4955 2083 5026 Circumagit,
2107 4955 2369 5025 varioque
2396 4956 2566 5025 replet
2591 4954 2821 5025 virgulta
2849 4955 3048 5009 latratu
3074 4972 3089 5008 :

1729 5046 1869 5101 Tum
1898 5047 1946 5102 si
1982 5045 2122 5102 forte
2143 5061 2346 5118 procax
2375 5047 2566 5102 cornix
2599 5045 2852 5115 prepiore
2876 5045 3061 5099 volatu

1727 5139 1848 5196 Jam
1877 5140 2146 5195 tumidum
2171 5137 2430 5204 ostendit,
2457 5138 2548 5191 ille
2576 5136 2890 5206 indignatus
2919 5143 2973 5189 et
3011 5134 3214 5190 ardens

1728 5230 1926 5286 Fertur
1948 5231 2003 5284 in
2027 5229 2233 5285 aeriam
2267 5237 2385 5284 tcto
2415 5228 2706 5284 conamine
2743 5225 3000 5280 turbam:
3129 5215 3134 5218 ’

1727 5321 1822 5376 illa
1849 5319 1987 5392 fugit
2015 5321 2242 5392 trepidis
2278 5328 2529 5390 repetens
2557 5317 2829 5373 cunabula
2861 5315 3077 5387 pennis.

1727 5411 1867 5470 Cum
1899 5412 2131 5468 similem
2155 5413 2359 5466 hesuro
2384 5409 2651 5481 porrectis
2683 5408 2959 5479 unguibus
2983 5417 3152 5464 arctae

1730 5503 1859 5559 Saxi
1889 5518 1986 5558 seu
2011 5501 2175 5557 terris
2204 5500 2462 5556 cohibent
2488 5507 2540 5555 te
2565 5499 2747 5570 praedo
2769 5499 2991 5554 latebra:
3013 5517 3028 5553 :

1731 5593 1923 5668 Ungue
1949 5603 2131 5650 tamen
2156 5593 2371 5664 plumas
2385 5592 2650 5648 referens:
2667 5590 2902 5663 insignia
2925 5591 3142 5661 palma,

1725 5689 1895 5744 Nacta
1916 5685 2046 5742 sede
2067 5684 2243 5752 doles,
2276 5684 2498 5756 alasque
2525 5697 2802 5754 expansus
2823 5679 2998 5735 hianti

1726 5779 1949 5847 Rostro,
1981 5777 2287 5835 luminibus
2316 5777 2630 5843 ﬂammatis,
2658 5783 2878 5846 pectore
2908 5771 3108 5838 anhelo
