3838 6306
597 287 704 346 5.1.5

598 401 850 474 Suspicis
872 402 1073 475 elapsae
1100 405 1352 475 plumosa
1377 405 1630 475 repagula
1655 404 1874 474 praedae.

1167 288 1260 344 At)
1297 280 1750 347 CODEFRIDUM-
1783 288 2074 346 APPEND.
2115 289 2180 347 II.
2214 321 2284 333 —-
2320 291 2592 350 MONUM.
2631 294 2720 350 DE
2758 295 2983 356 BELLO
3023 299 3268 360 SACRO.
3719 314 3792 374 5M

2211 410 2262 470 Α
2289 415 2404 461 tum
2436 409 2644 464 sociare
2666 410 2868 468 loricas
2913 423 3205 470 contentus
3245 430 3346 471 es:
3385 429 3598 474 arcuum
3632 429 3796 484 tuorum

597 494 753 552 Haud
779 513 938 553 secus
967 498 1047 551 ira
1071 497 1266 552 ducem
1308 498 1509 562 turbat,
1550 496 1679 550 dum
1702 496 1893 566 pulsus
1942 495 2011 551 ab
2037 496 2184 553 arvis
2287 502 2666 588 numerusvix
2692 503 2952 572 ducenti;
2986 507 3043 561 in
3068 507 3154 563 his
3179 508 3418 565 millibus
3453 508 3646 581 Syriam
3669 531 3797 588 oppu-

596 587 814 645 Turcus
843 589 1008 644 habet
1038 598 1183 644 tutas
1207 590 1443 644 latebras
1471 587 1706 644 conﬁnia
1734 588 1956 644 montis.

593 680 890 736 XXXII.—
905 681 958 736 Η
963 699 1065 752 ugo.
1078 680 1136 735 Μ
1136 699 1300 752 agnus
1321 681 1555 752 subvenit
1577 681 1701 752 duci
1719 689 1898 752 etcum
1921 681 2182 752 Raimun-

629 753 698 806 do
729 755 918 807 comite
945 750 1442 822 mbntenfsuperat;
1475 750 1664 804 Terror
1683 751 1889 804 invadit
1922 751 2140 807 Turcos.

596 843 705 900 Sed
737 861 862 900 cum
891 844 1122 916 Magnus
1157 842 1312 914 Hugo
1336 843 1556 898 diverso
1581 843 1763 912 praelia
1795 852 1975 898 tractu

594 937 920 1010 Aggressus,
949 937 1151 990 montis
1176 935 1320 990 latus
1348 949 1415 989 ex
1443 933 1590 988 facili
1618 943 1934 1004 superasset
1994 971 2005 981 -

594 1026 868 1092 Pervium,
899 1033 954 1080 et
993 1024 1148 1079 hoste
1189 1038 1393 1079 vacans
1420 1040 1434 1077 :
1467 1038 1592 1078 mox
1644 1039 1746 1080 nec
1774 1023 1929 1096 juga,
1960 1041 2061 1080 nec
2094 1025 2182 1080 via

1849 1116 2112 1190 [praeceps

592 1211 900 1279 Deprensos
924 1207 1194 1275 inhibent,
1226 1207 1361 1279 quin
1393 1208 1536 1264 laxis
1561 1224 1758 1265 cursor
1792 1210 2021 1266 habenis

591 1298 788 1370 Raptet
811 1315 1006 1370 equus,
1036 1297 1260 1370 refugos
1294 1314 1392 1369 per
1415 1300 1601 1369 plana,
1632 1315 1730 1369 per
1757 1301 1927 1355 ardua
1951 1300 2177 1357 Turcos.

588 1388 728 1445 Hinc
759 1390 924 1461 igitur
951 1390 1232 1458 comitem,
1258 1391 1386 1446 inde
1407 1390 1602 1447 ducem
1631 1390 1872 1462 fugiente
1894 1401 2110 1447 caterva

585 1477 804 1548 Hostili,
842 1498 1028 1538 comes
1054 1483 1324 1538 accelerat
1353 1493 1603 1539 metuens
1635 1483 1978 1540 Raimundus

587 1570 664 1627 Ne
696 1573 802 1628 sibi
824 1589 960 1628 neve
991 1573 1108 1628 suis
1133 1573 1277 1628 desit
1305 1575 1400 1646 qui
1426 1574 1648 1630 dimicet
1670 1575 1844 1630 hostis
1870 1592 1883 1627 :

586 1661 745 1718 Hunc
771 1680 930 1730 suus,
958 1664 1107 1719 hunc
1129 1664 1220 1719 alii
1247 1664 1478 1735 pedites,
1497 1665 1710 1736 equites
1731 1666 1979 1720 comitati

585 1754 722 1809 Belli
743 1755 1048 1823 ductorem,
1077 1756 1354 1827 legionum
1375 1757 1760 1828 dispositorem

587 1844 765 1902 Tanto
786 1845 1038 1902 ditabant
1058 1863 1306 1916 numero,
1338 1849 1662 1917 munimine,
1691 1851 1866 1921 signis
1891 1870 1903 1908 :

587 1935 659 1992 Ut
681 1938 831 1994 credi
863 1949 1051 2009 posset
1081 1940 1367 1996 absentum
1390 1942 1572 1997 nullus
1609 1941 1820 2009 abesse,

585 2029 692 2096 Qui
720 2032 900 2086 meriti
939 2031 1157 2087 fuerant
1195 2033 1363 2100 credi,
1396 2035 1607 2090 nullum
1635 2052 1942 2107 superesse.

585 2123 727 2193 Ergo
742 2122 1054 2180 formidans
1080 2141 1148 2180 ne
1182 2124 1542 2184 formidabilis
1569 2138 1716 2185 esset

584 2211 937 2271 Praecidendo
967 2224 1196 2283 metum,
1231 2227 1394 2289 rupto
1418 2220 1552 2290 petit
1582 2223 1774 2278 ordine
1797 2223 2022 2280 bellum.

585 2303 642 2358 Si
677 2304 832 2361 furor
861 2306 1013 2363 ldeas
1037 2324 1274 2378 quercus
1304 2311 1371 2366 ad
1393 2312 1592 2368 littoris
1623 2313 1732 2369 ima

581 2395 743 2469 Sigaai
770 2400 965 2470 rapiat,
997 2408 1196 2455 tremat
1233 2402 1413 2459 omnis
1436 2405 1719 2474 proximus
1749 2405 1856 2463 Idae

579 2488 645 2545 Et
669 2507 828 2549 mons
863 2503 917 2548 et
941 2493 1122 2562 vallis,
1144 2495 1311 2551 lateat
1340 2497 1445 2552 sub
1468 2498 1691 2568 pulvere
1715 2498 1956 2558 Phoebus
1980 2521 1993 2557 :

581 2581 638 2637 Si
665 2585 842 2640 lucem
867 2586 1056 2644 demas
1085 2588 1255 2658 galeis
1289 2597 1385 2644 aut
1406 2588 1697 2647 frondibus
1729 2593 1899 2649 addas
1925 2613 1938 2650 :

577 2671 680 2730 llic
702 2685 900 2746 status,
943 2678 1061 2736 haec
1107 2680 1340 2752 species,
1391 2682 1590 2740 similis
1631 2683 1906 2755 fremitus,
1967 2698 2174 2746 tremor

1911 2779 2098 2852 [idem.

578 2857 763 2915 Turba
787 2860 995 2918 sodalis
1029 2871 1188 2919 erant
1208 2865 1448 2935 comitis,
1474 2868 1759 2940 turbazque
1788 2870 1994 2928 sodalis

578 2949 686 3017 Qui
712 2950 896 3023 fragor
917 2955 1180 3034 attonitas
1207 2955 1516 3016 Turcorum
1539 2970 1601 3016 ut
1633 2963 1866 3033 perculit
1893 2980 2078 3036 aures,

575 3042 755 3113 Atque
776 3032 967 3100 oculOs
988 3044 1168 3118 fulgor
1192 3065 1205 3102 :
1234 3056 1405 3105 totam
1437 3032 1737 3108 occursare
1767 3065 2027 3124 paventes

575 3132 877 3205 Europam,
904 3138 1053 3194 nullo
1075 3139 1232 3209 duce,
1255 3144 1502 3212 consule,
1523 3152 1649 3218 rege
1671 3147 1882 3203 relicto.

572 3226 667 3281 Pri
688 3242 762 3282 no
787 3225 939 3283 ‘stant
957 3230 1108 3285 dubii
1139 3247 1267 3288 mox
1300 3243 1362 3288 ut
1384 3233 1747 3294 Raimundica
1773 3240 1960 3312 cuspis

575 3314 748 3372 Obvia
771 3334 1001 3390 quaeque
1025 3330 1189 3390 rotat,
1215 3324 1510 3394 colliditur,
1534 3336 1586 3383 et
1609 3330 1757 3384 subit
1778 3333 1964 3388 ensis:

575 3403 733 3461 Tunc
758 3424 860 3464 nec
885 3409 1060 3467 Arabs
1083 3412 1292 3482 jaculo,
1311 3431 1412 3471 nec
1437 3418 1556 3473 fidit
1576 3418 1791 3478 Turcus
1811 3423 1868 3477 in
1892 3439 2047 3492 arcu,

575 3496 683 3555 Sed
731 3515 833 3555 nec
873 3516 1051 3572 equus
1101 3502 1339 3575 frenum,
1392 3524 1493 3566 nec
1533 3527 1736 3583 equum
1776 3515 1887 3583 via,
1919 3533 2020 3592 nec
2043 3517 2171 3589 fuga

1875 3606 2096 3682 [gyrum

573 3685 902 3757 Senserunt,
928 3692 1062 3749 adeo
1092 3691 1280 3766 fugere
1306 3706 1390 3752 est
1419 3713 1641 3769 sperare
1691 3702 1946 3758 salutem.

575 3779 717 3852 Ergo
739 3782 894 3854 Cylix
918 3783 1212 3855 Tharsum,
1251 3805 1476 3847 nemora
1513 3792 1895 3868 .(Etheritanga
1933 3798 2166 3870 Coatrae,

571 3873 913 3932 Antiochena
945 3877 1136 3950 Syrus,
1175 3880 1398 3937 Sidonia
1428 3887 1632 3940 mmnia
1658 3885 1914 3956 Phoenix,

571 3965 851 4021 Artasium
885 3967 1095 4038 Jacobi,
1131 3980 1310 4030 turres
1341 3973 1574 4032 Elamita
1595 3977 1824 4051 Calepti.

571 4055 841 4114 Praeterea
871 4060 1171 4120 innumerae
1194 4076 1353 4122 notas
1378 4068 1482 4122 sibi
1510 4071 1746 4142 quisque
1783 4074 2022 4131 latebras

573 4146 914 4219 Diﬂ‘ugiendo
941 4153 1154 4224 petunt,
1182 4157 1301 4213 sine
1351 4175 1526 4227 more,
1559 4162 1678 4218 sine
1706 4165 1897 4222 ordine
1920 4183 2164 4239 gressus.

572 4258 814 4342 XXXIII.
845 4295 915 4303 —
941 4251 1132 4334 Duces,
1157 4269 1576 4342 hostgdisperso,
1613 4292 1789 4332 versus
1829 4279 2168 4338 Antiochiam

773 4340 776 4346 '
925 4347 1192 4393 metantur
1210 4357 1231 4406 ;
1273 4339 1531 4397 Tancredi
1551 4339 1800 4403 audacia.

641 4420 1024 4497 Triumphato,
1077 4446 1240 4500 caeso,
1297 4433 1550 4504 disperso
1594 4438 1786 4508 hoste;
1837 4441 2045 4499 victore
2076 4461 2164 4501 re-

569 4529 748 4583 verso,
785 4516 979 4587 ditato,
1001 4520 1342 4592 jucundato;
1373 4526 1461 4580 via
1491 4529 1712 4584 solitum
1753 4544 1972 4590 revocat
1997 4537 2168 4593 viato-

569 4621 711 4674 rem,
737 4611 979 4680 quojam
1015 4613 1206 4682 tutior,
1251 4631 1318 4672 eo
1347 4616 1706 4676 diffusiorem.
1753 4623 1930 4682 Duces
1971 4629 2165 4688 turmis

568 4699 915 4769 pedestribus
933 4703 1281 4763 Antiochiam
1311 4726 1506 4768 versus
1551 4729 1683 4786 gyro
1724 4717 2029 4786 prolixiori,
2068 4721 2164 4784 sed

569 4788 716 4846 facili
739 4794 940 4850 cultam
964 4797 1245 4865 planitiem
1274 4803 1584 4859 metandam
1631 4808 1934 4876 provident,
1972 4813 2160 4880 provi-

571 4895 802 4952 samque
847 4895 1142 4942 metantur.
1187 4889 1256 4945 At
1296 4889 1614 4951 Tancredus
1661 4915 1947 4956 nemorum
1981 4887 2157 4972 devia,

569 4973 840 5029 montium
881 4977 1098 5046 ‘ardua,
1147 4980 1395 5053 Cylicum
1457 4984 1682 5044 flumina
1729 4995 2158 5061 prmtervolanda

568 5060 739 5132 eligit,
769 5079 879 5132 qua
915 5065 984 5119 ad
1020 5069 1334 5136 praedictam
1379 5075 1567 5132 urbem
1607 5060 1800 5136 semita
1822 5085 2160 5143 accelerabat

454 5187 470 5194 -
568 5149 851 5208 directior.
904 5153 950 5210 Ο
981 5157 1312 5235 [bellatorem
1361 5168 1710 5237 stupendum,
1751 5173 1839 5226 cui
1891 5175 2157 5245 voluptati

569 5241 747 5310 labor,
781 5245 869 5298 cui
909 5249 1190 5305 seCuritati
1231 5253 1456 5324 bellum,
1481 5259 1567 5314 cui
1595 5261 1767 5315 otium
1809 5241 2042 5334 difﬁcile,
2065 5269 2155 5322 cui

567 5329 750 5387 facilis
795 5337 1004 5404 qumvis
1053 5339 1360 5415 difﬁcultas,
1411 5349 1497 5404 cui
1521 5362 1799 5420 postremo
1828 5356 1966 5410 nihil
1996 5329 2155 5416 dulce

568 5421 679 5478 nisi
703 5420 863 5481 fuerit
901 5428 1102 5487 sudore
1131 5439 1438 5496 conditum!
1473 5441 1799 5514 Stupeamus
1820 5449 2035 5504 interim
2063 5452 2155 5507 bo-

566 5512 772 5611 minem
799 5517 894 5588 qui
918 5534 1198 5593 nunquam
1229 5533 1456 5603 stupuit,
1487 5529 1644 5606 eique
1665 5549 1998 5608 metuamus,
2022 5544 2152 5611 quia

567 5602 646 5656 [il
670 5607 879 5699 metuit.
913 5607 1121 5699 Papae!
1175 5602 1422 5692 quaenam
1471 5602 1586 5682 haec
1634 5639 1716 5684 est
1758 5631 2006 5699 audacia,
2039 5602 2152 5690 imo

565 5697 828 5768 amentia,
878 5698 1200 5798 Tancredef?
1243 5713 1587 5773 Antiochiam
1637 5697 2150 5790 praedaturus'cen-

2285 593 2460 664 gnas?
2481 581 2694 650 Paucos
2722 596 2979 652 adhibes:
3003 600 3195 670 supple
3221 617 3527 669 numerum,
3556 581 3798 668 multusest

2285 682 2461 740 hostis
2501 694 2652 753 tuus,
2705 689 2862 743 multi
2904 690 3196 747 adversum
3244 702 3296 748 te
3325 692 3505 764 gladii,
3538 695 3689 754 hostis
3710 713 3798 760 tuus

2283 775 2469 845 plures
2498 787 2674 833 armat
2695 781 2927 850 populos
2953 798 3120 852 quam
3164 793 3222 838 tu
3267 785 3435 841 viros.
3462 785 3532 842 Ut
3557 798 3602 842 te
3622 797 3800 860 patroci-

2284 868 2526 924 nandum
2549 881 2744 926 vocent
2774 889 2898 943 quae
2921 875 3299 932 adversarium
3330 888 3633 949 exspectant
3655 889 3800 954 oppida

2282 968 2338 1014 et
2363 961 2524 1018 urbes
2546 978 2752 1033 paucos
2780 965 2938 1022 ducis
2961 969 3241 1026 custodes.
3275 968 3491 1042 Snrgat,
3513 989 3696 1043 quaeso,
3715 993 3801 1032 sur-

2283 1059 2375 1121 gat
2412 1052 2467 1107 in
2510 1054 2860 1126 quiutuplum
2911 1075 3127 1115 summa
3159 1062 3619 1132 municipum;ne
3660 1071 3799 1126 saltem

2284 1145 2512 1198 custode
2549 1155 2704 1202 vacet
2738 1151 3107 1207 numerositas
3143 1153 3583 1224 municipiorum,
3619 1157 3801 1230 alioquin

2285 1243 2509 1290 vocatus
2537 1245 2683 1293 tutor
2705 1255 2813 1294 non
2843 1241 3048 1298 sufﬁcis
3079 1245 3262 1300 tutelae
3288 1263 3302 1312 ;
3339 1254 3398 1299 ut
3442 1247 3656 1319 singulis
3675 1252 3800 1320 plebi-

2283 1323 2386 1378 bus
2414 1325 2660 1396 singulos
2693 1328 2991 1387 distribuas
3030 1341 3359 1390 assertores.
3402 1333 3690 1393 Praesertim
3711 1345 3802 1399 urbs

2279 1414 2570 1473 Antiochia
2614 1421 2824 1476 munita
2866 1423 3058 1492 armis,
3107 1426 3308 1496 stipata
3347 1429 3601 1496 armatis,
3641 1446 3802 1489 assueta

2281 1507 2458 1576 bellis,
2488 1512 2721 1582 superba
2754 1514 3046 1586 triumphis
3075 1535 3088 1571 :
3118 1517 3456 1575 dominando
3479 1520 3711 1590 insenuit,
3730 1526 3799 1580 do-

2280 1601 2479 1656 minari
2505 1619 2616 1659 non
2652 1609 2822 1661 novit.
2857 1607 3140 1665 Moderare
3171 1611 3468 1688 praecipitis
3511 1629 3705 1670 cursum
3722 1623 3804 1671 ani-

2283 1693 2381 1760 mi,
2404 1703 2459 1749 et
2487 1697 2751 1766 sapientis
2773 1699 3062 1770 cujusdam
3102 1702 3208 1757 viri
3258 1705 3526 1759 sententia
3574 1722 3663 1776 pro
3695 1707 3804 1764 freno

2279 1795 2450 1842 utere.
2486 1787 2606 1845 Dux
2627 1790 2717 1847 ille
2745 1801 2801 1847 et
2825 1793 3004 1861 miles,
3049 1795 3184 1865 quid
3213 1794 3393 1863 ducis,
3425 1797 3555 1868 quid
3577 1800 3805 1856 militisre-

2278 1875 2386 1934 fert
2405 1890 2682 1950 expertus.
2710 1883 2804 1940 Sic
2821 1884 2919 1952 ait,
2937 1895 2986 1940 et
3010 1888 3323 1959 priusquam
3346 1889 3592 1960 incipias,
3605 1891 3803 1958 consulto,

2277 1979 2328 2025 et
2348 1970 2438 2025 ubi
2460 1974 2808 2045 consulueris,
2840 1987 3048 2032 mature
3082 1994 3212 2049 opus
3240 1989 3317 2035 est
3347 1981 3492 2051 facta
3515 1998 3533 2035 :
3558 1981 3694 2049 Quod
3713 1999 3806 2038 con-

2278 2065 2480 2144 sulere,
2507 2067 2576 2122 ad
2608 2069 2803 2124 ducem
2829 2088 2843 2138 ;
2883 2071 3030 2142 quod
3060 2071 3130 2126 ad
3160 2073 3416 2141 militem,
3459 2073 3720 2146 agonizare
3743 2093 3803 2132 re-

2277 2142 2565 2226 ferendum
2593 2165 2698 2224 est,
2735 2159 2902 2214 etiam
2955 2161 3299 2232 simplicibus
3349 2142 3648 2236 quibusque
3677 2167 3805 2236 palam

2275 2255 2402 2303 est:
2440 2258 2841 2321 verumtamen,
2869 2255 2953 2310 vel
2975 2255 3114 2310 alter
3143 2258 3256 2312 utri
3284 2265 3581 2330 utrumque
3621 2252 3807 2316 'velutri-

2275 2354 2386 2409 que
2422 2340 2656 2397 alterum
2686 2361 2700 2399 :
2739 2344 2852 2400 imo
2885 2346 3104 2418 utrique
3123 2357 3178 2404 et
3196 2349 3302 2406 hoc
3325 2360 3383 2406 et
3403 2352 3538 2407 illud
3563 2354 3805 2424 sepimin-

2275 2432 2520 2499 cumbit:
2568 2432 2622 2490 e‘t
2660 2445 2712 2491 te
2737 2438 2958 2506 quidem
3002 2441 3292 2512 utriusque
3343 2444 3583 2501 nominis
3621 2447 3806 2502 accendit

2274 2521 2468 2594 gloria,
2492 2525 2588 2582 sed
2610 2527 2679 2582 ab
2695 2528 2973 2586 humiliori
2989 2533 3300 2603 superbiam
3333 2544 3491 2592 tanto
3513 2538 3642 2608 petis
3665 2540 3806 2593 incau-

2274 2615 2424 2686 tius,
2473 2627 2683 2687 quanto
2734 2634 2768 2674 a
2815 2622 3125 2678 sublimiori
3167 2624 3448 2701 efﬁcacius
3499 2628 3802 2698 impetrasses.

2273 2704 2429 2763 Miles
2460 2708 2659 2780 flagras
2712 2712 3018 2784 intrepidus
3061 2716 3321 2786 appellari
3355 2737 3368 2774 :
3415 2733 3589 2790 eoque
3623 2720 3804 2791 prodam

2274 2797 2466 2870 fueris,
2495 2810 2555 2857 ut
2580 2802 2900 2874 imprudens
2922 2805 3105 2863 furere
3133 2808 3338 2866 dicaris
3367 2828 3382 2878 ;
3423 2812 3653 2883 dumque
3681 2813 3802 2867 levem

2275 2890 2419 2948 hanc
2443 2894 2583 2950 emis
2629 2911 2856 2966 auram;
2910 2898 3137 2970 projicis
3168 2900 3361 2969 vitam,
3406 2904 3586 2973 perdis
3617 2917 3800 2974 cperam.

2273 2983 2510 3042 lucraris
2539 2987 2824 3056 invidiam,
2857 2990 3100 3048 incurris
3123 2992 3437 3051 infamiam.
3491 2995 3619 3051 Redi
3637 3012 3740 3067 ergo
3759 2996 3802 3047 ad

2200 3115 2243 3172 Ο
2275 3088 2348 3147 te,
2379 3081 2548 3138 reduc
2573 3090 2624 3136 te
2651 3083 2704 3137 in
2728 3083 2947 3152 ducem,
2979 3086 3132 3155 prius
3167 3089 3420 3157 consule,
3447 3099 3502 3145 et
3542 3090 3626 3144 ubi
3657 3105 3804 3144 consu-

2273 3171 2464 3240 lueris,
2510 3175 2720 3244 explica
2774 3177 3096 3245 cohortem;
3145 3179 3399 3250 alioquin
3445 3198 3684 3252 namque,
3716 3197 3801 3236 cum

2272 3273 2496 3334 ventum
2520 3265 2575 3320 in
2607 3267 2850 3337 pericula
2908 3269 3092 3337 fuerit,
3150 3287 3274 3326 sero
3325 3275 3602 3341 consules,
3639 3275 3726 3329 cito
3749 3275 3804 3326 [ει-

2273 3357 2473 3427 tisces;
2505 3360 2658 3416 voles
2686 3362 2975 3418 consultus
3004 3364 3224 3438 venisse
3265 3366 3322 3420 in
3360 3367 3627 3437 praelium,
3663 3384 3747 3422 non
3767 3370 3800 3420 iu

2273 3450 2564 3506 consilium
2601 3453 2901 3522 praeliatus.

2379 3525 2620 3598 XXXIV.
2647 3577 2719 3585 —
2745 3545 3007 3600 Tliarsum
3033 3549 3280 3615 obsidet;
3312 3551 3547 3606 insidias
3576 3562 3723 3622 parat.

2343 3629 2456 3687 Hac
2485 3632 2651 3706 simili
2680 3643 2735 3688 et
2787 3633 3016 3690 forsitan
3058 3638 3310 3694 dicatiori
3353 3643 3685 3697 revocatione
3703 3640 3804 3693 Tan-

2234 3739 2241 3744 ·
2269 3723 2417 3777 credi
2449 3740 2611 3781 aures
2635 3727 2992 3796 obtundente,
3022 3729 3138 3799 ipse
3163 3731 3218 3786 in
3248 3734 3503 3803 aspidem
3526 3732 3718 3790 surdam
3740 3734 3804 3785 alr

2269 3813 2520 3881 duratus,
2572 3816 2656 3870 vel
2699 3828 2759 3872 ut
2809 3817 3182 3877 incantatores
3235 3823 3486 3878 excludit
3532 3839 3661 3894 quos
3693 3824 3806 3876 habet

2271 3905 2574 3961 mouitores
2600 3925 2612 3960 :
2638 3908 2770 3978 quin
2794 3916 2849 3963 et
2884 3911 3009 3965 cudi
3032 3910 3291 3979 ﬂammis,
3330 3915 3531 3985 tigride
3568 3914 3663 3970 feta
3697 3915 3805 3968 ocior

2270 3991 2579 4064 Bythiuiam
2597 3998 2916 4064 transvolat,
2933 3991 3144 4055 Tauros
3168 4011 3412 4070 montes,
3428 4004 3635 4060 Buteoti
3652 4004 3801 4068 valles;

2270 4082 2372 4139 has
2413 4069 2634 4166 Baritis,
2659 4087 2782 4144 illos
2813 4089 2940 4160 polo
2989 4093 3300 4163 contiguos,
3352 4098 3640 4166 percurrit.
3666 4094 3800 4150 Cilicia

2268 4163 2496 4244 potitus,
2528 4177 2800 4256 Tharsum
2822 4182 3055 4238 obsidet.
3086 4163 3400 4256 Indignatio
3437 4188 3642 4256 Turcis,
3671 4187 3805 4244 exsul-

2270 4268 2404 4322 tatio
2432 4255 2660 4339 Grzecis,
2697 4272 3008 4329 exhortatio
3031 4275 3312 4346 Armenis,
3343 4289 3540 4350 stupor
3576 4280 3801 4336 universis.

2269 4356 2346 4414 Ea
2369 4351 2607 4432 namque
2633 4373 2954 4434 tempestate
2993 4365 3191 4425 Turcis
3225 4370 3508 4428 dominari
3545 4372 3802 4444 contigerat.

2195 4479 2243 4539 υ
2270 4449 2473 4506 Graecis
2498 4451 2774 4523 famulari,
2807 4456 3064 4513 Armenis
3107 4462 3384 4516 montium
3433 4464 3686 4519 arduitate
3707 4460 3804 4516 tueri

2267 4539 2598 4596 libertatem.
2642 4541 2750 4598 Sed
2799 4546 3019 4602 eminus
3055 4555 3238 4605 tamen
3266 4565 3568 4624 conspecta
3588 4554 3720 4617 urbe,
3740 4551 3806 4605 ad-

2266 4633 2724 4707 miratusfastigia
2748 4641 3007 4709 turrium,
3029 4645 3205 4712 spatia
3229 4649 3530 4715 montium,
3551 4648 3803 4718 superbiam

2264 4725 2578 4794 domorum,
2611 4737 2822 4786 tentare
2854 4734 2997 4789 vires
3029 4747 3285 4806 properat
3336 4740 3659 4796 incolarum.
3685 4739 3804 4810 Igitur

2262 4818 2548 4888 dispositis
2577 4821 2794 4879 insidiis
2822 4825 3031 4883 ubi.....
3257 4832 3331 4888 tis
3365 4849 3496 4902 qum
3536 4834 3804 4904 providentia

2263 4920 2421 4965 erant
2442 4914 2664 4981 provisa
2689 4923 2820 4973 sunt
2845 4935 2857 4971 :
2883 4919 3291 4988 praemittuntur
3315 4926 3673 4981 arcitenentes
3697 4923 3801 4976 Mar-

2261 5014 2363 5079 nys
2389 4999 2706 5074 Turcopoli,
2754 5009 2964 5079 aliquot
3013 5019 3198 5069 tamen
3247 5015 3503 5074 loricatis
3535 5019 3804 5074 sufl‘ultino-

2260 5095 2522 5151 stratibus
2554 5139 2566 5151 .
2600 5098 2656 5171 hi
2696 5111 3121 5172 prmstruuntur,
3171 5109 3468 5166 abstractis
3522 5127 3614 5182 per
3652 5121 3802 5181 pascua

2258 5187 2540 5256 armentis,
2571 5205 2682 5260 quo
2703 5195 2914 5261 omine,
2940 5211 3053 5266 quo
3073 5199 3293 5256 diffusio
3311 5203 3624 5268 diverterat,
3649 5217 3705 5256 ue
3721 5198 3802 5252 rui-

2257 5276 2366 5331 turi
2395 5293 2493 5347 per
2521 5282 2762 5351 praedam
2791 5285 2996 5354 hostes,
3043 5299 3098 5346 et
3137 5302 3264 5349 ante
3285 5295 3682 5365 deprehendant
3705 5289 3800 5346 insi-

2255 5367 2395 5435 dias,
2421 5387 2586 5440 quam
2617 5373 2941 5445 deprehensi
2985 5383 3086 5452 ipsi
3135 5386 3262 5442 dent
3291 5403 3510 5456 poenas.
3557 5388 3738 5445 Dictum
3765 5391 3802 5438 et

2256 5457 2502 5548 factum:
2535 5465 2817 5532 praedones
2840 5471 3052 5540 emissi,
3075 5477 3280 5545 volant,
3308 5481 3634 5536 suburbium
3670 5489 3800 5548 pOW'

2254 5546 2455 5615 lantur,
2495 5565 2752 5626 cooperto
2797 5560 3054 5620 simulam
3098 5576 3268 5636 metu,
3307 5585 3420 5639 qua
3449 5571 3590 5642 jussu
3635 5546 3802 5623 fuerunt

2255 5654 2558 5698 recursant.
2595 5645 2733 5704 Urbs
2761 5653 2958 5710 excitat
2986 5657 3247 5730 quidquid
3270 5652 3801 5732 armorum,quidquid

2253 5732 2450 5790 virium
2500 5736 2847 5823 habet‘,‘post
2897 5750 3124 5822 vestigia
3175 5751 3460 5824 immittit;
3503 5757 3698 5811 interim
3734 5749 3800 5802 vix
