3838 6306
505 341 612 400 519

503 453 724 519 bellata,
756 447 1019 506 festinare
1041 447 1110 502 ad
1131 447 1476 513 debellanda,
1501 445 1580 501 sic
1600 443 1796 514 aquila:
1826 441 2106 513 accipiter,
2137 447 2183 506 Α

504 547 588 603 sic
611 545 781 610 cedis,
807 543 996 614 parde,
1026 540 1190 606 leoni,
1214 541 1296 596 sic
1317 540 1444 594 licet
1470 545 1726 608 urgentes
1747 535 1942 605 majori
1974 535 2102 605 qui-

506 653 615 708 que
647 637 910 691 minores.
938 635 1064 689 Abit
1091 632 1448 687 Marchisides
1473 644 1642 684 unum
1666 644 1909 700 gemens,
1936 626 2108 682 Thar—

507 729 752 786 sensium
781 727 1094 784 servitutem
1123 725 1190 780 de
1213 723 1531 778 Latinorum
1557 721 1789 776 adventu
1817 721 2103 775 liberatam

507 834 621 873 non
648 834 788 882 esse,
823 817 916 872 sed
942 823 1223 886 gravatam
1255 833 1266 868 :
1302 812 1437 878 abit,
1483 813 1729 882 inquam,
1777 827 1888 881 quo
1931 811 2106 882 majo-

510 926 599 966 res
626 919 844 974 vocant,
881 924 946 962 ne
983 922 1089 977 qua
1124 907 1189 961 ad
1222 905 1472 958 auditum
1505 919 1702 959 nomen
1735 903 1856 973 ejus
1881 903 2103 973 dill‘ugia

510 1010 711 1055 terram
738 1005 1033 1069 pauperem
1057 995 1393 1065 opulentam.

507 1114 752 1170 XXXIX.
776 1142 849 1153 —-
871 1110 1140 1180 Tancredo
1174 1109 1518 1180 nihilominus
1551 1109 1766 1180 feciales
1810 1109 2102 1163 mittuntur

1006 1181 1069 1234 de
1093 1178 1250 1234 Urbis
1270 1178 1597 1235 reductione.

581 1275 687 1330 Sed
737 1275 850 1344 jam
903 1280 1266 1343 prtecurrerat
1328 1271 1473 1326 fama
1521 1271 1802 1339 velocior,
1856 1288 1980 1344 quae
2035 1271 2103 1326 de

506 1367 640 1422 tanti
681 1367 786 1420 viri
826 1365 1007 1420 indole
1049 1365 1187 1419 nihil
1233 1365 1527 1420 reticuerat
1576 1365 1861 1432 Addianis,
1921 1382 2101 1436 quan-

505 1469 595 1515 tus
652 1459 794 1514 foret
841 1455 1131 1514 christiani
1188 1457 1433 1512 nominis
1498 1455 1802 1525 defensor,
1861 1467 2103 1527 quantus

505 1552 685 1624 gregis
733 1550 1028 1606 incredulze
1075 1558 1418 1621 expugnator
1450 1592 1464 1618 ,
1512 1560 1733 1621 quanta!
1783 1559 2100 1605 mansuetu-

505 1643 650 1698 dinis
683 1657 811 1713 erga
834 1640 1114 1706 subditos,
1133 1649 1353 1710 quantas
1388 1640 1440 1694 in
1465 1641 1702 1695 rebelles
1727 1639 1944 1695 duritia:
1975 1657 1987 1694 :
2018 1639 2105 1696 his

505 1737 700 1792 civitas
732 1735 924 1806 gratiis
953 1734 1078 1788 laeta
1109 1733 1256 1788 ultro
1286 1733 1506 1788 feeiales
1545 1748 1676 1788 suos
1710 1733 1894 1798 mittit,
1921 1732 2103 1787 virum

505 1844 634 1883 cum
665 1800 887 1899 hymnis
928 1833 984 1880 et
1027 1825 1302 1895 tympanis
1337 1824 1593 1878 manibus
1633 1823 1976 1879 inducturos.
2005 1822 2107 1878 Mi-
2139 1800 2181 1858 Β

507 1927 691 1973 sertus
729 1933 969 1987 namque
1006 1916 1148 1986 plebi
1194 1932 1308 1972 suae
1334 1915 1587 1972 Christus
1622 1931 1795 1987 nuper
1819 1917 1888 1971 ab
1912 1932 2105 1971 eorum

507 2009 720 2065 cervice
759 2010 954 2081 jugum
984 2017 1325 2075 excusserat,
1371 2007 1809 2064 dominatoribus
1837 2009 2103 2078 expulsis,

509 2101 868 2172 ipsorumque
903 2109 1118 2157 retento
1154 2101 1210 2155 in
1253 2100 1610 2171 compedibus
1643 2098 1825 2155 Tureo
1860 2101 2106 2172 principe

508 2195 753 2261 homine,
781 2194 893 2250 imo
918 2209 1076 2262 cane,
1099 2193 1259 2264 cujus
1286 2208 1388 2248 nec
1409 2192 1727 2260 sedari-ine,
1747 2208 1847 2247 nec
1872 2192 2105 2248 ebrieta-

507 2296 590 2342 tes
609 2286 925 2356 jucundari,
962 2285 1071 2340 nisi
1101 2287 1158 2340 in
1186 2285 1363 2340 oculis
1385 2285 1507 2356 ejus
1537 2284 1795 2355 sagittato
1823 2285 1890 2339 ad
1920 2285 2104 2354 palum

505 2379 854 2446 Christicola,
887 2387 1306 2436 consueverant.
1339 2377 1684 2450 Quapropter
1718 2378 1765 2433 is
1800 2379 1894 2450 qui
1926 2379 2105 2432 humi-

508 2468 586 2524 lia
618 2469 833 2538 respicit
860 2478 908 2524 et
938 2469 1052 2524 alta
1083 2487 1116 2523 α
1145 2469 1298 2541 longe
1327 2470 1616 2539 cognoscit,
1642 2470 1890 2524 eamdem
1923 2471 1972 2525 ei
1996 2487 2104 2540 qua

506 2574 736 2615 mensus
779 2557 978 2626 fuerat,
1019 2557 1304 2615 Taneredo
1342 2560 1743 2630 dispensatore,
1787 2576 2104 2615 mensuram

505 2651 826 2706 reservavit.
855 2650 1110 2706 Divinum
1135 2651 1188 2706 id
1209 2651 1452 2722 quidem,
1485 2666 1586 2707 nec
1606 2651 1754 2706 enim
1779 2651 1864 2707 lex
1895 2651 2107 2723 aequior

504 2744 615 2798 ulla
641 2752 747 2811 est,
770 2759 936 2816 quam
965 2743 1118 2800 necis
1145 2744 1387 2800 artifices
1409 2753 1527 2800 arte
1553 2744 1734 2815 perire
1767 2760 1888 2800 sua.

503 2857 618 2914 XL.
644 2857 810 2930 quue
827 2857 1311 2925 Ursiniindustria,
1325 2857 1475 2928 cujus
1487 2857 1572 2912 hic
1585 2867 1837 2912 narratur
1857 2857 2102 2914 historia.

573 2949 814 3007 Ursinus
853 2965 920 3006 eo
963 2959 1210 3020 tempore
1252 2949 1374 3005 urbi
1417 2958 1682 3020 prazerat,
1730 2952 1896 3006 homo
1941 2951 2104 3007 Chri-

506 3043 723 3111 sticola,
751 3044 1025 3102 Armenus
1053 3062 1066 3098 :
1094 3044 1270 3115 isque,
1301 3052 1362 3098 ut
1389 3045 1771 3114 pratseriptum
1816 3052 1921 3110 est,
1953 3043 2104 3116 lega-

504 3147 593 3193 tos
621 3137 847 3192 miserat
884 3135 1268 3192 Marehisidam
1312 3135 1659 3204 advocatum,
1687 3135 1783 3208 qui
1810 3144 1865 3192 et
1894 3136 2008 3207 ipse
2049 3137 2103 3191 in

509 3227 804 3284 adventum
836 3228 973 3284 tanti
1003 3229 1238 3300 hospitis
1268 3229 1544 3302 egressuri
1572 3230 1761 3286 dextra
1796 3239 1850 3284 et
1878 3229 1980 3285 lide
2009 3229 2105 3285 ob-

506 3320 658 3375 vium
693 3319 913 3387 mulcet,
949 3319 1095 3376 vires
1118 3320 1299 3376 socias
1344 3321 1430 3376 vel
1471 3321 1646 3392 magis
1676 3320 1910 3376 famulas
1937 3337 2104 3392 spon-

507 3410 621 3478 det,
659 3411 728 3465 ad
782 3397 1136 3484 Maniystanaa
1175 3411 1416 3468 civitatis
1447 3413 1620 3483 spolia
1659 3412 1874 3480 invitat,
1933 3429 2100 3484 quam

505 3502 632 3558 loco
655 3503 927 3574 proxima,
976 3512 1090 3559 tam
1138 3516 1301 3576 captu
1334 3503 1591 3561 facillima
1626 3522 1639 3560 :
1669 3521 1771 3562 nec
1820 3506 2004 3562 minus
2050 3517 2105 3563 et

506 3593 624 3666 ipse
644 3605 836 3651 contra
872 3595 1036 3669 digna
1061 3611 1120 3652 se
1147 3597 1367 3668 accipit,
1396 3598 1528 3668 quin
1571 3598 1638 3653 de
1672 3614 1866 3669 sparso
1893 3601 2104 3656 semine

505 3687 708 3741 messis
727 3687 963 3757 resurgit
988 3686 1043 3740 in
1061 3687 1376 3757 centuplum
1404 3705 1416 3742 :
1445 3687 1500 3742 in
1524 3685 1611 3742 his
1638 3691 1842 3744 moenia
1866 3689 2104 3744 subeunt

506 3793 620 3833 non
651 3778 771 3834 sine
811 3780 980 3834 totius
1024 3778 1200 3848 plebis
1228 3779 1421 3849 plausu
1465 3788 1520 3836 et
1565 3781 1801 3837 cantico.
1837 3779 1942 3836 Ubi
1973 3797 2103 3854 ergo

505 3871 706 3941 tapetis
735 3887 933 3941 equus,
957 3870 1134 3942 epulis
1159 3870 1351 3938 fames,
1375 3871 1589 3928 Baccho
1610 3888 1757 3929 cura:
1776 3885 2060 3930 cesserunt
2085 3892 2100 3930 :

401 3993 416 4004 κ
507 3958 748 4018 Ursinus
792 3976 958 4032 super
1000 3963 1152 4018 urbis
1180 3964 1467 4033 praesentis
1495 3972 1637 4019 statu
1667 3965 1943 4035 praeterito
1965 3983 2103 4037 quo-

507 4053 672 4108 modo
715 4053 918 4109 durare
956 4055 1216 4124 potuerit,
1271 4070 1379 4126 qua
1423 4055 1477 4109 vi
1521 4055 1668 4111 cives
1708 4065 1993 4125 protegere
2025 4066 2104 4112 tot

507 4145 915 4202 circumventus
940 4147 1178 4203 hostium
1216 4147 1459 4203 millibus
1482 4146 1722 4217 potuerit
1744 4157 1990 4218 rogatus,
2017 4148 2102 4203 in-

507 4233 661 4304 cipit.
696 4252 714 4286 ι
741 4231 976 4302 Novum,
1009 4235 1106 4303 ait,
1154 4235 1394 4291 incolam
1431 4237 1499 4292 ad
1529 4245 1770 4291 veterem
1816 4237 2104 4293 restituen-

507 4323 634 4380 dam
662 4326 964 4383 libertatem
986 4329 1219 4384 missum
1242 4343 1330 4384 me
1351 4329 1505 4386 vides
1539 4348 1552 4385 :
1586 4345 1711 4386 cum
1743 4330 1889 4385 enim
1921 4329 2101 4401 campi

505 4427 562 4473 et
581 4417 752 4475 valles
787 4418 967 4475 Tureo
1010 4420 1244 4491 subjecti
1289 4421 1558 4490 dominio,
1591 4423 1686 4478 diu
1716 4423 2101 4478 miserabiliter

505 4511 776 4567 servirent
801 4530 815 4566 :
845 4527 947 4584 ego
975 4522 1190 4569 montes
1227 4513 1496 4582 colebam,
1548 4513 1687 4570 liber
1711 4515 1932 4585 quidem
1962 4531 1974 4568 :
2005 4516 2097 4572 sed
2129 4530 2178 4592 υ

503 4603 832 4660 Christianae
865 4605 1040 4676 plebis
1086 4605 1409 4662 servitutem
1440 4620 1553 4662 non
1583 4606 1769 4664 minus
1799 4623 1964 4679 quam
2002 4609 2098 4680 qui

502 4704 842 4766 paterentur,
871 4696 1271 4768 ingemiscens;
1309 4696 1568 4768 quodque
1597 4697 1755 4752 multi
1776 4697 1891 4768 jam
1917 4713 2096 4753 anno-

501 4800 627 4840 rum
659 4784 921 4841 curriculi
941 4784 1108 4842 etiam
1135 4784 1348 4840 illatum
1373 4784 1624 4841 viderent
1651 4794 1705 4842 et
1726 4801 2051 4858 perpessum
2078 4804 2094 4856 ;

501 4891 628 4931 eum
665 4876 837 4931 multa
887 4875 1112 4931 sinistra
1166 4877 1462 4948 aggressis,
1508 4893 1618 4932 una
1667 4878 1889 4934 tandem
1948 4891 2096 4935 certa

501 4967 774 5036 patuitvia
790 4967 1081 5023 libertatis.
1099 4965 1261 5022 Prata
1277 4982 1434 5023 suam
1461 4967 1810 5024 reddiderant
1838 4983 2094 5037 messem,

500 5075 679 5130 passa:
699 5059 894 5114 falcem
912 5059 1124 5115 telluris
1152 5059 1207 5114 in
1231 5058 1418 5115 fenum
1443 5071 1702 5117 aruerant
1728 5077 1923 5128 comae,
1947 5061 2095 5133 quod

501 5152 790 5208 curriculis
817 5153 926 5208 huc
955 5153 1222 5209 advehere
1249 5153 1608 5223 quotidianus
1632 5155 1874 5210 instabat
1896 5154 2051 5209 labor
2075 5172 2088 5208 :

501 5259 632 5298 rura
667 5253 848 5298 autem
873 5259 940 5299 eo
965 5253 1207 5314 tempore
1229 5245 1556 5311 incolebant,
1579 5261 1720 5316 quos
1749 5245 1911 5300 modo
1934 5244 2092 5299 nobi-

503 5334 586 5390 les
611 5333 798 5388 vidisti
824 5333 878 5387 in
911 5348 1054 5404 equo
1077 5333 1310 5392 fremere
1339 5346 1396 5392 et
1423 5335 1633 5409 fulgere
1660 5335 1714 5389 in
1745 5349 1986 5406 purpura
2015 5352 2027 5387 :
2065 5352 2083 5385 ι

505 5423 742 5497 (viderat
767 5424 914 5478 enim
951 5425 1114 5496 paulo
1146 5435 1272 5482 ante
1293 5428 1562 5499 plurimos
1589 5443 1621 5482 e
1650 5426 1847 5482 Turcis
1870 5425 2090 5480 discur-

501 5530 625 5571 rere
643 5517 980 5586 purpuratis,
1004 5518 1098 5587 qui
1140 5534 1265 5574 cum
1309 5522 1528 5592 saepius,
1556 5520 1864 5590 saepiusque
1903 5533 2092 5572 recur-

501 5609 678 5665 rendo
709 5608 933 5682 solivagi
963 5611 1204 5682 plaustra
1231 5614 1510 5682 ducerent,
1533 5629 1600 5669 eo
1628 5629 1739 5669 uno
1758 5613 1933 5667 bobus
1959 5625 2089 5666 con-

505 5700 682 5757 servis
693 5703 1095 5771 praaoellebant;
1113 5705 1262 5775 quod
1285 5721 1385 5762 sua
1408 5707 1574 5762 boves
1596 5705 1983 5777 premebantur
1995 5718 2091 5759 cu-

507 5791 720 5862 stodia;
765 5792 866 5865 ipsi
895 5794 1085 5865 nulla).
1125 5816 1142 5848 ε
1172 5794 1302 5853 Orta
1340 5811 1423 5856 est
1456 5799 1623 5871 igitur
1653 5814 1719 5854 ex
1763 5795 2088 5867 opportuni-

1061 333 1155 392 Δί)
1193 330 1647 393 GODEFRIDUM
1685 328 1977 386 APPEND.
2021 329 2086 387 ll.
2127 359 2200 371 -—
2237 327 2510 386 MONUM.
2557 329 2644 386 DE
2686 328 2910 389 BELLO
2950 328 3200 388 SACBO.

3667 337 3755 394 520

2213 452 2323 498 tate
2345 443 2610 514 suspicio,
2643 459 2708 498 ex
2755 442 3070 514 suspicione
3117 441 3433 510 consilium,
3477 458 3540 498 ex
3569 450 3758 506 consilio

2206 535 2456 602 audacia,
2511 551 2579 591 ex
2643 537 2873 592 audacia
2927 536 3153 592 libertas
3193 555 3206 590 :
3241 551 3372 592 nam
3439 552 3560 592 cum
3607 538 3755 596 linum

2205 625 2469 695 plaustris
2512 624 2816 693 illocarent,
2877 626 3104 682 custode
3151 626 3329 692 liberi,
3376 626 3616 680 arbitrati
3658 643 3760 688 sunt

2204 716 2393 772 eadem
2418 717 2622 787 pariter
2640 718 2810 774 armis
2833 718 3076 789 virisque
3103 733 3265 789 posse
3291 717 3533 784 onerari,
3559 724 3760 777 occulta-

2207 809 2368 880 rique
2393 811 2540 866 intus
2569 811 2770 866 bellum
2808 829 2822 866 :
2849 813 3056 866 circum
3082 812 3224 866 circa
3255 826 3446 880 pacem
3478 810 3759 880 dependere,

2207 903 2389 958 allatis
2415 905 2558 960 intra
2598 906 2957 976 municipium
2988 905 3236 970 armatis,
3285 901 3444 958 facile
3474 901 3666 960 Turcos
3685 916 3762 961 aut

2206 997 2400 1066 perimi
2453 1005 2548 1052 aut
2593 996 2802 1068 repelli.
2857 996 2982 1052 Haec
3031 997 3140 1052 illis
3178 995 3547 1063 volventibus,
3598 997 3658 1051 ad
3695 1015 3763 1055 me

2206 1097 2428 1142 ventum
2455 1097 2565 1156 est;
2592 1088 2682 1142 ubi
2705 1087 2758 1142 in
2783 1088 3088 1152 montibus,
3120 1096 3181 1141 ut
3204 1085 3454 1157 praedixi,
3488 1087 3760 1154 manebam,

2205 1181 2540 1252 cognitaque
2570 1180 2841 1236 adventus
2871 1194 3072 1245 causa;
3099 1179 3329 1250 gaudeo,
3368 1191 3582 1244 moneo,
3607 1193 3762 1248 urgeo,

2207 1288 2277 1330 ne
2314 1281 2617 1340 morentur,
2646 1288 2780 1328 neve
2807 1271 3104 1342 impellenti
3140 1271 3358 1326 caelitus
3398 1284 3456 1324 se
3479 1269 3767 1325 subtrahant

2208 1367 2416 1440 gratiae.
2484 1365 2614 1434 Vos,
2664 1367 2912 1437 inquam,
2963 1365 3201 1421 reditum
3258 1372 3560 1428 maturate,
3611 1374 3766 1420 curate

2207 1461 2474 1531 plaustra,
2512 1475 2613 1530 ego
2651 1459 2806 1514 vobis
2835 1473 2976 1530 quos
3021 1457 3292 1512 invehatis
3336 1455 3544 1527 parabo
3574 1455 3767 1510 bellato-

2208 1568 2317 1608 res.
2345 1550 2424 1606 llli
2448 1553 2757 1607 accelerant
2793 1551 2969 1621 jussa,
2997 1563 3099 1620 ego
3124 1549 3400 1619 promissa
3438 1547 3664 1618 impleo:
3687 1564 3766 1602 nec

2210 1661 2364 1700 mora
2414 1643 2760 1700 infodiuntur
2810 1642 2938 1698 feno
2998 1642 3280 1709 satellites,
3309 1655 3413 1713 ego
3461 1656 3530 1696 ex
3570 1639 3767 1696 adverso

2209 1740 2422 1810 prendas
2447 1738 2674 1806 simulo,
2712 1745 2985 1808 quatenus
3014 1735 3180 1792 eliciti
3203 1735 3271 1790 ad
3296 1749 3536 1805 pugnam
3561 1733 3767 1788 exterio-

2211 1830 2631 1901 rcm,oppidani,
2660 1829 2875 1885 facilem
2900 1829 3254 1900 reliquissent
3276 1825 3609 1897 ingressuris
3625 1827 3770 1879 victo-

2209 1924 2369 1978 riam.
2407 1922 2562 1978 Sicut
2609 1921 2904 1992 praavisum
2939 1932 3042 1986 est,
3098 1918 3176 1974 sic
3202 1925 3493 1974 secutum:
3523 1932 3644 1970 nam
3668 1931 3770 1970 cum

2208 2016 2401 2071 urbem
2455 2015 2739 2070 exuissent
2781 2013 2877 2084 qui
2927 2020 3052 2083 post
3085 2026 3173 2067 mc
3218 2010 3521 2074 irruebant,
3558 2009 3770 2079 plaustra

2208 2109 2417 2164 bellum
2445 2109 2744 2178 important
2774 2106 3079 2172 inmitibus;
3107 2118 3242 2174 pace
3275 2111 3330 2158 et
3355 2101 3484 2156 feno
3508 2100 3772 2171 prudenter

2207 2201 2516 2256 tunicatum
2545 2218 2558 2253 :
2595 2197 2803 2253 inducti
2836 2211 2968 2268 ergo
2997 2195 3141 2250 intra
3167 2210 3356 2250 muros
3392 2191 3592 2248 armati
3612 2207 3771 2261 pacem

2207 2302 2435 2358 exuunt,
2474 2293 2649 2364 portis
2699 2289 2910 2345 obdunt
2959 2290 3242 2359 repagula,
3290 2289 3534 2358 ipsarum
3590 2285 3774 2339 cedunt

2207 2383 2485 2448 custodes,
2528 2381 2630 2452 ipsi
2659 2378 2923 2435 custodia:
2951 2377 3282 2443 succedunt;
3314 2383 3480 2446 atque
3529 2373 3642 2427 haec
3675 2371 3772 2441 qui-

2206 2475 2328 2530 dem
2358 2480 2568 2528 secreto
2581 2471 2787 2537 omnia,
2808 2478 2868 2526 ut
2882 2469 3128 2540 porticus
3149 2482 3390 2538 praesens
3413 2465 3646 2520 occultae
3664 2462 3772 2517 exedi

2207 2582 2369 2622 arcus
2396 2572 2788 2638 praestruxerat
2813 2563 3138 2629 latebrosas,
3160 2561 3287 2616 inde
3311 2560 3520 2631 passim
3548 2573 3643 2628 per
3657 2558 3772 2622 vias,

2206 2675 2304 2731 per
2347 2658 2569 2730 palatia,
2604 2673 2702 2728 per
2731 2665 2910 2712 turres
2939 2657 3258 2712 discurrunt
3295 2672 3309 2710 :
3342 2669 3423 2709 vae
3465 2653 3543 2708 illi
3585 2653 3672 2724 qui
3696 2667 3770 2706 seu

2207 2767 2334 2808 cum
2377 2767 2530 2818 arcu,
2582 2765 2679 2806 seu
2708 2749 2937 2820 absque,
2976 2763 3146 2820 eques
3178 2755 3273 2803 aut
3297 2741 3484 2818 pedes,
3534 2761 3667 2816 puer
3700 2751 3774 2797 aut

2207 2859 2373 2900 senex
2405 2843 2661 2898 inventus
2695 2850 2780 2897 est
2819 2840 3034 2897 Turcus
3069 2858 3082 2895 :
3115 2856 3215 2895 nec
3241 2838 3409 2906 aetati,
3446 2852 3549 2894 nec
3591 2835 3771 2898 formae,

2207 2948 2311 2988 nec
2355 2931 2509 2988 sexui
2551 2946 2778 3003 parsum
2809 2939 2894 2987 est
2929 2947 2943 2984 :
2977 2945 3170 2985 omnes
3205 2930 3259 2983 in
3287 2928 3468 3000 gladio
3511 2934 3772 2988 corruunt,

2208 3025 2448 3080 humiles
2472 3033 2527 3080 et
2554 3024 2762 3096 magni,
2795 3023 2963 3079 semel
2993 3021 3180 3076 omnia
3204 3021 3379 3076 victor
3401 3019 3564 3090 punit
3579 3018 3773 3073 vulnera

2209 3132 2332 3187 quae
2352 3132 2381 3170 a
2405 3115 2598 3170 diebus
2622 3114 2865 3187 antiquis
2887 3113 3204 3185 pertulerat,
3228 3111 3284 3167 in
3314 3109 3641 3166 multimoda
3669 3123 3773 3162 nece

2209 3217 2456 3278 cognatas
2469 3206 2767 3262 servitutis.
2796 3203 3125 3261 Reservatnr
3148 3211 3328 3259 tamen
3357 3209 3639 3272 superstes
3656 3215 3774 3254 unus

2207 3298 2534 3368 Turcorum,
2568 3315 2679 3355 non
2711 3299 2897 3355 minus
2925 3299 3192 3354 scelerum
3217 3311 3382 3368 quam
3408 3295 3773 3351 sceleratorum

2204 3393 2461 3464 princeps
2493 3409 2506 3446 :
2532 3390 2580 3447 is
2607 3391 2912 3447 columbari
2945 3389 3273 3464 gravissimo
3293 3389 3511 3444 vinctus
3544 3386 3774 3456 compede

2206 3487 2260 3542 in
2291 3486 2583 3543 tormentis
2608 3493 2904 3551 tormenta,
2933 3485 2990 3539 in
3027 3482 3426 3552 temporalibus
3453 3481 3776 3552 prmstolatur

2205 3586 2409 3632 acterna
2454 3594 2466 3630 :
2515 3574 2609 3632 sed
2637 3592 2762 3632 cum
2793 3584 3001 3631 caeteras
3028 3573 3260 3628 infidelis
3288 3573 3463 3627 turbae
3507 3571 3776 3626 intemera-

2205 3677 2320 3723 tum
2353 3668 2489 3723 nihil
2512 3668 2724 3738 gladius
2743 3666 3073 3737 reliquissct,
3100 3673 3356 3736 tympana
3375 3663 3653 3719 scandunt
3679 3678 3775 3715 mu-

2205 3776 2316 3827 ros,
2367 3769 2644 3831 totamque
2674 3772 3073 3829 usquequaque
3094 3756 3352 3813 viciniam
3379 3754 3688 3810 laztahundo
3707 3770 3775 3805 re-

2204 3853 2352 3923 plent
2371 3853 2600 3908 tonitru.
2631 3850 2688 3906 ld
2707 3851 2852 3906 enim
2873 3850 3126 3920 praecepti
3148 3849 3428 3914 dederam,
3447 3856 3512 3902 ut
3528 3855 3772 3918 peractam

2203 3945 2406 4000 caulem
2432 3943 2754 4014 plaudentes
2786 3940 2944 3996 nobis
2967 3940 3259 3995 concinere
3291 3938 3634 3994 debuissent.
3660 3935 3772 3990 Cum

2202 4051 2334 4106 ergo
2360 4034 2588 4090 arrectis
2619 4031 2852 4086 auribus
2897 4038 3081 4084 turres
3111 4029 3393 4084 lmtiscnas
3440 4028 3771 4083 hausissem:

2204 4125 2290 4192 Io,
2331 4125 2570 4191 comites,
2599 4123 2870 4187 exclamo,
2912 4129 3276 4174 convertemus
3315 4121 3516 4190 [aciem
3541 4120 3596 4173 in
3621 4131 3774 4187 terga;

2204 4215 2454 4270 buccinae
2478 4213 2680 4284 accipio
2718 4211 2902 4283 gaudii
2943 4210 3182 4277 nuntias,
3219 4209 3343 4264 urbs
3373 4225 3472 4263 nos
3520 4217 3713 4262 revocat
3733 4221 3773 4258 ll

2201 4309 2359 4374 cives,
2385 4316 2594 4377 captam
2627 4321 2850 4375 namque
2872 4306 3126 4377 ﬁngentes
3154 4303 3413 4374 prtcdam,
3441 4301 3694 4355 simulan
3713 4315 3774 4350 re-

2203 4400 2321 4454 ditu
2357 4399 2632 4454 instantia:
2655 4398 2909 4464 hostium,
2933 4407 3078 4469 terga
3105 4397 3418 4451 dederamus
3467 4410 3487 4448 :
3523 4394 3613 4449 sed
3641 4392 3773 4446 adli-

2205 4502 2324 4546 tuos
2371 4494 2626 4564 tubasque
2669 4493 2904 4546 conversi
2942 4500 3240 4546 revocantes
3273 4490 3538 4544 audacter
3567 4488 3777 4560 aggredi-

2202 4603 2342 4652 mur,
2372 4587 2560 4658 quibus
2589 4585 2744 4639 modo
2769 4585 3052 4656 prudenter
3084 4583 3414 4638 cedebamus.
3441 4581 3524 4638 illi
3551 4582 3619 4638 ad
3647 4581 3774 4635 inso-

2200 4679 2352 4734 litam
2406 4675 2698 4748 stupefacti
2743 4676 3055 4744 audaciam,
3103 4683 3438 4731 cunctantur
3474 4674 3774 4746 :paululum

2201 4767 2400 4824 deinde
2442 4769 2604 4824 nobis
2647 4768 2795 4823 vices
2821 4766 2963 4838 fuga:
2992 4776 3215 4822 mutuas
3240 4765 3577 4837 rependunt,
3609 4781 3702 4821 nos
3725 4780 3777 4818 eo

2199 4861 2449 4918 securius
2507 4861 2713 4916 instare
2757 4876 2870 4931 quo
2909 4861 3084 4931 magis
3128 4859 3414 4931 magisque
3453 4859 3650 4915 civitas
3676 4871 3777 4927 pro-

2198 4953 2402 5024 piabat.
2450 4950 2646 5008 Hostes
2685 4966 2870 5006 rerum
2908 4951 3104 5023 ignari,
3143 4966 3218 5007 tes
3261 4951 3512 5007 tinniens
3537 4993 3553 5019 ,
3587 4962 3775 5024 tympa-

2197 5062 2329 5101 num
2376 5056 2596 5113 tonans,
2639 5043 2900 5115 oppidum
2928 5033 3482 5114 reboans,'pr0per:e‘
3521 5045 3641 5114 opis
3680 5051 3774 5097 suae

2197 5139 2560 5194 instrumenta
2613 5135 3139 5208 putabant:sicque
3195 5136 3426 5208 contigit
3483 5147 3543 5192 ut
3593 5145 3646 5192 et
3692 5149 3774 5188 no-

2195 5231 2280 5286 bis
2309 5240 2507 5302 przeter
2532 5244 2684 5300 spem
2716 5229 2910 5302 gratia,
2936 5235 2987 5282 et
3025 5227 3276 5283 hostibus
3309 5237 3514 5299 praeter
3545 5230 3770 5283 timorem

2196 5325 2569 5396 geminaretur
2596 5338 2777 5392 poena.
2800 5320 2919 5377 Vox
2953 5324 3166 5389 eadem,
3195 5329 3344 5376 metu
3369 5323 3657 5378 mirabile!
3686 5335 3769 5374 no-

2193 5417 2280 5474 bis
2307 5433 2496 5483 verax,
2528 5415 2636 5470 illis
2659 5415 2923 5481 mendax;
2943 5430 3212 5484 verosque
3234 5415 3480 5484 reducit;
3513 5432 3613 5470 nos
3630 5414 3770 5468 indu-

2193 5509 2288 5578 cit,
2324 5510 2446 5566 illos
2475 5508 2687 5565 seducit
2714 5522 2951 5579 quorum
2980 5522 3238 5563 recursus
3261 5507 3378 5578 jam
3421 5507 3676 5564 suburbii
3705 5505 3770 5557 vi-

2193 5601 2415 5658 cinitate
2446 5599 2734 5673 gaudebat,
2785 5614 2912 5655 cum
2968 5597 3183 5654 fallacia
3231 5598 3450 5655 sonitus
3481 5615 3544 5655 se
3574 5612 3770 5667 compe-

2191 5695 2342 5750 riunt
2389 5695 2601 5760 illusos,
2653 5692 2954 5764 prospectis
2983 5707 3079 5764 per
3115 5692 3318 5748 moenia
3349 5693 3662 5748 discurrere
3682 5689 3770 5744 Ar-

2195 5787 2388 5844 menis.
2419 5785 2560 5852 Quid
2599 5785 2834 5841 faciant?
2876 5801 2906 5840 a
2953 5783 3229 5842 moenibus
3257 5799 3384 5856 spes
3410 5784 3605 5857 elapsa
3629 5789 3767 5849 est,s
