3838 6306
95 394 167 452 524
1289 376 1518 433 GESTA
1555 374 1935 432 TANGREDI.

3148 379 3260 437 529-

93 521 204 579 tergo
216 501 350 578 gladii
374 508 564 571 urgent,
594 506 754 552 extra
777 511 874 552 nec
893 494 1022 550 stari
1041 501 1241 564 potest,
1273 508 1375 548 nec
1417 493 1563 548 intra
1593 497 1640 554 Α
1665 491 1826 558 alvei,
1857 489 1990 546 solis
2021 488 2248 547 urbibus
2291 499 2484 562 pontes
2518 502 2934 561 concesserant;
2971 507 3072 564 per
3110 513 3254 568 quo,

90 605 268 659 claustra
291 593 452 664 recipi.
479 591 646 646 Porro
676 606 779 646 nec
805 589 954 646 locus
975 586 1137 658 fugae,
1167 601 1266 642 nec
1287 587 1442 642 locus
1464 601 1566 656 pu-

90 706 175 762 gna
199 707 211 742 :
237 692 409 741 tentata
431 690 512 738 est
534 691 717 737 tanien
749 680 874 752 fuga
901 679 1176 740 omnibus.
1205 678 1298 734 sed
1327 693 1428 735 nec
1469 677 1565 733 uni

87 782 270 838 omnium
300 775 545 846 benigna:
575 789 703 828 nam
736 781 911 829 mente
951 771 1274 843 improvida,
1315 786 1564 841 casuque

88 874 298 945 inopinato
321 865 536 934 confusi,
565 866 766 937 quibus
792 865 951 922 modo
977 865 1196 920 evasuri
1226 863 1480 936 fugerant
1509 871 1570 919 ut

83 966 297 1019 viverent:
321 957 498 1014 iisdem
527 971 651 1012 mox
673 956 914 1028 vestigiis
944 955 1195 1011 redibant
1218 963 1278 1012 ut
1305 955 1565 1026 perirent.

85 1055 150 1108 Dei
164 1051 385 1122 siquidem
409 1047 641 1104 ecclesia:
665 1046 1042 1118 profanatores
1063 1046 1254 1102 oculos
1275 1046 1568 1112 habebant,

83 1161 152 1200 nec
183 1141 397 1197 videbant
425 1157 442 1196 ς
473 1138 552 1195 sic
582 1147 637 1194 et
664 1153 883 1206 manus,
910 1147 964 1193 et
991 1152 1178 1206 arcus,
1224 1146 1279 1192 et
1314 1137 1480 1209 gladii
1511 1138 1569 1192 in

82 1231 255 1306 propriis
282 1231 452 1286 usibus
472 1231 846 1301 elanguerant,
869 1228 1053 1283 omnia
1076 1227 1238 1284 nobis
1263 1236 1456 1284 contra
1485 1228 1570 1282 vi-

79 1341 138 1378 res
162 1333 248 1376 tam
273 1336 360 1376 sua
385 1319 552 1375 tristis
583 1335 750 1390 quam
778 1329 963 1375 nostra
993 1319 1199 1376 .hilaris
1232 1319 1450 1376 fortuna
1480 1335 1572 1392 ge-

77 1412 273 1466 minabat.
299 1409 396 1464 Sed
415 1425 483 1464 ne
503 1425 622 1465 mea
670 1419 726 1466 te
766 1410 1003 1466 oﬂendat
1031 1411 1339 1482 prolixitas,
1380 1425 1572 1483 aggre-

75 1506 208 1561 dimur
244 1502 526 1570 confusam,
569 1513 951 1576 amentcmque
991 1503 1231 1572 turbam,
1267 1519 1369 1560 nec
1401 1519 1574 1560 unum

75 1597 232 1666 gladius
253 1596 580 1666 superstitem
625 1596 885 1667 relinquit
917 1616 930 1651 :
965 1597 1169 1654 surdus
1195 1597 1397 1668 quippe
1432 1597 1576 1664 inter

73 1689 319 1755 radentem,
345 1702 448 1743 non
477 1689 629 1745 audit
663 1689 950 1760 pecuniam
969 1731 986 1758 ,
1017 1705 1143 1760 quas
1175 1705 1234 1745 se
1261 1690 1456 1746 crebro
1475 1705 1576 1761 pro

73 1779 233 1835 miseris
259 1779 489 1834 obsidem
531 1779 785 1850 spondet,
815 1796 884 1834 ex
913 1780 1006 1835 illo
1044 1779 1376 1848 Allaclcibar,
1424 1780 1575 1851 quod

1666 591 1848 637 tamen
1877 595 1986 635 non
2016 588 2264 651 patuerat
2292 582 2495 655 aditus,
2523 581 2783 652 quoniam
2828 583 2910 639 eis
2938 582 3255 642 Tancredus

1668 679 1960 743 sequentes
1998 686 2186 728 arcere
2232 682 2594 744 praeceperat;
2649 671 2870 728 nolebat
2920 672 3068 728 enim
3112 673 3260 730 sicut

1669 763 1893 821 fratrem
1938 763 2054 834 jam
2106 765 2400 836 appellare,
2457 764 2555 836 qui
2601 779 2726 820 eum
2772 764 3068 834 expelleret
3113 765 3262 821 sicut

1669 860 1904 916 hostem.
1930 857 2102 930 Igitur
2121 857 2419 915 Balduinus
2451 872 2637 914 comes
2671 857 2986 913 suburbana
3018 865 3260 914 metatus

1669 958 1871 1018 castra,
1892 964 2082 1020 pacem
2111 949 2181 1005 ab
2207 949 2341 1007 urbe
2361 949 2514 1021 petit,
2546 949 2804 1006 victualia
2847 964 2958 1005 non
2991 948 3104 1020 jam
3128 965 3258 1022 gra-

1671 1043 1764 1112 tis,
1807 1058 1986 1114 neque
2017 1043 2238 1114 raptim,
2269 1042 2365 1100 sed
2393 1042 2606 1098 ratione
2625 1051 2682 1099 et
2707 1042 2882 1113 pretio
2929 1051 3049 1098 erat
3079 1043 3259 1113 impe-

1671 1134 1825 1190 trari.
1843 1132 2079 1190 Noverat
2103 1134 2252 1190 enim
2277 1133 2381 1189 viri
2411 1142 2652 1190 mentem
2677 1135 2882 1190 recenti
2909 1134 3091 1190 adhuc
3113 1134 3261 1205 inju-

1671 1225 1754 1280 ria
1807 1224 2115 1290 turbidam,
2166 1239 2334 1295 seque
2379 1223 2474 1294 qui
2519 1239 2639 1280 eam
2681 1225 2943 1281 intulerat
2979 1224 3256 1280 odiosum.

1672 1316 1843 1374 Porro
1871 1317 2004 1373 urbs
2034 1316 2243 1372 munita
2269 1315 2534 1383 turribus,
2553 1317 2738 1387 populi
2763 1316 3141 1386 eapax,armis
3169 1331 3259 1371 re-

1674 1408 1834 1478 ferta,
1865 1408 2015 1465 nulla
2058 1407 2143 1464 sui
2180 1407 2498 1462 inﬁrmitate
2523 1423 2675 1479 spem
2707 1407 2944 1478 raptoris
2974 1406 3256 1463 firmabat:

1674 1506 1932 1569 praeterea
1973 1496 2232 1553 comitem
2277 1495 2430 1551 illum
2465 1495 2769 1562 Cononem,
2798 1511 2962 1568 quem
3006 1496 3261 1567 superior

1675 1588 1870 1662 pagina
1899 1587 2222 1655 celebravit;
2272 1586 2528 1644 valetudo
2560 1587 2740 1657 gravis
2787 1587 2929 1644 lecto
2973 1588 3256 1644 alliaerat:

1676 1695 1847 1753 quare
1895 1696 1997 1738 nec
2051 1680 2240 1737 relicto
2273 1695 2341 1736 eo
2376 1679 2673 1751 procedere
2711 1679 2946 1748 volebat,
2994 1695 3096 1736 nec
3131 1695 3260 1736 eum

1677 1772 1968 1841 abducere,
1995 1788 2097 1829 nec
2125 1773 2202 1829 ibi
2235 1788 2458 1828 manere
2481 1771 2782 1828 Balduinus
2806 1772 3137 1828 commercio
3157 1786 3260 1842 po-

72 1871 293 1928 inﬁdelitas
321 1871 520 1927 orando
545 1871 836 1939 exclamat,
868 1873 972 1928 hac
1011 1871 1066 1928 in
1111 1872 1245 1928 urbe
1278 1873 1572 1940 obmutuit,
1607 1851 1656 1912 Β
1681 1873 1822 1922 terat
1842 1873 2058 1937 negato,
2091 1875 2172 1921 tot
2208 1879 2356 1920 cura:
2399 1863 2625 1920 anxium
2657 1862 2727 1920 de
2772 1861 3100 1934 postulanda
3128 1876 3264 1932 pace

71 1981 113 2020 ac
133 1980 207 2034 pro
238 1979 296 2019 eo
329 1962 566 2018 Christus
595 1965 779 2029 vincit,
814 1963 1060 2019 Christus
1090 1972 1295 2035 regnat,
1327 1963 1564 2020 Christu.

69 2057 259 2125 imperat;
285 2065 535 2126 tanquam
588 2055 805 2112 rediens
833 2055 1192 2126 postliminio,
1249 2056 1516 2113 reboavit.
1548 2075 1568 2109 ι

69 2146 152 2204 llrc
171 2146 373 2203 Ursinus
405 2165 419 2202 :
447 2163 574 2203 cum
600 2147 875 2218 loquentis
901 2148 1067 2204 verbo
1090 2147 1306 2216 ultimo,
1333 2147 1444 2204 Deo
1459 2163 1556 2220 gra

66 2242 136 2296 tias
157 2239 432 2296 'I'ancredus
460 2240 724 2298 occinuit.

230 2329 352 2385 XLI.
375 2361 446 2371 —
467 2330 621 2386 Cives
653 2330 981 2388 Tartcredum
1012 2335 1345 2389 conveniunt.

111 2420 244 2478 Inhis
266 2433 471 2479 noctem
516 2423 631 2480 diei
665 2424 994 2482 continuant
1022 2426 1201 2484 donec
1236 2441 1402 2498 sopor
1428 2427 1578 2484 intus

59 2514 204 2570 diurno
225 2517 392 2572 labore
416 2527 680 2588 gravatos
718 2518 882 2586 levat,
919 2518 1235 2592 levatosque
1271 2519 1342 2576 ad
1383 2519 1578 2577 crasti-

61 2623 151 2662 num
170 2607 363 2665 remittit
393 2627 407 2664 :
433 2610 688 2667 nondum
722 2610 869 2668 enim
902 2610 1118 2668 luciferi
1151 2612 1306 2684 bigas
1337 2610 1578 2670 Phoebus

59 2700 288 2770 attriverat,
321 2718 445 2758 cum
476 2702 845 2761 accelerantis
891 2703 1171 2762 includere
1205 2702 1579 2777 Mamystanos

61 2791 258 2848 Tancredi
297 2793 560 2869 Mamysta
619 2796 802 2868 galeas
844 2796 1112 2868 comperit
1154 2797 1482 2855 sublustres.
1501 2797 1580 2866 ,At

58 2881 172 2939 Turci
199 2883 378 2955 quibus
409 2885 612 2942 urbem
636 2885 732 2942 diu
762 2886 1066 2944 indulserat
1092 2901 1248 2943 mora
1290 2895 1403 2944 tam
1428 2886 1580 2957 justo

59 2975 230 3048 longior,
258 2995 414 3051 quam
440 2980 613 3052 longa
640 2999 655 3038 :
681 2991 793 3038 tam
829 2983 1083 3055 rapacior
1108 2998 1277 3054 quam
1303 2981 1535 3040 delicata
1561 2999 1576 3036 :

57 3077 132 3123 tam
147 3070 393 3128 delicatior
411 3088 590 3144 quam
622 3088 817 3130 secura
843 3093 856 3131 :
881 3074 951 3130 ab
977 3074 1099 3145 ipso
1123 3074 1416 3146 permuniti
1446 3088 1581 3130 con-

57 3162 193 3217 ticinio
212 3174 475 3220 cesserant
504 3181 713 3238 pugna:
736 3164 1064 3224 Tharsensis
1085 3167 1206 3225 vice
1246 3166 1538 3224 formidata
1563 3184 1578 3222 :

55 3257 156 3325 quod
183 3265 232 3312 ut
259 3259 366 3314 sole
389 3266 514 3314 orto
550 3259 706 3316 cives
730 3259 1094 3330 comperiunt,
1121 3259 1480 3332 egrediuntur
1511 3259 1582 3316 ad

58 3351 202 3416 lin-lus,
235 3362 288 3406 ut
315 3351 593 3408 Taucredi
628 3353 894 3424 vestigiis,
931 3363 988 3408 et
1030 3354 1119 3408 vix
1156 3353 1582 3424 conquiniscens

55 3444 356 3516 suavcjugum
378 3460 640 3516 onusque
662 3445 780 3501 leve
799 3446 985 3502 subire
1007 3456 1308 3502 mereretur
1335 3466 1348 3501 :
1374 3445 1584 3516 impiis-

56 3533 154 3585 slluo
169 3535 344 3604 quippe
375 3534 659 3592 famulitio
681 3535 875 3604 erepti,
907 3551 1136 3607 regnare
1157 3545 1449 3592 autumant
1474 3551 1585 3592 ser-

55 3625 135 3679 \ire
159 3628 385 3698 erepturi.
410 3627 608 3684 Facile
633 3627 799 3698 igitur
823 3628 967 3698 apud
999 3643 1125 3684 eum
1152 3627 1290 3684 bene
1314 3635 1586 3684 merentes

56 3713 300 3786 impetrant,
342 3735 372 3773 a
409 3735 528 3791 quo
579 3734 684 3775 nec
725 3719 1037 3778 immeritus
1074 3735 1284 3776 vacuus
1311 3721 1580 3776 rediisset.

53 3801 273 3863 I‘otiuntur
300 3810 485 3881 itaque
528 3825 658 3867 sese
702 3810 820 3865 vice
864 3821 1053 3866 mutua
1096 3809 1412 3869 Tancredus
1435 3811 1588 3868 urbis

55 3895 159 3950 liliali
182 3899 463 3970 obsequio;
501 3900 644 3956 urbs
671 3897 939 3955 Tancredi
968 3900 1230 3972 regimine
1265 3909 1511 3971 paterno.

52 4004 164 4062 XLII.
190 4044 252 4053 —
284 4012 499 4068 Recedit
548 3996 890 4069 Balduinus:
933 4014 1023 4082 qui
1064 4013 1368 4067 suburbana
1421 4022 1587 4068 meta-

115 4097 160 4164 nt
185 4094 347 4138 castra
386 4101 581 4164 pacem
615 4083 784 4154 petit;
815 4101 848 4137 a
881 4082 1151 4138 Tuncredo
1179 4100 1360 4154 pacem
1389 4083 1586 4138 obtinet

117 4160 133 4200 ι
157 4160 533 4209 conmercium.

97 4258 265 4319 Interea
305 4265 498 4338 spoliis
531 4275 794 4334 onustus,
834 4266 1209 4322 misericordia
1258 4283 1484 4336 vacuus,
1516 4269 1585 4324 li-

47 4350 175 4407 centia
219 4354 440 4425 abusus,
500 4356 811 4412 illicita.....
864 4365 1025 4428 gntus
1069 4357 1321 4413 Balduini
1369 4359 1588 4416 cornitis

46 4444 277 4512 exercitus,
317 4446 608 4504 Tharsum
651 4448 907 4520 liquerat,
951 4447 1222 4504 Tharsum
1255 4448 1458 4506 damno
1485 4465 1588 4507 suo

1679 1973 1806 2014 eum
1831 1958 2176 2014 incusabant.
2199 1956 2310 2013 Res
2328 1957 2498 2013 mira!
2528 1955 2623 2013 sed
2645 1965 2912 2028 quantum
2934 1955 3058 2012 aliis
3080 1955 3266 2026 ignota

1678 2049 2038 2122 principibus,
2083 2058 2296 2105 tantum
2330 2047 2674 2104 Marchisidte
2713 2048 2952 2119 quadam
2996 2047 3266 2120 singulari

1679 2140 2052 2198 familiaritate
2098 2139 2404 2212 coniurata,
2443 2138 2539 2210 qui
2565 2138 3019 2196 nudiustertianis
3039 2138 3266 2207 damno,

1674 2218 1904 2304 injuria,
1941 2231 2192 2288 convicio
2237 2230 2513 2300 eﬂeratus,
2559 2229 2783 2302 petitam
2820 2231 2890 2287 ab
2933 2244 3002 2288 eo
3050 2245 3264 2303 pacem,

1680 2350 1810 2392 mox
1863 2335 1916 2391 ei
1958 2335 2128 2391 donat
2170 2342 2227 2390 et
2271 2332 2550 2404 praedicat.
2584 2331 2692 2400 Qui
2720 2332 2908 2401 lzetus,
2953 2333 3268 2390 oil‘ensusve

1681 2446 1963 2502 nunquam
2019 2429 2331 2497 claudicat,
2377 2429 2446 2486 ad
2501 2437 2716 2486 rectum
2758 2429 3068 2485 invitatus:
3101 2441 3267 2498 quem

1680 2524 1946 2580 inclinare
1970 2523 2040 2578 ad
2069 2524 2304 2591 veniam,
2338 2522 2445 2578 hoc
2469 2530 2589 2578 erat
2621 2520 2968 2592 interpellare
2996 2519 3064 2576 de
3085 2518 3263 2574 venia.

1683 2613 1924 2687 Rogatus
1952 2630 2106 2686 ergo,
2132 2624 2196 2670 ut
2222 2615 2431 2671 dictum
2473 2622 2576 2682 est,
2603 2628 2795 2684 pacem
2819 2613 3086 2668 alterutro
3107 2610 3267 2682 polli-

1681 2707 1828 2774 ceri;
1881 2705 2175 2778 respoudet
2212 2713 2466 2776 utroque,
2513 2720 2617 2762 nec
2657 2704 2988 2761 commercia
3039 2702 3264 2759 renuit:

1681 2797 1979 2856 dummodo
2003 2796 2114 2853 vim
2143 2811 2255 2853 non
2284 2797 2522 2854 sentiant
2548 2811 2779 2854 merces.
2816 2794 2981 2862 Eunt,
3013 2794 3266 2862 redeunt,

1681 2890 1944 2958 vendunt,
1980 2888 2258 2945 redimunt
2294 2888 2366 2945 ah
2389 2889 2525 2944 urbe
2554 2889 2610 2944 in
2639 2898 2844 2955 castra,
2883 2887 3027 2944 istia
3066 2886 3270 2943 castris

1682 2982 1740 3038 in
1765 2982 1978 3050 urbem,
2027 2981 2108 3038 illi
2131 2991 2320 3038 errant
2363 2980 2610 3052 permisti
2637 2981 2836 3038 armati
2874 2978 3182 3035 inermibus
3213 2986 3271 3034 et

1682 3085 1873 3133 contra
1906 3089 2049 3148 quos
2076 3073 2399 3131 forensecus
2425 3072 2698 3145 afﬂigebat
2741 3074 2998 3147 languor,
3027 3071 3272 3129 torrebat

1609 3206 1655 3271 Ο
1684 3165 1946 3236 Phoebus,
1988 3165 2291 3222 velociores
2337 3179 2436 3271 spe
2478 3164 2706 3220 remedii
2741 3165 2881 3222 inter
2919 3164 3174 3221 umbram
3215 3172 3272 3219 et

1686 3260 1889 3316 mmnia
1915 3267 2370 3329 servanturzqua:
2395 3256 2645 3314 dilatatio
2669 3273 2875 3329 paucos
2898 3258 3090 3315 habuit
3111 3257 3268 3314 dies:

1687 3366 1814 3406 nam
1839 3351 1982 3407 sicut
2011 3348 2129 3405 heri
2169 3359 2224 3405 et
2257 3347 2661 3406 nudiustertius
2702 3350 3088 3421 redintegratis
3120 3364 3276 3405 com-

1686 3443 1908 3522 merciis
1934 3451 2068 3498 ortae
2093 3451 2223 3498 sunt
2247 3441 2393 3508 lites,
2423 3451 2484 3497 ut
2511 3440 2594 3509 ﬁt,
2623 3457 2752 3498 cum
2790 3443 3054 3512 emptoris
3080 3441 3270 3498 vendi-

1685 3533 1889 3591 torisve
1935 3533 2227 3590 aestimatio
2268 3533 2336 3589 de
2392 3533 2553 3604 pretii
2590 3533 2933 3589 venaliumve
2969 3533 3276 3604 quantitate

1685 3623 1956 3679 dissentit.

1829 3714 2012 3770 XLIII.
2035 3746 2106 3755 —
2130 3715 2456 3787 Frangitur;
2491 3715 2794 3786 singularia
2813 3715 3128 3771 certamina.

1759 3809 1803 3862 Α
1832 3807 2053 3880 pergula
2082 3823 2346 3889 caupona:
2368 3809 2498 3876 lixa,
2523 3809 2628 3864 hoc
2651 3822 2850 3881 genere
2875 3807 3176 3879 incoeptum
3204 3809 3276 3864 ad

1687 3900 1836 3970 ipsos
1861 3898 2136 3970 principes
2178 3899 2421 3956 exundat
2451 3899 2654 3956 bellum
2679 3919 2692 3954 :
2717 3899 2977 3970 injuriam
3011 3901 3148 3956 alter
3177 3902 3274 3974 qui

1686 3989 1982 4061 pertulerat
2004 3999 2158 4068 putat
2179 3998 2501 4060 praesentem
2524 3989 2810 4062 praeterita:
2831 4005 2899 4047 ex
2923 4006 3027 4047 usu
3051 4006 3276 4048 succre-

1685 4080 1831 4136 visse
1858 4099 1871 4135 :
1901 4089 1956 4136 at
2013 4079 2109 4152 qui
2161 4079 2434 4136 obtulerat
2474 4080 2736 4136 talionem
2782 4079 2888 4136 sibi
2934 4089 3276 4140 reservatum

1687 4181 1905 4229 veretur
1932 4191 1944 4228 :
1971 4173 2051 4229 sic
2079 4171 2229 4228 varia
2263 4173 2456 4229 ambos
2481 4172 2690 4230 deludit
2713 4173 2925 4245 Opinio,
2958 4173 3090 4228 dum
3121 4183 3274 4228 uter-

1687 4280 1793 4336 que
1823 4265 1877 4321 id
1910 4265 2227 4322 adversario
2257 4265 2514 4337 imputat,
2553 4265 2612 4322 in
2647 4281 2760 4339 quo
2783 4275 2977 4339 quater
3001 4274 3274 4338 peccarat.

1690 4355 1946 4428 Surgitur
1969 4357 2099 4412 hinc
2141 4355 2268 4413 inde
2297 4356 2367 4412 ad
2393 4357 2623 4430 gladios,
2666 4356 2824 4413 furor
2857 4373 3010 4413 arma
3049 4356 3275 4426 invasit,

1687 4458 1994 4505 castrenses
2017 4447 2072 4503 in
2094 4449 2371 4508 moenibus
2390 4450 2610 4520 reperti,
2639 4449 2737 4521 qui
2769 4450 2990 4523 languet
3015 4450 3280 4508 custodias

47 4525 319 4592 Francorum
366 4540 684 4596 millenaria
740 4540 1070 4596 centenariis
1123 4551 1584 4600 commutans.....
1615 4562 1666 4624 ι)
1691 4540 2055 4610 mancipatur,
2104 4540 2198 4612 qui
2230 4541 2375 4596 valet
2416 4542 2614 4614 pugnis
2647 4551 2703 4598 et
2738 4541 2978 4600 fustibus
3003 4542 3276 4614 pulsatur,

43 4626 209 4683 comitis
239 4630 467 4702 injurias
517 4633 850 4690 abominaris
893 4633 964 4690 ad
1004 4632 1232 4704 maj.....
1265 4649 1407 4704 quos
1453 4635 1588 4690 levi-

44 4712 118 4770 bus
135 4720 437 4789 quibusdam
482 4723 703 4779 viderat
727 4735 1140 4798 occupatos.....
1180 4727 1412 4784 sollicite
1441 4727 1588 4784 invi-

42 4813 146 4859 tator
170 4825 290 4868 suus
321 4812 645 4886 Euphrates
672 4814 830 4884 cujus
856 4817 1036 4872 adhuc
1056 4833 1300 4889 presens
1330 4818 1529 4890 legatio
1553 4835 1586 4875 a

43 4894 187 4956 dextra
210 4904 337 4961 alvei
366 4909 630 4964 turbasse
653 4906 830 4973 illum,
865 4923 896 4962 a
925 4907 1056 4964 laeva
1083 4908 1346 4966 Edessam
1379 4910 1586 4968 indesi-

43 4999 187 5045 uenter
207 4998 583 5064 promittebat,
624 5013 860 5070 quorum
889 5007 1080 5054 neuter
1108 4999 1264 5056 locus
1290 5017 1475 5071 parem
1501 5003 1586 5059 di-

41 5081 277 5154 gnabatur,
303 5099 400 5144 aut
423 5091 539 5145 hoc
569 5089 628 5144 in
656 5090 868 5146 cunctis
919 5088 1091 5163 Syriae
1128 5090 1403 5148 citerioris
1431 5093 1586 5165 oppi-

42 5171 156 5239 dum,
175 5188 259 5233 aut
280 5181 368 5235 illa
397 5191 558 5236 trans
587 5180 910 5253 Euphrates:
933 5199 1059 5254 quae
1085 5181 1474 5255 Mesopotamia
1499 5185 1585 5240 di—
1611 5215 1626 5236 .

43 5263 149 5321 citur
171 5271 458 5340 civitatem,
491 5285 796 5345 utrumque
825 5274 1008 5330 divitis
1044 5275 1179 5331 uber
1205 5275 1346 5347 agri,
1379 5276 1584 5332 multo-

43 5371 132 5411 nun
169 5361 428 5422 famulitio
479 5375 541 5421 et
585 5366 909 5437 oppidorum
952 5375 1009 5422 et
1052 5367 1273 5425 urbium
1316 5368 1589 5439 imperare

45 5449 261 5514 studebat
278 5473 292 5508 :
308 5456 428 5512 haec
458 5458 642 5513 nuntii
667 5457 910 5530 praelato.
935 5459 1048 5514 haec
1070 5461 1325 5530 praelatus
1351 5460 1586 5520 subdita:

43 5542 152 5606 genti
177 5543 477 5617 frequenter
522 5564 986 5620 commemorans,
1027 5551 1301 5610 Tharsum
1337 5552 1586 5620 exierat;

39 5626 216 5704 iamque
245 5639 597 5712 singularum
652 5643 865 5716 singula
910 5645 1170 5716 Addanre,
1200 5645 1590 5720 Mamystteque

1691 4633 2032 4703 pulsatorum
2055 4633 2250 4704 vulgus
2270 4633 2576 4703 expellitur,
2601 4633 2860 4690 nobilitas
2878 4641 3130 4690 servatur
3155 4631 3280 4687 vin-

1691 4728 1893 4794 culata,
1923 4728 2176 4783 similiter
2193 4735 2348 4782 extra
2373 4725 2554 4797 agitur
2581 4727 2649 4784 de
2686 4727 2960 4784 similibus
2986 4724 3276 4798 oppidanis

1691 4821 1748 4876 in
1794 4819 2060 4875 suburbio
2089 4817 2464 4890 deprehensis.
2511 4817 2714 4876 Parum
2761 4819 2818 4875 id
2861 4819 3069 4874 militia:
3093 4818 3277 4876 visum

1690 4921 1792 4979 est,
1818 4911 1926 4967 nisi
1954 4927 2082 4982 pars
2106 4919 2293 4967 extera
2327 4919 2520 4983 portas
2558 4911 2712 4966 urbis
2738 4911 2948 4966 assultu
2978 4916 3229 4982 quateret
3255 4929 3271 4966 :

1689 5003 1898 5060 interna
1927 5018 2161 5075 quassas
2206 5005 2274 5060 ad
2308 5005 2509 5060 bellum
2543 5001 2847 5075 egrediens,
2887 5002 3144 5072 aperiret.
3170 4999 3278 5058 Ubi

1687 5110 1818 5168 ergo
1843 5095 1992 5150 nulla
2023 5095 2243 5152 obstant
2289 5104 2384 5150 aut
2427 5094 2512 5151 his
2555 5105 2650 5149 aut
2675 5093 2783 5150 illis
2810 5091 3102 5164 repagula:
3125 5106 3279 5149 cam-

1687 5203 1792 5258 pus
1824 5195 2038 5243 tantum
2076 5187 2133 5243 in
2184 5187 2386 5254 medio,
2428 5186 2622 5242 vexilla
2665 5185 2796 5242 hinc
2831 5185 2957 5241 inde
2985 5184 3276 5255 disposita,

1688 5287 1804 5360 tum
1835 5278 2058 5335 demum
2079 5277 2249 5335 duces
2275 5278 2393 5336 suis
2412 5277 2713 5335 adversarii
2743 5275 2952 5334 viribus
2973 5275 3278 5335 collihratis

1643 5408 1646 5409 ν
1691 5379 1842 5427 tanto
1884 5387 1946 5428 se
1984 5370 2292 5427 discrimini
2330 5369 2564 5426 invicem
2606 5370 2953 5426 committere
2994 5377 3273 5425 verentur.

1686 5459 1936 5517 Balduini
1965 5476 2252 5528 numerus,
2292 5468 2353 5515 ut
2397 5470 2876 5531 praememoratum
2917 5469 3024 5530 est,
3066 5461 3278 5520 multus

1687 5561 1822 5618 erat,
1859 5552 2114 5623 viresque
2159 5551 2464 5621 praevalidae
2491 5571 2504 5607 :
2530 5551 2763 5623 ideoque
2793 5550 3137 5624 longiuscule
3186 5564 3279 5606 se-

1688 5651 1948 5710 cesserat,
1983 5651 2044 5698 ut
2072 5658 2103 5697 a
2134 5643 2335 5699 murali
2372 5643 2620 5700 subsidio
2645 5643 2862 5701 hostem
2883 5643 3106 5700 eliceret
3131 5655 3274 5712 pau-

41 5722 107 5775 \'ix
146 5725 355 5787 [Iumina
399 5733 800 5790 transvadatus
843 5735 1025 5792 vicino
1063 5739 1296 5795 tentoria
1348 5737 1594 5794 amxerat
1691 5737 1914 5792 ciorem.
1967 5737 2235 5794 Tancredi
2278 5738 2436 5796 valde
2485 5738 2689 5805 minor,
2739 5751 2863 5808 qua:
2896 5749 3065 5791 causa
3095 5740 3278 5788 turres

43 5810 591 5898 TancredeJndignati
610 5844 846 5900 namque
862 5819 1125 5903 supprimi
1143 5834 1390 5890 arustica
1408 5833 1595 5904 planta
1694 5829 1994 5886 missilibus
2029 5840 2300 5900 armarat;
2343 5840 2615 5903 quatenus
2645 5829 2786 5887 bello
2815 5827 2992 5900 prima
3017 5837 3274 5882 occurre-

311 5921 598 5983 ΡΑι-ειοι.
631 5922 808 5984 CLV.

2875 5919 2962 5987 17,
