3838 6306
531 402 638 458 525

1100 398 1192 452 AD
1232 392 1678 455 GODEFRIDUM
1719 391 2011 446 APPEND.
2053 390 2116 445 il.
2156 420 2226 430 —
2264 389 2532 446 MONUM.
2572 387 2661 443 DE
2695 387 2920 444 BELLO
2960 387 3204 444 SACRO.
3661 393 3745 452 521

530 522 674 580 rent,
697 511 886 582 sicque
911 523 1106 581 pugnae
1132 507 1408 563 inferioris
1457 505 1805 576 paucitatem,
1868 503 2117 572 superior
2142 508 2190 566 Α
2219 512 2395 570 munt,
2427 501 2776 570 conscendit;
2822 503 2968 556 viam
3002 501 3294 569 difﬁcilem,
3344 504 3438 557 sed
3472 516 3746 564 cunctarum

533 604 750 660 fulciret
771 602 1077 674 jaculorum
1107 600 1424 654 descensus.
1451 593 1678 650 Talibus
1704 593 1899 648 confisi
1930 592 2115 648 dimsi-

533 709 640 764 que
663 694 873 749 solatiis
896 700 951 747 et
979 690 1254 746 desolatiis
1276 690 1442 743 duces
1464 687 1601 741 alter
1625 686 1852 740 alterius
1882 696 2112 755 praesto-

532 786 750 840 labatur
796 785 1076 838 incursum
1114 799 1127 834 :
1171 787 1359 833 neuter
1405 777 1549 830 enim
1603 777 1754 846 prior
1815 776 2112 845 impetere,

534 893 699 949 quam
725 877 910 946 impetu
930 873 1163 928 malebat
1183 889 1195 900 ·
1212 869 1346 924 sede
1361 879 1627 922 converso
1647 876 1896 937 uterque.
1921 865 2113 922 Plures

535 974 798 1029 suberant
819 985 995 1025 causae
1022 986 1033 1021 :
1057 967 1171 1020 haec
1185 973 1366 1019 autem
1391 965 1650 1029 maxima,
1669 963 1816 1033 quod
1843 963 1938 1034 qui
1962 963 2116 1033 priOr

535 1064 604 1118 ad
632 1077 847 1118 murum
871 1058 1024 1114 nefas
1050 1058 1298 1122 irrueret,
1331 1056 1447 1125 ipse
1477 1056 1761 1110 nocentior
1791 1065 2038 1120 sonaret;
2059 1055 2114 1109 in

534 1169 640 1224 qua
672 1163 852 1208 tamen
889 1164 1062 1214 mora,
1090 1156 1151 1202 ut
1194 1146 1298 1203 fert
1342 1146 1595 1201 militaris
1620 1146 1980 1212 consuetudo,
2016 1145 2116 1198 ali-

534 1254 670 1316 quot
687 1261 752 1300 ex
797 1244 1041 1312 utrisque
1065 1241 1312 1311 partibus
1359 1240 1731 1295 adolescentes
1783 1238 2114 1308 singularem

534 1336 723 1388 ineunt
761 1346 1138 1403 congressum,
1176 1338 1298 1385 utra
1330 1344 1457 1400 pars
1497 1342 1626 1398 ergo
1661 1325 1911 1398 justioris
1938 1342 2117 1381 causa:

534 1424 758 1478 tutelam
787 1423 1110 1492 susceperit,
1141 1437 1209 1476 ex
1236 1421 1323 1476 bis
1359 1420 1626 1474 declarari
1667 1426 1873 1489 posset,
1908 1419 1953 1475 si
1985 1419 2117 1473 alte-

533 1515 650 1569 rius
693 1523 904 1568 tantum
954 1514 1269 1568 incursores
1319 1512 1760 1578 succumberent,
1791 1520 1845 1567 et
1892 1512 2117 1567 alterius

535 1606 906 1675 praevalerent.
931 1603 1070 1671 Quia
1094 1618 1226 1658 vero
1250 1604 1319 1658 ab
1342 1611 1573 1674 utraque
1597 1604 1769 1670 lucra,
1796 1603 1865 1658 ab
1888 1613 2118 1674 utraque

534 1699 757 1763 damna,
799 1699 867 1751 ab
912 1705 1141 1766 utraque
1171 1704 1454 1762 corruunt,
1478 1696 1546 1749 ab
1579 1705 1807 1766 utraque
1835 1696 2075 1751 obruunt
2101 1714 2114 1750 :

535 1789 661 1859 quis
701 1789 905 1859 justius
946 1787 1123 1841 induit
1167 1802 1340 1854 arma,
1385 1788 1526 1842 scire
1574 1785 1747 1842 nefas.
1792 1786 1898 1843 Sed
1925 1797 2116 1844 eorum

537 1880 632 1949 qui
678 1879 841 1934 medii
872 1879 1058 1932 ludum
1104 1877 1360 1932 martium
1399 1877 1820 1944 interludebant,
1851 1877 2120 1935 Ricardus
2150 1867 2195 1926 Β

538 1975 606 2028 de
635 1973 941 2043 principatu
978 1982 1076 2027 nec
1109 1987 1303 2044 genere
1339 1971 1516 2026 minor
1543 1987 1642 2026 nec
1665 1971 1884 2038 animis,
1915 1986 2120 2044 cogna-

541 2073 624 2118 tas
655 2072 838 2134 partes
869 2073 922 2118 et
959 2063 1143 2133 lingua
1173 2062 1338 2117 simul
1379 2061 1678 2128 animabat,
1722 2071 1778 2117 et
1819 2063 2031 2118 lancea.
2070 2061 2122 2117 is

540 2157 756 2210 comitis
785 2154 1036 2210 Vilhelmi
1059 2152 1507 2218 lilius,Wiscardi
1533 2168 1724 2224 nepos,
1753 2153 1941 2209 relicta
1967 2153 2121 2208 fratri

543 2246 826 2302 Tancredo
858 2245 1150 2318 Syracusa,
1181 2245 1559 2300 Boamundqu
1597 2255 1818 2301 secutus
1846 2247 2121 2301 amitalcm

541 2353 724 2403 suum,
757 2337 1059 2392 sociaverat
1097 2335 1463 2391 Tancredum.
1500 2335 1751 2406 Dumque
1789 2337 2123 2393 intervolans

539 2431 688 2486 hunc
715 2430 973 2500 praeterit,
1015 2429 1168 2483 illum
1211 2429 1470 2499 proterit;
1495 2429 1826 2485 insidiatrix
1851 2445 1916 2485 ex
1944 2439 2124 2486 trans-

538 2534 700 2578 verso
729 2520 915 2575 lancea
938 2521 1082 2575 latus
1108 2518 1243 2575 fodit
1269 2520 1656 2589 improvidum,
1687 2521 2032 2591 peditemque
2054 2521 2122 2575 de

539 2613 721 2682 equite
746 2627 872 2667 mox
897 2612 1196 2672 substituit.
1216 2611 1317 2667 Cui
1341 2620 1521 2666 autem
1552 2613 1705 2682 lapso
1728 2613 1877 2668 ensis
1901 2613 2125 2668 strictus

540 2704 917 2773 quidconfert
946 2705 1188 2760 rotatus?
1218 2703 1440 2760 Hostilis
1471 2705 1527 2759 in
1569 2720 1692 2760 eum
1721 2705 1880 2760 turba
1909 2707 2035 2770 ruit,
2065 2714 2126 2760 ut

539 2795 656 2866 ipse
696 2798 857 2866 paulo
902 2797 1270 2853 inconsultius
1303 2798 1571 2854 sodalium
1618 2798 1826 2853 exierat
1858 2798 2122 2865 subsidia,

541 2891 868 2947 adversariis
898 2891 1138 2960 propior.
1167 2890 1331 2947 Solus
1356 2891 1542 2962 itaque
1569 2899 1649 2946 tot
1689 2892 2126 2947 circumvallato-

540 2984 696 3040 ribus
718 2999 1034 3054 oppressus,
1064 2983 1299 3053 capitur,
1335 2984 1966 3050 trahitur,~.exarmatur,
2007 2998 2126 3040 scr-

538 3082 722 3130 vatur.
770 3070 907 3130 ‘Sors
955 3074 1145 3130 eadem
1174 3073 1440 3142 plurimos
1485 3073 1742 3142 utrinque
1787 3073 1857 3128 ab
1887 3088 2030 3143 equo
2069 3081 2126 3127 et

540 3166 674 3221 sella
717 3166 773 3220 in
814 3165 978 3234 pedes
1026 3163 1444 3235 degradaverat;
1483 3180 1608 3219 cum
1637 3164 1812 3219 visum
1837 3173 1923 3220 est
1945 3163 2122 3234 majo-

540 3273 664 3312 rum
712 3256 1034 3326 prudentiae,
1072 3255 1301 3310 insaniae
1344 3254 1727 3309 ascribendum
1775 3267 2026 3326 egressos
2069 3253 2124 3307 in

542 3364 696 3403 arma
713 3348 931 3404 hostilia
961 3346 1248 3404 unanimes
1273 3345 1327 3401 in
1358 3361 1418 3400 se
1443 3360 1544 3400 sua
1569 3345 1799 3401 vertisse
1819 3344 2124 3401 discordes:

543 3441 730 3494 ditiori
757 3439 916 3494 turba
956 3438 1220 3493 adversus
1258 3436 1522 3492 barbaros
1560 3450 1783 3492 necesse
1816 3442 1901 3491 est
1929 3434 2128 3490 nedum

542 3531 800 3602 exiguam
827 3543 1149 3602 pauperare.

968 3639 1153 3696 XLIV.
1171 3673 1238 3680 —
1255 3640 1375 3695 Pax
1401 3650 1700 3695 renovatur.

613 3756 778 3811 Multa
817 3771 949 3827 ergo
997 3755 1054 3810 in
1095 3756 1243 3811 hunc
1287 3755 1508 3810 modum
1555 3754 1784 3809 sollicite
1814 3761 2127 3818 pensantes,

543 3862 732 3917 pacem
784 3845 924 3900 bello
948 3853 1286 3900 commutant
1323 3844 1422 3898 viri
1470 3844 1742 3914 sapientes
1763 3841 1910 3913 quod
1951 3851 2129 3896 tamen

546 3951 715 3990 suasu
756 3930 1148 3990 difﬁcillimum:
1179 3949 1312 3988 aure
1348 3932 1513 3987 surda
1552 3933 1861 3998 avertisset,
1914 3929 2131 4000 injuriis

545 4025 833 4081 lacessitus
858 4023 1236 4090 Marcbisides,
1273 4023 1381 4078 nisi
1406 4022 1534 4092 quia
1562 4020 1913 4076 avuncularis
1951 4018 2131 4089 proles

546 4117 815 4172 Ricardus
836 4117 966 4171 lenit
987 4117 1200 4170 animos
1229 4115 1525 4180 rediturus,
1553 4130 1691 4184 quos
1713 4112 2133 4167 exacerbaverat

547 4211 876 4274 abstractus,
909 4209 1166 4278 idemque
1196 4215 1437 4280 etunus
1480 4206 1644 4259 modo
1696 4203 1756 4258 fit
1799 4219 1969 4258 causa
1995 4203 2127 4269 odii,

549 4301 713 4356 modo
737 4301 906 4370 pacis.
936 4299 1198 4354 Similiter
1227 4296 1381 4353 Cono
1413 4297 1502 4351 ille
1545 4295 1901 4365 praescriptus
1947 4308 2132 4349 comes

549 4395 605 4449 in
631 4395 764 4448 urbe
802 4393 1066 4463 languens
1095 4391 1261 4447 sociis
1303 4397 1539 4443 mentem
1571 4387 1767 4453 reddit,
1799 4386 1951 4456 pacis
1976 4395 2144 4441 com-’

548 4485 755 4540 iuercio
813 4483 1139 4538 reddendus.
1191 4479 1439 4534 Redeunt
1487 4479 1674 4547 itaque
1723 4476 2034 4531 alternatim
2065 4477 2132 4531 ad

551 4578 796 4647 propria;
841 4578 1001 4631 heros
1029 4583 1127 4644 pro
1178 4575 1363 4639 heroe,
1400 4585 1569 4640 eques
1607 4583 1708 4638 pro
1735 4567 1938 4638 equite,
1969 4565 2133 4636 pedes

551 4686 647 4740 pro
678 4670 874 4740 pedite,
901 4669 1100 4722 damna
1123 4673 1178 4720 et
1202 4665 1352 4719 lucra
1386 4676 1496 4732 quo
1531 4661 1722 4716 ordine
1750 4670 2053 4730 coeperunt,
2080 4660 2134 4713 in

549 4757 614 4815 eo
645 4761 862 4829 penitus
886 4758 1211 4811 inconcussa
1239 4753 1578 4818 consistunt;
1614 4761 1670 4806 ut
1701 4751 1768 4806 ad
1796 4751 1913 4806 haec
1939 4750 2135 4805 merito

550 4853 791 4922 vulgaris
817 4848 991 4903 naenia
1016 4846 1201 4902 reduci
1229 4845 1403 4915 possit
1433 4863 1445 4897 :
1472 4843 1568 4912 qui
1595 4843 1776 4908 habet,
1811 4842 2004 4908 habet;
2039 4841 2147 4912 qui-

551 4944 806 5016 perdidit,
834 4937 1222 5012 perdidit.'Nec
1255 4937 1568 4992 cohabitant
1594 4935 1821 5000 diutius,
1850 4935 1962 4989 abit
2000 4935 2137 4988 alter

550 5045 611 5090 ut
641 5025 918 5104 acquirat;
951 5031 1086 5084 alter
1125 5035 1309 5082 manet
1338 5035 1390 5081 et
1424 5025 1644 5080 fruitur.
1675 5024 1876 5080 Verum
1922 5024 2135 5079 mansio

552 5126 644 5179 illa
675 5127 782 5178 non
810 5121 1218 5190 segnis,-neque
1253 5119 1412 5187 longa
1455 5125 1701 5171 moratur
1730 5117 1912 5170 virum
1941 5136 1953 5170 :
1979 5117 2137 5185 cujus

553 5215 782 5269 arbitrio
815 5211 897 5265 vel
923 5209 1102 5265 brevis
1128 5210 1305 5279 quies,
1329 5209 1490 5278 longa
1521 5216 1637 5263 erat
1665 5207 1942 5278 segnities.
1971 5206 2140 5277 Igitur

554 5305 720 5377 paulo
755 5310 1000 5356 moratus
1033 5302 1100 5356 ad
1139 5301 1308 5372 Syros
1342 5300 1486 5355 exit:
1511 5299 1738 5355 feliciter
1777 5299 1966 5354 Cilicia
1998 5299 2139 5369 poti-

553 5408 674 5460 tus;
699 5403 754 5447 at
778 5392 990 5447 felicius
1015 5393 1186 5446 multo
1212 5391 1369 5463 Syria
1392 5393 1688 5462 potiturus.
1717 5390 1858 5446 Ante
1884 5398 2064 5444 tamen
2087 5400 2141 5444 et

554 5489 624 5544 de
653 5486 747 5539 illo
778 5499 1010 5552 nequam
1033 5484 1231 5551 Turco,
1259 5500 1419 5554 quem
1451 5483 1639 5538 Adana
1683 5484 2142 5551 incarceraverat,

557 5591 751 5649 plenas
778 5575 972 5639 sumit;
1001 5564 1054 5629 et
1074 5575 1193 5644 plus
1212 5573 1490 5644 paternas,
1515 5590 1680 5644 quam
1704 5572 1968 5642 principis
1997 5561 2142 5642 leges

555 5662 916 5734 Mamystanis
959 5663 1205 5731 imponit.
1257 5661 1466 5727 Quibus
1509 5663 1760 5730 expletis,
1804 5669 2018 5715 montes
2048 5661 2141 5729 qui

557 5754 724 5809 medii
749 5752 1190 5811 Alexandriolam
1210 5752 1650 5823 Guastoncmque
1675 5753 1993 5820 oppidulum
2018 5751 2144 5804 diri—

2219 594 2289 649 ad
2317 592 2486 665 Syros
2519 594 2964 650 directissimam.
2991 593 3104 650 Illic
3128 610 3366 665 superno
3392 596 3621 651 omnium
3640 601 3748 657 colle

2216 693 2490 755 superato,
2515 684 2688 740 fertur
2717 685 3019 741 Antiochiae
3043 701 3229 756 rupes,
3271 695 3323 742 et
3368 685 3544 756 plana,
3567 687 3681 757 vias,
3707 705 3749 748 et

2214 777 2389 844 devia,
2419 777 2644 846 paludes
2664 786 2717 832 et
2751 777 2896 833 sicca
2919 777 3080 832 oculo
3109 778 3275 834 simul
3302 778 3481 833 metiri
3509 788 3559 833 et
3581 781 3748 837 animo.

2215 868 2344 924 Inde
2366 877 2532 924 totam
2565 871 2837 940 percurrit
2871 871 3181 940 planitiem,
3208 869 3337 940 quia
3367 871 3528 925 medii
3552 869 3748 942 Sepchet,

2217 959 2573 1031 Spitachchet,
2601 961 2842 1028 Domitia,
2869 960 3154 1030 Commith,
3179 961 3353 1029 fluvii,
3382 962 3594 1033 oppida,
3622 967 3751 1022 urbes

2216 1051 2600 1108 interveniunt.

2215 1164 2376 1220 XLV.
2402 1167 2767 1221 -—Artasium
2820 1170 2956 1222 venit
3009 1166 3333 1236 Tancredus,
3357 1167 3662 1223 Balduiuum
3701 1172 3751 1224 ab

2243 1255 2246 1258 ’
2286 1237 2630 1291 ΑηιὶοεΙιεηίε
2677 1239 3090 1294 circumventum
3137 1238 3351 1293 liberat.
3400 1238 3656 1293 Artaxiam
3702 1244 3752 1295 ab

2286 1307 2431 1362 hoste
2467 1309 2825 1378 impugnatus.

2243 1438 2247 1442 '
2286 1417 2562 1474 Artasium
2586 1435 2716 1475 vero
2748 1420 2840 1474 ubi
2887 1421 3132 1488 venitur;
3163 1421 3441 1477 invenitur
3464 1436 3632 1478 comes
3655 1423 3757 1478 Bal-

2217 1510 2418 1566 duinus
2461 1511 2587 1566 felix
2613 1513 3012 1569 Artasiensium
3049 1513 3355 1569 Turcorum
3383 1515 3624 1570 exclusor
3644 1534 3656 1570 :
3679 1518 3756 1572 sed

2218 1605 2287 1659 ab
2308 1605 2661 1681 Antiochenis
2682 1607 3062 1663 miserabiliter
3083 1608 3351 1664 inclusus.
3377 1608 3580 1674 Quibus
3596 1626 3757 1679 super-
3803 1655 3806 1659 .

2217 1697 2440 1754 veniens
2469 1698 2621 1754 visus
2663 1697 3035 1766 Marchisides,
3063 1701 3302 1756 collectis
3329 1701 3524 1770 partim
3545 1703 3758 1757 sarcinu-

2219 1789 2308 1856 lis,
2339 1791 2535 1860 partim
2565 1791 2770 1859 missis,
2797 1792 3114 1848 abscessum
3156 1793 3370 1849 indixit.
3416 1792 3694 1849 Putabatur
3717 1796 3760 1850 iu

2224 1882 2456 1938 adventu
2494 1883 2680 1950 unius,
2729 1898 2920 1939 omnes
2963 1899 3256 1940 occursare
3301 1887 3484 1956 magni
3527 1887 3761 1942 exercitus

2224 1974 2410 2042 duces,
2457 1974 2594 2029 tanti
2627 1975 2995 2045 sequebantur
3015 1976 3194 2031 virum
3221 1986 3398 2032 terror
3427 1987 3480 2032 et
3513 1977 3760 2034 fremitus:

2225 2066 2382 2137 cujus
2406 2074 2589 2122 tamen
2612 2067 2818 2123 militiae
2843 2069 3012 2124 altera
3034 2070 3178 2140 apud
3203 2067 3419 2141 Cylicas
3441 2085 3560 2140 pars
3584 2071 3762 2139 relicta,

2223 2158 2291 2213 de
2331 2159 2649 2215 centurione
2675 2160 3130 2232 quinquagerium
3159 2160 3492 2217 reddiderat.
3535 2161 3634 2218 Sed
3653 2180 3765 2234 pra:-

2225 2253 2415 2305 nuntia
2442 2251 2551 2306 veri
2573 2250 2739 2320 fama,
2771 2253 2928 2308 multi
2955 2253 3128 2308 instar
3157 2253 3348 2310 militis
3375 2271 3542 2310 unum
3562 2255 3766 2310 Marcbi-

2226 2339 2398 2393 sidam
2425 2341 2802 2410 praecinuerat.
2840 2340 2998 2397 Subit
3044 2327 3324 2399 Artasium
3368 2341 3566 2415 hospes
3600 2362 3765 2413 novus,

2225 2441 2281 2486 at
2309 2432 2530 2502 hospitii
2560 2435 2993 2505 recompensatio
3020 2436 3172 2492 valde
3207 2447 3293 2493 est
3325 2439 3503 2493 minor
3525 2454 3554 2493 a
3585 2439 3766 2510 magni-

2226 2517 2412 2580 tudine
2459 2526 2778 2582 meritorum
2805 2546 2817 2581 :
2843 2528 2912 2582 ab
2938 2528 3290 2585 interioribus
3332 2541 3565 2598 arcetur,
3605 2546 3770 2588 conce-

2224 2615 2372 2670 ditur
2397 2631 2527 2671 vero
2556 2617 2884 2674 habitandus
2913 2634 3106 2675 murus
3132 2621 3390 2687 exterior,
3423 2637 3518 2676 seu
3549 2631 3606 2676 ut
3633 2639 3770 2692 oppo-

2225 2707 2328 2761 sita
2351 2707 2539 2763 urbem
2568 2709 2806 2764 muniret
2831 2711 3099 2778 custodia,
3122 2727 3216 2767 seu
3242 2728 3309 2768 ne
3329 2713 3632 2770 intrinseca:
3651 2715 3770 2771 rixas

2225 2809 2551 2855 renovarent
2600 2801 2886 2873 angustiae,
2917 2803 3003 2856 vel
3031 2811 3177 2858 certe
3218 2819 3393 2873 nuper
3418 2804 3641 2860 abscisae
3666 2821 3772 2861 con-

2225 2889 2538 2959 temptionis
2571 2891 2815 2946 nondum
2843 2892 3059 2962 penitus
3091 2891 3248 2946 radix
3270 2903 3520 2961 aruerat;
3544 2910 3770 2964 quaecun-

2225 2994 2333 3049 que
2359 2995 2488 3036 vero
2518 2981 2714 3037 subicit
2737 2997 2926 3050 causa,
2977 2998 3138 3039 muro
3167 2983 3519 3040 adamantina
3543 3002 3602 3042 se
3626 2987 3772 3041 inclu-

2226 3073 2318 3139 sit,
2339 3073 2605 3144 quisquis
2625 3076 2865 3145 periculo
2884 3075 3235 3132 “Tancredum
3262 3078 3482 3149 objccit.
3517 3080 3772 3134 Antiochia

2227 3165 2570 3222 Latinorum
2602 3168 2745 3224 vires
2798 3176 2989 3224 auctas
3033 3169 3361 3241 intelligens,
3401 3187 3538 3242 quas
3573 3181 3775 3243 expertae

2230 3269 2540 3326 senserant;
2575 3258 2845 3330 fugerant,
2877 3261 3263 3317 nuntiaverant
3303 3277 3522 3330 manus,
3573 3265 3776 3334 plurimo

2229 3350 2443 3420 supplet
2471 3351 2717 3408 intirmos
2746 3353 2960 3420 robore,
2991 3363 3045 3410 et
3072 3369 3300 3410 numero
3330 3355 3684 3426 paucitatem;
3709 3372 3776 3410 re-

2229 3443 2500 3515 mittitque
2530 3443 2791 3512 secundo,
2819 3445 3041 3516 septies,
3079 3446 3126 3501 si
3162 3449 3366 3517 septies
3391 3449 3678 3517 remiserit,
3701 3463 3776 3503 su-

2129 3544 2135 3550 '
2230 3536 2518 3607 perandos.
2553 3535 2654 3603 llli,
2679 3553 2747 3592 ne
2776 3537 2900 3608 quis
2928 3538 3150 3594 relictus
3175 3541 3417 3595 tentandi
3455 3540 3650 3596 modus
3667 3541 3778 3595 desit

2231 3627 2518 3697 praesidiis,
2549 3629 2713 3683 etiam
2743 3629 2899 3684 dolos
2934 3637 3174 3698 struunt,
3209 3647 3403 3701 parum
3433 3632 3608 3688 armis
3637 3631 3779 3687 sibivc

2231 3719 2443 3775 confisi.
2476 3717 2739 3775 Nocturni
2780 3722 3014 3778 subeunt
3045 3725 3268 3778 umbras
3304 3733 3436 3795 qua:
3485 3723 3540 3779 S.
3590 3723 3779 3780 Palladii

2231 3811 2524 3881 virgultum
2554 3812 2714 3883 vulgo
2738 3814 3097 3883 appellantur.
3131 3813 3260 3870 lude
3283 3825 3403 3871 orta
3429 3817 3552 3872 luce
3577 3817 3782 3887 quinque

2231 3903 2668 3972 praemittuntur,
2715 3894 2808 3974 qui
2863 3905 3141 3960 Artasium
3171 3907 3446 3963 lacessant
3486 3909 3782 3978 equiteszat

2233 3996 2434 4051 bellum
2467 3996 2522 4051 in
2560 3998 2730 4052 ramis
2759 3999 2963 4053 latetet
2989 3997 3295 4054 frondibus.
3346 3999 3451 4066 Qui
3495 4001 3651 4057 missi
3684 4009 3783 4055 sunt

2234 4090 2310 4144 nil
2333 4092 2551 4158 morati,
2579 4092 2790 4148 subitas
2816 4092 3033 4149 Artasio
3078 4103 3357 4150 ostentant
3403 4096 3607 4161 minas,
3638 4095 3784 4166 qualis

2234 4181 2449 4238 interim
2477 4185 2790 4254 pastoribus
2831 4201 3057 4256 pecora;
3089 4187 3212 4242 talis
3241 4187 3378 4242 fiunt
3414 4189 3700 4258 pecoribus
3721 4198 3784 4241 tu-

2235 4277 2337 4330 tela
2360 4285 2627 4346 pastores.
2662 4275 2978 4332 Trahuntur
3003 4279 3166 4334 simul
3189 4279 3244 4333 hi
3273 4288 3327 4334 et
3357 4279 3449 4334 illa
3477 4298 3490 4333 :
3520 4280 3656 4334 nihil
3689 4295 3786 4333 eva-

2235 4369 2372 4423 dita
2405 4367 2545 4424 facie
2585 4379 2890 4439 raptorum.
2941 4369 3222 4426 Clamatur
3251 4386 3280 4425 a
3331 4373 3579 4441 specula,
3611 4371 3786 4426 ululant

2235 4475 2334 4530 pro
2387 4459 2594 4516 foribus
2647 4460 2915 4532 Opiliones
2963 4471 3011 4516 et
3065 4461 3300 4516 subulci.
3362 4460 3486 4516 Una
3536 4463 3648 4518 hare
3697 4467 3789 4513 erat

2169 4554 2210 4608 D
2236 4555 2481 4610 omnium
2510 4554 2750 4625 querela,
2792 4553 2936 4608 malo
2981 4568 3082 4608 suo
3130 4554 3232 4609 sibi
3283 4555 3550 4610 adversus
3591 4553 3786 4612 Turcas,

2242 4646 2485 4702 Francos
2508 4646 2792 4702 advenisse
2817 4657 3042 4701 tutores.
3079 4645 3208 4700 inde
3243 4661 3303 4700 se
3340 4646 3567 4717 gravius
3593 4643 3788 4700 cruciari

2241 4739 2388 4810 quod
2411 4739 2477 4794 de
2519 4738 2848 4793 advenarum
2878 4738 3180 4809 patrocinio
3220 4737 3531 4792 libertatem
3576 4751 3780 4807 sperave-

2242 4829 2352 4883 rint
2377 4847 2388 4883 :
2415 4830 2560 4900 quod
2591 4827 2905 4884 Taucredus
2941 4829 3191 4895 audiens,
3238 4826 3477 4883 festinus
3509 4830 3657 4894 exiit,
3683 4826 3792 4880 bello

2244 4923 2531 4991 suspicans
2571 4922 2762 4975 urbem
2809 4920 3225 4986 circumdatam,
3259 4920 3352 4974 sed
3397 4921 3522 4974 viso
3570 4917 3789 4973 exterio;i

2244 5030 2428 5070 rerum
2459 5023 2636 5080 statu;
2668 5014 2813 5069 illico
2843 5013 3108 5083 comperit
3134 5020 3381 5082 patentes
3405 5013 3624 5066 animos
3654 5009 3712 5064 de
3739 5009 3784 5060 la'

2245 5093 2486 5162 tentibus-
2507 5107 2761 5177 pendere,
2783 5105 3176 5174 audaciamque
3202 5106 3400 5158 horum
3428 5105 3680 5168 alienam,
3701 5100 3792 5169 plus

2244 5207 2560 5266 essequam
2589 5212 2744 5252 suam
2778 5215 2790 5250 :
2821 5197 2890 5251 ad
2939 5196 3098 5266 cujus
3145 5204 3331 5250 tamen
3381 5195 3462 5249 rei
3501 5191 3791 5250 evidentiam

2246 5285 2584 5356 Turcopolos
2605 5297 2718 5342 tres
2745 5287 2960 5341 obviam
3007 5286 3194 5351 mittit,
3226 5294 3287 5340 ut
3318 5284 3368 5340 si
3403 5286 3493 5341 bis
3524 5285 3790 5341 cederetur,

2245 5378 2432 5434 timida
2459 5377 2726 5443 solitudo;
2754 5377 2800 5432 si
2830 5378 3156 5442 obstarctur,
3184 5377 3678 5446 deprehenderetur
3699 5388 3790 5442 spes

2248 5471 2640 5526 subsidiorum.
2667 5471 2734 5526 At
2764 5472 3006 5541 quinque
3028 5486 3138 5523 non
3168 5471 3333 5524 modo
3365 5486 3480 5524 non
3506 5459 3695 5526 cedunt
3717 5468 3772 5518 im

2247 5563 2575 5632 petentibus,
2620 5578 2807 5617 verum
2859 5563 3021 5617 etiam
3071 5577 3263 5617 versos
3315 5563 3537 5616 caedunt
3585 5562 3778 5630 impeles

2247 5655 2401 5710 Tunc
2424 5653 2766 5711 manifestius
2791 5670 2858 5710 eo
2893 5655 3040 5725 quod
3068 5655 3305 5710 latuerat
3339 5665 3642 5726 comperto,
3671 5664 3775 5722 para

2249 5758 2337 5800 tur
2361 5746 2580 5812 bellum,
2613 5748 2758 5801 acies
2780 5747 3167 5816 disponuntur,
3195 5747 3306 5800 itur
3337 5747 3577 5800 obviam.
