3838 6306
133 374 211 431 525
1361 368 1585 426 GESTA
1624 364 1988 423 TANCBEDI.
3193 377 3297 435 526

436 477 865 536 XL\'l.—-i'l!ars
887 482 1025 552 favet
1057 480 1246 537 Turco.
1656 489 1699 545 Α
1731 496 1857 535 mox
1882 479 2139 535 caedendi.
2176 477 2275 535 Vix
2307 482 2454 536 enim
2503 491 2669 553 portae
2702 482 2803 539 hos
2825 484 3142 554 eﬂ‘uderant,
3167 505 3294 545 cum

175 576 395 632 Caeterum
431 572 601 627 hostis
653 573 922 645 sagittifer
966 575 1205 645 plurimo
1263 574 1347 629 sui
1398 590 1626 629 numero
1726 579 1946 642 repente
1987 571 2375 628 insidiatricem
2405 573 2619 630 turbam
2659 575 2962 646 irrumpere
2997 593 3297 650 proper-an-

124 663 355 739 plurimum
395 661 661 730 immanis,
719 671 910 720 nostro
953 665 1074 720 viso
1115 664 1350 720 latebras
1394 666 1620 735 spernit,
1722 668 1831 715 tem
1860 675 1999 732 pene
2024 676 2148 717 sero
2171 664 2459 733 repellunt.

118 756 307 813 occurrit
326 754 507 825 palam,
538 755 707 824 pudet
734 756 981 827 latuisse,
1018 755 1113 827 qui
1160 756 1349 812 hastas
1379 756 1621 827 singulas

1778 772 1954 829 LVIII.
1985 804 2055 815 —
2086 774 2370 830 Obsidetur
2401 776 2706 849 Antiochia,
2740 778 2890 849 cujus
2927 779 3061 834 situs
3090 779 3294 835 descri-

118 848 235 903 deuis
255 854 301 900 et
325 859 472 915 supra
512 847 756 903 arcubus
790 847 1156 921 oppugnabat.
1185 845 1622 920 Congrediuntur
2422 847 2583 901 bitur.
2798 845 2811 849 ’
3104 922 3109 928 _

113 941 251 1010 itaque
274 936 420 992 Turei
446 934 676 1005 Latinis,
701 938 896 995 inculte
918 938 1240 1012 peregrinis,
1279 939 1431 1011 gnari
1473 939 1621 994 loco-
1787 930 1994 1004 Itaque.
2050 932 2275 991 obsessa
2319 936 2473 1003 urbe.
2500 937 2757 995 abstruso
2791 940 3001 1005 reditu;
3031 940 3297 1013 quidquid

112 1044 218 1095 rum,
252 1026 619 1098 hominumque
665 1028 1020 1100 locorumque
1069 1030 1294 1101 ignaris.
1338 1028 1523 1084 Primo
1562 1029 1619 1084 in
1719 1021 1897 1103 Latini
1918 1025 2204 1096 sanguinis
2221 1042 2501 1097 egressum
2531 1027 2707 1085 fuerat
2735 1032 3009 1087 subsecuti
3037 1028 3132 1087 aut
3149 1048 3297 1088 nexu

105 1136 340 1192 congressu
364 1119 543 1175 lancea
569 1119 738 1193 viget,
778 1121 967 1177 lancea
1002 1121 1258 1193 perfodit,
1300 1122 1491 1177 lancea
1519 1122 1617 1177 de-
1716 1122 1810 1195 {litt
1854 1114 2034 1187 gladio
2084 1116 2378 1175 coniiciunt
2433 1117 2618 1176 Turci.
2664 1119 2945 1177 Misertum
2982 1132 3065 1179 est
3112 1132 3295 1180 tamen

102 1213 220 1283 jicit;
247 1218 352 1283 qua:
371 1226 489 1266 mox
518 1213 677 1269 tanto
717 1212 823 1269 sub
850 1229 1018 1269 onere
1058 1213 1334 1281 fatiscens,
1366 1222 1427 1269 ut
1456 1229 1612 1285 pene-
1715 1205 1931 1262 cmlitus
1967 1205 2276 1264 aﬂlictionis
2311 1210 2570 1279 obsessze,
2599 1220 2659 1267 ut
2690 1212 3074 1270 festinantibus
3103 1214 3172 1270 ad
3196 1215 3296 1270 ob-

101 1314 210 1359 trare
230 1304 402 1375 peltas,
423 1313 664 1375 pectora,
690 1306 980 1378 clavengos
1003 1306 1192 1378 nequit
1213 1306 1422 1377 integra
1451 1320 1619 1377 :quo-
1714 1295 1998 1352 sidcndam
2033 1299 2379 1354 Antiochiam
2409 1300 2658 1371 Francis,
2690 1304 3015 1361 Antiocheni
3041 1306 3297 1362 cederent

101 1395 208 1449 niam
227 1396 349 1451 hanc
369 1395 577 1451 clitellae
604 1396 938 1453 dissilientes
962 1407 1288 1466 extenuant;
1315 1398 1464 1453 illam
1489 1414 1617 1454 cus-

1779 1401 2049 1442 isessores.
2080 1385 2460 1445 Pertransiens
2490 1390 2655 1461 igitur
2677 1393 2861 1467 urbes,
2890 1393 3177 1464 vicinaque
3197 1408 3295 1464 op—

95 1478 391 1563 pis‘truncata
421 1483 697 1553 decurtat,
735 1486 899 1541 aliam
930 1484 1143 1542 Turcus
1169 1485 1317 1542 ensis
1344 1485 1611 1552 dimidiat,

1777 1476 1859 1545 da,
1889 1476 2090 1533 ﬂumen
2118 1494 2339 1550 quoque
2392 1478 2594 1550 Farfar
2627 1481 2942 1538 interﬂuens
2966 1484 3293 1539 venerabilis

94 1571 452 1629 utbaslitenens
480 1582 706 1643 putetur
731 1575 917 1645 potius
946 1575 1162 1629 venisse
1201 1583 1446 1629 armatus
1479 1576 1615 1631 sude
1712 1569 1802 1651 ille
1853 1585 2040 1641 regum
2076 1571 2351 1627 exercitus
2377 1587 2392 1625 :
2417 1572 2686 1629 anhelata:
2732 1574 2947 1629 tandem
2991 1573 3295 1632 Antiochiae

91 1663 230 1733 pedes,
256 1679 404 1735 quam
432 1663 625 1721 lancea
654 1665 813 1722 miles
843 1685 857 1721 τ
888 1675 943 1721 at
971 1664 1235 1738 frugalior
1265 1667 1424 1739 longe
1451 1684 1614 1724 arcus
1712 1659 2035 1714 suburbium
2073 1668 2365 1716 metantur.
2393 1659 2647 1717 Planitiei
2682 1661 2875 1717 mediae
2894 1663 3084 1730 latera,
3118 1664 3292 1734 gemi-

89 1755 418 1825 vulnerumque
462 1755 651 1823 ditior,
708 1772 923 1828 semper
969 1757 1155 1826 mittit,
1201 1758 1396 1815 crebro
1444 1760 1611 1828 ιωάίι,
1710 1751 1767 1805 ni
1795 1751 1934 1807 alter
1958 1752 2027 1808 ab
2045 1751 2268 1822 Austro,
2299 1752 2707 1821 alteraBorea,
2730 1763 3025 1826 angustant
3047 1764 3288 1810 montes:

88 1858 310 1915 nunquam
337 1845 592 1914 mittitur,
631 1846 1002 1903 sero-laditur
1031 1867 1045 1903 ε
1073 1849 1345 1917 cominus,
1372 1851 1610 1918 eminus,
1646 1860 1686 1921 Β
1715 1838 1947 1898 frontem
1984 1845 2053 1899 ab
2094 1860 2295 1901 occasu
2330 1854 2533 1916 pontus
2576 1846 2828 1901 verberat
2858 1864 2871 1900 :
2905 1846 3000 1902 sed
3041 1845 3158 1901 hinc
3184 1861 3295 1917 quo

85 1945 192 1998 ante,
212 1943 340 1989 retro
367 1933 638 2003 fervidus;
682 1935 847 1992 etiam
874 1952 998 1993 cum
1038 1937 1108 1994 ab
1147 1937 1447 1997 intentione
1482 1955 1612 2012 pro—
1710 1935 1886 2007 magis
1908 1936 2175 1992 orientem
2215 1953 2492 1993 versuma
2520 1938 2703 1994 littore
2743 1940 3117 2007 submovetur,
3141 1948 3296 1994 tanto

84 2031 169 2100 pria
205 2028 410 2097 fallitur,
461 2046 601 2086 casu
641 2047 786 2104 smne
825 2031 1102 2102 ministro,
1137 2049 1249 2089 non
1277 2035 1611 2105 permittitur
1702 2026 1817 2097 jam
1846 2028 2027 2097 latior,
2069 2029 2338 2102 latiorque
2365 2047 2528 2101 rupes
2579 2032 2885 2088 submovet.
2920 2030 3074 2087 Hanc
3111 2047 3142 2087 a
3177 2049 3290 2088 me-

82 2121 179 2175 talli.
205 2120 301 2177 liae
327 2123 537 2178 solante
576 2124 738 2191 alios,
772 2124 910 2181 alios
943 2124 1225 2182 desolante
1270 2125 1489 2183 fortuna
1533 2128 1610 2184 si-
1707 2117 1847 2175 Υίάίθ
1890 2120 2225 2177 descendens
2279 2120 2653 2180 Damascenus
2687 2122 2890 2194 Farfar
2924 2124 3187 2192 interluit.
3219 2126 3296 2179 si~

80 2215 162 2268 uiui
186 2213 410 2269 Balduini
451 2213 835 2288 Tancredique
871 2216 1072 2274 ducum
1102 2218 1287 2274 altera
1315 2206 1471 2275 meri
1508 2236 1609 2291 pa-
1708 2223 1886 2265 nuoso
1917 2217 2091 2266 tractu
2115 2212 2182 2266 ad
2213 2228 2364 2267 mare
2398 2228 2497 2284 per
2518 2213 2679 2285 plana
2709 2214 2939 2270 illabens
2976 2233 2989 2269 :
3020 2216 3291 2271 montium

77 2320 166 2359 rum
187 2307 540 2373 auscultante;
573 2302 655 2361 in'
678 2307 889 2378 seipsos
913 2307 1097 2376 divisi,
1126 2309 1357 2366 desniaii
1380 2321 1530 2379 sum,
1554 2321 1611 2368 οι
1707 2301 1922 2357 medius
1953 2302 2055 2358 sub
2100 2302 2342 2360 Australi
2371 2304 2605 2362 vicinior
2644 2324 2658 2361 :
2691 2305 2827 2362 adeo
2851 2314 3033 2361 autem
3089 2307 3143 2361 in
3171 2307 3291 2378 ejus

77 2392 208 2465 usque
240 2388 600 2453 sub'maznia
635 2398 859 2469 repulsi.
903 2399 973 2454 At
1026 2398 1192 2455 Turci
1237 2409 1364 2456 ante
1414 2402 1607 2457 urbem
1706 2391 1959 2447 umbram
1999 2392 2271 2449 interdum
2323 2410 2582 2467 vergens;
2614 2405 2673 2451 ut
2721 2397 2797 2452 nil
2851 2398 2957 2453 nisi
2989 2398 3183 2454 semita
3212 2399 3287 2453 in.

74 2498 210 2542 castra
254 2497 547 2559 metantur,
606 2497 819 2546 noctem
864 2489 970 2547 diei
1012 2492 1397 2549 continuantes
1423 2493 1590 2565 pervi-

1770 2480 1862 2536 rsit
1882 2483 2121 2538 medium
2151 2500 2165 2536 :
2199 2485 2293 2539 sed
2332 2501 2439 2556 qua
2482 2486 2597 2556 jam
2623 2487 2676 2541 in
2716 2489 2999 2560 angustias
3038 2484 3159 2545 illas
3195 2489 3286 2544 de-

74 2577 214 2645 gilem,
1707 2574 1968 2630 scendere
1989 2575 2163 2632 clivus
2185 2577 2394 2648 incipit,
2425 2579 2527 2634 sita
2550 2587 2631 2635 est
2654 2580 2866 2648 civitas,
2899 2581 3029 2638 hinc
3052 2580 3288 2649 ﬂumin‘,

156 2665 337 2722 XLVII.
366 2699 430 2709 —
475 2668 755 2727 Balduina
796 2671 1072 2730 Arretium
1121 2675 1492 2734 caiizriti‘ttitur.
1594 2676 1602 2682 ’

1773 2665 1832 2723 ile
1857 2668 2028 2725 mon-ti
2053 2668 2107 2723 in
2138 2669 2361 2742 longum
2394 2670 2739 2728 collaterans.
2769 2670 2911 2739 Quin
2942 2674 3107 2729 etiam
3134 2690 3289 2730 mon-

121 2756 223 2817 Bies
242 2765 508 2821 crastinus
533 2764 800 2837 fulgebat,
827 2784 973 2835 uim,
1004 2783 1225 2825 reverso
1259 2768 1604 2827 Antiochiam
1704 2759 1776 2815 tis
1797 2760 1942 2817 latus
1973 2761 2100 2817 licet
2143 2763 2199 2817 in
2230 2762 2500 2834 hospitale
2528 2764 2631 2820 sibi
2666 2766 2972 2835 continuat,
3010 2767 3289 2824 moenibus

72 2852 208 2921 hoste,
239 2866 449 2913 amotus
478 2866 571 2913 est
610 2867 810 2914 metus.
857 2856 1013 2914 Tunc
1059 2858 1417 2918 Marchisides
1455 2863 1588 2920 exin

1786 2868 2060 2908 summum
2084 2853 2314 2922 eductis,
2346 2855 2653 2929 ibidemque
2684 2858 2983 2929 municipio
3027 2867 3287 2915 constru-

68 2944 231 3027 jussus,
256 2955 310 3001 ut
345 2963 573 3019 semper
622 2949 771 3004 nulla
801 2948 934 3006 ﬁdes
976 2950 1127 3023 regni
1158 2952 1347 3021 sociis,
1376 2955 1446 3009 ab
1484 2954 1604 3025 ipso
1703 2952 1793 2999 cto
1819 2960 1831 2996 :
1862 2953 1917 3000 at
1939 2946 2128 3001 eadem
2182 2947 2262 3002 sic
2285 2946 2412 3003 item
2453 2948 2508 3003 in
2555 2948 2784 3005 ﬂuvium
2829 2951 3129 3019 descendit,
3154 2960 3214 3006 ut
3251 2968 3282 3027 a

66 3024 273 3093 exteriori
320 3056 484 3095 muro
513 3057 648 3112 qua;
692 3039 991 3098 Bai-binum
1027 3045 1351 3115 appellatur,
1381 3048 1606 3120 expelli-
1703 3035 1790 3091 sui
1819 3037 1997 3093 medio
2018 3053 2141 3093 eum
2178 3037 2402 3094 ﬂumine
2423 3039 2477 3094 in
2500 3054 2758 3096 occasum
2782 3041 3030 3109 tendens,
3062 3058 3187 3097 mox
3218 3024 3288 3098 ab

68 3135 149 3178 tur.
182 3125 548 3197 Eustachides,
576 3128 885 3198 ‘Balduino,
939 3131 1097 3202 cujus
1126 3135 1413 3191 consulatu
1438 3136 1602 3209 longo
1703 3141 1770 3182 θο
1797 3125 1853 3181 in
1882 3142 2053 3182 εοιήιι
2101 3128 2332 3184 θοοῖάυο
2361 3129 2646 3201 Paululum
2682 3133 2918 3200 recedat:
2952 3133 3006 3187 in
3037 3145 3159 3190 οηιι
3187 3150 3286 3189 ηε-

66 3225 158 3298 post
184 3225 413 3290 tempore
454 3219 655 3275 ﬂoruit
700 3219 927 3290 Edessa,
968 3222 1171 3279 Artasii
1220 3225 1461 3297 regimen
1494 3238 1609 3284 ira-
1636 3223 1679 3282 C
1710 3234 1817 3289 que
1841 3219 1909 3274 ad
1937 3220 2175 3276 medium
2199 3222 2360 3293 longe
2393 3223 2629 3294 seposita
2660 3241 2674 3278 :
2711 3225 2765 3280 in
2797 3241 2904 3295 qua
2927 3236 3105 3282 tamen
3131 3237 3285 3299 parte

66 3305 156 3361 dit:
181 3308 282 3378 ipse
303 3327 427 3366 cum
450 3312 695 3383 reliquis
716 3314 1031 3371 consulibus
1053 3314 1286 3374 Αίητάο
1309 3328 1363 3375 ει
1383 3319 1609 3378 Conone
1710 3325 1900 3367 muros
1925 3312 2170 3383 duplices
2215 3315 2419 3370 certius
2453 3315 2630 3371 munit
2664 3317 2821 3387 palus
2850 3316 3015 3373 reﬂua
3049 3319 3164 3390 ipsa
3198 3320 3285 3374 sui

63 3397 375 3465 proﬁciscitur
395 3399 700 3458 Edessam.
749 3402 1065 3461 Tancredus
1093 3407 1273 3463 sciens
1298 3410 1426 3480 quia
1459 3411 1606 3467 mili-
1710 3403 1965 3460 ιτθῐυοῑίδ
2015 3405 2261 3472 πηοηίῑίθν
2293 3422 2457 3478 super
2481 3423 2698 3465 omnem
2732 3409 2849 3465 sali
2876 3409 3131 3464 ἀυτίιίίηη
3160 3427 3283 3465 mu‘

65 3484 224 3543 iunia
245 3498 323 3545 est
345 3492 624 3560 hominis,
652 3493 817 3549 simul
838 3494 979 3551 bello
1001 3496 1135 3552 nihil
1160 3499 1333 3557 tutius
1362 3501 1604 3572 habens;
1709 3492 1894 3548 nimen
1930 3493 2162 3551 ﬁrmius-
2192 3493 2319 3552 Sola
2349 3496 2533 3568 itaque
2560 3496 2715 3556 frons
2748 3498 2902 3555 urbis
2938 3497 3145 3555 Phoebo
3183 3517 3284 3555 na-

62 3587 231 3635 montes
265 3584 557 3652 proximos
590 3594 846 3655 occupat,
872 3602 1038 3643 manu
1061 3602 1228 3659 parva
1259 3607 1487 3665 magnas
1513 3610 1608 3668 ειε-
1710 3585 1889 3641 scenti
1920 3587 2185 3656 obnoxia;
2217 3588 2284 3644 ad
2311 3588 2551 3645 medium
2591 3590 2700 3657 sui,
2746 3590 2800 3646 id
2832 3600 2910 3646 est
2952 3606 2982 3646 a
3024 3600 3181 3661 porta
3208 3592 3286 3664 (2)

63 3670 266 3737 grediens
301 3668 573 3732 cohortes
600 3718 619 3745 ,
648 3685 801 3734 tanto
843 3681 1063 3736 nomine
1092 3682 1255 3739 exciti
1291 3684 1459 3742 colles
1484 3687 1579 3743 bar

1770 3694 1905 3733 Isum
1939 3694 2222 3736 accessum
2243 3682 2448 3751 patitur
2472 3700 2487 3737 :
2510 3698 2635 3736 nam
2663 3698 2695 3736 a
2720 3691 2875 3753 porta
2902 3680 3102 3738 Susum
3136 3684 3286 3754 rupis

59 3759 173 3831 lari;
207 3780 325 3836 pars
347 3768 655 3841 diﬂ'ugium
676 3778 976 3840 maturant,
1003 3772 1097 3828 alii
1134 3789 1448 3848 occursum,
1472 3795 1608 3836 non-
1707 3768 1951 3839 abrupta?
1983 3770 2343 3842 PmCiPilmm
2388 3772 2645 3829 humanis
2682 3782 2895 3830 “unum
2928 3785 3077 3845 Ρθιοῑ
3101 3777 3287 3847 suspi'

58 3856 162 3911 nulli
202 3858 448 3931 intrepidi
512 3871 789 3917 manent:
820 3874 881 3919 ut
927 3864 1194 3935 quosdam
1239 3867 1373 3925 ﬁ’des
1415 3871 1604 3928 eadem
1706 3859 1961 3939 ςὶθηάωη
1991 3862 2184 3929 oculis,
2207 3877 2319 3918 ηοη
2356 3864 2637 3935 ετεεείδιιε
2667 3865 3003 3923 adeundum-

59 3944 239 4007 l‘rancis
257 3954 661 4021 consecrabat;
710 3954 951 4027 reliquos
994 3956 1322 4030 abjungebat
1348 3975 1501 4018 error
1521 3961 1606 4018 fa-
2055 3950 2245 4007 XLIX-
2270 3983 2335 3993 -
2367 3953 2513 4009 Ordo
2550 3954 2927 4011 οθδὶάεηιίκηι-

59 4042 248 4098 riaticus.
288 4045 467 4116 Igitur
498 4047 605 4117 qui
640 4045 921 4119 Christum
972 4059 1206 4109 norunt.
1248 4050 1574 4109 Christicola

1773 4041 1843 4097 At
1869 4041 2048 4099 vicina
2077 4042 2205 4099 huic
2231 4059 2296 4099 ex
2322 4044 2553 4102 adverso
2580 4062 2747 4117 rupes
2777 4046 2935 4119 signa
2982 4040 3286 4104 Bnamundi

56 4133 286 4203 excipiunt
324 4137 630 4194 venientes
666 4139 907 4210 :quibus
953 4143 1085 4197 Vero
1138 4139 1244 4197 hoc
1285 4159 1480 4200 nomen
1512 4154 1609 4202 aut
1705 4139 1855 4187 ῑθηθῑ
1884 4133 1940 4187 in
1969 4148 2090 4189 eam
2136 4149 2311 4204 ιιεψιε
2340 4150 2464 4206 qua
2509 4151 2540 4190 ³
2567 4145 2726 4207 Porta
2755 4137 2872 4192 θΧίῑ
2896 4137 3288 4195 descendentia

58 4226 255 4281 nescitur
288 4229 552 4298 tacitum,
604 4237 700 4285 aut
740 4224 1016 4301 speriiiiur
1058 4233 1339 4302 auditum;
1375 4234 1574 4291 Barisa.

1763 4236 1848 4276 am
1881 4240 1895 4276 :
1933 4222 2051 4278 haec
2087 4224 2396 4294 proximum
2444 4234 2617 4296 porta:
2663 4227 2947 4283 cumulum
3000 4230 3189 4301 erigit;
3224 4231 3279 4285 in

57 4320 95 4367 et
137 4314 318 4373 Πενεεη
373 4319 593 4391 oppida
644 4320 954 4392 relinquere
997 4322 1162 4379 umor
1219 4323 1429 4392 suada,
1480 4324 1606 4398 fuga
1705 4328 1815 4384 quo
1834 4310 2147 4370 Tancredus
2168 4325 2349 4371 castra
2380 4316 2543 4385 locat,
2580 4319 2794 4374 caeteris
2829 4330 3096 4391 quantum
3119 4321 3289 4376 funda

54 4407 263 4475 complet.
290 4409 427 4477 Qua:
453 4410 680 4478 relicta,
710 4419 909 4467 vocant
946 4410 1351 4481 Marchisidem,
1392 4413 1605 4487 iugi-es-
1702 4400 1855 4475 jaeit,
1882 4405 2003 4460 urbi
2024 4405 2268 4477 propior.
2300 4405 2434 4464 Post
2457 4422 2585 4464 eum
2612 4411 2840 4467 comites
2870 4410 3285 4476 Northmannus

56 4489 245 4570 sumque
294 4502 471 4558 multa
536 4502 863 4557 vicinalium
914 4503 1071 4574 copia
1118 4506 1453 4574 opulentam,
1484 4505 1604 4562 Jam
1637 4562 1677 4574 ﬁ
1707 4505 1762 4551 et
1782 4496 1876 4567 qui
1900 4496 1949 4551 ei
1979 4498 2348 4567 adbazrebant,
2376 4499 2548 4570 ipsius
2567 4500 2943 4573 Tancredique
2991 4503 3289 4559 Flandren-

54 4600 153 4657 ergo
166 4562 379 4647 mutata
405 4593 568 4660 sede,
594 4593 749 4648 exsul
774 4562 1395 4666 {elicianurbis-hnspite
1414 4644 1428 4664 ι
1451 4597 1606 4653 dam-
1637 4562 1682 4621 θ
1706 4562 2046 4646 sis-medius.
2078 4589 2161 4645 Ab
2182 4562 2352 4647 altero
2397 4562 2584 4649 autem
2605 4595 2771 4650 latere
2794 4562 3088 4663 Blescnsis,
3124 4596 3289 4650 Bolo-

54 4692 123 4745 na,
147 4683 353 4751 caedem,
403 4685 642 4740 vincula
694 4701 804 4740 non
840 4687 1008 4742 sentit
1040 4703 1054 4739 :
1083 4703 1211 4741 nam
1253 4688 1443 4744 solitos
1464 4690 1606 4745 redi-
1708 4678 1935 4747 niensis,
1966 4679 2396 4748 Albamarensis,
2429 4681 2749 4753 Monlensis,
2795 4684 3286 4754 Sanetipaulensis,

53 4760 141 4825 tum
157 4782 204 4827 et
226 4776 460 4831 insidias
486 4775 676 4831 hostis
700 4791 983 4843 exercens,
1014 4778 1205 4848 sepelit
1228 4777 1282 4832 in
1321 4778 1607 4835 frondibus
1705 4778 1761 4825 et
1782 4768 1939 4842 Hugo
1961 4785 2193 4842 magnus
2220 4789 2234 4826 :
2265 4787 2392 4827 nam
2415 4788 2610 4829 omnes
2636 4774 2692 4828 bi
2716 4774 2932 4829 comitis
2957 4772 3289 4827 Nortbtnan-

52 4858 242 4929 bellum;
278 4866 533 4935 praedam
568 4874 752 4920 autem
801 4865 1001 4934 mulos,
1049 4866 1341 4933 muliones,
1381 4868 1600 4935 rhedas,
1706 4861 1763 4917 ni
1786 4861 2127 4930 muneribus,
2158 4862 2326 4934 aliqui
2352 4864 2516 4919 etiam
2543 4865 2857 4935 hommagio
2883 4864 3283 4940 obligabantur.

52 4940 292 5009 rhedarios
320 4956 551 5011 urbano
595 4956 902 5023 spectaculo
941 4955 1163 5025 exponit
1187 4974 1201 5010 :
1224 4955 1468 5025 iumenta
1500 4957 1603 5011 sub
1705 4953 1789 5008 Ab
1812 4953 1899 5009 bis
1928 4968 2105 5024 usque
2127 4953 2329 5009 ﬂumen
2358 4969 2426 5009 eo
2456 4964 2641 5010 tenent
2667 4956 2859 5010 ordine
2890 4954 3169 5025 planitiem
3192 4955 3283 5009 he~

50 5041 187 5107 paleis
206 5045 359 5115 quasi
401 5044 605 5117 palliis
635 5054 855 5099 onerata
883 5054 1124 5115 gemunt,
1146 5053 1280 5100 eunt
1306 5061 1473 5115 gnara
1511 5061 1605 5116 pe-
1707 5055 1866 5096 roum
1898 5052 2097 5109 castra,
2142 5058 2253 5112 quo
2298 5043 2550 5113 paginam
2587 5041 2827 5097 nomina.
2883 5042 3001 5098 Dux
3028 5042 3283 5123 Godefri.

51 5131 175 5187 riculi
202 5138 357 5206 quasi
411 5135 663 5208 periculi
709 5135 915 5207 ignara.
969 5134 1090 5189 Jam
1142 5136 1388 5206 proxima
1416 5136 1602 5203 ﬂu-vio,
1705 5131 1828 5198 dus,
1855 5131 2142 5187 Podiensis
2180 5133 2503 5202 episcopus,
2549 5148 2733 5188 comes
2762 5131 3123 5187 Raimundus.
3163 5131 3288 5188 Haec

52 5218 123 5291 qui
152 5225 353 5283 Balenaz
404 5228 611 5299 oppidi
638 5228 828 5298 jugera
877 5227 1081 5298 irrigat,
1115 5243 1251 5297 pene
1280 5228 1444 5283 simul
1482 5227 1601 5283 urbi
1706 5219 1872 5290 igitur
1896 5219 2072 5290 prima
2088 5228 2394 5274 castrorum
2421 5220 2620 5291 positio
2635 5230 2892 5290 quartum
2917 5220 3070 5275 urbis
3090 5235 3285 5286 cornu,

52 5312 160 5381 visa,
181 5328 411 5387 captata,
471 5324 758 5387 captaque
780 5324 907 5370 sunt
926 5331 939 5343 ·
966 5317 1099 5372 adeo
1124 5317 1318 5386 praeda:
1352 5317 1488 5372 socii
1509 5316 1602 5372 alii
1705 5314 1917 5369 caeteris
1951 5314 2291 5380 vacantibus,
2324 5314 2536 5369 obsidet
2563 5332 2575 5368 :
2603 5313 2803 5385 quippe
2823 5313 2928 5370 hoc
2955 5311 3180 5384 planitie
3200 5311 3285 5366 vi-

53 5400 159 5456 alios
178 5407 477 5474 praevenire
510 5405 862 5474 satagebant.
897 5402 1006 5457 Heu
1059 5405 1279 5460 miseri!
1304 5406 1433 5475 quid
1461 5420 1587 5476 pra}
1705 5404 1824 5461 cina
1846 5404 2284 5470 accommodum,
2314 5404 2540 5474 reliquis
2570 5415 2665 5459 aut
2692 5404 2954 5472 ﬂuminis,
2985 5413 3077 5459 aut
3100 5403 3283 5467 fossae,

53 5492 148 5551 dam
171 5497 472 5557 distrahitis
506 5513 651 5554 mox
679 5497 1006 5552 distrahendi
1038 5497 1255 5568 praeda?
1272 5498 1403 5567 quid
1431 5497 1595 5554 credi-
1704 5496 2022 5551 aut-montis
2051 5496 2206 5552 obice
2235 5495 2553 5553 inaccessis.
2581 5496 2779 5554 Postea
2809 5512 2941 5553 vero
2974 5494 3284 5553 succedenti

52 5582 122 5652 Iis,
161 5593 389 5659 nectitis,
421 5589 684 5660 angitis:
728 5602 848 5640 mox
895 5587 1142 5658 augendi,
1177 5600 1301 5642 mox
1326 5585 1595 5654 néctendi,
1703 5586 1955 5642 dieidie:
1990 5586 2139 5641 hunc
2187 5587 2480 5644 immutare
2523 5588 2769 5644 ordinem
2802 5586 3094 5657 aliquando
3137 5582 3286 5635 inva-

106 5774 169 5843 (ξ)
213 5774 371 5828 Porta
402 5772 621 5826 lusum
672 5774 764 5821 est
801 5774 946 5833 porta
990 5764 1243 5829 inferior,
1292 5771 1443 5833 porta
1488 5760 1692 5815 Susum
1715 5768 1797 5814 est
1823 5766 1974 5828 porta
1999 5756 2269 5827 superior.
