3838 6306
531 417 637 485 59⁷1

1106 424 1198 480 AD
1234 417 1680 480 GODEFRIDUM
1719 415 2011 472 APPEND.
2049 414 2113 471 ιι.
2153 445 2224 456 -
2264 411 2536 469 MONUM.
2578 411 2667 465 DE
2706 410 2928 467 BELLO
2968 409 3213 483 SACRO.
3659 417 3736 477 5&3

529 541 711 596 dentis
734 540 908 596 hostis
937 535 1254 603 necessitas,
1281 533 1554 589 interdum
1580 529 1869 586 invadendi
1904 529 2119 584 hostem
2146 533 2194 592 Α
2225 527 2519 583 maceriam
2569 534 2820 597 paratum
2843 525 2947 580 sibi
2997 526 3256 597 oppidum
3304 526 3492 582 adesse
3519 527 3650 599 dicit,
3672 537 3736 591 vix

530 630 788 685 voluntas
845 625 1242 696 compulerunt.
1278 622 1571 676 Enimvero
1625 634 1791 688 rupes
1821 633 1943 688 qua
1973 617 2110 671 Boa-

532 721 724 778 mundi
753 718 1071 776 imminebat
1107 714 1324 780 castris,
1369 713 1494 767 licet
1520 710 1668 765 aditu
1697 709 2011 765 diﬂicillima
2033 708 2114 762 vi—

532 813 614 882 sa,
664 823 847 869 tamen
893 818 976 864 est
1015 806 1230 871 Turcis,
1261 805 1314 859 in
1351 819 1517 874 quam
1554 818 1584 857 a
1616 810 1802 857 monte
1832 801 1900 856 ad
1945 799 2113 871 sagit—

534 909 756 964 tandum
807 905 1212 964 descenderent,
1267 905 1614 967 opportuna;
1657 893 1845 964 sicque
1893 899 2113 962 peracta

531 1000 697 1064 cade,
727 995 937 1052 levibus
959 989 1128 1046 armis
1154 987 1220 1043 ad
1251 1003 1442 1042 muros
1476 995 1662 1057 patere
1696 983 1990 1056 refugium,
2019 981 2114 1038 ubi

531 1087 875 1158 sequentium
905 1080 1087 1152 gravia
1113 1079 1325 1134 nullum
1354 1076 1663 1132 invenirent
1692 1088 2004 1132 ascensum.
2032 1072 2113 1128 Ad

530 1179 616 1234 bis
665 1191 795 1246 ergo
843 1171 1210 1228 resistendum
1268 1167 1608 1234 incursibus,
1661 1167 1908 1222 tumulus
1948 1181 2116 1236 supra

528 1263 832 1321 Boamundi
879 1277 1072 1332 rupem
1134 1273 1296 1315 muro
1344 1259 1604 1329 cingitur,
1653 1255 1898 1328 llugonis
1928 1254 2116 1327 magni

462 1396 464 1398 τ
525 1355 735 1410 viribus
784 1353 1008 1409 tuendo.
1044 1351 1218 1408 Porro
1242 1350 1498 1406 Boreales
1523 1348 1645 1404 dua
1663 1347 1940 1403 eﬂ‘undere
1970 1345 2112 1401 Tur-

523 1460 621 1502 cos
654 1452 1056 1501 consueverant
1106 1452 1296 1514 porta,
1328 1441 1674 1511 cistransque
1702 1437 1927 1493 ﬂuvium
1953 1453 2113 1494 exer-

526 1535 668 1590 citus
690 1534 864 1590 nostri
892 1533 1095 1590 damno
1118 1531 1314 1602 patula
1343 1549 1356 1584 :
1395 1545 1628 1602 quarum
1660 1529 1967 1584 citeriorem
2003 1529 2114 1584 dux

526 1624 854 1682 Godefridus
887 1624 1209 1696 aggrediens
1227 1664 1241 1691 ,
1273 1636 1555 1694 egressum
1583 1621 1798 1677 tandem
1826 1620 2111 1676 cohibuit:

524 1716 705 1786 primo
750 1723 934 1770 tamen
961 1727 1261 1786 congressu
1293 1709 1582 1768 Guarnerii
1611 1709 1946 1766 marcbionis
1983 1725 2116 1766 nece

526 1799 827 1864 desolatus.
847 1808 917 1860 At
944 1806 1207 1860 remotior
1231 1819 1326 1874 per
1348 1811 1568 1873 pontem
1588 1801 1906 1872 contiguum
1933 1811 2114 1858 trans-

2217 617 2436 672 initium
2474 615 2723 687 parandi.
2773 614 2818 671 Ο
2848 617 3026 673 laudis
3054 618 3244 674 amor!
3273 636 3307 677 _o
3340 617 3587 674 audacia!
3620 638 3647 677 ο
3683 634 3738 680 te-

2215 708 2465 765 meritas!
2485 707 2553 762 ad
2575 718 2766 764 eatera
2785 709 2930 764 enim
2951 717 3024 776 te,
3041 707 3340 776 Tancrede,
3357 720 3627 767 strenuum
3640 715 3742 770 dixi-

2215 800 2341 867 rim,
2375 800 2467 856 hic
2513 800 2866 856 temerarium
2903 817 2914 852 :
2949 801 3015 855 ad
3056 809 3251 856 caetera
3299 810 3642 871 constantem,
3681 807 3744 863 hic

2214 891 2572 962 pertinacem.
2598 889 2775 946 Casus
2802 899 3026 946 cateros
3048 900 3143 946 aut
3168 891 3274 947 loci
3300 893 3660 960 commoditas,
3681 907 3746 951 aut

2217 997 2344 1053 spes
2374 982 2630 1051 subsidii,
2659 992 2755 1037 aut
2777 984 3076 1040 necessitas
3100 983 3337 1051 irruens,
3362 993 3457 1039 aut
3478 984 3522 1041 si
3551 1003 3644 1057 qua
3670 989 3745 1044 alia

2214 1073 2468 1143 prudenti
2495 1074 2688 1129 semita
2735 1083 2904 1145 patet,
2937 1074 3128 1130 habuit
3174 1090 3439 1131 excusare
3475 1093 3490 1129 :
3523 1077 3652 1134 hunc
3673 1095 3746 1135 au-

2215 1174 2325 1220 tem
2374 1164 2698 1220 temeritatis
2741 1165 2927 1220 omnia
2963 1175 3203 1238 arguunt
3243 1184 3258 1233 ;
3309 1167 3571 1237 parietina
3609 1179 3746 1237 vetus,

2217 1261 2498 1325 grassator
2534 1256 2814 1322 robustus,
2867 1256 3248 1328 propinquitas
3275 1256 3536 1324 hostium,
3565 1262 3747 1315 remotio

2217 1345 2533 1400 sociorum:
2565 1355 2761 1401 catera
2809 1354 2870 1402 ut
2918 1347 3181 1418 aspirent,
3232 1347 3439 1418 Farfar
3489 1353 3750 1407 transvada-

2214 1445 2325 1505 tus,
2341 1438 2585 1494 subsidia
2605 1439 2891 1511 disjungit,
2905 1440 3184 1498 enimvero
3206 1441 3252 1497 si
3267 1441 3415 1513 quod
3437 1443 3572 1498 absit
3587 1442 3750 1501 Turco-

2214 1543 2339 1584 rum
2361 1528 2534 1584 armis
2564 1529 2801 1586 traditus
2846 1531 3261 1600 succumberes,
3308 1532 3548 1588 velocius
3573 1533 3620 1588 in
3645 1551 3747 1590 ven-

2213 1628 2328 1677 tres
2347 1619 2588 1677 hostium
2610 1623 2908 1679 transisses
2937 1632 3147 1691 coctus,
3192 1639 3360 1694 quam
3389 1624 3455 1679 ad
3485 1626 3645 1682 socias
3673 1643 3748 1682 au-

2215 1725 2303 1766 res
2336 1719 2552 1781 captus.
2584 1711 2769 1767 Manes
2798 1721 3014 1780 tamen;
3048 1728 3258 1780 manes,
3299 1729 3528 1784 pugnas,
3552 1715 3751 1782 obsides,

2215 1811 2429 1870 portam
2481 1802 2685 1870 munis,
2733 1813 2946 1873 portam
2978 1804 3183 1874 quatis,
3215 1820 3362 1860 nunc
3400 1813 3455 1858 tu
3501 1805 3752 1873 hosticam,

528 1900 758 1956 fundere
801 1900 988 1954 hostes
1032 1897 1212 1962 solita,
1271 1893 1580 1949 Raimundo
1604 1893 1789 1948 comiti
1819 1895 1996 1964 placet
2015 1894 2113 1949 ob-
2148 1906 2190 1961 Β
2216 1907 2365 1947 nunc
2391 1890 2566 1948 hostis
2601 1900 2774 1948 tuam.
2823 1891 2995 1948 Totus
3022 1894 3278 1950 occidens
3302 1903 3539 1964 quantus
3557 1906 3756 1966 quantus

529 1993 789 2050 struenda
820 2011 832 2045 ε
868 2005 992 2045 nam
1024 1987 1218 2043 castris
1265 2002 1438 2042 vacua
1471 1984 1764 2054 spatiosior
1807 1994 1960 2040 trans
2006 1984 2110 2040 ﬂu-

529 2100 654 2140 men
685 2081 957 2154 planities,
987 2079 1223 2134 laxiores
1244 2078 1461 2149 vaganti
1485 2074 1666 2132 Turco
1690 2075 1991 2132 indulserat
2012 2078 2113 2132 ha-

528 2173 718 2229 benas.
736 2170 863 2226 ldeo
893 2167 1300 2239 supernatantis
1320 2166 1540 2223 fabrica
1562 2181 1702 2237 pons
1723 2167 1982 2237 trajectus
2006 2177 2109 2235 est,

526 2263 685 2334 cujus
718 2263 953 2316 intextas
981 2259 1164 2316 trabes
1196 2259 1565 2330 subjectarum
1603 2259 1824 2314 navium
1851 2275 1992 2314 onus
2019 2275 2113 2315 su-

524 2355 777 2426 perjecta
807 2361 985 2409 crates
1012 2361 1324 2408 onerarent.
1352 2350 1479 2406 Hac
1501 2351 1684 2422 itaque
1705 2351 1945 2422 riparum
1977 2367 2110 2408 con-

525 2447 760 2502 tinuatio
815 2443 1207 2500 transmeando
1260 2443 1417 2498 alveo
1463 2442 1731 2510 serviens,
1763 2443 1830 2498 ad
1860 2442 2112 2498 inhiben-

521 2540 658 2595 dum
682 2537 1008 2607 supradicta
1052 2544 1224 2607 porta
1249 2549 1532 2606 egressum
1565 2535 1822 2590 comitem
1846 2534 2108 2590 traduxit.

525 2628 750 2698 Adjuvit
782 2635 966 2681 autem
1005 2625 1120 2696 ipse
1155 2624 1259 2681 loci
1290 2624 1428 2680 situs
1463 2625 1831 2691 obsessorem,
1869 2625 2112 2680 obsidio-

524 2717 612 2772 nis
638 2716 920 2771 tirmanda
948 2715 1097 2770 utilis
1125 2723 1465 2784 cooperator.
1509 2712 1837 2768 Excreverat
1877 2713 2022 2768 enim
2053 2714 2110 2768 in

525 2809 720 2863 collem
771 2807 1050 2863 modicum
1104 2807 1282 2873 tellus,
1322 2806 1480 2876 cujus
1514 2805 1704 2860 vertici
1732 2803 1922 2860 fanum
1962 2805 2110 2876 quod

523 2900 689 2972 vulgo
709 2898 1165 2953 Mahummariam
1192 2907 1408 2964 vocant,
1432 2913 1657 2954 saxeum
1681 2897 2067 2966 supersedebat
2093 2916 2105 2952 :

525 2991 631 3045 hoc
659 2989 861 3043 ﬂuviali
891 2998 1063 3059 porta
1085 2997 1140 3042 et
1165 2989 1477 3059 oppositum
1502 2995 1555 3042 et
1577 2986 1818 3042 vicinum
1843 2995 2107 3056 opportu-

524 3082 696 3137 nitate
723 3097 822 3137 sua
859 3081 1111 3135 comitem
1155 3079 1420 3135 invitavit.
1457 3077 1656 3134 Comes
1690 3092 1820 3133 vero
1853 3092 1976 3147 qua
2022 3091 2111 3132 re-

523 3173 746 3228 stabant
773 3170 1062 3227 munimini
1084 3179 1390 3226 castrorum
1428 3168 1698 3240 supplevit
1725 3177 1918 3223 catera
1943 3185 1956 3220 :
1991 3165 2108 3224 fos-

2217 1992 2320 2051 est,
2364 1984 2420 2038 in
2451 1992 2575 2039 ortu
2610 1993 2848 2055 pugnat;
2904 1993 2962 2040 tu
3012 1985 3166 2040 solus
3201 1985 3269 2040 ad
3303 2000 3577 2051 occasum,
3603 1989 3757 2057 paucis

2216 2075 2683 2129 commilitonibus
2719 2074 2945 2147 gaudes,
2994 2075 3088 2130 sed
3113 2074 3387 2130 fortibus:
3423 2077 3757 2147 prascriptum

2214 2165 2361 2221 enim
2385 2166 2514 2222 illud
2541 2165 2824 2222 munimen
2848 2167 2982 2223 satis
3017 2175 3230 2222 arctum
3259 2168 3652 2225 multitudinem
3672 2185 3757 2223 non

2213 2255 2552 2325 admittebat,
2597 2272 2803 2328 paucos
2834 2258 2926 2313 vix
2954 2257 3196 2329 capiens.

2214 2369 2300 2426 Ll.
2323 2401 2394 2411 --
2417 2369 2721 2427 Tancredus
2753 2370 2856 2427 700
2884 2371 2926 2426 Τ
2928 2387 3081 2497 uirgo:
3108 2372 3179 2427 ad
3197 2373 3546 2444 pradandum
3563 2389 3760 2445 egressos

2971 2459 2998 2496 e
3022 2461 3048 2497 e
3079 2483 3093 2497 .

2971 2453 3093 2498 etet.

2285 2532 2508 2590 Studuit
2536 2549 2775 2605 namque
2794 2535 2974 2606 primo
2995 2543 3056 2590 ut
3082 2535 3151 2591 ad
3173 2535 3395 2591 initium
3418 2536 3646 2604 redeam,
3668 2551 3762 2590 rem

2212 2626 2351 2682 clam
2395 2642 2582 2698 gerere
2619 2625 2958 2695 Tancredus,
2983 2636 3257 2699 quatenus
3290 2629 3485 2685 lateret
3521 2630 3658 2686 cives
3686 2629 3762 2699 qui

2213 2715 2365 2771 nullo
2420 2717 2534 2772 sole
2562 2717 2897 2784 intermisso,
2928 2717 2984 2772 in
3021 2727 3233 2788 partem
3287 2719 3437 2775 illam
3462 2719 3635 2792 egredi
3664 2719 3764 2772 her-

2211 2805 2310 2863 bas
2364 2808 2602 2863 messuri
2658 2816 3055 2864 consueverant
3090 2824 3104 2861 :
3138 2808 3266 2865 inde
3316 2807 3422 2866 fuit
3457 2811 3601 2882 quod
3637 2809 3764 2865 clau-

2212 2906 2388 2954 strum
2419 2898 2553 2953 illud
2596 2899 2765 2954 subiit
2812 2908 3117 2957 nocturnus
3151 2918 3164 2954 :
3200 2901 3278 2956 illi
3307 2917 3438 2958 vero
3465 2901 3644 2958 nescio
3677 2916 3765 2971 quo

2211 2987 2461 3060 auspicio
2492 2988 2548 3043 in
2578 2988 2721 3045 hanc
2767 2989 2944 3060 ipsam
2999 2989 3371 3062 suspicionem
3423 2991 3591 3059 ducti,
3617 2991 3765 3062 primo

2212 3080 2301 3137 die
2323 3096 2530 3153 paucos
2576 3081 2726 3152 ipsos
2754 3096 2784 3136 a
2817 3082 2978 3154 longe
3006 3083 3266 3138 emittunt
3299 3099 3590 3150 messores,
3611 3091 3768 3154 quate-

2212 3187 2319 3227 nus
2344 3171 2448 3226 hoc
2493 3180 2704 3242 pateret
2752 3172 3026 3239 examine,
3053 3173 3101 3228 si
3131 3189 3302 3230 novas
3334 3173 3625 3230 formidare
3651 3172 3763 3228 insi.

524 3279 643 3319 sam
675 3262 925 3317 videlicet
951 3277 1048 3332 per
1066 3260 1356 3316 circuitum
1385 3259 1604 3315 ductam
1632 3268 1746 3313 tum
1771 3274 1885 3314 sua
1911 3275 2109 3314 conca-
2137 3244 2179 3303 θ
2211 3263 2331 3319 dias
2374 3263 2694 3318 debuissent
2722 3279 2734 3314 :
2766 3279 2876 3334 quo
2903 3263 3043 3331 viso,
3097 3273 3273 3321 nostri
3328 3281 3453 3321 mox
3482 3281 3540 3321 se
3570 3265 3770 3321 abscon-

524 3353 712 3410 vitatis
747 3352 1117 3423 depressione,
1170 3359 1287 3406 tum
1337 3349 1555 3421 ejectati
1584 3349 1796 3420 aggeris
1837 3349 2109 3404 arduitate

524 3447 694 3502 robur
721 3445 919 3515 duplex
949 3462 960 3498 ε
995 3459 1160 3513 super
1182 3443 1328 3497 hunc
1351 3457 1568 3514 quoque
1591 3439 1852 3497 fundatus
1879 3450 1963 3498 est
1988 3458 2110 3496 mu—

525 3555 622 3594 rus
654 3539 707 3591 in
737 3552 796 3592 se
819 3537 1042 3591 humilis
1066 3555 1080 3590 :
1113 3536 1206 3592 sed
1231 3535 1428 3590 tutoris
1452 3535 1535 3590 sui
1564 3534 1792 3590 audacia
1815 3535 2105 3605 superbus.

523 3627 620 3682 His
654 3628 767 3698 jam
811 3627 983 3698 magis
1012 3625 1296 3696 magisque
1322 3622 1486 3680 Turci
1515 3625 1776 3678 coarctati
1819 3623 2106 3695 angustiis,

521 3721 708 3774 minus
736 3727 789 3773 et
825 3719 1008 3773 minus
1035 3717 1231 3772 laedere
1270 3724 1522 3786 poterant
1551 3735 1564 3770 :
1593 3716 1796 3786 quippe
1836 3715 1994 3770 solita
2016 3731 2110 3770 va-

523 3813 686 3882 gandi
734 3811 952 3867 licentia
1009 3810 1242 3865 sublata.
1295 3808 1556 3864 Restabat
1598 3818 1781 3864 tamen
1817 3808 1870 3862 in
1907 3823 2107 3864 occasu

520 3914 681 3975 porta
736 3905 804 3958 ad
857 3903 1164 3959 nocendum
1217 3901 1426 3969 eﬂicax,
1471 3901 1540 3957 ad
1580 3902 1942 3958 obsidendum
1971 3901 2110 3957 diﬂi—

522 3995 666 4050 cilis.

892 4081 954 4136 L.
986 4111 1056 4121 —
1078 4080 1373 4152 Difﬁcultas
1413 4081 1720 4135 obsidionis.

592 4173 949 4230 Obsidionem
998 4174 1190 4228 media
1229 4173 1430 4228 montis
1485 4181 1538 4226 et
1565 4171 1808 4226 ﬂuminis
1841 4171 2108 4242 angustia

518 4265 883 4337 prohibebant
910 4281 926 4317 :
955 4265 1161 4320 eisdem
1182 4264 1460 4329 claustris,
1488 4263 1658 4317 altero
1685 4263 1900 4328 vadum,
1935 4263 2106 4320 altero

520 4359 842 4413 descensum
888 4356 1235 4427 negantibus,
1261 4355 1435 4424 ignari
1464 4353 1687 4408 advena
1738 4353 2104 4409 excludeban-

519 4459 632 4516 tur,
665 4449 817 4521 gnari
850 4449 1117 4520 indigena
1151 4446 1647 4502 transvadabantur
1682 4464 1694 4498 :
1722 4444 1867 4499 viam
1889 4461 2012 4516 qua
2036 4446 2105 4501 ad

519 4552 739 4614 portum
777 4541 1060 4598 descendit
1088 4542 1463 4604 observantes,
1489 4536 1803 4593 Christiano
1839 4538 2104 4608 sanguine

517 4631 834 4705 frequenter
865 4629 1247 4700 aspergebant.
1300 4627 1488 4697 Itaque
1508 4643 1618 4682 non
1657 4627 1762 4682 nisi
1791 4627 1846 4682 in
1874 4628 2010 4695 acie,
2035 4643 2095 4682 ea
2130 4621 2177 4676 Ι)

521 4733 701 4778 tamen
735 4722 1009 4777 interdum
1040 4735 1234 4791 parum
1265 4727 1406 4784 tuta,
1431 4726 1525 4773 aut
1552 4734 1584 4774 a
1614 4727 1772 4788 portu
1802 4718 1867 4773 ad
1893 4719 2101 4775 exerci-

517 4822 656 4880 tum,
681 4821 775 4867 aut
801 4812 870 4866 ab
897 4810 1142 4866 exercitu
1167 4810 1234 4865 ad
1263 4817 1478 4878 portum
1519 4817 1856 4865 transmeare
1882 4809 2100 4878 licebat,

517 4914 802 4975 tantopere
831 4903 1115 4958 obseratos
1137 4917 1390 4972 egressus
1418 4910 1585 4973 porta
1609 4901 1774 4956 unius
1803 4901 2103 4957 redimebat

515 4995 755 5052 licentia.
784 4993 922 5048 Huic
942 4993 1088 5048 malo
1118 4991 1433 5047 Tancredus
1458 4993 1757 5048 remedium
1784 4992 2100 5060 invenisset,

515 5087 660 5142 sicut
705 5085 975 5156 posterior
1025 5095 1252 5140 eventus
1314 5084 1622 5139 indicavit:
1676 5084 1771 5140 sed
1818 5084 2094 5139 manibus

515 5177 759 5249 prepior,
814 5175 1025 5246 primus
1063 5175 1256 5233 Turcis
1295 5176 1548 5232 obviabat
1577 5176 1903 5232 furentibus.
1947 5175 2094 5244 Qua-

515 5279 737 5341 propter
774 5268 998 5340 jejunus
1044 5269 1145 5326 sub
1189 5270 1303 5325 sole
1339 5269 1505 5338 diem,
1560 5278 1776 5325 noctem
1829 5270 1932 5324 sub
1969 5285 2094 5325 rore

511 5359 742 5432 pervigil
793 5359 1124 5430 transigebat
1153 5380 1166 5416 :
1196 5377 1340 5416 unus
1385 5361 1501 5432 ipse
1529 5369 1582 5415 et
1610 5361 1788 5416 adhuc
1843 5360 2094 5417 modicus

513 5451 684 5506 totius
702 5450 828 5504 belli
850 5451 1154 5508 sustinebat
1188 5468 1498 5509 occursum.
1529 5450 1705 5506 Tanto
1734 5451 1967 5522 denique
1989 5451 2093 5507 viri

515 5542 715 5598 sudore
736 5541 940 5612 repulsi
973 5543 1178 5612 hostes,
1211 5545 1326 5614 jam
1356 5536 1623 5601 lacessere
1656 5543 1950 5611 desistunt,
1975 5553 2095 5598 tur-

513 5633 668 5688 rihus
700 5642 757 5690 et
803 5633 1042 5689 latibulis
1087 5637 1344 5691 contenti.
1399 5637 1501 5703 At,
1554 5635 1788 5706 inquies,
1823 5634 2093 5692 Tancredi

513 5724 745 5780 audacia
769 5726 838 5779 ab
862 5724 1067 5781 domito
1088 5738 1209 5783 ortu
1255 5729 1398 5782 illico
1429 5729 1496 5783 ad
1529 5729 1851 5783 indomitum
1876 5744 1935 5783 se
1959 5744 2094 5784 con-

513 5818 675 5870 vertit
727 5832 1005 5884 occasum,
1037 5819 1143 5874 illic
1165 5820 1218 5873 in
1246 5836 1476 5875 occursu
1528 5820 1768 5875 hostium
1815 5821 2088 5874 inventam

2211 3354 2367 3423 dunt,
2410 3370 2513 3410 nec
2531 3355 2643 3410 exit
2664 3356 2960 3426 quispiam.
3006 3353 3258 3413 Redeunt
3302 3358 3487 3429 itaque
3517 3357 3674 3414 Turci
3691 3357 3767 3428 qui

2210 3450 2458 3506 exierant
2481 3451 2618 3505 intra
2649 3451 2875 3518 mania,
2906 3451 3058 3506 nullo
3088 3451 3289 3506 turbati
3313 3467 3591 3508 armorum
3612 3452 3769 3508 incur-

2212 3555 2276 3594 su
2305 3559 2318 3596 :
2361 3540 2612 3596 similiter
2636 3540 2724 3596 die
2767 3549 2988 3611 postera
3023 3550 3247 3608 exeunt,
3281 3543 3377 3598 sed
3428 3554 3482 3598 et
3509 3543 3700 3613 plures,
3727 3552 3769 3598 et

2211 3639 2393 3688 castro
2429 3632 2685 3702 propius;
2737 3631 2942 3688 fecerat
2988 3648 3084 3689 eos
3120 3633 3236 3705 jam
3275 3634 3507 3691 tutiores
3551 3635 3663 3691 dies
3691 3636 3771 3689 beo

2212 3733 2420 3792 sterna,
2440 3739 2563 3795 qua
2589 3724 2884 3780 transierat
2901 3733 3017 3781 tuta
3043 3726 3349 3798 hcrbilegos
3371 3728 3667 3784 incolumes
3684 3729 3766 3783 du-

2210 3831 2342 3872 cens
2365 3832 2430 3872 ac
2457 3818 2747 3873 reducens.
2787 3816 2941 3874 Tunc
2965 3819 3056 3873 vix
3086 3817 3406 3876 Tancredus
3428 3821 3614 3877 leones
3638 3820 3769 3876 cohi-

2209 3909 2322 3978 bet,
2350 3909 2482 3965 visis
2523 3925 2691 3981 prope
2716 3911 2910 3968 ovibus
2940 3920 3142 3968 astare.
3189 3932 3207 3966 ‹
3254 3911 3551 3982 Sustinete,
3595 3913 3770 3985 inquit,

2210 4000 2390 4056 adhuc
2416 4001 2686 4057 modicam
2711 4001 2853 4060 hanc
2875 4001 3170 4070 dieculam,
3191 4004 3296 4058 viri
3324 4003 3492 4060 fortes
3520 4024 3535 4060 :
3564 4021 3701 4070 cras,
3728 4004 3772 4057 ni

2209 4088 2391 4158 fallor,
2419 4091 2620 4147 incidet
2649 4093 2705 4147 in
2738 4093 2876 4147 retia
2904 4101 3093 4150 nostra
3123 4095 3303 4165 prada
3337 4096 3576 4152 uberior.
3614 4115 3631 4149 ι
3665 4096 3768 4150 Sic-

2209 4190 2271 4236 ut
2311 4184 2586 4253 pravidit,
2619 4185 2697 4240 sic
2751 4185 2948 4240 accidit
2982 4203 2994 4238 :
3029 4202 3157 4241 nam
3196 4188 3282 4244 bis
3317 4188 3432 4260 jam
3477 4199 3774 4261 pratentato

2209 4273 2383 4341 aditu,
2436 4283 2492 4329 et
2538 4274 2776 4330 biduana
2813 4277 2995 4332 herba
3036 4287 3342 4334 sustentata
3398 4282 3660 4351 penuria,
3704 4281 3774 4335 die

2209 4363 2367 4418 tertia
2426 4363 2556 4419 hinc
2604 4365 2704 4420 tuti
2754 4365 3128 4436 egrediuntur,
3182 4367 3312 4425 hinc
3357 4372 3564 4439 coacti;
3591 4383 3645 4427 et
3666 4371 3775 4442 quia

2208 4457 2464 4526 pr0piora
2507 4457 2627 4511 urbi
2659 4467 2816 4528 prata
2870 4470 3214 4516 messuerant
3245 4482 3258 4516 :
3296 4464 3425 4532 quia
3463 4465 3531 4519 de
3553 4463 3773 4519 Franco-

2207 4562 2330 4600 rum
2371 4549 2665 4617 prasentia
2708 4550 2888 4605 adhuc
2929 4551 3275 4620 hasitabant,
3305 4562 3360 4608 et
3381 4555 3546 4609 multi
3571 4565 3773 4619 exeunt,

2200 4648 2255 4693 et
2285 4637 2523 4695 Francos
2545 4649 2850 4695 transeunt.
2877 4639 3032 4696 Tunc
3059 4642 3234 4713 ruptis
3266 4644 3524 4701 claustris
3558 4644 3777 4700 Tancre-

2202 4727 2306 4784 dus
2334 4729 2570 4800 irruens,
2593 4731 2724 4800 quid
2751 4730 3038 4801 prudentia
3063 4733 3404 4805 audaciaque
3437 4735 3647 4806 juncta
3667 4750 3776 4808 pos-

2201 4827 2346 4886 sent,
2383 4819 2569 4875 subito
2613 4821 2852 4876 ostendit
2889 4838 2903 4874 :
2937 4822 3033 4892 qui
3079 4823 3134 4878 in
3186 4825 3396 4880 medios
3453 4824 3775 4898 irrumpens,

2200 4918 2354 4964 tanto
2401 4911 2616 4966 avidius
2672 4911 2730 4966 in
2786 4927 2882 4968 ore
2924 4912 3090 4984 gladii
3142 4928 3333 4970 omnes
3378 4915 3660 4984 absorbet,
3682 4932 3778 4988 quo

2201 5002 2384 5057 acrius
2410 5017 2602 5058 eorum
2627 5004 2838 5059 viscera
2871 5015 3173 5074 torrentur,
3201 5007 3405 5079 quibus
3433 5021 3684 5066 sustenta
3708 5022 3776 5066 est

2203 5092 2345 5148 inter
2369 5094 2563 5163 pocula
2603 5095 2724 5152 sitis
2749 5097 3025 5152 triduana.
3049 5095 3128 5153 Ne
3153 5098 3375 5172 longum
3408 5099 3614 5158 faciam
3653 5119 3777 5159 zea-

2203 5183 2283 5241 sis
2323 5187 2538 5243 circiter
2573 5189 2956 5260 septingentis,
3005 5207 3274 5248 casurum
3330 5195 3509 5266 capita
3563 5195 3782 5252 Tancre-

2201 5275 2304 5332 dus
2331 5277 2400 5332 70
2440 5279 2776 5350 Appodiensi
2827 5285 3150 5340 transmittit
3186 5285 3468 5356 episcopo,
3519 5288 3776 5345 decimam

2201 5367 2269 5422 de
2324 5368 2600 5439 triumpho
2653 5373 2900 5442 :quibus
2957 5375 3177 5443 oblatis,
3229 5376 3524 5447 episcopus
3574 5382 3778 5452 gemino

2201 5460 2512 5529 percellitur
2558 5464 2778 5533 gaudio.
2832 5464 2973 5520 Tum
3003 5467 3070 5522 de
3098 5467 3263 5522 amici
3290 5468 3551 5534 victoria,
3577 5481 3689 5526 tum
3720 5471 3778 5525 de

2202 5551 2305 5609 sibi
2330 5553 2592 5622 impensis
2622 5556 2676 5611 in
2707 5557 3031 5629 allegatione
3076 5561 3322 5615 muneris
3352 5561 3572 5618 honore
3606 5575 3661 5620 et
3679 5567 3780 5636 glo—

2202 5639 2305 5695 ria.
2360 5640 2562 5697 Eodem
2628 5645 2814 5716 itaque
2869 5659 3183 5704 remunerat
3227 5650 3497 5706 victorem
3563 5671 3780 5710 numero

2199 5733 2570 5800 marcharum,
2593 5746 2727 5806 quot
2769 5748 2822 5792 et
2847 5739 2963 5807 ipso
2985 5738 3220 5795 donatus
3277 5740 3458 5796 fuerat
3481 5746 3782 5801 cervicibus

2143 5879 2145 5881 ,
2199 5833 2624 5894 peremptorum.
2665 5827 2981 5885 Tancredus
3027 5846 3092 5884 eo
3125 5831 3356 5885 multum
3387 5833 3522 5889 aris
3549 5845 3783 5906 tempore
