3838 6306
143 338 224 396 529
635 370 653 379 A-
1374 343 1599 402 GESTA

1733 339 2002 407 NCREDL

3236 361 3348 430 550

139 449 528 512 commilitonibus
584 452 712 511 suis
754 452 1004 524 debebat,
1059 456 1114 512 in
1143 456 1336 515 loculis
1365 459 1501 516 nihil
1548 462 1650 516 ha-
1679 465 1727 523 Α
1751 463 2047 535 aliquando
2073 467 2198 537 quis
2232 467 2394 525 ducet
2419 470 2635 540 honori,
2674 474 2768 544 qui
2799 488 3040 535 armatos
3073 486 3194 536 tres
3228 461 3348 534 uno

139 549 256 606 beas.
300 545 542 602 Gaudium
591 545 773 617 igitur
800 557 855 606 ct
889 549 1172 605 exsultatio
1218 551 1477 608 comitata
1517 563 1646 610 sunt

137 636 386 708 pecuniam,
428 652 544 707 qua:
573 653 706 693 mox
745 639 940 696 ducem
967 641 1194 697 absolvit
1218 657 1250 699 a
1275 643 1478 712 debito,
1501 645 1645 700 mili-

133 740 311 799 tumque
334 727 555 798 inopiam
589 728 895 788 distributo
921 733 1176 790 relevavit
1202 744 1445 806 argento.
1483 735 1644 792 Forte

130 819 258 874 etiam
281 817 484 889 contigit
529 826 592 873 ut
635 820 875 878 missurn
903 838 933 878 a
957 824 1184 894 praesule
1221 826 1472 880 nuntium
1503 826 1644 882 alius

128 909 320 980 pratierit
356 925 458 964 non
503 910 743 984 missus;
772 928 884 984 quo
911 915 1115 984 audito,
1153 918 1338 974 statim
1371 918 1631 992 dispergi-

127 1011 209 1068 tur,
232 1000 358 1071 quod
384 1001 622 1057 nondum
675 1003 1008 1075 habebatur;
1040 1023 1168 1063 mox
1203 1009 1342 1066 alios
1363 1009 1519 1078 ditat,
1546 1011 1643 1082 qui

124 1092 266 1148 adhuc
279 1092 474 1166 egebat,
499 1093 574 1149 ita
595 1096 744 1151 enim
769 1097 983 1155 dicebat
1001 1099 1056 1156 in
1084 1103 1248 1158 corde
1278 1118 1380 1159 suo
1404 1119 1418 1156 :
1452 1121 1470 1156 ι
1500 1101 1644 1159 The-

122 1201 279 1242 caurus
299 1200 442 1242 meus
482 1185 593 1241 sint
617 1187 821 1245 milites
851 1189 986 1260 mei;
1015 1207 1206 1264 egeam
1240 1209 1342 1266 ego
1369 1195 1502 1250 dum
1539 1195 1642 1266 ipsi

119 1274 364 1342 abundent,
419 1289 529 1330 non
579 1277 848 1335 sollicitor
881 1279 1116 1348 habere;
1167 1283 1264 1339 sed
1313 1283 1644 1342 habentibus

117 1368 353 1436 imperare.
402 1362 642 1423 Onerent
679 1369 738 1424 hi
772 1382 998 1443 argento
1047 1375 1365 1446 marsupia;
1401 1392 1503 1449 ego
1546 1393 1644 1436 eos

114 1457 248 1522 curis,
271 1457 446 1524 armis,
489 1459 717 1527 sudore,
770 1471 1028 1532 tremore,
1054 1466 1343 1536 grandine,
1373 1469 1576 1540 pluvia.
1617 1489 1636 1522 ι

112 1547 230 1614 Quos
265 1556 432 1602 tamen
468 1549 558 1604 die
601 1550 782 1618 bellis,
809 1563 970 1611 nocte
996 1556 1198 1628 vigiliis
1241 1558 1499 1632 fatigatos
1527 1561 1644 1632 ipse

111 1637 264 1692 leniter
303 1639 653 1708 supportabat
694 1641 800 1697 vici
825 1643 1022 1699 debita:
1043 1646 1350 1714 subeundo,
1384 1664 1491 1719 qua
1522 1649 1643 1704 vul-

109 1744 188 1783 nus
228 1738 514 1796 excusaret,
547 1746 647 1787 seu
699 1733 929 1790 morbus
960 1754 974 1789 2
1003 1751 1162 1794 suam
1193 1753 1324 1795 vero
1358 1755 1639 1810 nunquam

1747 555 2013 624 perimere
2067 555 2270 629 impetu
2320 561 2472 617 ducit
2526 564 2764 634 pudori?
2809 566 2956 636 quod
3006 570 3054 624 si
3106 565 3338 638 religio;

1746 647 1980 702 monstri
2009 648 2186 705 simile
2215 652 2369 706 aiunt
2403 653 2580 722 pisces
2605 655 2708 711 sub
2743 666 2928 714 aratro
2956 668 3172 719 scatere
3203 679 3214 712 .'
3252 668 3342 718 ast

1743 751 1845 808 ego
1891 739 2050 811 longe
2082 744 2486 800 monstruosius
2525 754 2635 801 tam
2682 749 2940 819 cupidum
2984 752 3164 811 laudis
3220 750 3340 806 lau-

1744 828 1869 885 dem
1896 829 2104 903 fugere.
2150 832 2392 905 Denique
2432 844 2543 892 tam
2579 836 2922 896 clarissimus
2969 843 3190 900 bellator
3259 851 3341 898 tot

1744 921 1984 979 difﬁcilia
2017 940 2328 996 aggressus,
2367 936 2448 983 tot
2470 944 2661 999 aspera
2688 946 3004 1003 perpessus,
3043 943 3122 991 tot
3151 941 3338 993 certa-

1745 1015 1895 1070 mina
1913 1031 2324 1086 supergressus,
2351 1017 2507 1074 facile
2527 1020 2689 1076 tidem
2725 1021 2994 1093 impetret,
3023 1031 3329 1097 prazsertim

1743 1113 1926 1176 strage
1973 1105 2144 1161 armis
2201 1107 2402 1163 vicinia
2451 1110 2702 1179 testibus,
2761 1120 2888 1169 ante
2916 1116 3100 1172 omnia
3142 1117 3330 1190 lingua

1745 1196 1939 1268 ipsius,
1957 1198 2047 1280 cui
2077 1208 2134 1254 ut
2157 1200 2291 1254 nulli
2334 1201 2537 1258 certius
2574 1203 3328 1264 credebaturzverumtamen

1745 1288 1946 1344 latente
1982 1303 2150 1345 causa
2166 1289 2388 1346 efiectus
2413 1292 2609 1362 patuit,
2635 1309 2825 1365 causa,
2853 1296 3099 1370 inquam,
3126 1298 3327 1355 silentii

1743 1379 1970 1436 eliectus
2005 1381 2170 1439 caedis
2202 1382 2378 1452 patuit
2405 1383 2571 1440 etiam
2603 1385 2768 1459 longo
2795 1398 3041 1460 tempore
3095 1401 3219 1462 post
3248 1391 3328 1446 rei
3373 1450 3377 1454 ,

1744 1473 1936 1541 series,
1959 1484 2018 1531 ut
2046 1473 2330 1546 adjuratus
2351 1476 2588 1548 armiger
2612 1478 2757 1534 diem
2792 1479 2994 1536 silentii
3035 1483 3328 1553 complevit

1743 1563 2045 1636 praefixum.

1743 1677 1878 1736 Lill.
1902 1710 1973 1721 -
1992 1679 2708 1808 Christianorumbprgientia
2735 1685 2794 1738 in
2813 1685 2952 1740 dum
2974 1686 3072 1744 hac
3095 1695 3146 1742 et
3168 1687 3327 1760 longe

2382 1769 2414 1806 ο
2449 1770 2494 1807 δι
2537 1771 2674 1808 wne.

2382 1769 2674 1810 οοδιαιοηε.

107 1818 288 1874 dominii
302 1821 616 1912 reverentia
652 1822 896 1880 desidem
929 1823 1091 1896 fecit;
1122 1828 1254 1898 quin
1278 1828 1396 1900 ipse
1425 1839 1481 1886 et
1505 1845 1642 1886 sem-
1671 1820 1717 1876 Β
1815 1813 1999 1896 Monet
2052 1856 2140 1896 me
2169 1849 2384 1912 tempus
2433 1842 2500 1898 ad
2550 1843 2924 1901 intermissam
2975 1846 3150 1902 redire
3181 1846 3330 1902 obsi-

105 1925 177 1981 per
208 1910 439 1980 explebat
469 1928 657 1982 suam,
688 1924 744 1971 et
761 1931 876 1972 non
911 1918 1114 1987 solum,
1159 1929 1219 1976 ut
1255 1921 1635 1993 praescriptum

103 2009 179 2067 est,
197 2000 477 2071 supplebat,
514 2003 616 2060 sed
645 2015 700 2062 et
720 2008 1067 2080 praeripiebat
1091 2010 1347 2067 alienam.

102 2109 182 2167 ΠΙ.
205 2141 270 2152 --
288 2111 562 2186 Singulari
606 2120 895 2174 certamine
953 2120 1258 2178 Tancredus
1295 2133 1401 2179 tres
1439 2124 1636 2181 Turcos

712 2191 969 2260 confodit.

149 2271 276 2341 Quod
301 2275 426 2332 dum
456 2279 664 2350 saepius
693 2293 894 2354 ageret,
925 2285 1154 2358 contigit
1188 2296 1250 2343 ut
1301 2303 1414 2343 uno
1464 2289 1636 2344 comi-

97 2373 209 2422 tatus
229 2367 421 2424 Achate
439 2371 508 2426 ad
533 2373 923 2431 excubandum
947 2379 1316 2448 egrederetur,
1349 2380 1515 2437 lorica
1542 2398 1637 2452 ga-

95 2457 244 2530 leaque
309 2463 681 2532 cessantibus,
756 2467 1037 2526 accinctus
1092 2470 1272 2542 gladio
1333 2473 1633 2544 equitabat,

95 2565 199 2620 puer
219 2551 416 2608 hastam
437 2555 673 2625 gerebat
721 2566 776 2614 et
798 2559 1046 2631 clypeum
1071 2580 1084 2616 :
1117 2562 1247 2618 item
1277 2566 1474 2621 armati
1525 2573 1634 2622 tres

94 2642 382 2700 excubabant
413 2644 612 2714 Turci,
635 2665 777 2720 quos
803 2650 1108 2709 Antiochiae
1160 2663 1316 2726 porta
1341 2657 1630 2713 emiserat:

93 2733 298 2790 errabant
315 2745 496 2793 autem
536 2739 640 2795 alii
662 2741 898 2798 aliorum
937 2744 1146 2816 ignari:
1170 2762 1298 2802 nam
1327 2747 1634 2820 longiuscu-

93 2823 176 2880 lutn
200 2837 361 2884 castra
403 2830 475 2887 ab
521 2832 667 2888 urbe
714 2835 952 2906 spatium
998 2837 1324 2902 dirimebat;
1383 2839 1632 2909 frutices,

92 2917 388 2987 monticulos,
455 2923 745 2980 convalles
795 2926 1162 2998 interjiciens,
1215 2940 1371 3002 aptas
1418 2932 1633 2989 insidiis

91 3005 294 3067 latebras.
319 3011 637 3072 Atduobus
663 3025 774 3074 tres
794 3020 1107 3090 compertis,
1133 3022 1349 3079 irruunt
1388 3023 1444 3078 in
1468 3040 1631 3095 quem

90 3099 361 3159 alterutmm
395 3105 622 3163 irruant
646 3109 841 3180 ignari.
868 3109 1126 3178 Quinimo
1163 3113 1371 3180 miseri,
1414 3113 1620 3187 fugite:

90 3189 235 3263 ἷιιεὶιε,
262 3194 502 3267 inquam,
536 3172 813 3270 Castoris,
843 3172 1141 3275 Cvllarum,
1181 3172 1425 3279 Achyllis
1460 3172 1630 3262 fraxi-
1657 3172 1703 3235 ο

88 3287 479 3352 num;dextram
528 3291 814 3366 Meleagri,
873 3296 1088 3354 animos
1147 3297 1337 3372 Tydei,
1381 3298 1630 3358 Herculis

89 3375 324 3448 trinodem,
383 3383 580 3454 Ajacis
605 3388 1044 3458 septemplicem:
1073 3389 1189 3446 haec
1239 3391 1386 3446 enim
1445 3393 1630 3449 omnia

87 3482 216 3525 unum
244 3471 382 3530 hunc
427 3475 760 3533 bellatorem
792 3489 1042 3537 armant:
1067 3481 1273 3540 frustra
1299 3484 1627 3554 lacessitur;

86 3557 195 3614 ultro
225 3561 330 3633 ipse
350 3567 606 3622 occurrit
635 3570 892 3626 omnibus
919 3572 1007 3628 his
1031 3583 1299 3642 armatus,
1340 3591 1505 3647 quem
1545 3575 1630 3632 fu-

87 3664 181 3720 gere
203 3662 407 3710 cautum
452 3667 566 3727 est,
602 3671 924 3732 exspectare
968 3664 1220 3734 stultum,
1257 3666 1516 3738 impetere
1537 3667 1628 3723 fu-

86 3739 248 3800 riosum
284 3765 298 3802 :
338 3759 730 3808 verumtamen
767 3755 1031 3825 quoniam
1077 3757 1307 3814 invitum
1360 3759 1458 3830 qui
1515 3776 1630 3816 ser—

82 3843 164 3900 vat,
187 3837 310 3894 idem
339 3839 472 3897 facit
498 3844 781 3901 occidenti
802 3889 815 3901 .
847 3847 1042 3905 irruite
1071 3851 1262 3919 ocius,
1290 3860 1350 3907 ut
1391 3861 1630 3923 quanto—

84 3925 172 3982 cius
197 3935 488 3991 corruatis:
520 3937 770 3994 corruite
820 3940 1034 4008 subito,
1080 3951 1142 3996 ut
1201 3943 1441 4014 supersit
1479 3943 1626 3998 Illar-

82 4019 270 4079 chisides
292 4025 346 4080 in
377 4035 618 4084 zeteruo.
651 4027 756 4096 Qui
786 4045 1076 4088 occursum
1100 4034 1374 4106 aSpiciens
1402 4035 1629 4092 demen-

80 4117 179 4179 tem,
205 4115 541 4188 velociorem,
597 4129 658 4178 ut
684 4122 764 4190 fit,
814 4134 1031 4195 arrepta
1090 4125 1306 4181 fraxino
1359 4143 1626 4185 occurso-

78 4221 162 4264 κω
186 4215 458 4288 transfigit.
490 4216 653 4274 Pelta
683 4228 736 4276 et
758 4220 953 4278 thorax
983 4222 1122 4280 alios
1138 4224 1275 4279 tueri
1305 4225 1503 4294 solent,
1534 4227 1629 4283 sed

79 4302 146 4358 alii
163 4306 365 4390 objecta:
421 4311 766 4382 perfossori:
796 4315 885 4371 hic
918 4315 1197 4386 perfossor
1235 4318 1440 4373 nullam
1498 4319 1630 4376 sinit

76 4399 389 4459 esseloricam
410 4405 659 4474 ﬁdelem,
692 4407 899 4464 nullam
924 4424 1032 4465 non
1061 4408 1311 4467 fallacem
1341 4429 1356 4467 :
1395 4412 1484 4467 hic
1505 4427 1629 4482 per-

1739 1928 1980 1998 dionem,
2003 1939 2064 1986 ut
2096 1932 2181 1986 vel
2201 1933 2522 2002 quantulam
2552 1933 2620 1990 de
2651 1935 2852 1992 sudore
2897 1944 3050 1992 tanto
3099 1936 3193 2008 qui
3228 1953 3326 1992 su-

1743 2023 1934 2080 davere
1959 2024 2230 2095 accipiant
2252 2025 2557 2081 mercedem
2585 2046 2597 2082 :
2629 2044 2755 2082 nam
2812 2029 2868 2083 in
2920 2029 3041 2098 ejus
3082 2029 3326 2084 exercitu

1731 2116 1848 2188 jam
1904 2115 2017 2173 fere
2049 2118 2368 2174 octimensis
2414 2134 2569 2176 mora
2623 2120 2780 2175 multi
2834 2129 3056 2176 strenue
3114 2122 3323 2188 multa;

1736 2212 1974 2268 maxime
2006 2212 2244 2284 majores
2265 2211 2369 2282 viri
2391 2212 2600 2282 majora
2615 2211 2861 2267 fecerunt
2892 2231 2906 2267 :
2931 2212 3204 2268 socialiter
3227 2227 3328 2266 au-

1736 2309 1846 2357 tem
1876 2303 2098 2371 summi,
2134 2303 2458 2376 mediocres,
2514 2314 2569 2361 et
2617 2305 2710 2359 imi
2742 2306 2927 2377 gravia
2959 2306 3322 2376 pertulerunt,

1734 2394 1958 2464 famem,
1989 2406 2383 2464 terraamotum,
2411 2413 2678 2469 aquarum
2715 2397 3148 2465 inundationem,
3180 2397 3326 2455 aeris

1734 2499 1974 2548 terrores
2000 2491 2205 2555 varios,
2235 2491 2470 2562 impetus
2491 2504 2711 2560 quoque
2747 2505 2894 2544 nunc
2927 2487 3051 2544 caeli
3089 2488 3322 2554 ruentis,

1735 2598 1885 2639 nunc
1913 2582 2037 2639 belli
2063 2581 2368 2653 ingruentis
2395 2600 2408 2635 :
2444 2581 2692 2653 prodigia
2716 2595 2936 2652 quoque
2965 2589 3019 2635 et
3043 2579 3319 2634 visiones:

1736 2674 1822 2731 ha:
1846 2674 2033 2730 multis
2062 2674 2224 2740 clam,
2254 2674 2345 2729 illa
2369 2673 2582 2729 cunctis
2609 2673 2790 2744 palam
2840 2671 3057 2728 ccelitus
3106 2670 3326 2726 eliulse-

1733 2770 2151 2832 runtzquorum
2181 2762 2396 2834 singula
2427 2762 2474 2817 si
2517 2762 2633 2818 suis
2657 2762 2868 2829 ordine,
2902 2761 3085 2828 modo,
3136 2760 3323 2832 digni--

1735 2859 1847 2908 tate
1869 2852 2163 2925 explicem:
2189 2853 2355 2909 nimis
2384 2853 2600 2908 interim
2633 2853 2791 2908 sileat
2833 2851 3148 2908 Tancredus
3180 2851 3326 2907 sicut

1735 2943 1937 3014 quietis
1967 2943 2221 3014 scriptor,
2253 2944 2328 2999 ita
2357 2944 2575 2999 silentio
2606 2943 2884 3016 indignus.
2919 2942 3092 2999 Porro
3124 2943 3321 3017 cymba

1735 3042 1924 3090 nostra
1956 3051 2078 3091 sero
2108 3036 2291 3090 veniat
2319 3036 2372 3090 in
2395 3045 2634 3108 portum,
2660 3037 2707 3092 si
2738 3037 2872 3092 tanti
2925 3036 3192 3108 procellas
3222 3052 3321 3107 pe-

1734 3126 1843 3200 lagi
1880 3128 2091 3183 sulcare
2111 3128 2428 3200 aggrediar:
2461 3129 2586 3199 quis
2608 3129 2754 3183 enim
2776 3129 2843 3184 de
2880 3127 3157 3185 Godefridi
3189 3128 3322 3183 viri-

1733 3219 1838 3274 bus
1860 3221 2141 3290 stupendis
2187 3229 2502 3292 praesumat,
2531 3221 2690 3292 cujus
2719 3237 2850 3278 ense
2879 3222 3140 3293 trajectus
3173 3219 3321 3275 Tur-

1734 3324 1832 3364 cus
1861 3309 1970 3364 duo
2008 3307 2184 3366 factus
2211 3318 2297 3365 est
2333 3307 2528 3364 Turci:
2555 3318 2614 3363 ut
2639 3306 2864 3366 inferior
2886 3311 3022 3366 alter
3045 3310 3100 3364 in
3125 3308 3319 3364 urbem

1731 3400 2019 3471 equitaret,
2050 3402 2186 3457 alter
2236 3403 2546 3458 arcitenens
2575 3401 2631 3455 in
2677 3400 2900 3458 flumine
2951 3409 3183 3458 nataret.
3208 3400 3322 3455 Aut

1731 3493 1857 3564 quis
1885 3493 2014 3549 illud
2050 3493 2345 3551 Raimundi
2379 3497 2542 3569 digne
2571 3497 2893 3564 admiretur,
2924 3494 3072 3564 quod
3118 3492 3320 3562 saepius

1733 3585 2042 3640 occurrenti
2070 3583 2376 3642 Antiochiae
2404 3587 2556 3642 solus
2587 3587 2808 3653 restitit,
2851 3585 2996 3656 quod
3037 3583 3314 3640 interdum

1731 3675 1930 3744 fossas,
1956 3678 2226 3734 interdum
2251 3693 2440 3735 muros
2469 3693 2877 3750 supergressam
2898 3677 3128 3732 viriliter
3151 3693 3319 3746 repu-

1730 3766 1827 3823 lit:
1853 3768 1964 3823 imo
1984 3769 2128 3840 quod
2158 3770 2310 3825 nullo
2338 3771 2611 3826 exercitus
2629 3769 2824 3826 remoti
2874 3769 3047 3825 fretus
3087 3770 3316 3838 auxilio,

1730 3868 1951 3930 pontem
1993 3860 2226 3917 obsedit.
2282 3859 2473 3918 Nonne
2509 3861 2626 3917 sola
2672 3860 3046 3930 Flandrigena:
3091 3858 3316 3915 Roberti

1730 3951 1918 4007 lancea
1975 3951 2324 4026 singulariter
2358 3968 2521 4009 suum
2577 3952 2886 4022 expostulat
2960 3951 3321 4022 scriptorem?

1731 4059 1893 4116 quem
1914 4045 2045 4101 dum
2076 4045 2410 4117 quotidianis
2454 4044 2721 4101 mortibus
2760 4044 3111 4100 Antiochiam
3157 4044 3316 4111 ditat,

1731 4137 2048 4208 quotidiana
2080 4153 2264 4195 comes
2298 4153 2441 4209 equo
2459 4146 2809 4210 pauperatur,
2842 4146 2904 4192 ut
2958 4138 3166 4194 scilicet
3210 4136 3316 4192 fal-

1731 4227 1877 4283 lente
1910 4229 2170 4284 damnum
2209 4229 2405 4285 ardore
2457 4229 2658 4298 laudis,
2723 4229 3020 4301 aliquando
3078 4229 3313 4300 principi

1731 4327 1885 4374 tanto
1913 4319 2127 4376 deesset
2145 4337 2342 4392 equus,
2377 4322 2482 4377 nisi
2507 4331 2850 4379 succurreret
2880 4322 3100 4378 vicatim
3154 4337 3312 4377 men-

1731 4409 1966 4468 dicatus.
2026 4411 2379 4468 Deferebatur
2430 4413 2604 4483 pelvis
2652 4415 2838 4485 patula
2887 4431 2982 4486 per
3033 4414 3312 4484 tabernas,

78 4500 230 4546 eusser
243 4493 307 4550 de
332 4497 487 4565 galea
511 4496 655 4554 facit
690 4500 933 4570 mitram,
979 4501 1048 4558 de
1091 4503 1281 4575 clypeo
1315 4504 1538 4575 pallam,
1563 4505 1630 4562 de
1659 4513 1708 4575 ι)
1733 4519 1899 4574 quam
1921 4519 2036 4560 rem
2059 4505 2376 4561 miserantia
2398 4506 2722 4576 supplebant
2742 4507 2938 4577 comiti,
2957 4522 3180 4576 equum,
3199 4522 3319 4578 ma-

76 4580 256 4642 thoraee
281 4589 648 4660 subuculam;
693 4592 936 4664 perforat
977 4595 1214 4667 denique
1271 4605 1332 4653 ut
1367 4597 1542 4653 linum
1563 4598 1631 4654 li-

75 4687 225 4744 gnum,
260 4688 318 4735 ut
352 4683 669 4739 cannabem
695 4684 964 4757 calybem,
987 4694 1050 4742 ut
1096 4687 1299 4755 lanam,
1329 4687 1623 4744 lammam:

74 4763 302 4834 sedprimi
332 4773 579 4840 medius,
628 4789 763 4831 nece
793 4783 1088 4847 conspecta
1111 4817 1127 4844 ,
1186 4777 1247 4832 fit
1295 4779 1540 4835 tardior:
1568 4787 1628 4836 ut

75 4858 303 4926 tardioris,
314 4863 496 4920 ultimi
519 4865 774 4923 subsidio
794 4866 1096 4924 fulciretur.
1124 4867 1312 4924 Infelix
1342 4870 1438 4940 qui
1462 4870 1628 4928 modo

73 4947 283 5008 velociori
306 4971 653 5024 praecursum
678 4958 994 5016 invidebas:
1029 4973 1179 5016 nunc
1195 4962 1467 5033 segnioris
1493 4962 1624 5018 bea-

75 5045 160 5091 lam
192 5044 404 5111 praefers
432 5047 793 5116 tarditatem;
824 5058 880 5104 et
907 5049 960 5104 id
1011 5058 1196 5107 tamen
1251 5049 1492 5108 frustra:
1524 5052 1623 5108 uni

71 5129 294 5200 siquidem
340 5139 621 5197 debentur
666 5141 873 5197 dextra;
927 5142 1086 5199 velox
1122 5153 1177 5199 et
1215 5144 1426 5211 tardus,
1479 5161 1626 5202 unus

73 5221 232 5314 Quinte
267 5232 460 5288 ambos
487 5233 839 5314 aggrediens,
901 5234 1067 5305 hujus
1121 5236 1301 5291 adhuc
1349 5236 1628 5292 obviantis

72 5311 262 5374 frontem
283 5311 552 5392 dissecat,
583 5325 733 5383 illius
760 5325 945 5398 fugam
991 5336 1145 5398 tergo
1176 5327 1324 5384 sistit
1373 5328 1622 5398 trajectu.

74 5402 154 5461 Sed
190 5421 265 5467 est
317 5417 467 5485 quod
514 5425 792 5489 stupeam,
838 5435 939 5476 nec
965 5419 1100 5475 satis
1129 5420 1340 5476 valeam
1370 5432 1621 5491 stupere:

72 5504 169 5548 cum
203 5498 360 5555 homo
387 5510 504 5558 tam
538 5506 811 5573 pretiosus
831 5504 1011 5562 laudis
1035 5514 1271 5576 emptor,
1310 5522 1438 5562 mox
1479 5522 1624 5577 prae-

75 5588 211 5645 sentis
243 5607 336 5650 osa
382 5596 649 5667 armigeri
685 5597 903 5654 silentio
941 5599 1277 5656 concluserit
1325 5599 1619 5671 adjurato:

73 5678 294 5750 Dudum,
346 5703 415 5742 an
449 5687 671 5759 religio,
722 5703 792 5743 an
843 5689 1136 5745 adhibendi
1159 5689 1285 5745 fidei
1325 5689 1622 5748 difﬁdentia

71 5777 220 5826 causa
238 5771 457 5846 fuerint,
493 5791 738 5850 prorsus
756 5779 950 5851 ignoro
976 5795 1136 5836 :uam
1174 5780 1219 5837 si
1249 5781 1428 5851 pudor
1451 5798 1466 5849 ;
1489 5781 1621 5854 quid

1732 4595 1931 4652 cellum
1981 4611 2049 4652 ex
2086 4612 2352 4668 caupona.
2383 4595 2559 4653 Porro
2598 4597 2730 4669 quid
2759 4597 2936 4654 simile
2989 4598 3066 4652 illi
3119 4597 3321 4653 saecula

1729 4697 1921 4746 nostra
1941 4689 2215 4758 viderunt,
2243 4690 2390 4761 quod
2404 4688 2628 4746 ducenti
2655 4688 2869 4744 circiter
2884 4689 3202 4744 semiermes
3224 4702 3315 4753 xv,

1729 4779 1900 4834 millia
1948 4787 2188 4836 armatos
2240 4794 2368 4850 pars
2444 4778 2622 4850 major
2696 4778 2921 4833 asinarii
2964 4775 3318 4842 caballarios,

1729 4869 1972 4941 languidi
2017 4868 2274 4942 fugavere
2310 4869 2607 4926 robustos?
2663 4869 2823 4939 cujus
2863 4867 3104 4923 Victoriae
3144 4865 3320 4921 fertur

1728 4962 2002 5019 Bleseusis
2022 4976 2206 5019 eomes
2235 4962 2345 5020 dux
2366 4961 2538 5018 fuisse
2563 4959 2858 5018 Godefrido
2884 4959 3320 5031 Boamundoque

1727 5055 1971 5112 sociatus
1989 5097 2003 5110 .
2037 5055 2180 5110 unde
2207 5055 2676 5126 septingentorum
2704 5059 2848 5108 eteo
2892 5051 3129 5122 amplius
3162 5051 3317 5122 capi—

1729 5155 1847 5204 tum
1901 5148 2204 5219 asportatio
2269 5147 2610 5204 Antiocheno
2674 5145 2988 5217 spectaculo
3039 5142 3183 5200 facta
3234 5154 3320 5202 est

1730 5240 2027 5296 ostentatio
2092 5239 2361 5311 lugubris,
2435 5240 2578 5295 inter
2633 5255 2756 5310 qua:
2831 5237 3108 5309 sigillatim
3179 5238 3318 5309 palis

1728 5331 1907 5399 affixa,
1939 5340 2203 5405 quantam
2230 5337 2390 5401 putas
2413 5329 2546 5386 illud
2571 5330 2815 5388 Blesensi
2867 5329 3048 5402 gladio
3082 5329 3314 5400 gloriam

1728 5423 1988 5496 contulit,
2037 5422 2197 5493 cujus
2235 5423 2520 5478 oculorum
2571 5423 2832 5481 distantia
2887 5425 3125 5497 semipes
3170 5424 3316 5480 fuit?

1729 5513 1933 5570 Horum
1958 5523 2019 5570 ut
2044 5514 2156 5569 dixi
2182 5515 2266 5570 via
2303 5515 2558 5572 centifida
2591 5517 2790 5574 iterum
2816 5534 2905 5574 me
2930 5527 3169 5582 revocat,
3211 5531 3310 5571 ne-

1725 5603 1855 5659 dum
1885 5603 2114 5675 singulis
2134 5602 2492 5674 vagabundus
2512 5604 2764 5662 insistam
2787 5625 2802 5674 ;
2826 5623 2856 5662 a
2880 5617 3059 5678 coepto
3096 5605 3313 5660 tramite

1723 5695 1915 5752 devius
1946 5695 2214 5750 aberrem.
2247 5692 2540 5752 Celebrent
2567 5711 2700 5754 suos
2746 5696 3101 5764 Normannia,
3144 5694 3307 5749 Flan-

1728 5785 1871 5855 dria,
1911 5784 2200 5855 Robertos,
2252 5785 2501 5858 reliquos
2548 5787 2716 5845 duces
2738 5789 2990 5844 occidens
3031 5787 3276 5856 reliquus
3295 5799 3312 5860 :g
