3838 6306
546 361 644 445 ssi

1112 355 1204 413 AD
1234 350 1677 415 GODEFRIDUM
1718 351 2006 408 aenean.
2042 350 2104 407 ιι.
2141 382 2210 391 -
2246 349 2519 407 nonum.
2557 350 2645 404 ne
2682 351 2905 406 suae
2944 352 3187 408 saeuo.
3660 318 3742 415 δη

542 470 681 526 mihi
704 488 847 527 unus
881 470 1235 526 Marchisides
1256 468 1469 534 sufﬁcit,
1519 466 1608 522 cui
1637 481 1743 519 non
1783 464 1994 521 sufﬁcio
2030 463 2114 519 vel
2143 464 2185 522 Α
2213 472 2593 535 corrogantur,
2625 463 2681 519 in
2715 466 2873 535 equis
2894 465 3106 521 obviam
3137 464 3453 537 profecturi.
3472 464 3538 523 'In
3564 470 3651 527 his
3677 484 3740 529 ιι-

542 571 707 619 totus.
739 561 964 634 Ignosce
994 561 1166 617 Gallia
1209 558 1567 630 scriptoribus
1600 556 1774 620 dives,
1815 556 1973 626 juvat
2025 570 2114 609 me

541 652 881 708 Antiocheno
905 666 1100 707 vacare
1126 648 1376 721 principi,
1397 652 1665 717 prasente
1690 659 1776 700 me
1800 653 1950 715 gesta
1975 644 2111 699 libe—

539 743 658 799 rius
698 743 1003 813 persolvam
1044 741 1257 796 debitor
1297 735 1573 794 creditori.
1624 734 2012 791 Verumtamen
2046 748 2113 789 ne

541 836 689 890 nulla
717 836 855 892 bene
882 834 1103 889 meritos
1132 830 1403 887 silentium
1436 843 1619 884 meum
1648 827 1897 883 mercede
1926 841 2102 882 remu-

541 934 713 995 neret,
758 924 1200 996 compendiosum
1235 920 1514 992 quippiam
1564 919 1805 974 conabor
1848 919 2115 989 perstrin-

539 1035 685 1090 gere,
709 1019 852 1090 quod
875 1016 1142 1088 scriptura
1154 1013 1444 1085 posteritas
1463 1011 1744 1084 prolixiori
1773 1011 1950 1067 valeat
1974 1010 2113 1083 styln

538 1110 827 1181 explicare.

678 1200 681 1203 λ
753 1197 885 1253 LIV.
906 1229 978 1240 —
997 1196 1190 1253 Graves
1219 1197 1568 1255 obsidentium
1598 1197 1877 1268 angustia.

604 1285 775 1358 Igitur
803 1302 833 1341 a
859 1287 1038 1343 tribus
1058 1288 1235 1343 ventis
1264 1287 1397 1342 urbe
1430 1286 1674 1353 obsessa,
1725 1286 1924 1342 Auster
1979 1282 2113 1340 solis

535 1377 744 1433 nullum
781 1377 1029 1449 perﬂavit
1061 1368 1479 1443 obsesssorem;
1532 1379 1587 1433 in
1618 1378 1786 1434 latere
1835 1377 1930 1432 illo
1976 1375 2112 1432 nihil

533 1469 843 1536 humidum,
876 1470 1013 1525 nihil
1042 1471 1295 1541 planum,
1350 1485 1473 1541 qua
1500 1470 1916 1525 incommoditas
1958 1485 2112 1525 com-

532 1560 693 1615 moda
726 1560 938 1617 civibus
981 1561 1259 1617 clausorcs
1295 1562 1545 1628 exclusit,
1587 1562 1806 1617 clausos
1854 1560 2108 1617 absolvit.

532 1649 684 1706 Illinc
714 1651 949 1721 insidia,
985 1644 1136 1709 illinc
1159 1653 1282 1708 duri
1305 1653 1606 1709 viatoribus
1647 1658 1945 1720 oceursus;
1982 1667 2108 1709 cum

533 1750 627 1799 aut
665 1742 953 1814 egrediens
980 1742 1227 1805 Francds
1258 1745 1512 1799 victualia
1549 1753 1844 1815 quareret,
1891 1755 1986 1801 aut
2025 1745 2109 1801 in-

2214 571 2338 612 men
2384 555 2525 611 asini
2570 556 2712 611 bona
2767 573 2896 627 pars
2947 559 3200 629 supplent
3232 559 3424 615 vicem
3480 575 3737 631 equorum:

2214 663 2342 702 nam
2372 646 2513 702 forte
2544 663 2734 718 equos,
2772 665 2904 720 gens
2943 659 3130 705 nostra
3160 649 3235 705 nil
3273 651 3379 706 tale
3406 651 3578 717 veriti,
3622 654 3742 725 longe

2214 739 2477 794 miserant
2514 738 3135 811 frumentatum.lgitur
3182 749 3292 796 tam
3338 740 3495 795 exilis
3532 759 3741 800 numerus

2214 828 2504 885 adversum
2536 829 2845 900 quindecim
2893 831 3087 897 millia,
3114 831 3257 886 sicut
3304 832 3375 886 ab
3432 831 3516 886 his
3550 833 3634 902 qui
3672 835 3741 888 ad-

2215 918 2437 975 fuerunt
2466 920 2651 989 didici,
2687 922 2757 977 ad
2776 923 3131 993 pugnandum
3172 922 3478 993 egreditur:
3509 921 3634 976 mira
3660 940 3737 978 au-

2213 1011 2393 1067 dacia!
2460 1013 2745 1083 saclisque
2794 1014 3052 1069 omnibus
3124 1012 3496 1089 pradicanda!
3548 1013 3597 1067 in
3650 1030 3747 1084 pro:

2214 1102 2396 1159 cinctu
2436 1103 2542 1161 hoc
2587 1105 2755 1161 duces
2804 1103 2975 1161 fuisse
3019 1114 3397 1160 memorantur
3445 1104 3742 1171 Godel'ridus,

2213 1193 2584 1264 Boamundus,
2614 1195 2888 1253 Blescnsis
2915 1196 3258 1268 Stephanus:
3314 1197 3352 1251 ii
3407 1212 3530 1252 cum
3565 1200 3626 1252 ad
3649 1215 3744 1253 eum

2213 1286 2521 1354 venissent,
2549 1303 2711 1358 quem
2749 1296 3006 1358 corrupte
3039 1288 3234 1358 vulgus
3258 1296 3479 1357 pontem
3505 1286 3641 1341 Ferri
3670 1292 3746 1357 pro

2214 1373 2419 1447 Farfar
2440 1386 2736 1449 nuncupat,
2764 1378 2900 1433 visis
2946 1379 3088 1432 ultra
3132 1377 3327 1448 procul
3377 1376 3634 1441 hostibus,
3663 1394 3744 1434 non

2215 1476 2422 1523 restant
2460 1479 2520 1524 ut
2548 1469 2743 1537 timidi,
2796 1477 3087 1525 transeunt
3132 1478 3192 1524 ut
3240 1469 3487 1534 timendi,
3538 1470 3745 1538 praecedit

2212 1558 2588 1630 Boamundus,
2618 1562 2972 1632 subsequitur
2996 1559 3349 1628 Codefridus,
3371 1560 3427 1615 in
3455 1561 3674 1616 subsidio
3686 1572 3747 1616 est

2215 1649 2547 1722 Stephanus.

2317 1742 2451 1799 LVI.
2482 1774 2555 1785 —-
2585 1742 2773 1799 Hostes
2810 1744 3193 1815 aggrediuntur
3213 1743 3373 1813 pauci
3401 1750 3451 1796 et
3475 1742 3663 1813 fugant.

532 1797 1039 1904 ventauregrediens
1066 1835 1301 1891 atl‘erret.
1330 1835 1535 1892 Tantus
1558 1797 1809 1907 populus,
1830 1797 1929 1893 ,tot
1977 1852 2107 1908 gen-
2140 1797 2181 1858 θ
2279 1833 2609 1891 Mouticulus
2654 1797 2939 1902 transiet
2984 1848 3152 1904 prope
3204 1797 3427 1904 paritem
3464 1797 3747 1902 indplanitie

532 1932 635 1989 tes,
658 1931 740 1978 tot
766 1925 934 1980 millia
966 1927 1137 1983 multo
1169 1926 1481 1998 indigebant
1523 1944 1739 1998 pecore,
1788 1929 1961 1984 multa
2014 1944 2105 1985 ce-

531 2029 672 2071 rere.
700 2012 876 2086 Syria,
909 2016 1133 2090 Cylicia,
1176 2016 1382 2082 Bodus,
1413 2017 1628 2089 Cyprus
1667 2018 2105 2089 opulentissima,

533 2106 779 2176 quadam
813 2106 1021 2174 insula,
1059 2106 1306 2179 quadam
1333 2123 1498 2181 regna
1539 2110 1836 2165 exercitum
1867 2108 2104 2177 alebant,

530 2196 625 2251 sed
648 2212 809 2266 parce
832 2205 1011 2253 tamen
1040 2217 1052 2252 :
1084 2199 1209 2255 licet
1235 2198 1391 2267 Chio,
1426 2197 1613 2268 Samo,
1636 2199 1818 2269 Creta,
1841 2199 2103 2269 Mitilena,

527 2287 761 2358 aliisque
794 2288 952 2346 fama
980 2290 1208 2348 minoris
1233 2306 1371 2362 pene
1396 2291 1886 2351 innumerabilibus
1910 2293 2107 2351 insulis

526 2377 745 2447 adiuta.
796 2378 1000 2435 Aderat
1044 2380 1393 2451 imperatoris
1428 2382 1602 2438 Alexii
1646 2399 1844 2454 praco,
1893 2384 1989 2456 qui
2037 2384 2105 2441 ad

528 2471 952 2539 comportandas
976 2481 1187 2542 segetes
1215 2481 1362 2529 terra
1388 2474 1638 2544 marique
1657 2475 1890 2546 papulas
1936 2489 2103 2547 urge-

522 2559 635 2614 bat.
659 2558 913 2631 Caperat
940 2579 1065 2619 cum
1087 2565 1281 2639 hyeme
1310 2565 1545 2633 obsidio,
1566 2582 1666 2637 per
1691 2582 1855 2637 quam
1887 2568 2104 2624 evoluta

521 2653 809 2710 universos
846 2654 1291 2727 hiemis‘pertulit
1321 2658 1612 2724 horrores;
1673 2673 1829 2729 aqua
1876 2658 2100 2725 diluvia,

520 2760 669 2801 nunc
688 2746 892 2815 subita,
918 2763 1065 2804 nunc
1094 2748 1374 2816 continua,
1437 2757 1622 2804 tantos
1666 2749 1790 2805 cali
1835 2752 2104 2821 terraque

518 2845 733 2906 motus;
787 2848 842 2895 ut
897 2840 1079 2902 soluto
1128 2841 1520 2903 elementorum
1586 2823 1820 2917 laedere,
1872 2843 1989 2905 bac
2032 2850 2099 2905 ad

520 2948 738 2993 summa
760 2952 1007 3012 surgere,
1038 2937 1171 2991 illud
1216 2926 1285 2994 ad
1343 2938 1451 2993 ima
1496 2954 1755 2995 corruere
1801 2940 2095 2997 videretur.

518 3024 656 3083 Nam
685 3027 815 3098 quid
867 3029 935 3085 de
963 3029 1294 3097 turbinibus,
1319 3029 1452 3101 quid
1498 3029 1567 3085 de
1615 3041 1903 3087 ventorum
1947 3032 2099 3088 rabie

519 3117 697 3174 dicam
720 3117 744 3171 ?
772 3116 884 3175 lllls
904 3119 1302 3189 grassantibus,
1336 3136 1439 3176 nec
1463 3121 1755 3177 tentorium
1778 3122 1975 3191 stabat,
1996 3139 2099 3180 nec

518 3204 787 3275 mappale,
810 3205 901 3262 vix
930 3207 1194 3277 palatium
1216 3224 1313 3265 seu
1343 3209 1534 3266 turris.
1560 3209 1803 3267 Durabat
1835 3213 1940 3269 sub
1972 3218 2099 3284 jove

514 3294 670 3365 juxta
704 3310 828 3350 cum
858 3296 1013 3368 plebe
1048 3298 1339 3366 nobilitas,
1370 3299 1549 3356 hiems
1587 3301 1768 3357 neutri
1805 3303 2094 3372 parcebat:

516 3394 669 3442 tanto
692 3394 872 3443 tamen
912 3390 1182 3446 nobilitati
1204 3392 1473 3463 aSperior,
1524 3401 1732 3464 quanto
1773 3403 1858 3449 est
1907 3394 2098 3450 durior

516 3475 756 3533 rusticus
778 3478 970 3547 milite,
1004 3478 1265 3535 laborifer
1291 3479 1541 3537 delicato.
1574 3480 1677 3538 Tot
1703 3483 1972 3553 procellas
2001 3499 2095 3540 so-'-

516 3566 696 3622 ciahat
718 3569 950 3637 esuries,
980 3570 1217 3626 esuriem
1242 3586 1392 3628 mors
1416 3591 1430 3628 :
1464 3588 1613 3629 mors
1635 3574 1838 3644 passim
1868 3574 2096 3632 habenis

513 3656 655 3714 laxis
676 3668 729 3714 et
761 3660 1013 3717 homines
1059 3663 1443 3732 praecurrebat,
1492 3672 1546 3719 et
1593 3664 1857 3721 bellorum
1902 3667 2093 3723 solatia

512 3764 710 3820 equos,
733 3766 921 3807 rarum
947 3762 1066 3809 erat
1115 3755 1171 3809 in
1218 3757 1415 3814 castris
1468 3759 1764 3828 stabulum,
1805 3763 1893 3818 cui
1922 3761 2094 3820 fames

515 3852 711 3893 novem
770 3840 1020 3910 sublatis,
1086 3844 1359 3901 decimum
1409 3847 1736 3919 reliquisset.
1799 3850 2092 3909 Armorum

515 3929 786 4001 quidquid
827 3932 956 4019 ferri
992 3945 1109 3991 erat
1141 3945 1195 3992 et
1247 3939 1454 4012 calybis
1494 3943 1833 4013 corripuerat
1876 3946 2091 4018 rubigo,

513 4019 734 4091 clypeos
767 4021 1084 4079 dimiserant
1103 4026 1242 4081 clavi
1262 4035 1317 4083 et
1346 4030 1531 4098 coria;
1564 4031 1754 4099 hasta,
1804 4033 1949 4089 sella
1976 4050 2094 4090 ma-

512 4112 675 4168 teries
723 4112 919 4185 lignea,
955 4130 1254 4185 paucorum
1308 4129 1467 4175 erant
1508 4121 1749 4192 integra,
1797 4123 2091 4181 multorum

512 4212 757 4271 resarta,
783 4207 1059 4264 nullorum
1081 4209 1295 4277 lucida,
1326 4211 1716 4267 nonnullorum
1745 4215 1944 4270 nulla:
1974 4215 2093 4273 sine

513 4297 697 4352 nervis
719 4300 986 4357 vacabant
1014 4317 1197 4369 arcus,
1225 4310 1280 4358 et
1314 4303 1434 4358 sine
1458 4302 1819 4361 arundinibus
1846 4307 2087 4378 sagitta;

512 4386 753 4458 undique
787 4390 994 4461 inopia,
1017 4391 1258 4464 undique
1281 4392 1587 4461 calamitas,
1610 4394 1853 4467 undique
1877 4396 2089 4454 desola-

508 4478 605 4534 tlo.

756 4573 867 4630 LV.
909 4603 963 4617 -
987 4575 1129 4630 Mira
1161 4573 1586 4631 Christianon
1608 4577 1825 4647 ﬁducia.

576 4666 725 4721 Dura
752 4668 869 4723 hac
896 4668 1062 4723 nimis
1092 4677 1145 4722 et
1164 4668 1363 4735 tristia,
1390 4683 1516 4723 cum
1547 4668 1729 4725 subito
1753 4669 1937 4741 gravia
1961 4686 2086 4742 gra-

506 4756 666 4812 vibus
693 4760 1063 4825 cumulantur,
1100 4757 1424 4814 succedente
1438 4756 1706 4827 Piscibus,
1732 4759 1934 4827 Ariete,
1963 4776 2089 4817 vere

486 4838 676 4903 hiemi
720 4849 878 4920 cujus
907 4849 1170 4919 temporis
1195 4848 1362 4903 herba
1388 4848 1669 4905 Medorum
1689 4849 2089 4923 Persarumque

505 4956 678 5011 equos
723 4941 865 4997 bello
911 4941 1265 5011 redintegrat.
1319 4938 1604 5010 Improvisi
1656 4941 1855 4998 adsunt
1899 4942 2085 5011 Turci,

504 5048 770 5088 numerus
806 5024 1121 5099 multus,'et
1164 5032 1310 5088 vires
1334 5032 1401 5088 ad
1442 5033 1625 5102 praelia
1662 5044 1883 5105 parata.
1915 5034 2087 5106 Prope

502 5122 616 5191 jam
644 5120 891 5186 aderant,
930 5121 1019 5177 die
1044 5122 1236 5177 eadem
1287 5131 1383 5178 aut
1428 5124 1662 5179 subituri
1722 5124 1945 5191 mania,
1994 5135 2088 5181 aut

503 5218 687 5266 castra
718 5209 1013 5281 irrupturi,
1060 5228 1184 5269 cum
1232 5229 1421 5269 rumor
1459 5217 1797 5284 prannntius
1849 5216 2085 5285 advolat,

504 5298 762 5368 quirem,
788 5309 851 5355 ut
889 5310 1037 5368 erat,
1082 5303 1269 5373 pandit
1317 5303 1665 5362 Christianis.
1712 5306 1876 5361 Addit
1919 5308 2085 5362 etiam

504 5401 661 5443 more
683 5403 805 5458 suo,
832 5399 887 5446 et
913 5391 987 5447 de‘
1001 5394 1215 5465 magnis
1240 5396 1450 5466 majora
1475 5397 1739 5467 loquitur.
1763 5397 1902 5455 Hinc
1921 5399 2084 5455 exciti

503 5477 686 5533 Latini
720 5495 972 5551 proceres
992 5484 1211 5541 obviare
1232 5497 1443 5556 parant,
1482 5489 1631 5560 quod
1666 5498 1845 5545 tamen
1872 5490 2084 5547 dilIicil-

504 5568 719 5638 limum,
749 5571 862 5627 imo
902 5575 1061 5645 quasi
1090 5577 1163 5632 ob
1189 5578 1314 5633 vita
1345 5578 1502 5633 tadia
1535 5580 1589 5634 in
1647 5588 1878 5635 mortem
1926 5580 2085 5636 ruere

503 5660 684 5733 potuit
726 5664 1004 5722 astimari.
1028 5666 1184 5724 *Nam
1228 5669 1297 5725 de
1349 5677 1501 5725 tanto
1542 5686 1792 5738 numero,
1822 5672 1889 5727 de
1914 5672 2083 5727 tantis

480 5750 743 5810 -militum
793 5758 888 5828 qui
950 5761 1141 5816 urbem
1202 5762 1528 5818 obsederant
1575 5763 1783 5835 copiis,
1838 5764 1927 5819 vix
1975 5764 2083 5820 200

2204 1934 2402 1994 exstat,
2430 1927 2533 1982 sub
2558 1926 2677 1997 ipso
2706 1935 3021 1997 exspectant
3057 1926 3252 1994 nostri,
3310 1940 3409 1996 per
3460 1926 3621 1995 ipsam
3652 1942 3749 1995 qua:

2203 2019 2541 2089 amplissima
2563 2027 2647 2075 est
2671 2017 2835 2075 Turci
2866 2018 3194 2074 advolitant:
3226 2026 3608 2089 prospexerant
3629 2019 3745 2072 enim

2204 2120 2424 2167 nostros
2444 2125 2477 2165 a
2505 2110 2686 2183 longe,
2712 2110 2894 2166 mirati
2914 2126 3021 2181 qua
3048 2110 3246 2165 ﬁducia
3277 2126 3412 2180 gens
3432 2118 3543 2165 tam
3566 2110 3747 2165 modica

2203 2209 2423 2273 pontem
2460 2209 2881 2258 transmearent.
2928 2200 3022 2256 Illa
3044 2209 3226 2257 autem
3279 2202 3627 2256 transmeatio
3661 2211 3745 2255 tam

2202 2293 2442 2363 prudens
2476 2308 2641 2364 quam
2702 2292 2900 2359 audax,
2946 2308 3206 2364 magnum
3257 2293 3490 2349 incussit
3523 2300 3746 2347 terrorem

2204 2383 2476 2452 hostibus,
2513 2391 2940 2455 nostrorumque
2967 2384 3319 2455 paucitatem,
3363 2384 3604 2455 plurima
3631 2386 3747 2437 inul-

2201 2473 2453 2531 titudinis
2476 2473 2733 2545 opinione
2770 2473 3088 2530 cumulavit.
3120 2472 3246 2529 Ideo
3293 2473 3462 2529 Turci
3507 2488 3623 2528 cum
3669 2489 3749 2542 ap-

2201 2566 2459 2636 propiant
2504 2564 2776 2632 substant,
2804 2572 3109 2621 metuentes
3149 2580 3217 2620 ne
3258 2581 3419 2620 mons
3438 2566 3750 2635 praescriptus

2201 2671 2407 2727 paucos
2427 2656 2756 2724 ostenderet,
2801 2657 3004 2713 multos
3025 2656 3421 2713 absconderet:
3463 2657 3633 2727 ipsum
3666 2657 3748 2711 hoc

2201 2748 2520 2805 simulantes
2546 2748 2909 2805 Christicola.
2934 2749 3120 2805 hastas
3152 2750 3368 2805 vexillis
3407 2759 3631 2815 armant,
3658 2750 3748 2805 sin-

2200 2840 2324 2917 gula
2356 2839 2583 2918 singulis
2629 2848 2901 2916 aptantes,
2939 2840 3098 2912 quasi
3124 2848 3205 2897 tot
3244 2842 3506 2897 abderent
3539 2843 3746 2913 agmina,

2199 2936 2345 3007 quod
2368 2936 2661 3007 proderent
2691 2937 2888 2992 vexilla
2914 2955 2928 2992 :
2952 2951 3188 3007 moxque
3216 2933 3627 3000 uibil'cnnctati,
3654 2948 3750 2987 cre-

2198 3028 2302 3085 ctis
2317 3029 2513 3095 hastis,
2550 3028 2642 3084 tali
2665 3027 2852 3085 hostes
2874 3034 3193 3099 perturbant
3218 3028 3447 3098 impetu,
3492 3044 3551 3081 ac
3574 3027 3616 3081 si
3665 3025 3749 3080 lal-

2200 3134 2399 3176 conum
2435 3119 2593 3175 turba
2637 3117 2835 3175 fulicas
2867 3119 3188 3190 impetisset.
3229 3115 3419 3189 Surgit
3454 3117 3643 3187 pulvis,
3680 3130 3751 3169 sn-

2200 3222 2333 3269 nant
2354 3228 2527 3280 arma,
2549 3213 2765 3286 ungula
2795 3198 3171 3284 perstrepunt,
3201 3213 3464 3283 clangunt
3500 3210 3747 3273 buccina,

2199 3304 2343 3359 oculi
2374 3303 2697 3376 caligantur,
2732 3318 2897 3361 aures
2920 3312 3136 3371 vacant,
3169 3305 3333 3359 corda
3376 3304 3611 3359 hostium
3655 3311 3751 3356 stu-

2196 3406 2345 3468 pent,
2370 3407 2431 3454 ut
2452 3398 2607 3469 plura
2635 3397 2861 3454 timeant
2888 3412 2919 3453 e
2948 3397 3173 3453 latebris
3199 3412 3423 3469 surgere
3446 3396 3748 3451 Francorum

2197 3491 2390 3557 millia,
2419 3506 2584 3561 quam
2604 3489 2841 3547 viderint
2874 3490 3090 3546 vexilla.
3130 3488 3287 3546 Dictu
3309 3489 3558 3544 mirabile
3574 3497 3625 3544 et
3650 3498 3750 3542 tan-‘

2197 3597 2363 3652 quam
2412 3597 2444 3636 a
2496 3581 2601 3637 llde
2640 3582 2907 3637 alienum!
2970 3591 3123 3653 terga
3167 3580 3496 3651 quantocius
3540 3586 3746 3643 vertunt,

2196 3673 2488 3729 multitudo
2530 3681 2703 3741 tanta,
2747 3672 2940 3744 paucis
2987 3671 3054 3728 de
3102 3671 3309 3728 Christi
3347 3686 3572 3727 numero
3610 3671 3750 3726 amisé

2196 3765 2294 3833 sis,
2358 3765 2567 3836 majore
2637 3765 2691 3821 in
2744 3765 2833 3821 his
2880 3763 3115 3821 Gunano
3185 3765 3388 3821 comite
3440 3761 3748 3827 Britannico,

2194 3856 2289 3927 qui
2314 3856 2513 3912 animis
2549 3854 2885 3923 furentibus,
2925 3872 3040 3911 uno
3086 3864 3375 3913 contentus
3424 3858 3594 3921 socio,
3625 3854 3754 3908 Ῥεῖ·

2194 3962 2382 4003 sarum
2440 3946 2739 4003 exercitum
2798 3946 3012 4018 primus
3087 3947 3344 4004 invadere
3410 3946 3749 4019 prasampsit.

2194 4037 2350 4095 Illius
2378 4038 2513 4094 mihi
2528 4039 2684 4110 juxta
2717 4047 2938 4109 pontem
2963 4038 3017 4095 in
3058 4039 3147 4094 via
3171 4040 3335 4111 longo
3382 4048 3624 4111 tempore
3650 4044 3754 4108 post

2198 4137 2455 4185 ostensus
2482 4136 2568 4185 est
2584 4130 2847 4197 tumulus,
2873 4137 3138 4200 quantum
3167 4129 3342 4197 licuit,
3385 4137 3448 4184 ut
3482 4129 3654 4201 gentis
3684 4134 3754 4180 est

2191 4221 2388 4292 pietas,
2410 4236 2545 4279 saxo
2571 4231 2627 4278 et
2644 4238 2807 4279 cruce
2826 4224 3133 4280 decoratus.
3161 4222 3267 4278 Sed
3294 4223 3475 4294 adepti
3493 4221 3754 4279 victoriam

2192 4311 2413 4382 Franci,
2450 4312 2634 4386 fugam
2679 4322 3105 4386 persequuntur,
3140 4315 3290 4371 brevi
3330 4326 3511 4371 tamen
3561 4315 3754 4370 instan-

2191 4405 2326 4460 tiam
2351 4405 2569 4477 longam
2598 4396 3015 4476 prohibentibus
3053 4407 3300 4478 equitum
3331 4407 3577 4473 raritate,
3607 4416 3756 4475 equo;

2118 4486 2165 4543 Ῑ)
2190 4510 2312 4551 rum
2369 4496 2644 4565 tarditate,
2706 4504 3064 4568 utrorumque
3114 4497 3316 4553 inedia.
3387 4495 3655 4553 Referunt
3701 4492 3754 4548 ad

2190 4593 2373 4643 castra
2410 4586 2626 4659 signum
2653 4588 2898 4644 victoria
2927 4586 3031 4642 700
3057 4587 3223 4643 cadis
3255 4587 3512 4644 exercita
3561 4586 3755 4656 capita:

2190 4677 2344 4748 prius
2370 4684 2556 4732 tamen
2599 4678 2862 4748 pradicto
2909 4677 3129 4747 comite,
3179 4678 3459 4749 sociisque
3503 4674 3757 4748 martyrii.

2186 4775 2455 4838 proutres
2478 4767 2621 4834 tulit,
2645 4768 3000 4838 consepultis.
3020 4767 3137 4836 Illa,
3160 4769 3209 4824 si
3233 4769 3483 4836 memini,
3512 4769 3637 4824 luce
3661 4767 3760 4821 hac

2189 4854 2331 4911 facta
2383 4864 2539 4922 sunt,
2579 4872 2687 4927 qua
2734 4855 3055 4912 Latinorum
3098 4872 3234 4929 gens
3269 4857 3451 4913 ventri
3501 4866 3561 4913 et
3597 4855 3761 4912 carnis

2187 4947 2370 5004 edulio
2391 4949 2669 5005 studiosus
2693 4949 2994 5021 indulgent,
3036 4949 3221 5006 cinere
3250 4948 3491 5007 vertices
3548 4949 3606 5004 in
3651 4961 3760 5001 cra.

2188 5040 2333 5095 stino
2352 5040 2651 5110 aspersuri.
3606 5088 3611 5093 .

2188 5128 2346 5185 LVII.
2357 5130 2615 5185 -Patria
2630 5133 2867 5187 auctoris
2881 5131 3042 5204 hujus
3055 5132 3316 5189 historia.
3336 5132 3537 5190 Fames
3558 5135 3617 5189 in
3631 5132 3758 5186 urbe.

2257 5220 2377 5278 Nox
2415 5238 2655 5294 sequens
2695 5224 2892 5279 robore
2933 5223 3183 5279 horribili
3219 5224 3424 5280 calum
3476 5222 3684 5286 iniecit,
3711 5228 3763 5272 ut

2186 5313 2282 5382 qui
2321 5312 2378 5368 in
2417 5314 2700 5370 occidente
2748 5313 2913 5384 positi
2955 5322 3277 5381 cernerent;
3333 5315 3527 5370 oriens
3575 5318 3761 5385 pugnat

2186 5404 2332 5460 illico
2367 5406 2687 5461 clamarent.
2748 5404 2867 5460 Vidi
2921 5413 3137 5476 egomet
3187 5405 3412 5476 signum
3464 5405 3609 5460 illud
3650 5416 3758 5457 cum

2186 5495 2366 5551 adhuc
2399 5494 2455 5551 in
2493 5504 2719 5565 paterna
2747 5496 2913 5552 domo
2939 5494 3170 5551 Cadumi
3191 5494 3646 5551 adolescentulus
3674 5491 3758 5545 dc-

2184 5601 2390 5658 gerem,
2442 5587 2687 5642 nondum
2732 5588 2867 5643 mibi
2903 5586 3022 5643 visa
3063 5602 3161 5643 seu
3210 5594 3343 5641 nota
3384 5586 3500 5643 nisi
3557 5583 3762 5641 nomine

2184 5686 2345 5733 tenus
2373 5678 2696 5733 Antiochia:
2721 5679 2817 5734 sed
2861 5694 2962 5735 nec
2990 5677 3184 5734 Roma.
3218 5675 3572 5748 Stupuerunt
3621 5670 3761 5729 multi

2189 5771 2284 5825 illo
2308 5771 2447 5839 viso,
2479 5771 2574 5842 qui
2615 5784 2814 5827 omnes
2845 5772 2968 5843 uno:
2987 5786 3083 5828 ore
3103 5769 3305 5827 bellum
3336 5769 3685 5828 indixerunt
3706 5780 3761 5821 ac
