3838 6306
120 384 202 444 535
1347 393 1572 450 GESTA
1613 393 1975 469 ramosam.
2022 361 2030 369 ’

3195 368 3308 485 55'.

121 495 382 569 sanguinem
409 514 420 549 :
450 494 558 570 sed,
585 500 830 570 reversis
852 501 916 557 ad
948 503 1096 577 socia
1125 519 1275 560 arma
1295 506 1616 574 victoribus,
1649 512 1692 570 Α
1724 506 1882 574 ducis
1925 507 2120 564 civitas
2159 528 2172 565 :
2214 525 2376 582 porro
2421 511 2614 568 Emma
2653 525 2708 571 et
2744 517 2984 588 Harena,
3016 521 3300 584 Taneredo

117 591 241 646 allata
262 587 384 658 palis
414 589 580 659 capita
619 590 938 663 inﬁguntur,
970 595 1077 665 pali
1110 598 1299 653 tellure
1343 607 1467 654 ante
1493 616 1618 656 mu-

116 697 188 736 ros
219 681 265 734 in
293 690 561 750 conspectu
604 681 850 740 hostium
907 687 1170 744 seriatim.
1207 689 1486 748 Inventum
1536 701 1621 749 est

114 789 245 831 unum
289 772 416 828 inter
456 784 645 830 etetera
671 786 728 832 et
775 778 878 834 hoc
904 781 1218 838 memoriale
1259 784 1326 839 ab
1351 786 1510 840 oculo
1548 786 1620 841 ad

113 866 285 922 oculum
318 857 1052 940 semipedalem'distantiam
1093 873 1320 932 habens.
1368 876 1621 933 Clamant

110 957 180 1028 qui
205 956 426 1026 inﬁgunt,
483 961 857 1028 spectantibus
901 963 968 1019 de
1004 967 1181 1022 muris
1220 967 1462 1024 civibus:
1492 985 1619 1033 ecce

109 1063 202 1118 spes
226 1056 402 1115 vestra,
433 1063 556 1104 ecce
588 1051 755 1108 mina:
776 1062 986 1123 vestrae,
1002 1071 1128 1113 ecce
1155 1059 1418 1117 adversus
1448 1060 1619 1117 Fran-

105 1155 177 1196 cos
197 1139 318 1196 rires
337 1151 645 1212 cormgatae,
671 1145 860 1201 eadem
894 1147 1048 1204 vobis
1075 1149 1344 1220 stipendia
1372 1167 1618 1210 reserva-

104 1249 214 1298 mus,
260 1234 438 1288 similis
474 1237 654 1292 exitus
709 1239 916 1296 similes
969 1252 1168 1309 manet,
1220 1243 1418 1302 inclusi
1461 1247 1615 1316 estis,

101 1336 242 1394 erepta
265 1335 341 1378 est
375 1324 518 1398 fuga,
565 1340 890 1401 consumpta
927 1331 1113 1400 Ceres,
1152 1333 1325 1392 fames
1373 1337 1614 1407 inducta,

100 1417 352 1470 subsidium
377 1418 710 1489 ademptum,
735 1423 958 1480 adversa
983 1428 1188 1482 omnia.
1233 1427 1363 1486 Viso
1397 1432 1616 1487 audito-

98 1523 178 1577 que
208 1507 335 1578 quod
359 1520 640 1584 gesserant
670 1511 884 1583 Franci,
922 1533 989 1572 ac
1023 1519 1306 1577 dixerant:
1333 1521 1476 1578 Urbs
1510 1533 1618 1580 tre-

95 1599 214 1668 pltat,
235 1616 323 1655 nec
351 1601 413 1656 de
438 1612 639 1658 caetero
677 1605 821 1661 sicut
861 1609 1014 1678 prius
1060 1621 1245 1681 portas
1288 1615 1482 1685 aperit,
1536 1626 1617 1672 ta-

95 1691 226 1746 bescit
266 1691 314 1746 in
338 1692 498 1761 fame,
522 1695 673 1767 luget
694 1702 748 1754 in
773 1701 997 1771 timore;
1043 1704 1095 1759 in
1156 1706 1258 1762 hac
1296 1723 1390 1764 ver
1437 1712 1614 1766 conti-

93 1797 222 1836 mium
252 1784 545 1842 calamitate
601 1791 935 1862 transigunt,
976 1795 1133 1864 panis
1185 1797 1422 1868 inopiam
1449 1817 1614 1858 verna

92 1873 206 1943 copia
239 1871 512 1933 frondibus
535 1873 992 1952 herbisquemore
1028 1889 1297 1956 pecudum
1351 1892 1610 1950 levantes.

92 1963 206 2020 Tunc
232 1965 538 2036 Cassianus,
578 1971 684 2027 hoc
716 1983 833 2029 erat
859 1977 1122 2049 principis
1156 1981 1354 2037 inclusi
1393 1999 1614 2052 nomen,

90 2056 155 2110 dat
171 2057 403 2125 edictum,
434 2069 489 2115 et
516 2063 618 2131 qui
647 2074 961 2122 scrutentur
981 2069 1165 2136 mittit,
1200 2081 1259 2126 ut
1283 2074 1426 2143 apud
1453 2090 1616 2146 quem

88 2150 239 2204 civium
259 2151 593 2208 inveniretur
629 2171 872 2226 annona;
919 2159 1202 2218 dimidiam
1247 2164 1363 2234 ipse
1411 2167 1477 2222 ad
1515 2183 1616 2224 cu-

87 2240 190 2294 riam
214 2242 462 2311 mitteret;
500 2245 571 2302 de
612 2248 824 2319 reliquo
849 2259 909 2305 ut
923 2263 1127 2322 posset,
1157 2255 1324 2310 vitam
1349 2267 1616 2315 sustenta-

88 2342 160 2386 ret.
198 2334 406 2403 Civitas,
469 2338 581 2394 hoc
651 2342 856 2410 audito,
893 2360 1056 2416 grave
1110 2345 1317 2416 ferunt,
1384 2351 1618 2407 tolerant

87 2432 253 2481 nmen:
285 2442 558 2484 annonam
593 2431 902 2501 dimidiant,
939 2436 1044 2492 hoc
1079 2439 1246 2494 curiae
1296 2441 1427 2498 illud
1459 2444 1612 2512 vitae;

85 2516 250 2587 mitigat
282 2517 540 2586 damnum
599 2539 734 2580 usus
789 2525 904 2596 ipse
957 2527 1318 2598 damnorum,
1377 2535 1614 2592 maxime

84 2609 194 2676 quod
226 2609 546 2670 bellatricem
608 2632 831 2674 manum
878 2629 1129 2692 sumptus
1178 2623 1268 2679 ille
1324 2626 1469 2683 alere
1514 2628 1612 2685 de-

81 2700 220 2756 bebat.
951 2697 955 2701 ’

132 2793 280 2850 LW].
316 2828 386 2838 -—
413 2800 582 2856 Multi
621 2801 780 2859 duces
811 2805 875 2860 ab
901 2806 1171 2864 obsidione
1197 2823 1534 2870 recesserunt.

131 2885 488 2946 Abscesserant
510 2893 730 2950 interea
755 2911 820 2951 ex
851 2898 1046 2956 castris
1073 2903 1224 2958 exosi
1248 2905 1406 2960 taedio
1435 2906 1610 2960 comi-

83 2984 140 3066 tes
174 2975 420 3037 Blesensis
453 2982 510 3037 in
533 2983 830 3055 Cyliciam,
866 2987 1176 3047 Laodiciam
1226 2992 1613 3066 Normannns;

81 3064 297 3128 Blesensis
349 3072 636 3132 Tharsum
678 3079 750 3134 ob
797 3082 1096 3136 remedium
1131 3087 1416 3154 egestatis,
1472 3064 1614 3144 Nor?

1723 600 2052 670 serviebant,
2077 618 2311 674 eumque
2345 606 2432 662 his
2459 608 2631 663 multa
2659 619 2715 664 et
2745 612 2992 679 proxima
3028 618 3224 672 castris
3245 629 3301 675 et
3347 635 3352 642 ‘

1723 689 2022 750 uberrima.
2053 691 2172 763 Ipse
2201 696 2412 765 primus
2439 697 2825 756 adventaverat
2855 705 3120 772 omnium,
3158 709 3302 764 sicut

1673 844 1679 849 ,
1721 795 1888 851 supra
1939 787 2259 854 memoravi,
2309 803 2615 857 praecursor
2643 807 2809 861 :-qu:e
2843 798 3138 864 praecursio
3167 798 3300 854 illud

1719 873 1870 945 vulgi
1910 874 2105 934 effectu
2142 892 2244 956 suo
2281 881 2630 949 corroborat,
2659 884 2751 954 qui
2783 886 2995 960 primus
3033 889 3298 958 nascitur,

1720 963 2210 1036 primuspascitur;
2243 985 2370 1024 nam
2397 971 2489 1026 ubi
2512 971 2687 1028 fames
2711 973 3000 1041 increbuit,
3026 977 3139 1046 ipse
3159 993 3297 1048 Opu-

1669 1112 1673 1116 ,
1719 1055 1899 1112 lentus
1924 1057 2198 1114 neminem
2231 1060 2299 1115 de
2323 1061 2638 1120 domesticis
2682 1063 2797 1121 suis
2819 1082 2848 1120 a
2893 1083 3082 1121 mensa
3108 1070 3300 1123 exclu-
3355 1108 3359 1110 -

1669 1219 1674 1225 ι
1721 1147 1815 1217 sit,
1839 1150 2044 1206 multos
2070 1150 2139 1206 ab
2162 1152 2286 1207 aliis
2313 1154 2566 1212 exclusos
2593 1157 2832 1228 suscepit
2861 1173 2925 1213 ac
2947 1156 3099 1213 fovit.
3134 1158 3301 1216 .Vallis

1719 1241 1878 1297 Doxa
1919 1242 2302 1300 Boamundum
2334 1247 2550 1316 alebat,
2586 1266 2708 1319 quae
2747 1251 2940 1307 merito
2964 1251 3069 1308 tale
3107 1253 3299 1310 sortita

1718 1342 1802 1390 est
1839 1350 2059 1402 nomen,
2099 1337 2145 1392 si
2176 1338 2396 1397 quidem
2451 1341 2568 1410 ipsa
2622 1343 2762 1398 inter
2804 1353 3029 1399 cmteras
3075 1345 3299 1398 vallium

1719 1424 1891 1496 gloria
1933 1429 2227 1494 messibus,
2251 1429 2446 1496 vineis,
2496 1432 2806 1501 arboribus,
2856 1435 2988 1489 rivis
3014 1437 3297 1501 exuberat,

1719 1525 1779 1572 ut
1807 1518 2109 1588 antiquitus
2154 1520 2354 1591 Dapne,
2381 1523 2528 1593 quod
2566 1524 2708 1594 apud
2739 1524 2960 1582 Grmcos
3004 1529 3298 1584 amoenitas

1719 1619 1877 1665 sonat
1900 1611 2006 1666 dici
2041 1623 2361 1682 mereretur,
2391 1615 2695 1674 Antiochiae
2723 1619 2975 1690 contigua
3011 1622 3080 1676 ab
3110 1632 3300 1678 austro

1717 1715 1916 1773 magno
1942 1701 2173 1774 indiguit
2217 1712 2415 1771 tutore,
2450 1707 2544 1775 qui
2575 1709 2814 1764 esuriem
2855 1711 3062 1766 civium
3110 1729 3300 1769 arcere

1722 1794 1992 1852 sufﬁceret
2040 1812 2071 1850 a
2109 1797 2264 1867 copia
2317 1799 2725 1856 alimentorum.
2777 1800 3059 1858 Habebam
3107 1813 3162 1858 et
3205 1805 3298 1860 alii

1721 1893 1996 1964 principes
2021 1894 2125 1950 alia
2151 1895 2378 1966 oppida,
2415 1912 2649 1967 quorum
2677 1900 2996 1955 memoriam
3031 1901 3146 1956 dies
3178 1902 3300 1955 lon~

1719 2001 1818 2056 gos
1844 1986 2043 2042 delevit
2077 2007 2090 2043 :
2126 2005 2232 2043 non
2273 1989 2471 2044 delevit
2516 1998 2696 2046 tamen
2752 1991 3062 2048 Raimundo
3114 1992 3300 2048 comiti

1715 2075 1984 2144 Rubeam,
2039 2077 2278 2148 Rufum,
2324 2079 2591 2148 Arcican,
2643 2081 2944 2153 Belmesyn,
3005 2084 3302 2154 municipia

1718 2168 1969 2225 servisse.

2021 2261 2133 2317 LX.
2158 2293 2229 2302 —
2261 2261 2447 2319 Gravis
2472 2265 2526 2318 in
2546 2267 2780 2321 exercitu
2809 2265 2995 2335 futues.

1791 2353 1883 2410 Sic
1919 2354 2179 2425 primates
2227 2357 2564 2426 provinciam
2609 2366 3034 2428 occupaverant.
3083 2359 3182 2413 Ast
3207 2358 3301 2413 alii

1718 2442 1879 2500 fama:
1913 2446 2169 2514 minoris,
2207 2448 2335 2502 licet
2366 2465 2576 2520 magna:
2615 2450 2784 2512 multa
2824 2450 3052 2520 penuria
3096 2450 3299 2506 allicie-

1719 2536 1916 2592 bantur
1944 2555 1956 2591 :
1979 2539 2236 2608 quoniam
2250 2539 2468 2608 quidem
2483 2556 2582 2596 nec
2603 2542 2762 2596 exire
2776 2557 2944 2608 mors,
2966 2556 3066 2596 nec
3080 2557 3302 2596 manere

1721 2625 1896 2683 fames
1922 2629 2151 2699 gemina:
2173 2631 2332 2699 quasi
2367 2629 2486 2685 sine
2515 2632 2694 2687 medio
2733 2632 3004 2704 angustiae
3028 2633 3298 2701 populum

1695 2717 2084 2792 vdimittebant.
2113 2719 2442 2776 lnduxerant
2465 2722 2610 2777 enim
2634 2721 2832 2778 famem
2864 2739 3016 2778 mora
3040 2723 3228 2793 longa,
3249 2730 3304 2775 et

1726 2812 1959 2882 populus
1984 2812 2228 2868 inﬁnitus
2256 2832 2270 2882 ;
2305 2829 2470 2884 porro
2501 2830 2610 2869 non
2641 2825 2756 2870 erat
2779 2816 2896 2870 dies
2922 2815 3019 2884 qui
3047 2814 3304 2868 obsiden-

1725 2902 1858 2958 tium
1885 2918 2046 2958 aures
2069 2903 2136 2958 de
2164 2919 2508 2974 egressorum
2541 2905 2608 2958 ad
2633 2905 2886 2959 vietualia
2909 2920 3038 2958 nece
3062 2919 3171 2957 non
3193 2911 3304 2956 ter—

1725 3000 1865 3048 reret
1909 2993 2092 3048 audita
2127 3011 2139 3046 :
2171 2994 2445 3064 principes
2483 3003 2664 3050 tamen
2709 3010 2854 3050 nunc
2895 2995 3003 3061 hic,
3037 3010 3184 3056 nunc
3214 2994 3303 3047 ille

1721 3085 1962 3140 vicissim
1988 3085 2298 3156 praesidium
2322 3086 2624 3142 viatoribus
2653 3085 2919 3152 ferebant,
2945 3085 3217 3140 interdum
3247 3096 3302 3140 ct

82 3153 265 3233 manuus
288 3164 352 3254 ad
378 3165 738 3238 Anglos,spe
758 3153 1346 3245 dominationisaAngli
1379 3193 1445 3233 ea
1479 3188 1616 3234 tem-
1644 3193 1688 3254 ς
1720 3178 1823 3248 ipsi
1868 3153 2122 3248 praesidio
2154 3187 2375 3250 egentes
2413 3195 2426 3231 :
2473 3196 2598 3234 nam
2648 3195 2812 3248 supra
2866 3187 3163 3233 memorata
3209 3177 3300 3234 illa

80 3260 240 3317 prstate
282 3253 606 3312 Laodiciam
665 3261 939 3329 tenebant,
973 3263 1124 3319 missi
1175 3265 1244 3319 ab
1292 3266 1618 3337 imperatore

80 3344 230 3410 tutela;
283 3350 435 3418 cujus
497 3351 658 3430 ﬁnes.
696 3369 867 3425 vagus
921 3358 1282 3426 populabatur
1322 3351 1616 3429 exercitus,

81 3431 209 3502 ipsam
229 3455 435 3511 quoque
457 3459 598 3498 eum
623 3444 878 3501 violentia
914 3448 1216 3520 irrumpere
1245 3460 1534 3520 tentantes,
1563 3454 1616 3508 in

80 3525 154 3580 bac
171 3528 434 3588 formidine
449 3534 634 3608 Angli
663 3548 988 3595 assertorem
1010 3553 1206 3598 vocant
1240 3545 1616 3615 praescriptum

80 3619 301 3690 comitem,
337 3626 646 3680 consilium
689 3627 846 3683 ﬁdele
890 3645 955 3685 ac
1007 3633 1267 3701 prudens.
1321 3633 1472 3691 Fidei
1516 3634 1620 3690 fuit

80 3709 244 3764 ﬁdelem
295 3715 521 3771 domino
573 3733 685 3772 suo
729 3719 939 3788 virum,
993 3723 1081 3778 cui
1133 3739 1192 3779 se
1245 3726 1621 3797 manciparent

77 3803 308 3874 aSciseere,
329 3807 464 3880 jugo
489 3809 870 3869 Normannico
895 3831 954 3870 se
977 3817 1407 3885 substraxerant,
1439 3820 1620 3876 denuo

77 3895 286 3962 subdunt,
316 3902 416 3955 hoc
442 3901 783 3970 prudentia),
829 3906 1004 3975 gentis
1031 3906 1176 3964 illius
1215 3908 1376 3964 ﬁdem
1412 3913 1620 3980 experti

76 3992 114 4037 rt
136 4002 328 4046 munera
360 3990 526 4049 facile
555 3995 796 4051 redeunt
816 3997 957 4053 unde
985 3999 1251 4056 exierant.
1288 4000 1456 4072 Igitur
1482 4002 1621 4058 Nor-

77 4090 261 4134 manuus
291 4099 478 4139 comes
515 4086 810 4155 ingressus
836 4087 1146 4144 Laodiciam
1166 4132 1181 4156 ,
1219 4107 1414 4148 somno
1461 4110 1622 4149 vaca-

75 4164 222 4225 latet
258 4173 395 4241 otio;
457 4191 566 4232 nec
615 4178 824 4233 inutilis
881 4188 1060 4236 tamen
1109 4181 1237 4236 dum
1289 4185 1621 4254 opulentiam

75 4271 241 4329 muns,
274 4268 394 4323 aliis
429 4269 815 4342 indigentibus
866 4270 1015 4342 large
1049 4274 1305 4344 erogabat
1329 4278 1622 4346 :qnoniam

75 4367 287 4414 conserva
329 4358 550 4432 Cyprus
584 4361 822 4430 Baccho,
851 4362 1048 4418 Cerere
1069 4406 1084 4431 ,
1134 4374 1189 4420 et
1226 4368 1398 4440 multo
1431 4385 1624 4440 pecore

75 4445 308 4506 abundans
335 4452 664 4509 Laodiciam
690 4456 1013 4525 repleverat,
1051 4458 1250 4528 quippe
1285 4460 1616 4532 indigentem

1720 3271 1975 3326 australis
1995 3279 2148 3340 porta
2182 3286 2396 3340 semper
2420 3270 2643 3334 insidiis,
2656 3279 2866 3352 patens,
2892 3285 3170 3339 nunquam
3202 3268 3300 3324 de-

1720 3366 1947 3422 sistebat
1967 3367 2224 3423 cohortes
2265 3368 2512 3435 fundere,
2550 3384 2672 3438 quae
2700 3377 2929 3438 augusta
2962 3367 3174 3422 viarum
3204 3368 3305 3422 ob—

1720 3459 1979 3525 siderent,
2007 3459 2197 3530 sicque
2217 3459 2522 3515 viatoribus
2545 3469 2896 3515 occurrerent
2925 3461 3149 3531 ignaris.
3177 3458 3298 3513 Jam

1718 3566 1847 3606 vero
1870 3552 2047 3606 acrior
2073 3553 2263 3614 altera,
2303 3552 2354 3606 id
2393 3560 2477 3606 est
2500 3550 2672 3605 fames
2697 3552 3151 3622 prreponderavit,
3176 3566 3299 3619 quze

1719 3648 1898 3709 spreta
1948 3654 2080 3693 nece
2111 3639 2219 3693 huc
2250 3640 2379 3694 illuc
2433 3641 2702 3709 palantes,
2755 3639 2919 3694 veluti
2962 3654 3124 3708 apum
3173 3654 3304 3692 exa—

1721 3727 1868 3784 iuina
1895 3731 2046 3785 misit
2091 3730 2411 3784 exercitum.
2442 3729 2583 3795 Quid
2620 3728 2795 3783 fames
2830 3745 2936 3782 non
2962 3728 3206 3799 spernit?
3230 3728 3302 3784 ad

1719 3821 1850 3891 quid
1907 3837 2016 3876 non
2068 3822 2332 3892 impellit?
2386 3839 2547 3892 quem
2596 3822 2798 3892 pudere
2838 3821 3001 3876 sinit?
3052 3820 3143 3874 Illa
3196 3820 3302 3874 fuit

1719 3915 1884 3970 etiam
1915 3914 2147 3970 Cuidoni
2179 3914 2368 3969 Rubeo
2398 3914 2800 3983 Wilbelmoque
2834 3914 3125 3983 agnomine
3166 3911 3303 3966 Car-

1721 4005 1970 4076 pentario
2000 4006 2292 4062 abscessus
2325 4022 2512 4071 causa,
2549 4005 2680 4059 viris
2711 4005 3015 4060 illustribus
3052 4005 3302 4075 interque

1721 4097 1989 4168 palatinos
2016 4097 2158 4167 regis
2188 4095 2432 4151 Francia:
2469 4112 2573 4150 non
2597 4097 2848 4151 obscuris
2881 4113 2895 4150 :
2926 4096 3014 4160 iis,
3053 4095 3298 4164 inquam,

1721 4190 1873 4245 abire
1901 4189 2222 4260 parantibus
2247 4229 2262 4253 ,
2303 4187 2657 4243 Boamundus
2701 4188 2873 4243 adest.
2923 4210 2939 4238 ι
2995 4187 3057 4242 Et
3089 4204 3253 4258 quam
3282 4230 3300 4254 ,

1723 4280 1920 4351 inquit,
1955 4279 2111 4335 vobis
2147 4280 2392 4350 requiem
2430 4281 2706 4349 quaeritis,
2754 4281 2889 4334 nihil
2932 4281 2997 4336 de
3025 4281 3302 4335 communi

1723 4371 1905 4426 labore
1928 4370 2182 4426 solliciti?
2203 4371 2417 4425 nobiles
2438 4371 2592 4438 estis,
2621 4379 2770 4441 patet
2799 4372 2883 4426 via
2909 4413 2922 4437 ,
2954 4381 3038 4426 cst
3073 4371 3162 4426 hic
3187 4379 3305 4425 ten-

1724 4461 1861 4517 toria
1917 4462 2216 4518 manebunt
2247 4461 2315 4516 ad
2361 4471 2626 4516 zeternum
2670 4462 2908 4518 nominis
2939 4461 3048 4517 imo
3087 4462 3304 4532 generis

75 4539 264 4599 vicinam
324 4545 725 4604 Christicolum
783 4559 834 4605 et
885 4550 1046 4621 quasi
1115 4552 1430 4608 collacteam
1460 4574 1471 4608 :
1505 4555 1619 4624 ipsa
1656 4553 1696 4608 D
1723 4553 1886 4609 vestri
1917 4552 2008 4625 [f.,
2037 4551 2340 4624 infamiam]
2384 4553 2615 4622 publica;
2642 4555 2969 4613 reservanda
3018 4555 3218 4610 cloacae
3277 4573 3297 4606 ι

75 4648 264 4705 namque
298 4656 403 4694 una
427 4643 483 4696 in
507 4643 700 4698 littore
733 4642 870 4714 Syro
899 4655 951 4700 et
977 4647 1255 4702 Christum
1286 4648 1518 4714 colebat,
1565 4657 1619 4701 et

77 4724 224 4784 Alexio
247 4735 538 4790 serviebat.
571 4736 680 4791 Sed
704 4753 804 4792 nec
838 4739 918 4794 sic
951 4750 1212 4795 excusato
1249 4741 1382 4805 otio,
1421 4740 1617 4809 praedi-

73 4824 166 4872 ctus
183 4834 351 4878 comes
375 4823 593 4880 frustra
621 4827 788 4881 semel
818 4836 982 4897 atque
1011 4828 1206 4884 iterum
1229 4831 1295 4885 ad
1324 4839 1501 4885 castra
1527 4846 1616 4884 re-

74 4917 273 4966 vocatur.
299 4912 486 4971 Tertio
514 4917 627 4973 sub
653 4919 999 4976 anathemate
1027 4921 1255 4987 accitus,
1300 4921 1439 4975 redit
1475 4921 1584 4975 invi
1603 4949 1618 4960 -

72 5005 162 5052 tus:
187 5002 445 5061 difﬁcilem
483 5008 639 5063 etiim
676 5009 907 5064 habebat
939 5011 1228 5065 transitum
1271 5012 1616 5079 commeatio,

71 5106 166 5159 qua:
181 5097 354 5151 comiti
382 5099 714 5160 ministrare
737 5101 992 5158 Laodicia
1022 5102 1248 5160 veniens
1296 5104 1544 5162 debebat.

244 5188 375 5246 LIX.
400 5223 474 5233 —
501 5191 877 5248 Obsidentium
911 5195 1105 5248 ducum
1125 5196 1397 5251 stationes.

124 5275 381 5353 Principes
411 5285 508 5340 alii
555 5287 814 5356 propiora
853 5296 1253 5356 occupaverant
1290 5289 1618 5360 municipia,

71 5367 262 5440 ideoque
296 5375 458 5433 facile
489 5378 679 5433 alebat
708 5393 804 5434 eos
840 5379 1222 5449 opportunitas
1256 5381 1615 5437 commodior.

73 5455 178 5517 Duei
203 5467 404 5522 sodium
428 5471 742 5542 contigerat
769 5471 1020 5541 copiosa,
1057 5471 1318 5542 populosa
1344 5472 1539 5528 civitas
1568 5483 1623 5530 et

72 5551 244 5611 Vitiosa.
268 5559 476 5618 Vallem
505 5563 873 5634 propinquam
894 5564 1107 5619 tenebat
1129 5563 1397 5620 Flandriae
1414 5580 1618 5632 comes,

75 5640 118 5698 in
142 5663 237 5717 qua
275 5651 518 5720 Baiana,
564 5654 959 5723 Barthemolin,
1003 5656 1282 5724 Corseltel,
1320 5656 1622 5710 Barsoldan

75 5741 232 5808 Oppida
258 5756 434 5813 erant,
463 5756 666 5818 praeter
701 5749 817 5805 haec
847 5750 1126 5821 complura
1160 5767 1172 5800 :
1211 5750 1334 5814 inde
1365 5763 1450 5804 est
1474 5749 1619 5819 quod

78 5832 221 5892 adhuc
250 5838 336 5892 illa
366 5840 576 5896 dicitur
618 5839 1018 5910 Valliscomitis,
1041 5841 1189 5897 sicut
1219 5842 1380 5896 etiam
1407 5841 1616 5896 sodium

1724 4644 2018 4700 Discedunt
2061 4645 2137 4698 illi
2163 4643 2401 4701 infamia:
2435 4645 2633 4711 securi,
2667 4645 2840 4700 fames
2883 4646 3116 4702 stimulis
3167 4660 3302 4700 con-
3335 4706 3338 4708 γ

1725 4735 1915 4792 temnit
1949 4733 2230 4789 infamiam
2278 4753 2290 4790 :
2333 4735 2584 4790 comitem
2621 4743 2930 4804 sequuntur
2963 4733 3301 4804 Stephanum

1722 4828 1815 4898 qui
1839 4829 1892 4881 in
1916 4827 2132 4900 Cylieize
2161 4828 2362 4882 ﬁnibus
2397 4829 2646 4899 quietem‘
2668 4842 2828 4895 agere
2855 4841 3019 4895 supra
3064 4826 3303 4895 scriptus

1721 4928 1824 4976 est.
1859 4918 2034 4976 Unius
2069 4920 2456 4991 generationis,
2502 4920 2664 4974 unius
2709 4917 2880 4972 moris
2928 4917 3049 4982 viri,
3098 4917 3302 4974 unani-

1724 5009 1882 5064 miter
1902 5010 2139 5065 laborem
2163 5009 2410 5076 oderant,
2436 5009 2607 5064 otium
2633 5007 3002 5073 sectabantur,
3029 5021 3302 5077 pugnaces

1724 5110 1903 5158 tamen
1933 5120 1947 5156 :
1979 5101 2072 5157 sed
2107 5102 2248 5157 inter
2275 5101 2411 5155 bella
2439 5099 2648 5156 deliciis
2677 5097 2905 5153 assueti.

2076 5190 2211 5245 LXI.
2229 5190 2729 5243 -—Provincialium
2758 5205 2942 5242 mores.

1793 5285 1984 5341 Gentis
2024 5284 2188 5354 hujus
2223 5283 2476 5338 sublimis
2497 5292 2579 5337 est
2599 5282 2816 5348 oculus,
2852 5281 3080 5351 spiritus
3104 5280 3257 5336 ferox
3283 5324 3299 5349 ,

1723 5387 1988 5447 prompta:
2015 5375 2082 5430 ad
2103 5391 2254 5431 arma
2278 5375 2538 5439 dexteras,
2563 5382 2821 5428 caeterum
2844 5373 2910 5428 ad
2937 5374 3303 5444 spargendum

1723 5469 1990 5540 prodigae,
2041 5466 2109 5521 ad
2159 5465 2594 5536 congregandum
2632 5465 2857 5535 ignavze.
2906 5463 3003 5519 llis
3037 5476 3302 5536 quantum

1724 5560 1871 5614 anati
1896 5558 2092 5631 gallina
2119 5600 2132 5623 ,
2157 5557 2516 5629 provinciales
2551 5558 2798 5612 moribus
2819 5600 2833 5624 ,
2866 5559 3065 5613 animis
3083 5600 3098 5627 ,
3121 5559 3302 5623 cultu,

1725 5652 1868 5705 victu
1912 5651 2340 5706 adversabantur
2374 5666 2386 5702 :
2421 5665 2554 5720 pace
2601 5649 2832 5704 vivendo
2859 5692 2872 5716 ,
2923 5649 3150 5704 sollicite
3181 5664 3304 5717 pcr—

1727 5742 2055 5806 scrutando,
2087 5741 2362 5800 laboriferi
2397 5758 2411 5795 :
2444 5741 2534 5796 sed
2565 5756 2631 5794 ne
2657 5755 2841 5794 verum
2870 5749 3077 5796 taceam
3118 5737 3301 5790 minus

1732 5834 1993 5911 bellicosi.
2022 5832 2282 5889 Muliebre
2303 5835 2558 5906 riteriddam
2585 5848 2732 5898 esse,
2767 5832 2938 5898 aiunt,
2969 5840 3018 5884 et
3045 5839 3301 5898 tanquam
