3838 6306
553 348 660 415 535

553 471 656 529 vile
689 471 948 542 reiiciunt
986 474 1234 545 corporis
1271 484 1563 541 ornatum;
1609 487 1877 544 equorum
1919 474 2136 529 ornatui
2167 471 2213 534 λ

551 563 837 636 tnv'igilant
886 580 952 620 ac
996 565 1292 621 mulorum.
1327 565 1598 622 Sedulitas
1627 566 1844 621 illorum
1888 573 2135 636 tempore

552 651 716 711 famis
738 655 910 711 multo
936 655 1061 728 plus
1080 655 1223 727 iuvit
1242 672 1405 727 quam
1429 666 1614 728 gentes
1637 657 1909 728 plurimae,
1933 657 2136 712 bellare

552 748 942 818 promptiores;
968 746 1006 803 ii
1037 748 1128 804 ubi
1154 749 1338 804 deerat
1368 747 1556 820 panis,
1587 749 1827 805 contenti
1861 748 2136 805 radicibus

551 839 842 908 durabant,
875 840 1105 911 siliquas
1143 855 1250 896 non
1280 847 1670 911 aspernantes,
1710 855 1900 897 eorum
1931 841 2137 897 dextrae

551 931 699 1003 longi
727 931 927 1003 gerulae
968 929 1097 987 ferri
1137 946 1264 986 cum
1292 947 1403 1002 quo
1429 931 1573 987 intra
1602 931 1818 989 viscera
1853 940 2011 988 tet-rte
2036 947 2136 988 an-

551 1037 754 1079 nonam
783 1021 1195 1079 fascinabantnr
1226 1040 1240 1077 :
1269 1023 1395 1078 inde
1428 1033 1511 1080 est
1545 1025 1692 1096 quod
1728 1025 1907 1081 adhuc
1932 1038 2135 1096 puero-

549 1125 675 1168 rum
705 1113 959 1168 decantat
1006 1113 1181 1169 naenia
1211 1131 1225 1167 ε
1265 1113 1467 1171 Franci
1496 1118 1566 1171 ad
1598 1117 1756 1185 bella,
1784 1117 2133 1188 provinciales

549 1199 622 1252 ad
645 1199 919 1254 victudlia.
953 1199 1134 1257 Unum
1159 1202 1380 1273 quidem
1428 1203 1531 1260 fuit
1551 1206 1702 1276 quod
1732 1207 1929 1278 cupide
1968 1207 2134 1263 nimis

545 1290 962 1347 committebant
982 1309 1047 1350 ac
1073 1294 1308 1366 turpiter
1342 1315 1356 1350 :
1387 1298 1645 1354 caninam
1682 1313 1902 1354 carnem
1933 1313 2033 1370 pro
2056 1298 2135 1354 ie-

545 1396 697 1453 pore,
719 1398 820 1454 pro
849 1401 1015 1457 capra
1035 1387 1308 1443 asininam
1337 1390 1591 1460 gentibus
1615 1389 1738 1447 aliis
1761 1390 2131 1457 venditabant,

544 1472 629 1528 vei
650 1475 698 1530 si
725 1487 939 1533 remoto
984 1479 1164 1535 indice
1198 1479 1268 1536 ad
1311 1497 1512 1553 equum
1562 1483 1841 1555 pinguem,
1872 1483 1986 1538 sive
2012 1498 2136 1538 mu-

543 1565 659 1622 lum
696 1567 893 1625 licebat
930 1571 1223 1640 accedere,
1258 1589 1356 1644 per
1394 1584 1709 1630 retroneum
1751 1589 1848 1630 seu
1875 1581 2136 1646 purgato-

543 1658 688 1714 rium
723 1659 972 1717 foramen
1009 1663 1064 1717 in
1090 1664 1303 1720 viscera
1332 1667 1557 1721 vulnera
1585 1665 1978 1734 demittebant,
2015 1673 2135 1722 mo-

1114 340 1207 418 an
1245 359 1694 420 GODEFRIDUM
1731 359 2023 416 aereae.
2062 358 2125 415 li.
2165 388 2239 401 -
2276 359 2544 418 nouum.
2588 359 2676 415 ne
2713 358 2938 416 nemo
2976 359 3200 419 saeuo

3681 365 3753 426 536

2618 472 2802 530 LXIII.
2833 504 2904 514 —
2932 474 3190 530 Proditur
3223 473 3433 532 civitas.

2306 565 2506 622 Multis
2544 565 2611 621 ad
2655 567 2802 622 hunc
2850 568 3075 626 modum
3124 569 3215 624 ille
3263 568 3647 634 miserabiliter.
3687 576 3752 632 sed

2238 659 2502 718 inutiliter
2545 660 2770 728 effusis,
2829 663 3127 733 spernitur,
3172 661 3454 729 irridetur,
3511 665 3752 734 repellitur.

2206 753 2546 810 Commissa
2570 752 2622 809 ei
2649 750 2828 808 fuerat
2864 754 2934 809 ab
2975 751 3284 816 obsidionis
3328 751 3551 809 exordio
3573 758 3754 815 turrium

2236 845 2401 901 unius
2433 844 2702 914 custodia,
2734 846 2896 920 longe
2915 845 2985 901 ab
3003 844 3244 901 exercitu
3268 844 3324 899 in
3355 844 3552 916 angulo
3577 847 3758 908 civitatis

2236 935 2305 990 ad
2333 934 2628 1008 zephyrum
2662 951 2828 1009 supra
2859 944 3103 992 montem
3132 934 3253 992 sitae
3277 953 3292 990 :
3318 935 3484 1005 huius
3508 936 3758 1006 proximam

2235 1025 2549 1083 inferiorem
2579 1024 2736 1083 fratri
2772 1026 2894 1098 eius
2937 1024 3351 1084 custodiendam
3379 1025 3660 1083 Cassianus
3681 1037 3759 1085 tra-

2234 1116 2465 1186 diderat,
2502 1125 2565 1174 nt
2595 1117 2704 1174 dici
2737 1126 2925 1190 posset
2957 1132 3176 1175 sorores
3211 1115 3354 1172 duas
3383 1115 3592 1172 duobus
3619 1116 3761 1175 fratri-

2235 1209 2341 1266 bus
2380 1224 2505 1275 esse
2552 1211 2878 1268 commissas
2907 1229 2921 1265 :
2951 1224 3056 1266 nec
3081 1217 3266 1265 tamen
3304 1208 3522 1264 incaute
3555 1208 3676 1277 hoc,
3705 1213 3763 1269 vel

2234 1299 2532 1357 casualiter
2557 1307 2742 1357 actum
2769 1308 2892 1356 est:
2923 1299 3218 1371 prudenter
3246 1298 3410 1370 longe
3433 1313 3464 1353 a
3491 1297 3764 1358 Christianis

2235 1392 2477 1463 deputati
2502 1402 2633 1449 sunt
2652 1392 2911 1449 custodes
2929 1434 2944 1460 ,
2973 1391 3067 1463 qui
3091 1390 3388 1463 aliquando
3410 1389 3618 1447 fuerant
3640 1391 3764 1448 Chri-

2237 1485 2422 1553 stiani,
2449 1486 2556 1542 hoc
2577 1487 2856 1558 provisum
2883 1497 2970 1542 est
2993 1486 3177 1542 ethoc
3206 1495 3412 1542 actum.
3441 1484 3543 1542 Sed
3566 1486 3647 1542 ubi
3667 1489 3765 1545 alter

2235 1579 2468 1636 fratrum
2489 1578 2579 1634 ille
2601 1578 2854 1648 repulsus
2887 1577 3162 1648 obiectum
3194 1591 3254 1634 se
3281 1576 3620 1634 contumeliis
3640 1578 3765 1645 videt,

2233 1671 2388 1727 nullo
2423 1670 2810 1737 intercedente,
2853 1669 3006 1725 nullo
3038 1669 3374 1735 miserante;
3399 1667 3558 1724 saluti
3583 1671 3767 1739 propria

543 1749 898 1822 riebaturque
927 1753 1258 1824 iumentum.
1285 1755 1487 1828 Stupor
1521 1757 1800 1826 omnibus,
1825 1758 1918 1829 qui
1959 1757 2133 1829 ignari
2166 1825 2205 1834 _
2237 1762 2496 1829 consulit,
2523 1761 2763 1834 generali
2785 1759 2985 1816 civium
3012 1760 3318 1831 perditione
3343 1775 3477 1816 suas
3501 1761 3695 1815 ulturus
3715 1762 3761 1816 in

543 1841 758 1898 fraudis
789 1843 922 1900 illud
960 1845 1196 1918 pingue,
1243 1825 1456 1915 alacre,
1501 1848 1790 1905 robustum
1810 1825 2130 1916 (lascivum
2166 1825 2209 1881 Β
2229 1855 2425 1928 jurias.
2461 1825 2667 1925 sopitis
2688 1861 2848 1908 nocte
2881 1825 3207 1923 intempesta
3248 1851 3498 1908 excubiis
3519 1893 3533 1918 ,
3565 1851 3627 1907 de
3647 1868 3768 1907 muro

543 1932 715 1990 modo
738 1935 990 1994 viderant
1017 1958 1030 1993 :
1055 1941 1205 1995 nulla
1248 1941 1641 2011 comparebant
1679 1941 1908 2014 vestigia
1938 1943 2132 1998 vulne-

543 2041 691 2094 rum,
716 2029 867 2086 necis
896 2031 1112 2102 signum
1144 2034 1370 2089 omnino
1391 2035 1613 2090 latebat.
1642 2033 1989 2105 Spectatores
2017 2044 2129 2091 ter-

545 2119 638 2175 riti
673 2121 794 2177 viso
834 2133 1120 2181 monstro:
1160 2145 1178 2177 ε
1227 2127 1578 2183 Absistamus
1606 2129 1839 2198 procul,
1882 2128 2128 2196 aiebant,

542 2212 807 2270 damonis
833 2215 1058 2286 spiritus
1092 2218 1197 2272 hoc
1221 2218 1529 2288 iumentum
1553 2221 1755 2276 afflavit
1783 2236 1795 2273 :
1835 2219 1922 2276 his
1951 2220 2130 2276 disce-

541 2305 820 2375 dentibus,
860 2310 1011 2365 necis
1039 2312 1248 2366 conscii
1275 2321 1535 2383 tanquam
1568 2312 1736 2369 nes‘cii
1769 2313 2129 2379 accedebant,

541 2395 912 2468 prohibitique
933 2406 1157 2472 tangere
1187 2418 1201 2454 :
1235 2403 1533 2470 malumus,
1568 2404 1911 2474 inquiebant,
1942 2403 1996 2457 in
2029 2404 2132 2458 hac

540 2502 668 2545 esca
689 2489 830 2544 mori
845 2500 1039 2561 ,qua‘m
1061 2493 1256 2564 ieiuni.
1280 2514 1299 2547 ι
1327 2494 1692 2552 Miserabatur
1704 2495 1890 2550 damni
1916 2494 2131 2565 patiens

539 2578 836 2649 iliatorem,
892 2583 1072 2640 illator
1101 2585 1178 2642 illi
1209 2586 1385 2643 risum
1431 2587 1782 2659 rependebat.
1815 2586 1973 2642 'l‘unc
2001 2601 2124 2642 cor-

540 2689 735 2732 vorum
771 2679 828 2734 in
867 2695 1077 2737 morem
1113 2681 1181 2738 ad
1226 2681 1462 2738 cadaver
1489 2698 1623 2754 gens
1645 2683 1736 2737 illa
1781 2681 2128 2748 advolantes,

540 2783 680 2839 quas
707 2771 943 2844 quisque
991 2781 1244 2844 poterant
1297 2772 1596 2846 particulas
1646 2774 1892 2829 divulsas
1925 2782 2022 2828 aut
2073 2772 2130 2828 in

539 2870 788 2918 ventrem
814 2874 911 2919 aut
932 2865 998 2920 ad
1037 2866 1328 2922 macellum
1357 2866 1736 2924 demittebant.

702 2955 863 3012 LXII.
898 2989 969 3000 -——
994 2944 1240 3014 Cassiani
1269 2977 1394 3032 erga
1415 2960 1704 3015 Armenum
1739 2959 1962 3013 duritia.

615 3046 843 3118 Sediam
866 3059 1123 3120 expertus
1135 3051 1539 3122 miseratusque
1555 3051 1788 3106 athletas
1811 3067 1943 3108 suos
1962 3048 2127 3124 Chri-

2231 1947 2321 2002 cui
2344 1947 2592 2017 iunctam
2615 1944 2810 1999 turrim
2836 1943 3184 2012 observabat,
3214 1941 3403 1998 funem
3432 1943 3673 2010 demittit,
3697 1959 3766 2014 pct-

2233 2039 2382 2094 hunc
2411 2037 2629 2111 gemino
2655 2035 2947 2092 comitatus
2972 2036 3202 2106 pignore
3223 2036 3522 2101 descendit,
3550 2036 3695 2107 longo
3713 2036 3767 2090 fa-

2226 2128 2439 2198 tigatus
2475 2125 2708 2182 circuitu
2762 2124 2831 2179 ad
2878 2123 3261 2180 Boamundum
3298 2126 3517 2180 tandem
3554 2127 3768 2196 pervenit.

2233 2218 2372 2274 Eum
2393 2220 2534 2274 inter
2553 2227 2782 2274 caeteros
2803 2218 2963 2290 quasi
2991 2217 3298 2288 principum
3315 2217 3608 2289 principem
3631 2218 3769 2274 orien-

2233 2310 2360 2365 talis
2389 2309 2478 2365 illc
2501 2308 2734 2380 populus
2767 2309 3157 2376 arbitrabatur,
3189 2310 3338 2380 quod
3370 2309 3502 2365 olim
3530 2308 3774 2366 Wiscardo

2232 2400 2496 2457 Gmiam
2518 2399 2840 2466 debellante,
2863 2399 3168 2455 Boamundi
3199 2399 3344 2455 fama
3374 2411 3639 2456 terruerat
3657 2400 3774 2455 Grae-

2233 2508 2330 2549 cos
2383 2492 2623 2563 plurimo
2675 2492 2975 2548 certamine
3027 2492 3266 2564 gloriosa
3327 2507 3340 2544 :
3387 2499 3587 2547 extunc
3629 2490 3772 2546 factus

2232 2585 2378 2643 Asiae
2402 2585 2654 2651 celebris,
2685 2599 2832 2641 nunc
2855 2598 3077 2655 quoque
3103 2584 3353 2639 omnium
3381 2583 3632 2639 dominus
3650 2592 3774 2654 puta-

2233 2679 2414 2733 batur.
2449 2675 2554 2733 Sed
2579 2677 2772 2748 iussus
2794 2677 2862 2732 ad
2888 2676 3020 2748 quid
3046 2675 3289 2732 venisset
3316 2691 3589 2747 exponere
3618 2675 3771 2730 Arme-

2233 2784 2341 2825 nus
2381 2785 2395 2820 :
2431 2768 2583 2824 urbis
2624 2767 2910 2824 introitum
2941 2768 3180 2839 pandere
3207 2782 3268 2824 se
3316 2767 3628 2839 paciscitur,
3663 2767 3776 2822 diem

2231 2860 2424 2916 statuit
2447 2868 2503 2914 et
2526 2860 2740 2925 horam,
2769 2860 3063 2930 iocumque
3081 2859 3253 2915 aditui
3274 2867 3658 2930 opportunum.
3682 2858 3776 2912 ilex

2231 2952 2358 3009 filiis
2376 2952 2658 3008 obsidibus
2680 2952 2826 3008 uitro
2840 2951 3059 3019 oblatis,
3079 2952 3352 3022 datisque,
3378 2951 3531 3007 sbius
3549 2952 3612 3006 ad
3625 2950 3776 3005 funem

2231 3045 2542 3112 revertitur,
2563 3043 2951 3101 comitantibus
2964 3053 3147 3100 tamen
3170 3045 3674 3116 impellentibusque
3698 3044 3778 3106 ira,

541 3144 682 3206 stus,
707 3139 861 3196 iretos
887 3141 953 3197 ad
989 3139 1169 3198 exitus
1197 3159 1427 3215 agonem
1451 3143 1630 3210 ducit;
1664 3151 1890 3214 perusto
1918 3142 2130 3198 solibus
2156 3165 2200 3224 ρ
2232 3137 2482 3204 audacia,
2516 3152 2635 3208 spe,
2664 3138 2880 3204 timore,
2910 3152 3135 3194 sursum
3167 3135 3330 3193 facile
3367 3137 3536 3193 volat.

540 3230 775 3301 populo,
815 3231 1038 3300 urbem,
1069 3239 1124 3288 et
1172 3233 1421 3288 umbram
1447 3233 1622 3304 aperit
1662 3233 1768 3289 hoc
1795 3232 1976 3289 modo.
2005 3233 2132 3290 Fuit

539 3322 684 3379 inter
721 3337 851 3390 eos,
884 3340 1119 3396 quorum
1155 3325 1456 3382 Cassianus
1495 3341 1770 3380 annonam
1811 3325 2132 3381 dimidiavec

538 3423 645 3480 rat,
678 3414 763 3470 vir
801 3416 956 3472 dives
1005 3417 1301 3485 Armenus,
1353 3417 1448 3488 qui
1497 3417 1881 3473 abrenuntiata
1924 3417 2128 3473 Christi

536 3507 788 3578 dogmate
808 3523 1026 3564 errores
1052 3509 1331 3580 gentilium
1363 3509 1694 3580 sequebatur
1722 3527 1735 3563 :
1761 3507 1808 3564 is
1831 3508 2127 3578 plurimam

537 3599 774 3655 habebat
814 3598 1112 3668 familiam,
1157 3600 1425 3672 iuxtaque
1449 3600 1672 3656 familiae
1697 3617 1987 3655 numerum
2024 3617 2126 3655 an-

536 3705 738 3749 nonam
769 3708 782 3745 :
807 3693 954 3764 quod
983 3693 1075 3748 ubi
1099 3692 1244 3748 fame
1265 3693 1645 3750 crebrescente
1665 3692 1933 3749 Cassiano
1963 3692 2125 3747 inno-

536 3783 644 3837 tuit
669 3823 685 3851 ,
727 3783 910 3840 denuo
957 3784 1090 3839 illud
1121 3783 1366 3840 dimidiat
1403 3785 1550 3856 quod
1582 3785 1736 3856 prius
1757 3785 1881 3839 vitae
1911 3783 2126 3838 misera:

534 3875 832 3946 reliquerat
871 3878 1160 3933 solamen:
1195 3878 1346 3948 prior
1389 3877 1569 3934 fuerat
1591 3894 1688 3949 per
1709 3877 1904 3934 domos
1947 3884 2002 3932 et
2051 3875 2126 3931 fa-

534 3967 718 4024 milias
748 3969 1018 4039 generalis
1054 3969 1276 4040 rapina;
1308 3971 1425 4026 haec
1449 3971 1764 4043 singularis,
1796 3985 1973 4041 eoque
2000 3985 2124 4040 gra-

532 4059 674 4127 vior,
697 4059 858 4130 quasi
882 4058 1086 4115 damno
1114 4060 1328 4131 adiecta
1356 4060 1576 4132 iniuria.
1609 4062 1888 4132 Spoliatus
1914 4061 2004 4116 ille
2035 4061 2121 4115 vi-

527 4160 602 4206 tae
646 4151 924 4220 subsidio,
971 4152 1220 4224 lugubris
1255 4161 1309 4209 et
1350 4169 1541 4209 amens
1581 4153 1844 4224 principis
1895 4153 2117 4224 vestigia

533 4245 834 4312 osculatur,
863 4245 1050 4302 liberis
1083 4246 1339 4317 inepibus
1369 4247 1624 4302 solatium
1657 4255 1908 4316 repetens
1935 4247 2120 4302 adem-

530 4346 704 4407 ptum.
741 4335 914 4405 Quem
941 4353 1053 4393 non
1083 4347 1301 4393 moveat
1341 4339 1708 4410 iacrymarum
1739 4337 1966 4405 fluvius,
2007 4339 2119 4394 cia—

529 4442 763 4497 morque
784 4429 989 4483 arthera
1013 4426 1252 4484 feriens?
1281 4447 1298 4478 ι
1333 4425 1426 4482 Va:
1454 4427 1612 4483 vobis
1631 4428 1820 4484 liberis
1845 4429 1984 4485 meis
2007 4442 2116 4484 non

2232 3248 2418 3304 LXIV.
2445 3281 2516 3292 —-
2537 3249 2881 3320 Boamundi“
2909 3250 3149 3320 episcOpo
3173 3247 3428 3304 Podienst'
3451 3265 3558 3303 rem
3583 3249 3778 3302 nuntiat.

2448 3320 2640 3376 Oratio
2671 3319 2950 3374 Podiensis
2992 3319 3224 3391 episcopi
3263 3321 3334 3374 ad
3375 3319 3591 3374 milites.

2300 3413 2370 3468 At
2391 3412 2744 3468 Boamundus
2799 3427 3082 3483 nunquam
3132 3412 3253 3484 pari
3315 3412 3532 3468 excitus
3583 3409 3780 3482 gaudio,

2230 3505 2345 3561 sole
2386 3513 2509 3560 orto
2557 3503 2961 3574 Appodiensem
3009 3503 3326 3574 episcopum
3351 3546 3366 3570 ,
3420 3504 3596 3558 virum
3645 3516 3779 3572 quem

2227 3609 2365 3665 papa
2409 3593 2665 3651 Urbanus
2702 3605 2965 3667 tanquam
3007 3597 3238 3651 alterum
3273 3596 3527 3651 eumdem
3552 3593 3779 3651 exercitui

2227 3687 2578 3757 przefecerat,
2605 3688 2740 3756 adit,
2773 3689 2948 3760 ipsius
2977 3686 3098 3744 fidei
3123 3697 3397 3744 secretum
3433 3689 3538 3744 hoc
3557 3687 3780 3745 commit-

2227 3780 2310 3834 tit.
2343 3778 2644 3851 Episcopus
2685 3789 2868 3836 autem
2905 3790 2964 3836 et
2995 3779 3225 3836 fideliter
3250 3794 3365 3836 rem
3391 3789 3572 3850 tegete
3591 3822 3607 3846 ,
3636 3788 3688 3834 et
3721 3788 3781 3831 te-

2223 3883 2366 3929 ctam
2385 3875 2575 3931 seduio
2591 3891 2650 3932 se
2661 3875 2893 3946 spondet
2909 3889 3251 3946 promovere.
3264 3873 3436 3946 Igitur
3450 3875 3634 3930 statim
3652 3888 3782 3928 exer—

2223 3969 2432 4025 cituum
2472 3977 2717 4025 rectores
2761 3977 3058 4036 convocat,
3106 3976 3160 4023 et
3193 3967 3289 4039 qui
3322 3976 3483 4023 erant
3528 3964 3586 4021 in
3613 3963 3784 4038 populo

2224 4060 2494 4130 maiores;
2535 4061 2737 4131 quibus
2763 4059 3107 4131 congregatis
3137 4059 3218 4114 sic
3245 4057 3393 4113 fatur
3427 4076 3443 4113 :

2300 4169 2319 4202 ‹
2349 4150 2577 4206 Multum
2615 4150 2838 4220 diuque,
2868 4148 3088 4215 fratres,
3115 4148 3332 4205 vexavit
3358 4164 3464 4205 nos
3492 4148 3649 4204 labor
3671 4159 3785 4217 pne-

2222 4257 2349 4299 sens
2374 4284 2388 4309 ,
2439 4241 2673 4297 multum
2722 4240 2961 4311 diuque,
3003 4239 3110 4297 nisi
3147 4240 3342 4297 oculus
3392 4239 3610 4296 Domini
3649 4251 3787 4306 super

2222 4351 2323 4392 nos
2369 4335 2566 4400 fuerit,
2611 4333 2849 4389 vexabit.
2904 4332 3188 4390 Machinas
3245 4332 3592 4398 struximus,
3629 4330 3783 4403 palam

2221 4425 2460 4492 obstitit;
2489 4424 2692 4481 mmnia
2722 4423 2995 4491 fodimus,
3033 4422 3238 4494 repulsi
3278 4436 3510 4488 sumus;
3538 4416 3788 4492 pugnavi-

523 4514 638 4586 jam
661 4516 930 4586 dicendis,
961 4526 1022 4572 ut
1050 4517 1225 4588 prius,
1254 4517 1441 4572 charis
1481 4517 1822 4588 pignoribus,
1854 4518 1948 4574 sed
1979 4517 2116 4577 diris
2140 4513 2197 4574 D
2221 4535 2367 4585 mus,
2395 4517 2502 4573 hoc
2532 4532 2702 4571 unum
2740 4530 3001 4588 prospere
3021 4515 3228 4571 cessit:
3265 4513 3362 4570 sed
3386 4513 3690 4570 timendum
3719 4516 3786 4563 est

526 4609 889 4666 vulneribus:
926 4619 1109 4665 vestra
1155 4607 1330 4664 iantes
1371 4623 1548 4664 meam
1594 4610 1887 4676 consumit,
1936 4619 2117 4666 vestra

528 4716 622 4758 cor
652 4716 835 4758 meum
877 4710 1161 4774 penetrat,
1202 4717 1379 4756 meam
1418 4717 1530 4757 non
1564 4700 1758 4756 sentio.
1808 4701 1947 4769 Quid
1984 4718 2116 4774 pro-

525 4790 647 4848 dest
670 4791 809 4848 cibis
831 4792 1052 4863 pavisse
1077 4790 1348 4855 delicatis,
1382 4789 1585 4861 quibus
1609 4790 1772 4845 modo
1794 4791 2114 4864 denegatur,

525 4884 621 4954 qui
651 4885 827 4941 servis
857 4883 1022 4939 datur
1054 4883 1370 4949 inutilibus,
1400 4882 1598 4953 panis?
1635 4881 1819 4938 Satius
1842 4885 1982 4954 patri
2013 4885 2117 4939 mi-

525 4992 653 5032 sero
682 4975 860 5032 fuerat
885 4973 1066 5031 videre
1089 4974 1411 5041 trucidatos,
1438 4989 1602 5045 quam
1633 4973 1813 5030 inedia
1842 4974 2069 5030 afﬂictos
2098 5017 2114 5041 ,

523 5068 680 5138 prius
731 5069 935 5123 lancem
977 5066 1279 5138 genitorem
1313 5066 1647 5138 perfodiant,
1692 5067 1845 5137 prius
1889 5065 2114 5122 fulmina

525 5168 790 5226 crement,
815 5159 969 5229 prius
998 5157 1169 5213 maria
1200 5159 1574 5229 submergant,
1600 5173 1765 5229 quam
1785 5167 2025 5212 vestrum
2047 5157 2114 5212 ii-

524 5249 639 5302 lum
661 5264 821 5319 quem
845 5249 1028 5304 anima
1053 5266 1169 5306 mea
1195 5250 1450 5306 abhorret
1474 5250 1737 5320 aspiciam
1768 5250 1954 5305 finem.
1987 5249 2111 5306 Vae!

526 5340 607 5395 sic
635 5341 741 5396 erit
767 5360 780 5396 :
821 5343 924 5397 hoc
954 5343 1254 5414 unumiam
1284 5351 1455 5398 restat
1486 5343 1619 5397 mihi
1656 5343 1935 5408 solatium,
1963 5358 2114 5397 mors

525 5446 648 5486 mea
686 5432 1214 5503 przeibit,liberabit
1255 5449 1342 5489 me
1374 5448 1402 5488 a
1443 5442 1735 5504 conspectu
1778 5440 1973 5487 vestra:
2021 5441 2115 5486 aut

523 5539 749 5591 mucro,
798 5533 893 5578 aut
920 5523 1168 5595 laqueus.
1200 5526 1307 5581 Sed
1354 5525 1714 5590 miseremini,
1743 5540 1778 5580 o
1815 5525 1990 5579 cives!
2030 5525 2113 5577 in-

523 5617 782 5672 tercedite
811 5633 910 5688 pro
937 5618 1195 5686 innoxio,
1237 5619 1321 5674 vel
1373 5626 1520 5673 certe
1553 5617 1750 5689 puniar
1788 5632 1889 5688 ego
1919 5625 1980 5670 ut
2007 5632 2110 5670 no-

525 5720 656 5758 cens
679 5748 694 5766 .
729 5707 859 5762 dum
899 5725 1018 5763 mea
1055 5708 1216 5765 famis
1255 5716 1531 5764 tormento
1561 5723 1669 5762 non
1710 5707 1985 5763 crucietur
2023 5706 2110 5762 fat

523 5798 698 5856 milia.
735 5821 752 5850 ›

2219 4627 2288 4666 ne
2309 4611 2426 4665 haec
2447 4624 2613 4680 quam
2640 4607 2847 4664 instare
2873 4607 3029 4662 aiunt
3049 4621 3251 4678 pugna,
3275 4621 3344 4660 eo
3364 4606 3438 4662 sit
3459 4604 3680 4677 gravior
3699 4614 3790 4671 quo

2218 4700 2583 4759 numerosior.
2621 4699 2716 4755 Ille
2741 4699 2983 4755 hostium
3006 4713 3270 4754 numerus
3301 4696 3622 4768 quindecim
3642 4693 3787 4748 millia

2205 4795 2319 4852 fuit
2352 4814 2364 4850 :
2399 4795 2456 4850 hi
2492 4802 2653 4862 sunt,
2687 4801 2748 4850 ut
2777 4791 3082 4864 perhibent,
3122 4799 3319 4862 quater
3347 4797 3585 4846 centena
3610 4785 3789 4846 millia,

2217 4888 2460 4944 hostium
2485 4887 2631 4943 vires
2660 4901 2770 4943 non
2802 4892 3021 4943 cessant
3050 4898 3322 4950 crescere,
3344 4897 3450 4938 nec
3473 4890 3678 4938 nostra:
3700 4877 3788 4932 ini-

2201 4979 2334 5034 ‘nui.
2373 4980 2442 5034 At
2463 4979 2716 5050 respicite
2742 4994 2868 5050 qua:
2892 4987 2975 5034 est
3000 4975 3232 5032 firmitas
3262 4975 3452 5040 urbis,
3483 4973 3614 5045 quis
3638 4972 3706 5028 sit
3729 4968 3790 5023 si-

2220 5079 2308 5128 tus
2334 5091 2348 5127 :
2378 5070 2538 5127 fossae
2566 5069 2687 5139 eius
2711 5070 2816 5124 tria
2847 5070 3015 5123 latera
3043 5067 3306 5138 impervie
3335 5065 3614 5127 ambiunt;
3641 5075 3787 5131 quar-

2218 5177 2332 5222 tum
2360 5167 2517 5238 palus
2541 5173 2595 5220 et
2623 5163 2850 5230 fluvius,
2874 5178 2971 5233 per
2995 5162 3285 5218 circuitum
3315 5160 3460 5214 muri
3477 5200 3494 5228 ,
3531 5157 3731 5229 quibus
3752 5152 3790 5208 si

2216 5258 2345 5313 velit
2363 5256 2604 5312 mundus
2629 5270 2792 5326 pares
2819 5261 3066 5309 astruere
3093 5266 3202 5306 non
3236 5250 3422 5317 habet;
3449 5247 3635 5303 fontes
3662 5244 3790 5299 intus

2216 5349 2542 5415 scaturiunt,
2587 5355 2782 5403 caetera
2819 5345 2886 5400 ad
2915 5359 3076 5399 usum
3108 5343 3232 5398 vitae
3268 5355 3615 5413 congregare
3660 5336 3788 5394 θυιῐί-

2217 5440 2422 5496 cienter
2467 5445 2798 5510 potuerunt,
2851 5436 2992 5506 apud
3024 5450 3166 5506 quos
3197 5449 3294 5505 per
3324 5435 3608 5489 adventus
3641 5427 3788 5486 nostri

2215 5530 2394 5585 minas
2427 5545 2605 5584 annus
2653 5527 2891 5583 transiit.
2921 5524 2966 5580 Ο
3011 5525 3298 5580 Antiochia
3320 5565 3334 5590 ,
3370 5532 3472 5578 aut
3523 5532 3788 5590 nunquam

2213 5635 2385 5686 esses,
2410 5629 2502 5674 aut
2524 5634 2804 5688 nunquam
2831 5617 3141 5672 obviasses!
3165 5632 3332 5672 causa
3363 5617 3470 5670 vite
3497 5611 3788 5670 Jerusalem

2211 5725 2314 5778 est,
2346 5712 2476 5782 quid
2505 5710 2806 5766 Antiochiae
2831 5719 2886 5766 et
2916 5710 3075 5765 nobis
3095 5711 3118 5762 ?
3138 5710 3284 5781 quod
3308 5711 3356 5767 si
3378 5710 3530 5764 hanc
3555 5717 3681 5780 post
3699 5717 3789 5762 te:—

2216 5819 2340 5874 gum
2367 5801 2712 5866 dimittimus,
2731 5799 2778 5856 si
2799 5800 2868 5856 ab
2886 5801 2986 5855 hac
3007 5800 3210 5870 repulsi
3234 5801 3374 5854 ultra
3396 5799 3787 5870 progredimur,
