3808 6306
75 325 172 402 ⁸⁵³1
1413 349 1642 409 essu
1677 347 2047 408 TANCREDI.
2147 393 2150 396 .
3271 338 3384 396 sas

74 457 212 514 nihil
224 465 311 513 est
349 467 550 516 actum
574 503 594 528 ,
623 462 762 520 nihil
795 469 968 519 restat
1001 464 1353 535 sperandum.
1394 463 1566 533 Hane,
1593 465 1682 521 ln-
1713 469 1760 528 Α
1787 462 1926 521 tium
1964 460 2281 533 praemittit,
2305 458 2403 531 qui
2431 457 2698 526 excubet,
2735 455 2834 528 qui
2863 453 3188 528 praesideat,
3219 452 3266 508 si
3299 461 3387 508 tu-

72 564 250 623 quam,
283 547 334 605 si
355 548 740 620 dimittimus,
767 569 878 609 non
903 553 1022 624 ipsa
1045 569 1149 610 nos
1175 553 1448 610 dimittet:
1475 570 1694 618 semper
1794 563 1888 612 tus
1919 555 2056 612 satis
2076 563 2166 611 est
2187 554 2257 610 ad
2283 552 2490 611 mmnia
2517 565 2798 608 accessus.
2827 547 3063 606 Sanctus
3084 547 3173 604 ille
3200 545 3386 617 prodi-

70 637 313 708 sequitur
341 652 597 707 comes;
639 641 735 698 sed
786 651 849 697 ut
880 641 1067 700 verius
1112 643 1313 710 dicam,
1349 643 1691 701 adversatrix
1791 656 1881 704 tor
1923 645 2246 718 huiusmodi
2276 645 2499 718 signum
2537 642 2772 702 dederat
2797 641 3100 700 abscedens
3141 659 3156 696 :
3190 659 3208 692 ι
3242 639 3382 716 Cum

69 727 178 784 haec
208 727 332 784 vias
366 728 672 799 obstruet,
699 732 819 790 haec
847 748 879 788 a
911 741 1068 806 ter-go
1093 776 1108 801 ,
1141 745 1258 790 haec
1285 751 1316 791 a
1350 733 1530 792 fmnte
1551 753 1688 808 pug-
1791 739 2032 806 veneris,
2063 739 2266 810 inquit,
2295 738 2524 794 domine
2543 737 2642 804 mi,
2673 736 2932 792 nuntium
2955 734 3024 790 ad
3044 734 3237 804 pedem
3265 741 3386 787 tur-

65 818 236 884 nabit’,
282 819 410 874 haec
445 820 767 889 resistens,
806 822 1102 880 resistendi
1135 839 1290 896 spem
1343 824 1467 881 aliis
1508 825 1686 894 dabit,
1789 830 2341 901 rismeaspraamitte;
2378 845 2482 902 ego
2510 829 2569 885 in
2597 828 2780 886 muris
2805 827 3030 884 sedulus
3055 825 3380 883 excubabat

64 924 177 981 quae
197 917 362 980 capta
386 922 612 968 omnes
639 912 776 969 alias
800 911 1097 971 formidine
1125 915 1462 972 involvisset.
1486 913 1531 974 0
1550 931 1690 972 mue-
1788 919 1836 977 si
1861 934 2130 991 prospera
2149 919 2366 987 omnia,
2395 919 2632 992 lapidem
2665 928 2784 991 post
2807 917 3044 990 lapidem
3073 918 3377 984 demittam,

65 1000 172 1054 nia!
205 1000 427 1056 minam
453 1010 566 1058 aut
615 1017 902 1075 nunquam
931 1005 1252 1077 surgeretis,
1280 1015 1377 1061 aut
1399 1005 1592 1078 procul
1617 1006 1688 1062 ab
1787 1011 1836 1068 si
1856 1011 2014 1068 adest
2052 1011 2381 1083 periculum,
2409 1026 2558 1069 unus
2575 1009 2865 1068 indicabit.
2900 1028 2922 1063 ι
2959 1009 3044 1066 Ad
3079 1009 3194 1066 haec
3215 1007 3380 1081 igitur

63 1091 226 1147 oculis
265 1097 446 1163 atque
499 1093 748 1152 auribus
789 1095 1041 1153 nostris!
1071 1094 1178 1153 Sed
1205 1096 1599 1165 deliberemus,
1651 1114 1686 1154 o
1783 1101 2214 1160 discernendum
2269 1102 2578 1160 excubator
2621 1103 2974 1175 praamissus,
3005 1102 3144 1158 turri
3173 1116 3376 1173 appro-

61 1185 349 1253 proceres!
401 1183 783 1244 conferamus
811 1187 867 1244 in
893 1187 1111 1258 medio,
1141 1205 1514 1262 proponamus
1544 1205 1685 1262 pm
1784 1191 1947 1262 pians
1982 1190 2174 1248 statim
2226 1191 2573 1264 agnoscitur,
2625 1191 2847 1264 agnitus
2891 1191 3270 1263 prosperitatis
3300 1189 3376 1246 si-

61 1273 222 1328 mium
243 1273 523 1344 virtituti,
564 1275 970 1347 excitabimus,
996 1295 1180 1350 spero,
1207 1281 1372 1338 corda
1395 1281 1681 1339 hominum
1783 1299 1952 1356 gnum
2020 1283 2256 1356 accipit},
2317 1284 2539 1343 rediens
2596 1284 2888 1342 annuntiat
2942 1284 3088 1357 quod
3143 1283 3370 1348 audivit.

63 1364 236 1419 audita
270 1381 510 1422 summa
553 1369 942 1438 praemiorum.
981 1368 1256 1442 Respicite
1289 1369 1420 1427 Saul
1441 1372 1574 1444 quid
1601 1371 1684 1430 fe-
1781 1372 2138 1432 Boamundus
2162 1389 2295 1446 ergo
2315 1415 2332 1443 ,
2363 1373 2510 1431 sicut
2533 1383 2798 1446 eruperat,
2848 1374 2917 1430 ad
2946 1374 3152 1430 muenia
3178 1389 3371 1444 perve-

62 1455 208 1521 cerit,
238 1464 296 1511 et
317 1455 391 1512 de
413 1457 684 1530 antiquis
721 1460 972 1532 exempla
1001 1475 1310 1519 sumamus.
1341 1462 1463 1519 Non
1495 1463 1679 1521 fuitin
1780 1467 1865 1522 nit
1887 1507 1904 1534 ,
1943 1465 2365 1524 funemdeforis
2393 1465 2722 1537 pendentem
2761 1465 3001 1534 invenit,
3030 1465 3084 1520 in
3134 1479 3200 1520 eo
3239 1478 3372 1521 suos

65 1545 322 1613 Ilebraais,
350 1548 456 1621 qui
485 1559 702 1608 contra
745 1551 962 1610 Goliatb
1003 1564 1270 1627 surgeret,
1319 1557 1499 1614 donec
1531 1557 1678 1630 regis
1769 1558 1932 1630 ligat,
1977 1559 2254 1616 Armentis
2304 1559 2508 1626 trahit;
2545 1572 2786 1630 cumque
2831 1558 2968 1616 satis
3001 1558 3191 1613 ﬁrmos
3224 1566 3373 1613 stru-

62 1640 162 1695 ﬁlia
189 1650 244 1696 et
270 1641 518 1700 libertas
550 1643 755 1716 patriae
775 1645 964 1703 domui
993 1648 1267 1719 promissa
1303 1648 1470 1706 David
1499 1649 1677 1706 susci-
1779 1651 1952 1708 xisset
2002 1661 2212 1719 nexus,
2261 1650 2528 1723 juventus
2557 1647 2800 1706 volucris
2848 1656 3082 1721 pennata
3138 1664 3368 1720 corpora

63 1741 254 1787 tarunt.
295 1732 483 1789 Aiunt
511 1734 764 1803 intra,se
813 1737 993 1806 multi,
1023 1748 1188 1810 atque
1229 1739 1396 1796 etiam
1434 1741 1614 1812 palam
1655 1757 1670 1795 :
1707 1811 1728 1815 Α
1775 1743 2010 1800 accincti
2037 1743 2236 1815 gladiis
2263 1759 2363 1815 per
2383 1742 2546 1800 funes
2570 1743 2778 1810 volant,
2811 1740 2983 1799 Gouel
3010 1740 3367 1796 Carnotensis

64 1822 142 1878 cui
165 1823 362 1881 laboro
379 1825 407 1880 ?
458 1826 536 1883 ad
580 1828 720 1899 quid
743 1845 834 1884 me
862 1831 1050 1888 erucio
1087 1831 1112 1886 2
1147 1847 1248 1888 cur
1276 1811 1502 1889 vulnera
1523 1833 1673 1889 exci-
1704 1811 1751 1876 Β
1778 1835 2014 1907 primus,
2037 1811 2182 1892 sicut
2201 1811 2386 1907 aquila
2409 1849 2720 1907 provocans
2743 1835 2922 1907 pullos
2943 1849 3074 1892 suos
3100 1834 3168 1890 ad
3185 1835 3368 1890 volan-

65 1914 184 1985 pio?
212 1927 315 1990 ego
341 1917 532 1974 vitam
559 1935 748 1976 meam
775 1921 1014 1992 pretium
1057 1923 1361 1980 Antiochiae
1388 1925 1568 1982 dabo?
1587 1926 1674 1982 in-
1773 1925 1928 1994 dum,
1955 1933 2014 1981 et
2033 1940 2204 1997 super
2225 1940 2326 1982 eos
2343 1925 2706 1995 volitans,vir
2737 1926 2826 1982 ille
2848 1924 3074 1992 nobilis,
3104 1933 3158 1979 et.
3183 1939 3213 1978 a
3236 1939 3369 1994 puc-

66 2017 238 2077 gratus
285 2008 592 2081 quispiam
635 2013 835 2071 nescio
883 2015 1014 2087 quis
1056 2014 1470 2087 principabitur.
1515 2017 1674 2075 Absit
1773 2030 1838 2072 ro
1857 2015 1996 2072 nihil
2023 2015 2278 2072 esuriens
2309 2023 2369 2071 ut
2395 2016 2616 2072 laudem
2647 2031 2826 2088 neque
2851 2015 3067 2082 sitiens,
3094 2029 3205 2070 non
3234 2029 3367 2086 pro-

69 2115 154 2170 ego
181 2101 417 2170 plorem,
455 2103 617 2160 alius
661 2120 759 2176 per
789 2105 1062 2180 lacrymas
1087 2123 1240 2163 meas
1288 2108 1464 2164 rideat
1488 2109 1672 2182 ingra-
1771 2117 1893 2180 pter
1910 2108 2079 2164 vitam
2099 2106 2342 2176 laudari,
2367 2109 2463 2166 sed
2489 2117 2715 2180 propter
2739 2107 2958 2164 laudem
2977 2107 3161 2163 vivere
3181 2106 3368 2178 cupie-

70 2203 167 2249 tus.
191 2191 376 2262 Quare
407 2197 591 2270 agite,
615 2213 728 2255 non
752 2209 966 2256 moveat
988 2215 1088 2257 vos
1109 2201 1348 2259 ambitus
1369 2203 1666 2274 regnandi:
1769 2200 1884 2257 bat.
1903 2199 2092 2256 Primo
2114 2201 2340 2256 tacitum
2365 2208 2470 2268 est,
2504 2201 2636 2258 dum
2674 2200 2926 2271 paucitas
2956 2198 3364 2254 multitudinem

71 2283 154 2339 sed
183 2285 368 2356 potius
401 2287 518 2344 via:
556 2297 756 2360 coeptae
801 2290 1208 2347 consummatio
1252 2308 1267 2346 :
1305 2291 1506 2348 melius
1548 2291 1663 2363 ipsa
1769 2292 2084 2350 formidavit
2116 2312 2130 2350 :
2169 2302 2230 2350 at
2273 2293 2370 2349 ubi
2413 2292 2709 2350 multitudo
2747 2291 3079 2357 introducta,
3111 2289 3363 2344 formidi-

72 2375 246 2432 civitas
275 2377 356 2433 illi
381 2379 690 2453 contingat
721 2396 954 2450 merces,
985 2382 1033 2438 si
1073 2383 1232 2455 cujus
1253 2397 1358 2455 ope
1385 2398 1490 2440 nos
1511 2397 1665 2441 rece-
1768 2400 1894 2440 nem
1939 2385 2212 2453 exclusit;
2245 2384 2364 2456 jam
2389 2384 2448 2440 in
2475 2385 2662 2440 leones
2709 2383 2874 2440 vertit
2924 2381 3178 2448 animus,
3222 2395 3366 2452 quos

71 2465 217 2536 perit,
252 2483 426 2540 quam
459 2473 689 2543 praemii
716 2488 915 2546 expers
958 2475 1135 2532 virtus
1161 2483 1394 2548 torpeat,
1429 2491 1665 2534 excusa-
1765 2477 1968 2549 aquilis
1995 2477 2337 2534 simiiaverat
2361 2491 2649 2534 ascensus.
2871 2481 2874 2484 ’

75 2560 259 2619 tionem
286 2579 463 2636 quam
495 2565 741 2624 audistis
764 2567 1050 2640 objiciens.
1105 2567 1223 2626 Hoc
1257 2577 1350 2626 est
1373 2569 1522 2640 quod
1569 2585 1664 2626 sa-
2175 2567 2385 2625 LXVII.
2411 2599 2484 2610 -—-
2517 2566 2699 2625 Crede:
2726 2565 2942 2622 ciuium.
3295 2625 3302 2631 ,

72 2653 205 2723 nius,
235 2657 385 2728 quod
415 2658 733 2729 efﬁcacius,
779 2661 930 2733 quod
957 2663 1328 2735 praestantius,
1364 2663 1620 2721 meditari
1643 2704 1661 2731 ,
1857 2659 2102 2718 Currant
2165 2663 2232 2718 ad
2281 2669 2505 2734 portas,
2553 2660 2756 2732 quibus
2804 2659 2854 2716 si
2901 2658 3028 2730 quis
3084 2657 3358 2726 occurrit,

78 2745 334 2820 indagare,
377 2753 710 2825 excogitare
751 2769 908 2812 mens
960 2771 1083 2812 mea
1111 2764 1294 2827 potest
1341 2774 1355 2812 :
1401 2755 1664 2815 discretio
1763 2753 2064 2810 occumbit.
2124 2752 2347 2811 Primus
2415 2752 2628 2826 gladios
2685 2766 2881 2810 eorum
2930 2759 3191 2822 expertus
3233 2760 3356 2817 est,

76 2847 254 2906 vestra,
284 2853 321 2896 o
348 2845 654 2912 proceres!
707 2844 756 2901 si
785 2845 918 2916 quid
967 2846 1155 2904 minus
1201 2847 1434 2906 dixerim
1459 2890 1476 2916 ,
1526 2865 1660 2922 sup-
1763 2844 1820 2901 in
1845 2845 2007 2917 cujus
2033 2846 2266 2917 primam
2290 2846 2490 2904 turrim
2515 2845 2939 2912 descenderunt,
2967 2844 3118 2900 illius
3155 2843 3246 2900 sui
3270 2843 3356 2898 in-

80 2927 226 2997 pleat;
269 2930 315 2986 si
335 2932 468 3004 plus
487 2976 505 3002 ,
545 2934 797 3004 adimat;
849 2935 897 2993 si
935 2936 1108 3006 male,
1151 2946 1365 3008 mutet;
1397 2939 1448 2997 si
1483 2941 1657 3009 bene,
1763 2938 2098 2996 troductoris
2127 2953 2442 3010 germanus,
2459 2953 2625 3009 quem
2651 2937 2850 2994 secreti
2875 2936 3046 3007 hujus
3070 2935 3242 2993 frater
3267 2951 3358 2992 re-

83 3028 284 3076 mum.
323 3041 344 3075 ι
1759 3031 1997 3103 liquerat
2019 3030 2306 3103 ignarum,
2339 3045 2412 3087 ne
2445 3045 2680 3102 gnarum
2711 3027 2894 3087 facere
2920 3029 3030 3086 hoc
3075 3037 3222 3085 esset
3250 3027 3356 3084 sibi

85 3107 308 3168 LXV.—
724 3119 1356 3219 furfEAeinpr-omittimr
1381 3139 1478 3195 per
1505 3141 1658 3197 quem
1685 3162 1732 3219 η
1761 3125 1989 3195 suisque
2023 3123 2329 3195 patibulum
2348 3131 2581 3200 struere.
2605 3121 2704 3177 Illo
2732 3121 2920 3219 itaque
2948 3119 3230 3219 sociisque
3250 3135 3348 3175 eu-

411 3190 474 3243 in
503 3191 686 3261 ipsum
718 3190 935 3262 futurus
970 3190 1050 3248 est
1095 3193 1302 3250 aditus.
1384 3190 1393 3195 ⁷
1517 3190 1528 3197 ’
1685 3190 1732 3224 ’⁸
1761 3190 1915 3274 “odi;

1839 3190 1954 3272 idiaa
2005 3190 2292 3287 repentino
2339 3215 2522 3288 gladio
2539 3190 2855 3286 ‘jugulatis,
2884 3211 2948 3268 tit
2971 3190 3202 3279 clamor,
3231 3225 3343 3281 quo

145 3295 216 3353 Ad
240 3300 354 3358 hac
377 3303 684 3361 universus
710 3305 928 3362 consilii
961 3304 1117 3362 favor
1144 3325 1157 3362 :
1182 3309 1335 3379 prius
1353 3310 1446 3381 qui
1473 3309 1658 3381 primi,
1761 3317 1943 3364 turres
1969 3307 2091 3364 alite
2123 3307 2482 3376 tremiscunt,
2509 3305 2727 3379 fugiunt
2747 3305 2943 3378 vigiles
2968 3304 3172 3376 quibus
3205 3303 3350 3370 licet,

88 3387 166 3457 qui
193 3401 310 3460 post
339 3395 562 3466 primos
583 3397 857 3468 posterius
889 3413 992 3470 pro
1023 3399 1290 3471 dignitate
1328 3417 1429 3457 sua
1457 3403 1658 3474 singuli
1759 3399 1884 3456 aliis
1915 3400 2050 3471 ipsa
2078 3398 2240 3456 facta
2285 3399 2521 3468 tumuli,
2569 3398 2816 3469 sepultos
2845 3403 3070 3452 servant
3089 3411 3120 3450 a
3149 3393 3354 3466 quibus

92 3495 358 3542 assonant:
389 3504 564 3546 nemo
599 3504 707 3544 non
738 3489 904 3554 favet,
931 3506 1125 3548 omnes
1158 3493 1210 3549 ei
1245 3493 1561 3565 quicunque
1586 3494 1661 3550 sit
1758 3493 1926 3549 modo
1955 3492 2351 3560 servabantur;
2372 3492 2454 3549 sic
2480 3491 2551 3548 ad
2578 3498 2766 3563 portas
2777 3487 3123 3545 descendunt
3152 3487 3349 3556 nostri,

91 3572 253 3630 urbem
298 3591 589 3648 annuunt,
637 3597 737 3654 per
771 3598 936 3654 quem
989 3583 1174 3642 aditus
1228 3586 1452 3656 patebit.
1501 3585 1660 3642 Tunc
1755 3584 2072 3654 propiorem
2102 3582 2161 3638 in
2195 3597 2432 3650 occasu,
2461 3581 2740 3653 repagulis
2771 3578 2999 3646 excisis,
3028 3577 3352 3634 Boamundo

91 3658 447 3728 Boamundus:
473 3673 882 3743 «Promissum,
907 3675 1107 3748 inquit,
1131 3678 1277 3749 quod
1297 3677 1657 3749 jurejurando
1757 3674 2013 3744 aperiunt
2068 3673 2298 3729 alteram
2349 3687 2474 3744 quas
2503 3673 2728 3728 boream
2776 3669 2982 3740 excipit
3025 3678 3082 3725 et
3125 3679 3350 3740 pontem

77 3749 418 3832 'obstringitur
445 3766 568 3838 jam
607 3768 766 3838 quasi
799 3767 988 3823 datum
1016 3778 1125 3836 est,
1157 3776 1218 3824 ut
1249 3777 1493 3826 transeat
1511 3785 1654 3840 quo-
1757 3765 2094 3822 Baimundo.
2119 3765 2204 3821 Ad
2237 3764 2384 3820 illam
2413 3779 2512 3835 per
2539 3764 2772 3834 abrupta
2794 3777 2892 3834 per
2920 3760 3042 3817 avia
3073 3759 3352 3816 Boamun-

97 3844 352 3910 dammodo
368 3855 621 3914 futurum
639 3859 1178 3931 inpraasens,spesin
1195 3861 1453 3933 gaudium
1477 3859 1654 3932 :quod
1755 3855 1862 3913 dus
1887 3855 2266 3922 descenderat,
2320 3853 2465 3910 hanc
2512 3853 2582 3909 de
2619 3851 2876 3924 proximo
2912 3849 3009 3907 diu
3060 3849 3352 3906 obsederat

96 3937 133 3990 si
152 3941 310 4000 soluta
332 3947 400 4003 ab
420 3949 533 4006 hoc
554 3951 773 4007 vincula
797 3960 1008 4008 tantum
1025 3954 1353 4022 suntverha,
1377 3953 1508 4026 quid
1525 3968 1656 4010 con-
1755 3946 2104 4004 Raimundus
2126 3987 2144 4014 ,
2199 3944 2295 4016 qui
2333 3943 2522 4001 audito
2573 3942 2814 4000 tumultu
2869 3940 2941 3998 de
2987 3940 3140 3998 intus
3155 3979 3172 4008 ,
3219 3953 3351 3994 mox

96 4027 185 4087 furi
203 4041 407 4096 autem?
425 4043 692 4114 pollicitis
705 4044 859 4101 dives
874 4045 1104 4115 quilibet
1119 4060 1243 4102 esse
1255 4055 1434 4118 potest
1452 4065 1464 4102 :
1483 4061 1654 4118 quare
1752 4041 1914 4098 adest
1939 4040 2076 4096 nihil
2097 4048 2408 4096 cunctatus.
2437 4037 2640 4094 Fuerat
2676 4037 2768 4092 illa
2797 4050 3056 4092 curarum
3083 4033 3348 4100 maxima,

99 4119 136 4175 si
149 4127 326 4196 cupitis
339 4141 522 4190 ratum
538 4133 680 4203 ﬁeri,
700 4135 980 4208 fixumque
994 4143 1160 4204 stare,
1176 4137 1322 4208 quod
1337 4138 1654 4208 promittitis
1753 4133 1847 4190 ille
1869 4134 2036 4189 timor
2049 4148 2306 4205 magnus,
2325 4147 2394 4187 ne
2419 4129 2750 4187 introductis
2771 4128 2976 4186 nostris
2993 4168 3010 4195 ,
3033 4133 3352 4184 occurreret

101 4217 382 4286 conjuretis.
423 4245 442 4279 ι
477 4225 643 4283 Nulla
672 4227 733 4284 tit
765 4243 943 4295 mora,
975 4227 1126 4285 nulla
1179 4229 1472 4299 retractio,
1503 4231 1653 4288 sicut
1733 4226 1971 4293 civitas,
2024 4233 2216 4297 portas
2265 4233 2532 4291 tueretur,
2581 4222 2852 4278 auxilium
2895 4219 3236 4286 excluderet;
3290 4226 3350 4274 at

101 4308 264 4366 moniti
290 4325 416 4372 sunt
444 4318 660 4390 jurant,
683 4318 854 4375 etiam
886 4321 933 4376 si
962 4321 1176 4392 majora
1210 4321 1299 4377 his
1321 4321 1648 4389 monuisset,
1749 4321 2048 4377 miserante
2071 4317 2336 4391 populum
2365 4333 2528 4375 suum
2556 4315 2810 4384 Christo,
2843 4315 2976 4372 dum
3003 4313 3059 4369 hi
3082 4312 3345 4380 veniunt,

102 4392 147 4450 in
167 4415 300 4471 Spem
329 4397 556 4471 remedii
599 4429 792 4486 parere
827 4430 940 4472 non
969 4415 1114 4472 duri.
1149 4414 1244 4472 Sic
1284 4415 1400 4487 jam
1448 4417 1652 4474 certior
1751 4415 1831 4472 illi
1861 4413 2112 4488 fugiunt;
2145 4423 2317 4487 portae
2353 4412 2606 4471 custodia
2639 4421 2900 4470 vacantes
2931 4409 3092 4468 facile
3128 4418 3344 4482 patent,

105 4501 538 4578 ειρθιτθοιίοτῳιε
553 4505 911 4565 Boamundu’s
931 4508 1141 4580 aliquot
1159 4507 1490 4580 primatibus
1515 4523 1651 4566 con-
1677 4505 1728 4567 D
1753 4505 1850 4562 ubi
1877 4519 2102 4562 secures
2119 4504 2430 4564 altrinsccte
2460 4505 2518 4561 in
2547 4503 2743 4560 media
2769 4501 2942 4558 trabis
2965 4499 3240 4558 excidium
3265 4499 3348 4554 la-

106 4581 257 4642 ιίὶὶιιω
282 4604 434 4652 suum
459 4598 656 4670 aperit,
687 4599 948 4657 omnibus
983 4599 1053 4657 ad
1095 4600 1515 4674 ingrediendum
1546 4617 1648 4674 pa-
1750 4599 1970 4656 boraut.
2001 4596 2123 4656 Nox
2151 4599 2420 4656 hactenus
2442 4596 2778 4654 Christianis
2803 4595 3066 4652 obsecuta
3095 4601 3213 4659 est,
3244 4605 3347 4648 au-

111 4677 305 4767 matium
336 4703 456 4748 esse
503 4691 856 4750 manifestius
902 4693 1128 4763 indicat,
1169 4703 1446 4752 maturam
1483 4711 1646 4767 opem
1747 4704 1877 4746 rora
1915 4689 2137 4757 rutilat,
2173 4689 2294 4746 dies
2321 4688 2638 4746 accelerans
2661 4695 2877 4748 tantum
2901 4683 3052 4741 nocti
3077 4682 3344 4754 gaudium

109 4765 219 4824 adeo
239 4775 332 4832 sub
359 4791 503 4838 certa
527 4798 624 4855 spe
647 4782 938 4855 promittit.
955 4783 1114 4842 Tunc
1139 4786 1260 4841 vale
1289 4765 1537 4842 invicem
1548 4784 1648 4842 da-
1745 4779 1976 4837 invidet.
2007 4777 2180 4852 Igitur
2209 4787 2332 4836 orta
2378 4778 2522 4848 lum,
2567 4776 2872 4834 Christiani
2901 4773 3106 4846 palatia
3140 4772 3345 4829 irrum-

113 4858 172 4920 ⁸ος
203 4860 258 4914 ad
285 4871 494 4940 propria
523 4871 774 4940 redeunt,
805 4871 1032 4930 tunibus
1057 4873 1342 4930 struendis
1363 4873 1496 4930 dant
1515 4888 1647 4946 ope-
1746 4880 1908 4944 punt,
1935 4880 2111 4944 captaa
2150 4871 2278 4928 urbi
2319 4871 2621 4938 insultant,
2663 4868 2892 4925 latibula
2919 4865 3214 4934 rimantur,
3243 4879 3346 4922 au-

112 4953 222 5000 ram.
246 4948 330 5010 ille
349 4959 586 5017 maxime
613 4962 710 5034 qui
734 4979 882 5020 unus
909 4963 1052 5020 inter
1077 4973 1366 5022 currentes
1390 4965 1642 5021 bravium
1746 4981 1896 5034 rum,
1927 4968 2210 5039 parvulos,
2245 4976 2551 5035 matronas,
2587 4965 2832 5038 puellas,
2884 4970 3153 5034 praeterea
3203 4963 3342 5034 quid

116 5045 522 5132 ff’mPPOhendere
543 5053 818 5122 intendit;
857 5055 948 5111 ille
969 5057 1274 5124 accelerat,
1302 5057 1396 5112 ille
1417 5058 1644 5130 cogitat,
1746 5057 1983 5130 quisque
2009 5057 2242 5126 invenit,
2271 5058 2498 5129 arripit;
2528 5072 2716 5114 mares
2741 5055 2890 5127 quod
2919 5053 3244 5111 bellicosum
3257 5063 3345 5114 est

117 5123 185 5224 “ie
222 5142 352 5195 totus
381 5143 447 5201 de
489 5146 670 5202 noctis
703 5145 970 5218 proximae
1009 5123 1646 5221 adventupendet'qute
1747 5123 2010 5218 trucidat,
2039 5150 2186 5222 quod
2213 5123 2434 5206 imbelle
2454 5123 2719 5206 reservat.
2736 5123 2810 5203 At
2830 5147 3001 5215 cives,
3026 5147 3124 5218 qui
3155 5162 3344 5218 prom-

120 5224 239 5314 ξιξτα
255 5225 347 5284 Sibi
371 5250 531 5306 supra
551 5237 702 5308 quod
749 5237 984 5294 amicam
1017 5241 1358 5313 exspectanti
1401 5242 1486 5298 vel
1504 5257 1645 5314 opus
1743 5248 1874 5312 ptus
1898 5240 2062 5314 fuge,
2092 5241 2189 5313 qui
2210 5241 2347 5313 pede
2371 5242 2538 5309 celer,
2559 5240 2768 5298 relictis
2789 5239 3068 5307 omnibus,
3092 5239 3148 5295 in
3181 5254 3350 5296 monv-

123 5302 386 5380 lleb(intibus
417 5302 649 5385 videtur.
1120 5302 1138 5313 -
1541 5302 1558 5314 ⁸
1879 5302 2128 5406 fugiunt:
2138 5302 2390 5391 saucium
2411 5302 2567 5404 pstor
2581 5333 2753 5388 lilium
2780 5347 2893 5390 non
2916 5302 3220 5404 exspectat;
3244 5333 3340 5390 sed

431 5418 616 5478 LXVI.
647 5453 718 5463 —
745 5422 1004 5480 Traditur
1041 5427 1254 5482 ciuitas.
1742 5439 1845 5480 nec
1874 5424 2022 5482 ﬁlius
2062 5436 2274 5498 patrem
2311 5425 2683 5498 grandaevum.

284 5507 476 5610 ad”?
534 5527 661 5610 eam
703 5514 1048 5610 ad'ef’isse"
1095 5518 1278 5610 medio
1321 5519 1506 5576 omnia
1562 5525 1642 5577 ιθ·
1743 5535 1976 5592 LXVIII.
2005 5568 2078 5578 —-
2103 5537 2362 5608 Princeps
2399 5534 2704 5610 Antiochia
2741 5537 3032 5594 Cassianus
3073 5538 3200 5610 fuga
3234 5537 3340 5596 sibi

128 5589 256 5678 “FW
294 5591 518 5672 silentio,
571 5603 929 5662 Boamundus
969 5607 1298 5678 promissam
1363 5610 1467 5666 sibi
1523 5619 1638 5668 ιιιτ.
1744 5589 1751 5590 “
1792 5589 1829 5590 ί⁷
1863 5589 1901 5590 ⁷ί
1940 5589 1975 5592 ί⁷
2103 5589 2126 5592 ”
2399 5589 2668 5664 sanna;

134 5679 211 5774 3‘"!
232 5693 318 5738 non
342 5690 447 5749 sine
470 5697 644 5752 multo
674 5697 877 5753 sudore
913 5700 1079 5770 pedes
1113 5699 1254 5769 adit,
1294 5717 1471 5774 neque
1490 5703 1638 5759 enim
1815 5681 1995 5758 Situm
2035 5702 2089 5758 in
2127 5715 2341 5760 Summa
2376 5718 2512 5774 rupe
2561 5710 2805 5759 castrum
2862 5703 3070 5758 multos
3107 5701 3334 5771 recepit,

137 5762 215 5818 Μ
241 5783 466 5844 asperitas
491 5803 663 5859 equos
698 5789 1018 5847 admittebat
1044 5811 1056 5847 ε
1080 5793 1262 5850 eundo
1289 5762 1470 5851 tanien
1504 5811 1640 5869 n‘un-
1735 5811 1906 5866 quam
1958 5795 2180 5867 plurimi
2222 5795 2608 5862 excluduntur,
2642 5809 2783 5865 quos
2808 5793 3158 5851 Christianus
3182 5791 3334 5848 ensis
