3838 6306
525 375 627 433 539
1088 373 1181 428 AD
1218 369 1668 431 eoosrmnuu
1706 368 1998 427 APPEND.
2037 367 2102 422 u.
2137 395 2210 408 -
2248 363 2519 424 uorum.
2561 362 2651 418 ne
2686 322 2913 419 uento
2955 360 3182 419 saeuo
3658 368 3741 423 sto

503 488 718 545 'ebvius
741 476 746 483 ’
773 470 970 542 avertit
1031 476 1065 542 ε⁴
1104 485 1163 542 hi
1220 490 1349 557 pars
1397 485 1456 541 in
1494 485 1751 541 montem
1812 489 2099 559 corruunt,
2132 478 2173 540 Δ
2202 479 2351 551 quod
2379 486 2554 535 restat
2576 476 2946 549 exstinguere.
2979 475 3121 544 Quid
3151 474 3343 546 plura?
3376 473 3740 559 immemorhoo

518 580 748 651 quidam
824 592 924 650 per
993 554 1284 634 interiores
1358 576 1595 648 gradus
1630 554 1933 631 ascendunt
1992 591 2110 631 mu—
2208 570 2375 637 nesti,
2402 570 2604 640 pietate
2633 567 2912 640 neglecta,
2936 583 3130 624 servus
3162 566 3446 621 dominum
3469 554 3608 623 clava
3640 572 3735 627 sub-

450 712 457 719 .
518 684 644 736 ros,
684 671 818 725 dant
847 662 1047 725 saltum
1078 668 1250 735 foras,
1300 667 1583 722 exitialem
1619 667 1764 734 aliis,
1795 675 1960 737 atque
1983 667 2107 725 aliis
2198 663 2319 733 ,lata
2354 661 2605 728 dilaniat,
2632 661 2920 716 cerebrum
2944 660 3184 733 spargit,
3234 659 3410 730 spolia
3457 661 3582 716 satis
3628 674 3742 722 arcta

519 759 852 816 redivivum.
887 756 1061 816 Latus
1102 759 1238 814 illud
1264 758 1449 825 urbis,
1469 768 1531 813 ut
1576 772 1744 828 supra
1771 758 1980 816 dictum
1998 768 2105 826 est,
2209 754 2522 826 ingentibus
2546 752 2845 831 praeferens
2874 751 3189 825 promissis.
3236 742 3240 746 Δ

520 851 813 909 obsessore
835 853 1069 941 vacabat
1082 870 1111 918 ;-
1124 851 1366 921 ideoque
1385 866 1526 921 quos
1554 850 1866 922 egrediendi
1888 851 2036 908 licem

2228 866 2372 923 QXX.
2423 896 2500 909 --
2549 865 2853 941 Tom-redata
2906 864 3133 941 hujusce
3178 863 3530 941 expeditionis
3573 881 3623 918 se
3649 883 3744 922 cou-

518 943 873 1012 expediebat;
911 938 1092 998 viaum
1120 950 1207 998 est
1244 942 1351 997 illis
1394 948 1583 1012 aptum
1610 941 1754 1014 fuga:
1786 942 2104 1017 divortium.
2196 982 2203 985 -
2549 938 2721 993 scium
2758 952 2863 990 non
2890 935 3060 1005 fuisse
3091 934 3451 1005 conqueritur.

520 1032 643 1104 ipse
678 1035 840 1089 etiam
868 1035 1125 1104 princeps
1149 1033 1454 1091 Cassianus
1477 1034 1737 1090 verticem
1766 1034 1967 1106 gladio,
1994 1042 2106 1090 tcr-
2279 1027 2598 1086 Tancredus
2622 1029 2837 1083 interea
2875 1027 3107 1098 ignarus
3139 1023 3386 1080 omnium
3418 1039 3539 1094 qua:
3574 1040 3745 1081 arctoe-

524 1142 652 1197 gum
701 1127 920 1193 lancea,
951 1126 1135 1197 jaculo
1193 1128 1417 1183 saueius
1471 1126 1653 1183 femur
1692 1128 1798 1184 hac
1836 1136 2104 1196 evaserat,
2209 1129 2371 1189 rant,
2411 1119 2494 1193 ('5)
2540 1134 2695 1174 more
2719 1131 2822 1174 suo
2847 1116 2967 1172 vias
2998 1115 3192 1188 procul
3221 1115 3292 1171 ab
3324 1113 3461 1169 urbe
3490 1113 3744 1185 obsidebat,

520 1228 1055 1290 quantumque'nox‘,
1083 1220 1386 1277 diluculum
1407 1263 1423 1289 ,
1449 1222 1652 1289 calcar,
1676 1237 1852 1294 equus
1879 1222 2105 1294 adjuve-
2207 1228 2333 1285 qua:
2361 1212 2646 1269 introitum
2677 1210 2995 1282 exitumque
3016 1208 3217 1280 saepius
3264 1207 3597 1263 indulserant
3617 1209 3746 1264 urba-

519 1318 665 1375 rant,
683 1310 796 1379 jam
829 1325 996 1380 prope
1025 1310 1271 1367 Rubeam
1297 1312 1557 1383 Oppidum
1578 1314 1926 1385 elongaverat
1956 1332 1970 1368 :
1997 1314 2107 1369 illic
2209 1305 2297 1362 nis
2329 1324 2343 1360 :
2374 1320 2502 1361 cum
2535 1318 2667 1375 ergo
2693 1319 2725 1359 a
2756 1300 3005 1374 profugis
3061 1299 3188 1356 illac
3230 1297 3470 1371 egressis
3516 1299 3748 1370 captisque

520 1416 664 1470 equo
690 1402 1010 1470 destitutus,
1035 1420 1099 1459 ac
1126 1405 1365 1461 tenebris
1396 1404 1450 1460 in
1478 1404 1683 1462 fruteto
1728 1407 2103 1475 absconditu:-,
2208 1411 2298 1453 res
2320 1405 2502 1468 gestas
2527 1395 2831 1467 accepisset
2856 1413 2869 1448 :
2901 1414 2919 1446 ‹
2948 1391 3067 1449 Heu
3095 1392 3267 1448 mihi!
3300 1392 3440 1448 heu!
3472 1390 3745 1462 ingeminat,

518 1507 749 1562 sperans
785 1494 901 1550 sive
938 1496 1007 1551 de
1057 1498 1315 1567 prtesenti
1339 1489 1464 1554 luce
1504 1498 1769 1555 viatorem
1801 1498 2034 1572 opiferul

2231 1487 2305 1557 [ui
2340 1487 2396 1541 in
2429 1494 2580 1554 tanto
2610 1492 2721 1540 tam
2752 1482 3011 1540 ineffabili
3037 1481 3237 1554 gaudio
3262 1480 3418 1569 solus
3452 1495 3611 1551 cogor
3633 1480 3747 1537 dole-

496 1586 605 1641 'vcl
655 1589 847 1643 saltem
884 1590 951 1644 de
990 1596 1171 1645 noetef
1194 1591 1422 1646 instanti
1468 1593 1724 1648 tenebras
1778 1592 1921 1665 fugae
1963 1594 2107 1649 sola~
2208 1595 2295 1635 ΥΘ(
2320 1578 2465 1635 ΡῙὍῙΙ
2488 1579 2695 1650 Ρυάοτί
2720 1576 2846 1649 quis
2874 1576 3233 1642 Ῐδδοτθνίῑςθῑ
3251 1589 3353 1647 ⁸30
3372 1573 3584 1645 quia“:
3609 1575 3748 1645 qualis

523 1680 660 1733 tium
695 1697 710 1736 :
741 1682 845 1737 hac
871 1681 924 1735 in
955 1684 1050 1751 spe
1079 1671 1249 1738 miser
1292 1684 1382 1738 ille
1411 1677 1656 1752 Saucius,
1688 1693 1749 1739 ut
1769 1684 1903 1752 dixi,
1930 1685 2039 1740 anh

2230 1673 2517 1742 :xcubavit,
2541 1682 2596 1730 et
2619 1687 2722 1747 ego
2746 1670 2976 1728 stertui?
3000 1668 3046 1726 Ο
3071 1669 3392 1726 Boamundo
3407 1710 3424 1739 ,
3448 1667 3746 1726 Boamunde!

519 1769 626 1833 lus,
654 1771 868 1839 sitiens,
892 1774 1120 1828 arrectis
1143 1774 1391 1843 auribus,
1410 1768 1586 1831 oculis
1614 1775 1684 1830 ad
1711 1776 1829 1831 vias
1855 1776 2035 1832 intent

2230 1767 2336 1823 iliis
2386 1766 2568 1838 palam
2598 1764 2802 1833 fecisti,
2832 1764 2974 1820 clam
3001 1763 3139 1819 mihi
3165 1781 3178 1818 :
3222 1778 3257 1818 o
3280 1770 3514 1834 cognate
3541 1764 3746 1835 sanguis!

521 1861 574 1914 in
602 1862 769 1916 dumo
794 1863 1061 1932 latitabat,
1090 1838 1579 1936 lepusculosimilis
1609 1864 2037 1938 quemcatuloru

2232 1858 2441 1916 wccine
2465 1856 2572 1915 fuit
2594 1857 2816 1933 cognati
2849 1855 3134 1929 sanguinis
3157 1846 3183 1911 τ
3212 1854 3533 1911 Absentasti
3556 1870 3651 1923 me,
3674 1844 3748 1911 cn?

518 1951 773 2009 faucibus
813 1966 1059 2028 ereptum
1096 1959 1280 2028 vepris
1304 1960 1465 2015 celat.
1505 1959 1652 2015 Proh
1683 1961 1873 2017 mundi
1898 1961 2103 2035 gloria!
2202 1950 2296 2021 ius
2312 1950 2663 2021 Pmenuam
2686 1964 2925 2005 ηονθηδ
2948 1949 3005 2004 in
3038 1948 3145 2004 hac
3175 1956 3330 2004 “ma
3360 1947 3557 2002 mimi“
3587 1948 3751 2019 Mimas

521 2042 664 2110 Quid
706 2063 853 2103 nunc
888 2065 954 2103 eo
982 2049 1289 2106 infelicius?
1313 2052 1453 2107 idem
1480 2052 1595 2107 heri
1619 2051 1925 2109 Antiochiae
1954 2054 2037 2124 pri

2235 2049 2399 2107 iartes
2417 2055 2530 2096 non
2561 2040 2856 2124 declinare.
2908 2037 3155 2095 Noveras
3183 2039 3229 2117 si
3274 2038 3550 2110 adessem,
3584 2038 3751 2110 primus

522 2150 675 2206 ccps,
707 2134 879 2209 Syriae
908 2138 1219 2196 dominator
1259 2157 1326 2197 ac
1365 2141 1682 2209 Phoenicim,
1724 2118 1973 2216 Assyria:
2000 2153 2108 2200 ter-
2205 2134 2276 2189 ad
2307 2133 2512 2191 κωῐιίει
2535 2118 2839 2201 cunerem,
2872 2133 3088 2204 Primus
3112 2131 3271 2189 funes
3308 2131 3750 2203 apprehenderat“.

521 2241 634 2292 ror,
671 2226 861 2299 regum
886 2231 1234 2287 orientalium
1257 2224 1693 2303 potentissimus,
1722 2237 1818 2291 uni
1843 2235 2037 2293 Solidm

2235 2226 2419 2284 trimus
2461 2226 2905 2297 supervolarem,
2956 2225 3171 2297 primus
3195 2224 3577 2282 detruncarem
3606 2224 3751 2283 :hanc

518 2316 614 2386 qui
645 2332 872 2389 regnum
900 2318 1121 2376 Persida
1143 2332 1487 2394 regnaverat,
1512 2326 1820 2395 secundus;
1850 2328 1946 2384 sed
1971 2329 2034 2384 du

2234 2318 2343 2397 nibi
2366 2318 2599 2390 gloriam
2640 2317 2921 2387 invidisti,
2960 2333 3278 2389 quanquam
3316 2317 3419 2373 tibi
3457 2333 3575 2374 eam
3610 2314 3750 2387 vires,

521 2408 687 2463 tantis
719 2409 886 2466 miser
911 2422 1206 2469 vexaretur
1239 2417 1532 2487 angustiis,
1564 2417 1687 2473 sitis
1722 2418 1904 2474 acrior
1926 2419 2105 2475 visoe-
2203 2418 2359 2479 ωηεν
2385 2409 2622 2485 torta?“
2642 2411 2867 2467 animus
2888 2410 3182 2482 ηεεεδαιη·
3209 2408 3255 2465 ο
3275 2408 3407 2466 re“!
3428 2410 3537 2478 me:
3559 2409 3751 2482 τίιιίουη·

519 2513 580 2551 ra
622 2499 867 2555 torrebat
890 2543 906 2566 ,
936 2502 1056 2557 viso
1096 2505 1336 2560 ruricola
1384 2521 1541 2577 aquas
1579 2508 1900 2578 amphoram
1947 2510 2106 2581 baju-
2204 2518 2315 2574 que
2346 2511 2451 2570 est,
2483 2503 2579 2574 qui
2612 2503 2714 2560 has
2740 2501 2975 2559 Domino
3000 2501 3112 2558 Deo
3141 2511 3336 2559 nostro
3360 2502 3626 2574 primitias
3646 2503 3750 2558 liba-

520 2586 700 2654 lante;
736 2589 814 2643 illi
843 2591 1044 2659 innuit,
1072 2588 1326 2661 accessit,
1356 2596 1511 2652 bibit.
1545 2596 1836 2669 Aspiciens
1861 2600 2104 2657 rusticus
2192 2596 2314 2652 vit!
2349 2595 2447 2652 sed
2490 2611 2883 2668 properemus,
2921 2610 2956 2651 o
2988 2595 3169 2663 socii,
3206 2610 3550 2667 prmcursum
3600 2595 3753 2649 amisi-

520 2678 795 2749 habitum,
826 2681 1022 2739 faciem
1067 2689 1489 2758 contemplatur,
1522 2690 1859 2761 stupensque
1905 2691 2102 2748 ad‘ca-
2192 2705 2355 2758 mus,
2387 2691 2585 2747 saltem
2616 2692 3045 2763 subsequamur.
3103 2690 3293 2763 Neque
3335 2691 3485 2747 enim
3531 2691 3639 2748 haec
3682 2690 3751 2746 ille

518 2786 644 2827 sum
671 2781 727 2828 et
748 2776 972 2831 vulnera
1003 2796 1016 2831 :
1048 2797 1066 2829 ι
1088 2778 1233 2835 Heu!
1260 2781 1460 2852 inquit,
1482 2781 1703 2837 domine
1728 2783 1802 2837 mi
1827 2784 2101 2855 princeps,
2205 2782 2373 2838 etiam
2411 2778 2646 2850 auferet,
2685 2782 2782 2854 qui
2822 2797 2922 2839 vos
2976 2798 3246 2854 pauperes
3281 2781 3445 2851 fecit,
3477 2770 3562 2838 me
3611 2782 3751 2854 inglo-

515 2866 606 2919 cui
642 2867 710 2921 de
742 2874 796 2922 te
834 2877 1044 2925 tantum
1079 2871 1270 2940 licuit,
1311 2874 1471 2945 cujus
1493 2874 1551 2929 in
1586 2884 1640 2932 te
1682 2884 1832 2930 tanta
1864 2877 2103 2935 surrexit
2205 2874 2371 2929 rium.
2407 2874 2479 2930 At
2504 2874 2601 2946 qui
2628 2873 2787 2930 finxit
2817 2874 3099 2947 sigillatim
3133 2874 3299 2930 corda
3353 2856 3656 2941 hominum,
3678 2874 3748 2944 qui

519 2954 787 3045 audacia?
812 2973 833 3008 ι
867 2970 1166 3027 agnoverat
1192 2963 1341 3016 enim
1368 2979 1528 3031 eum,
1579 2972 1642 3019 ut
1686 2979 1902 3034 semper
1929 2967 2103 3037 plebis
2205 2965 2458 3037 intelligit
2507 2981 2676 3036 opera
2733 2965 3015 3037 ipsorum,
3049 2966 3166 3045 ipse
3187 2964 3430 3045 judicet,
3607 2966 3751 3020 vindi-

492 3044 661 3099 soculi
688 3047 759 3101 ad
783 3048 990 3119 regiam
1014 3052 1354 3122 majestatem
1384 3055 1745 3119 intenduntur
1784 3077 1798 3114 :
1847 3060 2100 3130 stupebat
2203 3065 2313 3113 cet.
2355 3076 2374 3109 ›
2412 3056 2541 3113 Haec
2575 3056 2723 3113 fatus
2755 3042 3108 3113 Antiochiam
3137 3038 3598 3129 venit,'gaudium
3626 3057 3751 3117 inve-

514 3152 647 3212 ergo
668 3146 1102 3257 eventusva'dhuc
1126 3148 1360 3204 recentis
1385 3150 1633 3221 ignarus.
2127 3196 2169 3257 Γ
2188 3149 2304 3215 nit,
2330 3157 2386 3204 et
2406 3147 2527 3220 ipse
2554 3150 2649 3220 qui
2673 3149 2839 3206 modo
2859 3148 3025 3207 ﬂebat
3055 3165 3184 3205 cum
3212 3148 3501 3225 flentibus,
3525 3149 3633 3220 jam
3650 3164 3750 3204 cum

843 3232 1028 3290 LXIX.
1060 3266 1134 3276 -—
1169 3238 1214 3292 Α
1246 3241 1446 3294 rustico
1481 3242 1760 3298 occiditur.
1824 3290 1827 3291 ν
2127 3232 2170 3258 ⁸⁸
2203 3243 2573 3313 gaudentibus
2611 3242 2815 3314 gaudet
2845 3258 2860 3298 :
2900 3242 3102 3312 quippe
3144 3240 3407 3312 gaudium
3460 3255 3750 3304 commune.

586 3323 1067 3384 Tune'Cassianus
1094 3330 1371 3387 misertori
1402 3332 1737 3391 infelicitatis
1779 3352 1893 3392 suae
1937 3337 2099 3393 fidem
2201 3336 2473 3406 privatam
2502 3335 2572 3392 de
2604 3335 2770 3392 corde
2805 3334 2977 3390 nobili
3020 3334 3245 3405 expellit
3280 3334 3580 3389 tristitiam.
3614 3335 3751 3389 Δωθ-

516 3415 807 3485 adhibens,
839 3418 1005 3473 simul
1043 3431 1296 3478 metuens
1344 3440 1413 3479 ne
1462 3426 1862 3484 dissimulando
1891 3428 2099 3485 diﬂide-
2202 3427 2284 3481 dit
2311 3434 2493 3482 tamen
2518 3434 2576 3482 et
2595 3424 2877 3485 communi
2897 3424 3083 3480 laetitia
3112 3440 3302 3510 parva,
3346 3425 3495 3497 quod
3522 3425 3680 3480 relicti
3700 3424 3752 3478 ad

514 3516 644 3574 ret,
707 3508 1000 3566 difﬁdendo
1047 3514 1196 3571 vices
1260 3515 1435 3574 hostis
1485 3521 1711 3590 exsequi
1764 3520 2096 3579 videretur.:
2200 3517 2427 3577 tutelam
2476 3529 2818 3584 castrorum,
2871 3530 2999 3592 pars
3026 3508 3237 3571 militiae.
3266 3516 3457 3571 audito
3490 3516 3741 3594 turbarum

519 3616 540 3648 ι
574 3596 795 3655 Perdita
816 3610 922 3669 est,
953 3598 1150 3675 inquit,
1184 3606 1496 3677 Antiochia,
1528 3609 1727 3666 Franci
1757 3620 1962 3670 tenent.
1984 3613 2100 3686 Ego
2201 3610 2408 3678 sonitu,
2439 3624 2566 3666 eum
2599 3607 2925 3664 Boamundo
2951 3606 3299 3679 introierant,
3338 3594 3653 3678 absentique
3676 3606 3753 3671 do-

515 3691 735 3758 qualem
762 3693 913 3765 vides
948 3704 1106 3752 terno
1142 3698 1226 3755 lac
1260 3702 1485 3757 vulnere
1514 3703 1604 3758 vix
1638 3703 1825 3777 aufugi
1858 3725 1872 3761 :
1917 3716 1974 3762 at
2002 3716 2059 3762 tu
2079 3750 2096 3776 ,
2201 3701 2354 3757 mino
2400 3701 2665 3772 palatium
2704 3708 3149 3771 prmparaverant
3172 3700 3386 3773 insigne
3419 3699 3752 3771 :jamquein-

482 3802 487 3803 ί
512 3779 768 3849 obsecro,
801 3798 869 3838 ne
891 3786 1070 3854 palam
1091 3786 1262 3846 facias
1287 3809 1299 3846 :
1325 3793 1541 3863 vesperi
1571 3794 1781 3851 scilicet
1807 3794 1951 3868 fugae
1970 3813 2101 3869 ope-
2201 3794 2497 3867 trogressis
2518 3793 2778 3850 omnibus
2799 3793 2894 3863 qui
2912 3791 3389 3862 priucipabantur,
3404 3791 3556 3848 solus
3575 3789 3754 3845 Blescn-

514 3886 637 3926 ram
664 3874 829 3930 dabo.
859 3875 939 3932 Tu
966 3882 1273 3939 mercedem
1314 3901 1481 3955 quam
1526 3888 1822 3945 maximam
1847 3906 1877 3944 a
1901 3906 2018 3960 me,
2050 3892 2098 3948 si
2202 3887 2283 3944 sis
2303 3902 2489 3943 comes
2510 3885 2688 3941 aufuit
2721 3904 2736 3940 :
2770 3900 2867 3941 seu
2895 3884 3091 3940 merita
3123 3899 3387 3955 superum
3412 3885 3517 3952 ira,
3550 3899 3637 3939 seu
3662 3881 3751 3936 for-

510 3980 761 4035 cvasero,
792 3982 1065 4041 exspecta.
1108 3992 1127 4025 ι
1157 3973 1365 4048 Vulgus
1392 3977 1666 4036 fortunam
1701 3983 1966 4053 sequitur,
1988 4000 2098 4055 qua
2202 3988 2350 4037 lunae
2381 3980 2585 4036 invidia
2620 3980 2888 4049 pudenter
2913 3979 3194 4034 exclusus.

512 4057 746 4125 ridente,
784 4062 987 4120 multos
1022 4065 1078 4120 in
1123 4082 1190 4123 eo
1242 4071 1551 4126 numerabit
1603 4074 1847 4137 amicos;
1900 4076 2095 4131 eadem
2530 4072 2718 4127 LXXI.
2748 4104 2821 4114 —
2854 4071 2932 4142 (4)
2970 4070 3141 4128 Casus
3166 4070 3453 4125 mirabilis.

513 4150 656 4205 tristi
683 4193 695 4218 ,
720 4152 1009 4226 diffugiunt
1039 4160 1261 4217 siccatis
1300 4163 1453 4219 cadis
1487 4179 1613 4219 cum
1643 4164 1791 4233 fasce,
1820 4167 1963 4223 ferre
2006 4169 2096 4239 ju-
2270 4166 2487 4222 Accidit
2520 4181 2617 4236 per
2662 4165 2718 4220 id
2752 4164 3017 4235 temporis
3046 4164 3313 4234 quiddam
3346 4161 3676 4234 inopinabile
3695 4157 3753 4213 si-

512 4258 642 4312 gum
674 4246 880 4312 pariter
905 4248 1101 4306 dolosi.
1134 4252 1414 4309 Attonitus
1459 4264 1637 4322 tanto,
1664 4261 2094 4328 tamrepentino
2200 4274 2272 4316 ne
2315 4257 2568 4329 exemplo
2610 4260 2808 4324 casus‘,
2854 4257 3015 4328 cujus
3046 4256 3264 4327 generis
3298 4270 3402 4311 nec
3429 4252 3754 4310 antecessisse

513 4347 645 4387 casu
674 4337 935 4405 rusticus,
955 4340 1096 4410 apud
1124 4356 1183 4397 se
1209 4359 1315 4398 non
1338 4353 1445 4413 est,
1472 4344 1716 4401 infremit
1741 4349 1959 4418 spiritu,
1988 4361 2100 4407 stu—
2200 4367 2304 4410 nec
2324 4361 2575 4411 secutum
2620 4366 2746 4407 esse
2773 4349 3088 4421 prodigium
3129 4358 3263 4405 tetas
3290 4348 3473 4418 prisca
3516 4343 3750 4402 meminit.

480 4460 487 4467 -
512 4433 626 4523 pet,
648 4426 918 4523 deliberat.
935 4434 1154 4523 tandem
1187 4436 1320 4505 quid
1350 4437 1593 4493 intento
1641 4455 1827 4495 rerum
1874 4442 2098 4499 cardine
2200 4453 2298 4501 aut
2324 4460 2590 4517 praesens.
2614 4442 2990 4500 Considebant
3012 4442 3334 4498 Boamundo
3352 4440 3534 4497 vocati
3562 4440 3628 4495 ad
3660 4451 3753 4492 cm-

510 4517 585 4571 δίε
622 4518 920 4617 ﬂentium;
955 4522 1150 4580 Statim
1181 4534 1380 4582 "aetat
1421 4528 1702 4585 interitum
1744 4532 1887 4601 ejus,
1937 4535 2097 4606 cujus
2128 4558 2175 4617 ο
2202 4554 2329 4593 nam
2350 4536 2602 4604 comites,
2644 4533 3000 4591 Flandrensis
3034 4535 3245 4603 dexter,
3288 4534 3459 4589 laevus
3493 4531 3753 4589 Bolonien-

508 4611 676 4665 modo
697 4613 923 4706 vulnera
952 4617 1352 4687 miserebatur,
1399 4621 1454 4674 in
1484 4637 1592 4692 qua
1623 4638 1682 4679 re
1715 4625 1827 4680 duo
1851 4638 2047 4696 pensat
2080 4649 2093 4685 :
2128 4611 2163 4617 ⁷
2201 4630 2281 4687 sis
2308 4648 2322 4685 :
2354 4629 2544 4685 aderat
2561 4628 2734 4685 multa
2762 4628 2938 4698 plebis
2980 4627 3186 4698 palatio
3217 4628 3270 4683 in
3297 4627 3491 4683 eodem
3524 4624 3751 4694 frequen-

509 4714 791 4795 accessum
820 4705 1057 4777 facilem,
1081 4710 1334 4767 effectum
1360 4713 1570 4770 utilem.
1615 4713 1679 4770 Si
1706 4717 1853 4775 hunc
1877 4721 2025 4777 occid

2243 4739 2297 4790 a,
2320 4738 2450 4793 pars
2471 4721 2904 4789 discumbentes,
2924 4738 3054 4791 pars
3077 4721 3414 4789 ministri,ut
3435 4722 3493 4776 fit
3519 4722 3609 4778 ubi
3635 4706 3754 4789 priu-

509 4803 602 4864 rit,
640 4808 840 4867 praesto
863 4809 948 4857 est
979 4818 1214 4871 merces,
1254 4815 1435 4862 vestes
1472 4809 1636 4879 regiae
1680 4818 1736 4864 et
1781 4826 1958 4881 equus
1980 4854 1994 4880 ,
2025 4814 2094 4870 ad
2197 4816 2346 4887 cipes
2374 4814 2509 4870 tanti
2541 4822 2663 4882 tres.
2683 4812 2752 4867 ad
2778 4828 3027 4869 mensam
3057 4814 3415 4870 conveniunt.
3448 4812 3618 4870 Cibus
3641 4808 3753 4865 taci-

430 4964 436 4971 ‘
474 4903 487 4911 -
507 4888 625 4944 haec
648 4889 987 4948 Francorum
1018 4895 1192 4966 gratia
1224 4914 1238 4951 :
1272 4896 1607 4967 prasterenda
1649 4909 1831 4957 tamen
1859 4903 1945 4959 his
1977 4904 2095 4973 fue-
2198 4920 2287 4965 tos
2312 4908 2473 4977 facit;
2499 4918 2697 4980 potus,
2723 4908 2871 4980 quod
2892 4923 2990 4978 per
3011 4907 3304 4978 quemdam
3336 4906 3655 4977 prudentem
3682 4901 3750 4955 di-

432 4988 435 4991 '
510 4989 636 5076 rant
657 4982 870 5076 amicus
894 4982 1176 5053 Christus,
1201 4987 1362 5057 cujus
1384 4989 1668 5063 inimicum
1706 4994 2090 5063 interemisset,
2195 5011 2347 5057 ctum
2373 5010 2496 5068 est,
2524 5002 2786 5076 loquaces
2838 5019 2853 5056 :
2904 5000 3139 5055 librabat
3189 4998 3549 5054 Boamundus
3591 4996 3751 5069 dextra

426 5108 427 5111 η
505 5080 562 5126 et
591 5072 658 5128 de
689 5075 828 5128 tanti
859 5091 993 5131 nece
1025 5078 1292 5151 principis
1337 5082 1458 5139 laus
1511 5084 1859 5154 immortalis,
1888 5103 2012 5159 quae
2034 5091 2091 5144 in
2195 5094 2477 5150 cultellum
2520 5072 2648 5164 post
2686 5108 2903 5150 caenam
2922 5134 2940 5160 ,
2973 5107 3098 5148 cum
3130 5090 3407 5146 Flandriat
3427 5104 3612 5145 comes
3633 5086 3750 5141 allu-

510 5174 747 5255 mortem
780 5168 983 5224 multos
1016 5170 1236 5240 impulit
1281 5176 1544 5232 mortales
1588 5195 1600 5232 :
1635 5178 1729 5233 sed
1769 5179 1887 5235 haec
1913 5181 2091 5237 aliena
2191 5187 2329 5242 dens
2357 5187 2441 5242 sic
2467 5186 2546 5241 ait
2577 5204 2591 5241 :
2618 5206 2648 5249 ν(
2681 5184 2823 5253 Quid
2857 5184 2963 5242 sibi
3000 5185 3118 5240 vult
3135 5185 3253 5240 haec
3273 5166 3751 5254 libratio‘imanife-

506 5271 538 5309 a
568 5267 751 5312 mente
776 5260 980 5315 rustica
1005 5262 1186 5319 nobile
1208 5264 1345 5320 nihil
1376 5269 1692 5325 attendente
1718 5289 1732 5325 :
1764 5271 1848 5328 sic
1882 5273 2091 5329 utilita-
2192 5286 2337 5334 stum
2363 5286 2485 5344 est,
2518 5277 2709 5343 video,
2749 5276 2973 5333 solliciti
3003 5276 3224 5347 signum
3247 5315 3263 5341 ,
3305 5290 3417 5329 non
3466 5282 3587 5343 eget
3627 5267 3749 5324 curis

507 5354 616 5402 mm
636 5348 968 5440 °°“§id°'a‘-
1001 5351 1172 5410 Ροντο
1200 5355 1434 5424 fessum.
1461 5374 1816 5431 exsanguem,
1848 5364 2088 5420 semine-
2194 5370 2297 5425 hoc
2343 5377 2580 5440 tempus,
2623 5369 2762 5424 hora
2789 5377 2876 5424 est
2917 5366 3122 5439 gaudii,
3156 5381 3268 5421 non
3303 5380 3600 5421 curarum:
3631 5360 3746 5421 lino,

506 5453 647 5504 cem,
676 5439 854 5494 solum
873 5481 888 5507 ,
924 5442 1188 5500 inermem
1218 5449 1365 5504 videt
1436 5448 1595 5506 facile
1624 5452 1942 5522 arbitratur,
1964 5456 2090 5513 vitae
2191 5459 2372 5531 inquit
2392 5460 2770 5529 Boamundus,
2801 5461 3026 5517 domine
3045 5473 3254 5526 eomes,
3276 5459 3387 5513 alia
3416 5464 3503 5512 est
3520 5465 3747 5523 τεθριπ-

577 5604 1363 5709 $51522?‘fffi9,3g1§l¢riévs_
1380 5624 1479 5678 ιίδ·
1507 5640 1546 5709 ι]
1566 5643 1578 5678 ε
1600 5624 1903 5708 Τειηρνειιαδ
1923 5630 2085 5696 enim,
2190 5638 2363 5709 gestis
2388 5637 2656 5695 Tancredi
2689 5646 2905 5709 assuta,
2924 5636 3041 5709 sive
3060 5635 3130 5691 ab
3156 5634 3348 5692 eodem
3379 5644 3602 5691 auctore
3613 5674 3638 5709 ι
3650 5628 3744 5709 sive

506 5678 611 5779 ﬁt?"
630 5679 817 5779 {3:223
839 5684 1139 5779 ggnsiliarii
1167 5706 1273 5779 rein
1291 5702 1456 5779 totum
1485 5678 1550 5748 ab
1581 5678 1791 5766 origine

2226 5678 2395 5764 hyalino
2569 5678 2799 5763 madrig)
2837 5678 3018 5763 addita
3046 5726 3058 5761 :
3084 5722 3206 5779 quae
3232 5714 3417 5762 tamen
3443 5678 3742 5760 narrationis

509 5747 1188 5849 5°?,{“,3_5_2f,fi§ﬁ§j[95_![0
1210 5759 1516 5849 Raflulpho-
1588 5747 1625 5750 ”
2189 5747 2394 5834 ἓέιῗνὲἐιῖ
2415 5747 2809 5849 ίῗιῖἕὲνΐῶἷξέἶὲ
2837 5747 3206 5833 unus?“
3234 5747 3417 5762 “’“““

577 5817 801 5886 (imum
822 5822 1170 5892 hocjnumero
1188 5817 1558 5895 continentur.
1575 5846 1789 5893 exstant
1815 5839 1868 5893 in
1893 5840 2080 5897 charta
