3838 6306
109 415 186 476 su
1125 349 1128 351 Ὗ
1244 354 1247 361 ί
1360 349 1578 455 otism
1617 391 1976 450 TANCREmI.
2052 356 2057 359 ’

3200 378 3359 439 548·

107 520 433 586 εωιίίγεειη
459 531 566 572 non
603 531 697 571 me
726 514 866 575 sinit
890 526 1003 568 esse
1046 519 1368 578 SOuICllllm,
1405 509 1493 565 cui
1533 508 1622 562 lu-
1653 511 1699 570 Λ
1725 504 1957 577 populos
1980 496 2168 571 trahit,
2196 516 2268 557 ne
2290 500 2432 557 forte
2477 486 2596 556 suis
2630 498 2751 569 ipa
2787 488 3310 557 ﬂuentiam
3354 506 3359 513 ‘

106 619 210 673 dum
234 623 373 669 strue
398 609 525 664 dum
547 607 764 669 trutino
785 604 1055 662 cultellum
1078 600 1266 657 :Ilunc
1286 601 1443 672 cujus
1472 615 1628 672 gros-

104 704 254 765 situdo
278 710 493 760 cancros
518 698 726 770 premit
771 697 848 767 (et
875 694 1091 751 ardebat
1125 710 1309 749 coram
1331 708 1397 749 eo
1417 690 1628 747 cmtcris

102 794 303 867 grossior
327 804 486 860 super
512 786 908 844 candelabrum
948 783 1158 854 cereus)
1199 784 1367 848 hunc,
1427 780 1626 851 inquit,

101 884 235 943 semel
254 884 411 937 ictum
430 880 486 935 iu
502 879 617 935 duo
634 878 973 949 dispertiam.
999 896 1019 929 ι
1045 874 1210 931 Visus
1228 883 1315 930 est
1337 872 1629 930 comitibus

99 985 248 1026 sermo
272 968 501 1033 delirus,
551 974 608 1020 et
630 981 798 1036 quem
830 964 975 1019 nulla
1017 964 1190 1035 possit
1219 961 1375 1034 sequi
1401 961 1629 1017 elIectus

99 1060 289 1116 facultas
318 1077 332 1113 :
358 1066 695 1137 quapropter
715 1055 939 1127 subjicit
965 1054 1318 1110 Flandren‘sis
1346 1073 1401 1108 :1
1420 1040 1628 1125 Aggre-

95 1149 342 1222 uerequod
366 1149 573 1221 iactas,
598 1149 876 1220 princeps,
912 1148 1022 1204 voti
1064 1154 1373 1217 compotem
1409 1144 1629 1201 donabo

94 1240 320 1298 cblamide
375 1254 496 1294 mea
527 1257 540 1294 τ
586 1248 647 1294 tu
681 1251 814 1293 vero
850 1239 1027 1309 impos
1067 1251 1155 1291 me
1190 1246 1282 1291 tua
1316 1250 1386 1291 ne
1418 1234 1631 1291 abnuas

92 1336 277 1388 donare.
319 1350 338 1383 ι
402 1330 743 1387 Conceditur
804 1348 817 1384 :
880 1327 974 1401 qui
1023 1344 1148 1383 mox
1180 1327 1396 1383 sublato
1423 1325 1487 1382 B.
1519 1326 1630 1381 ictu

90 1429 319 1477 astantem
363 1420 610 1475 dissecat
663 1436 904 1487 cereum,
956 1417 1292 1475 descendens
1334 1418 1536 1489 quippe
1562 1431 1631 1472 ex

90 1511 277 1583 obliquo
303 1510 494 1566 dextra
520 1508 742 1566 facilem
768 1518 926 1567 caute
951 1509 1284 1580 impetravit
1309 1508 1627 1565 sectionem.

91 1603 156 1657 Fit
194 1592 365 1673 itaque
404 1617 607 1658 cereus
640 1618 789 1658 unus
822 1602 932 1658 duo
953 1644 968 1670 ,
995 1601 1143 1673 quod
1169 1600 1318 1658 dictu
1352 1607 1438 1658 est
1464 1600 1633 1656 mira-

87 1697 186 1760 bile,
208 1694 396 1749 ardens
429 1693 692 1771 ardentes
733 1713 744 1749 :
777 1693 931 1750 ardet
966 1708 1091 1775 qua:
1120 1693 1319 1748 ardens
1357 1691 1632 1748 deciderat
1665 1688 1676 1703 '

87 1802 187 1858 pars
204 1784 446 1856 superior
463 1804 478 1854 ;
508 1784 673 1841 ardet
702 1783 934 1843 inferior
961 1783 1086 1857 quae
1123 1784 1231 1841 lixa
1266 1784 1502 1852 astabat,
1528 1798 1627 1839 ne-

88 1876 217 1931 minis
246 1890 409 1931 manu
438 1876 672 1932 admoto
701 1877 825 1947 igne
846 1892 944 1948 per
970 1892 1030 1934 se
1059 1891 1313 1933 accensa.
1338 1875 1629 1948 Aspicien-

86 1969 192 2023 tium
219 1975 433 2039 stupent
468 1978 710 2037 mentes,
747 1969 932 2025 omine
959 1970 1068 2025 acti
1099 1978 1252 2025 actor
1289 1968 1407 2040 ipse
1455 1975 1629 2024 terre-

88 2074 169 2119 tur.
192 2062 455 2118 Volitante
485 2063 759 2133 populum
792 2056 1059 2130 rei'fama,
1092 2077 1159 2118 ex
1187 2060 1338 2116 omni
1376 2060 1538 2127 atrio,
1562 2075 1631 2115 ex

86 2158 201 2211 omni
222 2152 427 2210 ofﬁcina
459 2155 800 2221 accurritur,
831 2164 1101 2227 stupetur,
1128 2161 1407 2224 nequeunt
1425 2151 1631 2223 expleri

85 2249 213 2306 curda
239 2247 459 2315 tuendo,
497 2232 697 2304 adhuc.
714 2247 1063 2319 stupentibus
1084 2246 1174 2314 iis,
1204 2244 1386 2301 adhuc
1420 2244 1631 2299 miran-

88 2342 223 2408 tibus,
253 2341 338 2396 ille
360 2341 553 2397 subito
582 2357 857 2397 accensus
887 2339 1069 2395 subito
1103 2353 1325 2411 quoque
1366 2335 1509 2409 ignis
1532 2353 1598 2392 ex
1616 2365 1632 2377 ο

84 2431 353 2505 stinguitur,
381 2433 694 2505 augurium
732 2432 904 2487 triste.
936 2429 1094 2498 Quod
1123 2430 1171 2486 si
1201 2430 1516 2487 societatem
1548 2428 1634 2484 in-

85 2535 250 2595 tegram
273 2525 537 2580 manendi
570 2524 953 2597 pereundique
980 2539 1104 2580 cera
1148 2533 1203 2580 et
1239 2521 1468 2577 flammai
1501 2536 1636 2577 con-

84 2623 383 2683 servassem,
433 2616 610 2688 longa
653 2614 980 2682 haereditas,
1017 2614 1178 2685 longa
1224 2613 1634 2685 promitteretur

84 2708 344 2774 successio,
388 2707 459 2762 ad
489 2722 823 2778 supremum
849 2705 1035 2763 saeculi
1072 2705 1214 2761 diem
1243 2704 1588 2777 perducenda
1616 2722 1628 2758 :

83 2799 184 2870 quia
199 2814 317 2856 vero
345 2809 506 2857 ortus
524 2800 761 2856 evanuit
797 2800 944 2870 quod
966 2806 1311 2855 succreverat
1337 2797 1629 2869 igniculus,

85 2891 252 2947 sobolis
289 2892 514 2962 quidem
541 2890 840 2962 aruspices
886 2888 1212 2961 promittunt
1236 2905 1386 2961 spem
1410 2888 1629 2957 futurae,

86 2990 128 3036 at
148 2996 256 3038 mox
283 2982 633 3040 transituras.
663 2981 967 3040 Ostendent
990 3024 1007 3051 ,
1046 2983 1241 3049 aiunt,
1292 2982 1454 3037 terris
1482 2981 1634 3037 hunc

86 3079 257 3126 tantum
292 3071 403 3128 fata
428 3114 447 3141 ,
488 3088 605 3129 nec
640 3072 785 3128 ultra
811 3086 934 3128 esse
961 3072 1164 3141 sinent,
1191 3080 1247 3128 et
1288 3080 1483 3128 caetera
1510 3086 1633 3144 qum

1728 605 1975 670 pasceret
1998 597 2312 652 instantem.
2341 588 2526 649 Voluit
2557 591 2736 648 Guido
2759 631 2776 657 ,
2817 590 3034 660 vixque
3065 596 3311 644 mm

1726 699 1833 757 est,
1855 690 2106 760 quamvis
2135 686 2326 742 Graeco
2363 685 2656 744 deStitutus
2699 682 2931 749 auxilio,
2966 677 3313 735 Chrisﬁeolis
3358 685 3369 700 '

1728 797 1887 853 opem
1910 780 2053 837 ferre
2087 780 2318 836 inclusis
2352 800 2365 835 :
2397 780 2491 836 sed
2523 762 2713 835 eadem
2738 775 3187 847 quo'imperator
3210 768 3312 827 de-

1731 874 1988 929 hortante
2018 871 2338 927 retrahitur.
3088 878 3091 883 ‘

2026 960 2260 1016 LXXIII.
2288 992 2357 1003 -—
2381 961 2513 1016 Dira
2538 961 2678 1031 fatue
2700 958 3003 1029 aﬂfiguntur

1729 1054 1940 1112 Interea
1978 1062 2163 1125 septos
2192 1052 2379 1109 hostili
2406 1051 2575 1108 milite
2599 1049 2861 1115 Francos,

1728 1152 2002 1210 Moenibus
2026 1150 2294 1219 inclusos,
2325 1148 2615 1205 Persarum
2638 1146 3084 1219 spicula'passos,

1729 1244 1857 1299 Dira
1894 1243 2067 1299 fames
2088 1241 2328 1308 cruciat;
2352 1257 2441 1296 res
2468 1240 2625 1307 dura,
2658 1238 2751 1295 sed
2774 1236 3020 1307 asperior
3044 1249 3189 1305 spes.

1728 1337 1888 1395 Nulla
1923 1336 2081 1408 quies
2108 1333 2330 1390 miseris
2361 1351 2375 1389 :
2414 1333 2543 1389 hinc
2568 1340 2753 1388 monte
2784 1328 3002 1401 pluente
3029 1322 3299 1399 sagittas,'

1729 1430 1884 1487 Illinc
1907 1427 2154 1501 planitie,
2187 1424 2444 1481 cohibent
2472 1424 2613 1479 hanc
2639 1437 2831 1477 murus
2854 1427 2910 1475 et
2931 1418 3097 1473 unda.

1729 1523 1967 1580 Montem
2001 1520 2136 1577 nihil
2164 1520 2363 1575 horum
2396 1532 2594 1572 :mons
2615 1515 2832 1587 pervius
2861 1513 3049 1569 incitat
3077 1511 3309 1567 hostem.

1730 1615 1875 1687 Ergo
1900 1614 2020 1670 dies
2050 1611 2276 1687 bellum,
2307 1608 2510 1665 bellum
2534 1621 2643 1661 nox
2670 1603 2813 1659 excit
2840 1606 3011 1672 opaca

1734 1686 1962 1764 Summa
1982 1713 2170 1771 tenent
2190 1686 2381 1771 Turci,
2411 1698 2711 1757 defendunt
2732 1696 2843 1750 ima
2872 1692 3073 1747 Latini.

1730 1798 2036 1855 Adversum
2062 1798 2381 1853 innumeras
2410 1799 2519 1848 stat
2542 1789 2728 1845 lancea
2756 1799 2929 1857 pauca
2958 1782 3209 1853 sagittas,

1730 1892 1929 1963 Dispar
1954 1898 2253 1957 certamen,
2286 1900 2570 1950 numerus,
2593 1882 2759 1945 vires,
2786 1879 2960 1943 locus,
2995 1889 3181 1941 arma;
3294 1880 3297 1883 '

1730 1985 1927 2042 Omnia
1947 1981 2210 2053 disparia,
2246 1985 2512 2051 pratstant
2544 1976 2661 2030 haec
2691 1968 2876 2028 omnia
2899 1964 3126 2021 Turcis.-

1730 2077 1968 2135 Tantum
2004 2074 2174 2132 animi
2216 2070 2445 2127 Francis
2492 2066 2693 2123 animis
2736 2057 3145 2136 praestantibus,
3193 2069 3319 2108 om-

3095 2147 3244 2221 [nem

1731 2256 2037 2315 Tristitiam
2087 2252 2339 2327 pellunt:
2383 2256 2644 2322 superant
2701 2245 2905 2317 quibus
2949 2241 3134 2297 omnia
3174 2251 3318 2308 piae-

2794 2330 2797 2333 ’
2908 2342 2909 2345 ‘
3050 2330 3247 2405 [stant,

1731 2441 2014 2500 Consilum
2038 2438 2265 2504 faciunt,
2297 2450 2403 2507 qua
2424 2432 2696 2491 declinare
2713 2428 2955 2484 laborem
3290 2422 3295 2433 ‘

1731 2536 1863 2591 Arte
1884 2539 2093 2604 queunt
2117 2548 2130 2585 :
2163 2527 2417 2598 oculique
2440 2526 2586 2580 leves
2613 2521 2875 2577 inducere
2902 2529 3144 2574 somnos.

1802 2620 2038 2679 LXXIV.
2073 2651 2140 2662 --
2173 2618 2439 2673 Resistunt
2465 2624 2515 2670 et
2536 2608 2929 2685 propugnacula
2958 2608 3250 2662 instruunt.

1733 2717 2095 2780 Grumentum,
2126 2711 2356 2783 lapides,
2385 2704 2793 2781 perpendicula,
2817 2700 3187 2770 artiﬁoesque,

1731 2807 1934 2876 Funes,
1958 2820 2112 2872 vasa,
2137 2802 2358 2859 dolabra
2381 2806 2610 2871 parant;
2641 2794 2963 2864 cunctisque
2983 2789 3212 2862 paratis,
3284 2804 3289 2813 ·

1730 2898 1995 2957 Nocturni
2016 2895 2309 2960 fabricant,
2336 2892 2481 2947 bona
2511 2903 2620 2956 res,
2659 2884 2836 2943 lueem
2858 2894 3039 2942 tamen
3062 2878 3209 2947 odit;

1732 2993 1857 3048 Exit
1881 3007 2020 3062 opus
2041 2988 2279 3052 noctem,
2306 2982 2534 3041 redeunt
2555 2981 2611 3035 in
2632 2980 2755 3037 luce
2784 2976 3021 3049 sagittae,

1733 3083 1948 3140 Lancea
1979 3089 2087 3139 stat
2108 3087 2320 3145 contra,
2344 3077 2586 3145 dumque
2606 3073 2793 3139 instat,
2822 3069 3028 3126 fabrica
3048 3065 3247 3137 surgit.

309 3163 657 3265 blantuanus
688 3182 701 3219 :
731 3179 855 3265 qua:
877 3168 1110 3265 nos‘ln“
1140 3179 1275 3220 nece
1325 3162 1630 3220 Boamlllldi
1660 3207 1703 3265 ο
1737 3177 1873 3231 Dum
1896 3174 2116 3245 refugit,
2145 3176 2352 3236 cessat;
2381 3167 2461 3223 sic
2489 3165 2764 3221 fortunam
2790 3163 2932 3237 inter
2952 3169 3260 3229 utramque.

85 3256 271 3324 iunioris
289 3257 535 3312 vidimus
560 3256 856 3328 completa.
874 3254 1115 3325 Prodigii
1135 3255 1350 3311 novitas
1376 3256 1630 3310 comitem

84 3346 280 3403 defendit
305 3368 318 3403 :
355 3365 465 3404 non
490 3357 584 3405 est
614 3347 684 3403 de
713 3347 1083 3420 oppignerata~
1095 3346 1366 3401 chlamide
1400 3361 1627 3401 ramen-

85 3448 190 3507 tum,
216 3440 318 3494 imo
352 3455 488 3511 opes
524 3446 699 3509 atque
733 3439 946 3510 inopia,
986 3438 1072 3494 hae
1094 3437 1395 3509 principem
1422 3436 1514 3492 illa
1539 3452 1634 3494 co-

83 3531 231 3587 mitem
254 3521 764 3589 circumvallantes.
790 3530 979 3602 Itaque
1014 3547 1126 3587 non
1160 3531 1338 3587 solum
1361 3529 1508 3603 quod
1534 3518 1632 3587 de-

83 3625 205 3680 betur
224 3642 326 3682 non
353 3626 611 3698 exigitur
645 3644 659 3682 :
693 3640 886 3681 verum
929 3623 1098 3680 etiam
1141 3622 1389 3696 plurimo
1441 3638 1629 3681 comes

85 3731 267 3773 tumere
285 3720 632 3775 cumulatur.

84 3825 250 3885 LXXII.
271 3860 337 3870 —
362 3829 675 3887 Christiani
697 3827 825 3882 urbe
852 3827 1009 3898 potiti
1038 3829 1103 3883 ab
1132 3828 1436 3884 inﬁdelibus
1477 3830 1635 3885 innu-

594 3900 752 3954 meris
775 3899 1098 3954 obsidentur.

135 3988 237 4046 Dies
274 3990 360 4046 illa
398 3991 524 4050 dies
568 3990 758 4062 gaudii
807 3988 941 4058 fuit,
978 3998 1035 4045 at
1078 3990 1317 4047 crastina
1357 3991 1631 4049 maeroris.

80 4076 316 4136 Corbozan
356 4081 506 4152 regis
553 4079 853 4136 Persarum
894 4081 1005 4135 dux
1047 4096 1174 4136 cum
1221 4080 1635 4152 quadringentis

79 4169 276 4225 millibus
297 4172 549 4241 equitum
579 4169 755 4236 adest,
770 4169 963 4225 urbem
986 4170 1218 4236 obsidet,
1242 4169 1468 4226 inclusis
1490 4158 1637 4225 moi--

82 4265 162 4311 tem
200 4260 434 4316 minatur
479 4269 541 4316 et
585 4276 884 4316 carcerem.
920 4258 1048 4317 Haec
1090 4260 1320 4317 audiens
1364 4261 1636 4317 Blesensis

80 4363 245 4419 comes,
272 4362 546 4423 quantum
571 4352 700 4408 licet
721 4361 958 4407 maturat
979 4350 1162 4424 fugam
1189 4394 1205 4421 ,
1238 4353 1437 4413 instar
1464 4354 1636 4409 victo-

80 4440 152 4494 ria:
168 4444 445 4513 reputans‘,
484 4443 537 4501 si
570 4443 801 4500 evadere
839 4444 1001 4499 datur
1042 4443 1230 4512 sociis,
1272 4444 1635 4516 praesentibus

1734 3267 2084 3324 Construitur
2108 3252 2324 3329 murus,
2351 3258 2549 3315 Turcis
2574 3253 2935 3312 descensibus
2954 3251 3116 3317 obex,
3182 3274 3187 3279 ο
3282 3260 3291 3273 ⁸

1737 3359 1793 3415 Si
1824 3360 1895 3416 sit
1918 3373 2055 3429 opus
2090 3357 2272 3429 lignis,
2300 3366 2360 3412 ut
2395 3356 2854 3425 materiam'petat
2873 3346 3050 3421 ignis;

1734 3448 1866 3505 Illuc
1886 3449 1952 3504 ad
1983 3463 2206 3519 sparsas
2228 3447 2359 3518 juga
2382 3446 2537 3528 mitte
2556 3446 2641 3501 bis
2673 3453 2795 3499 octo
2819 3439 3069 3511 sagittas,

1733 3540 1986 3610 Accipias
2010 3539 2237 3595 reduces
2258 3536 2457 3592 ﬂuidos
2478 3536 2679 3592 sudore
2699 3532 2930 3606 jugales.

1732 3629 1904 3686 Nemo
1930 3616 2070 3686 redit
2092 3644 2321 3697 vacuus,
2350 3628 2636 3699 pharetras
2666 3622 2889 3694 implere
2917 3626 3177 3691 paratus;

1734 3722 1880 3794 Ergo
1905 3707 2145 3793 aliquam
2170 3730 2384 3785 nactos,
2414 3719 2509 3775 sed
2534 3717 2624 3772 vix
2644 3723 2922 3783 utcunque
2945 3710 3180 3781 quietem
3207 3723 3223 3760 :

1736 3795 1925 3869 Serm
1959 3812 2191 3883 infigunt
2206 3811 2319 3881 jam
2340 3807 2558 3868 Partica
2584 3804 2792 3877 spicula
2820 3801 3081 3866 Francos,

1733 3906 1853 3962 Jam
1883 3915 2104 3962 versant
2131 3904 2267 3960 alias
2296 3902 2404 3958 alio
2427 3898 2746 3957 discrimine
2779 3909 2963 3960 curas,

1734 3999 2054 4055 Omnimoda
2078 3996 2312 4069 populus
2335 3995 2596 4066 lacryma,
2626 3988 2917 4059 anxietate,
2947 3985 3152 4051 labore,

1734 4092 1932 4164 Plagis,
1957 4090 2161 4157 esurio,
2191 4088 2361 4155 curis,
2392 4087 2596 4157 algore,
2621 4083 2827 4148 calore;

1734 4182 1891 4251 Quod
1925 4188 2177 4252 poterant
2204 4176 2346 4233 avidi
2371 4174 2668 4247 carpebant
2700 4180 2858 4227 nocte
2879 4182 3152 4239 soporem.

1736 4275 1829 4330 ille
1848 4275 1970 4329 loco
1996 4272 2155 4343 panis
2182 4278 2400 4326 ventres
2424 4268 2683 4340 pascebat
2704 4264 2905 4322 inanis.

1829 4363 2041 4420 LXXV.
2068 4393 2141 4403 ——
2166 4362 2304 4416 Dum
2328 4360 2603 4432 indulgent
2630 4374 2811 4413 somno
2844 4354 3221 4432 ἢοαὶξέηβιαε.

1736 4455 1875 4510 Dum
1914 4466 2048 4527 gens
2076 4454 2356 4518 stertebat,
2388 4465 2581 4506 murus
2611 4448 2837 4510 custode
2856 4446 3074 4502 carebat
3104 4488 3113 4496 .

78 4534 208 4588 morti
234 4532 481 4593 addictis.
507 4534 684 4608 Igitur
704 4534 971 4592 Graeciam
1003 4552 1195 4593 versus
1219 4545 1517 4605 revertens,
1533 4538 1635 4594 im-
1664 4556 1715 4617 υ
1736 4544 1894 4612 Nam,
1919 4543 2221 4616 sic’vulgus
2246 4542 2343 4609 ait,
2372 4540 2517 4596 male
2544 4546 2729 4594 servat
2754 4536 2846 4607 qui
2876 4537 3014 4591 bene
3037 4536 3245 4602 stertit,
3274 4556 3287 4581 θ

78 4627 273 4692 peratori
310 4628 507 4684 Alexio
530 4627 680 4699 apud
700 4626 896 4683 Cuthai
923 4628 1196 4686 civitatem
1236 4628 1415 4702 Lyciae
1448 4629 1633 4686 obviat

79 4733 174 4773 cum
192 4718 382 4778 Grzecis
408 4731 640 4778 centum
666 4722 905 4777 millibus
927 4720 985 4776 in
1004 4722 1269 4778 auxilium
1293 4721 1629 4779 Francorum

78 4809 334 4870 festinanti.
366 4814 646 4871 Veniebat
672 4830 891 4871 cumeo
920 4814 1099 4872 Guido
1118 4815 1422 4873 Boamundi
1444 4816 1629 4885 frater,

78 4910 118 4955 et
139 4904 351 4973 quidam‘
386 4906 483 4962 alii
536 4905 879 4962 Francorum
930 4907 1143 4963 nobiles
1183 4908 1401 4963 circiter
1443 4902 1631 4963 decem

78 4993 215 5050 millia
231 5005 471 5054 armatos
492 4998 782 5053 habentes.
800 4997 941 5054 Cum
965 5012 1099 5071 ergo
1112 5000 1181 5055 de
1200 5000 1440 5055 obsessis
1464 4999 1634 5054 Fran-

82 5082 246 5149 cis,de
270 5089 664 5145 obsessoribus
710 5087 895 5145 Persis
943 5089 1241 5160 imperator
1268 5105 1298 5144 a
1354 5088 1634 5159 Stephano

80 5189 315 5234 rumorem
341 5180 692 5252 accepisset:
723 5179 869 5237 fama
904 5188 989 5237 est
1025 5181 1204 5252 primo
1231 5196 1357 5236 eum
1396 5182 1635 5239 voluisse

82 5282 381 5339 succurrere,
420 5274 522 5329 sed
556 5273 679 5344 ejus
704 5273 799 5344 qui
823 5273 1049 5329 incitare
1076 5273 1266 5329 debuit
1290 5314 1305 5339 ,
1332 5273 1515 5329 verbis
1544 5288 1632 5330 re-

61 5372 315 5432 vocatum,
343 5380 618 5421 cessasse.
638 5364 953 5435 'liespon'dit
978 5363 1319 5436 Stephanus,
1350 5366 1505 5421 aiunt
1523 5407 1540 5433 ,
1566 5364 1635 5421 de

82 5447 331 5511 Persarum
362 5471 599 5512 numero
626 5456 939 5523 consultus;
974 5456 1042 5524 si,
1068 5456 1268 5527 inquit,
1296 5457 1517 5512 domine
1534 5455 1630 5522 mi,

82 5545 315 5603 exercima
352 5548 445 5603 hic
476 5557 607 5605 tuus
639 5547 719 5602 illi
744 5561 846 5618 pro
874 5562 999 5604 esca
1028 5548 1253 5603 daretur
1280 5565 1293 5602 :
1332 5563 1442 5602 non
1477 5544 1634 5601 sufﬁ-

84 5640 203 5689 ceret
219 5644 275 5691 ut
300 5639 687 5709 unusquisque
712 5639 987 5695 modicum
1016 5639 1149 5710 quid
1176 5639 1428 5710 accipiat.
1449 5637 1633 5692 Terri-

85 5728 156 5779 tus
178 5727 330 5783 verbo
361 5730 693 5800 imperator,
747 5730 803 5784 in
850 5729 1113 5787 Graeciam
1146 5730 1375 5800 refugit,
1412 5729 1629 5799 oppida,

88 5827 209 5887 mra,
233 5827 383 5877 casas
408 5838 511 5892 per
534 5837 658 5894 quae
684 5822 823 5879 redit
867 5822 1115 5881 incendio
1161 5830 1365 5889 vastat,
1402 5831 1524 5893 post
1574 5838 1631 5877 se

1707 4637 1903 4708 oCujus
1925 4644 2080 4692 erant
2108 4650 2337 4691 summa:
2355 4634 2624 4690 latebrosa
2642 4631 2842 4702 palatia
2865 4644 3062 4695 causae,
3140 4646 3147 4647 ’

1732 4729 1964 4786 Vicatim
1995 4730 2261 4796 clamans,
2298 4742 2334 4782 ο
2358 4722 2585 4798 surgite,
2613 4723 2837 4795 surgite,
2864 4735 3071 4792 praeco;

1732 4820 1918 4877 Hostis
1940 4822 2112 4886 adest,
2143 4828 2325 4874 turres
2353 4816 2621 4880 ascendit,
2647 4813 2759 4882 jam
2784 4819 2930 4866 tenet
2953 4809 3143 4864 urbem
3171 4826 3186 4862 :
3272 4824 3279 4833 ν

1732 4910 1846 4967 Vos
1875 4927 1996 4981 qua:
2024 4910 2174 4981 pigra
2195 4905 2392 4978 quies?
2413 4903 2603 4959 miseri
2632 4900 2934 4957 succurrite
2963 4898 3136 4954 vobis.

1737 5001 1863 5059 Ilaec
1891 5004 2020 5059 dum
2045 5001 2266 5066 clamat,
2290 4998 2361 5053 ad
2390 4998 2507 5052 hmo
2528 4995 2761 5051 clamata
2786 4994 2868 5047 ita
2896 4990 3138 5061 surgitur
3175 5004 3241 5045 ac
3265 4991 3314 5045 si

1733 5093 1975 5149 Ismarus
1991 5100 2047 5146 et
2072 5089 2314 5160 Rodope,
2341 5104 2482 5159 quas
2502 5087 2664 5143 durat
2687 5084 2919 5140 Thracia
2943 5097 3106 5152 rupes
3270 5092 3275 5115 έ

1736 5184 1970 5253 Surgere
1986 5181 2140 5251 iussa
2172 5179 2371 5244 forent,
2399 5177 2542 5248 j‘ussi
2576 5173 2912 5231 clamoribus
2942 5171 3171 5237 iisdem,

1732 5275 1871 5331 Hinc
1909 5287 2161 5344 proceres
2202 5278 2455 5327 statuunt
2486 5267 2837 5337 latebrasque
2878 5264 3144 5334 sedesque
3166 5290 3169 5293 ν
3194 5277 3314 5318 cre-

3030 5356 3203 5429 [mare
3227 5373 3241 5408 :

1738 5457 1972 5517 IEdihus
1998 5455 2265 5521 accensis,
2301 5453 2556 5509 custodes
2585 5458 2781 5507 murus
2814 5448 3051 5503 habebit.

1736 5549 1879 5604 LXX
1887 5548 2302 5603 VI.-—Robertus
2316 5545 2497 5601 urbem
2520 5542 2750 5600 incendit
2764 5551 2823 5596 ut
2842 5556 2964 5595 mox
2978 5541 3118 5594 adsit
3141 5540 3289 5593 miles

1736 5640 2097 5711 Flandrigcna
2127 5639 2258 5694 huic
2279 5637 2431 5708 operi
2452 5637 2727 5693 Robertus
2753 5635 2944 5689 adesse
2976 5640 3256 5685 monetur:

1737 5731 1970 5802 Impiger
1990 5732 2106 5801 ipse
2142 5730 2327 5801 pigros
2347 5729 2492 5783 celer
2518 5728 2685 5787 excit,
2714 5735 2768 5778 et
2789 5725 2891 5777 hac
2911 5737 3013 5791 ope
3042 5719 3248 5786 tardos,

1738 5822 1813 5878 Nc
1836 5830 2060 5895 pereant
2084 5819 2287 5894 magni,
2317 5820 2447 5877 dum
2470 5826 2704 5877 tractant
2729 5814 2842 5869 otia
2869 5811 3019 5884 parvi
3116 5864 3123 5871 ,
