3838 6306
519 350 628 409 διδ
1093 346 1188 400 AD
1225 342 1673 404 GODEFBIDUM
1714 340 2006 434 APPi‘JND.
2047 339 2112 394 ll.
2153 367 2223 378 —-
2260 333 2529 392 MONUM.
2569 334 2659 389 DE
2696 332 2920 390 BELLO
2957 332 3200 391 SACRO.
3658 341 3730 422 su
3760 277 3776 300 Ο

519 467 607 524 Fit
642 467 792 539 quod
811 465 1018 522 dictum
1040 474 1144 532 est,
1181 465 1373 521 urbem
1413 461 1688 518 Robertus
1706 469 1761 515 et
1785 459 1908 530 igne
2138 462 2184 520 Λ
2212 453 2363 510 Felix
2393 453 2482 510 cui
2505 453 2666 509 scala:
2695 452 2780 507 vel
2807 451 2988 508 corda:
3015 448 3242 520 contigit
3267 464 3422 513 usus,

521 558 732 626 'Vastat,
755 567 809 614 ct
835 559 1076 616 urbanos
1097 557 1228 614 dum
1262 564 1444 612 servat
1470 553 1673 610 moenia
1697 551 1891 608 salvat.
2210 547 2311 603 Cui
2342 555 2554 603 neutra:
2588 545 2776 602 infelix
2805 564 2817 600 :
2843 545 2910 601 de
2939 543 3213 600 moenibus
3239 542 3422 598 exsilit
3445 539 3561 598 altis

517 650 582 708 Si
605 662 750 709 recte
778 650 1024 717 memini,
1054 648 1342 704 Provincia
1373 647 1599 702 miserat
1621 645 1766 712 illos,
2208 638 2402 694 Audax
2433 639 2487 693 in
2521 638 2726 704 silices,
2753 637 2977 693 timidus
3004 635 3223 692 strictos
3252 633 3389 706 fugit
3416 649 3586 700 enses,

515 741 674 810 Quos
702 743 912 799 umbra:
943 741 1148 811 pigros,
1175 738 1378 795 celeres
1399 736 1619 792 ﬂamma
1645 734 1828 790 addita
1856 731 2012 800 fecit;
2207 727 2349 784 Dum
2378 730 2600 785 tandem
2632 727 2797 784 exciti
2825 735 3077 798 surgunt,
3109 733 3305 797 urgent
3328 723 3620 789 Alemanni,

520 833 618 892 Illa
648 851 808 892 secus
832 843 1094 899 montem,
1117 831 1211 887 sed
1242 844 1350 884 non
1375 838 1560 884 tamen
1582 828 1636 882 in
1667 827 1802 898 pede
1829 824 2051 880 montis.
2207 819 2391 875 Turba
2421 819 2766 886 Latinorum,
2797 819 3010 890 pudor!
3039 825 3100 872 ut
3124 824 3396 871 testantur
3423 823 3475 869 et
3504 815 3615 885 ipsi,

519 927 594 984 At
612 928 788 984 vicina
812 926 935 997 pedi
959 939 1094 997 gens
1118 923 1259 978 atria
1288 921 1526 977 maxima
1557 920 1820 986 habebat,
2210 911 2307 968 Per
2341 912 2552 984 plateas
2579 911 2752 967 Graeci
2783 909 3084 966 clamantes
3119 905 3264 963 Caco
3293 906 3592 961 Alemanni.

520 1017 736 1075 Ρτίωοε
764 1017 1019 1074 immittis
1040 1015 1214 1087 Ροτίίε
1243 1014 1433 1070 δοτιίίθ
1461 1013 1712 1080 melus“,
2199 1024 2444 1081 LXXIX.
2476 1054 2547 1064 ——
2589 1022 2838 1080 Obsessos
2874 1022 3042 1092 fames
3089 1019 3376 1092 urgens__ob
3426 1017 3547 1072 urbe
3588 1021 3735 1075 nobiles

517 1108 707 1166 Primo
741 1123 880 1181 quas
913 1107 1116 1180 placuit
1139 1121 1386 1164 summas
1411 1106 1649 1178 elegerat
1667 1104 1831 1169 aedes,
2630 1089 2887 1181 quosdam
2915 1092 3058 1147 exire
3087 1089 3374 1181 compellit.

518 1177 788 1270 Principis
818 1177 948 1256 hinc
971 1199 1140 1272 etiarn
1170 1197 1479 1253 Raimnndo
1511 1195 1738 1265 contigit
1767 1195 1912 1258 aula,
2206 1184 2316 1240 Nec
2339 1194 2469 1240 tunc
2497 1183 2703 1239 destitit
2732 1179 2951 1238 fortuna
2984 1181 3258 1235 lacessere
3286 1177 3582 1244 Christum,

516 1290 645 1350 Inde
673 1291 829 1360 quies
848 1291 997 1362 genti
1020 1291 1219 1360 partim
1249 1305 1414 1361 aegra,
1450 1289 1795 1359 superbaquc
1825 1285 2021 1356 partim
2050 1305 2062 1339 :
2206 1277 2315 1333 Seu
2344 1275 2547 1332 Christi
2569 1273 2824 1341 famulos,
2855 1286 3110 1343 superata
3133 1283 3422 1340 resurgere
3451 1278 3608 1323 tentat

514 1382 616 1439 Ast
649 1383 744 1437 ubi
781 1381 1060 1439 Vulcanus
1083 1382 1328 1453 depascit
1354 1381 1620 1447 culmina,
1661 1387 1893 1451 surgunt

2204 1369 2422 1441 Aquila,
2458 1366 2750 1424 succubuit
2779 1365 3072 1430 scandens,
3105 1363 3463 1433 ingressaque
3489 1377 3654 1417 muros

508 1473 624 1541 Qui
648 1475 1066 1547 pigritabantur,
1089 1451 1234 1546 piget
1255 1474 1546 1530 indulsisse
1571 1473 1762 1543 quieti.
2195 1460 2540 1548 .Descensum
2566 1471 2960 1530 egressumquc
2989 1463 3143 1525 parat
3178 1472 3192 1507 =
3224 1451 3362 1506 nihil
3385 1451 3677 1548 ίηιεηιεξιιξω

511 1543 754 1622 Currant
783 1568 850 1623 ad
874 1543 1340 1638 muros—propter
1369 1566 1603 1622 tentoria
1633 1565 1824 1634 figunt.
2195 1543 2506 1622 Linquens,
2535 1565 2682 1606 nunc
2715 1548 2905 1603 dextra
2931 1553 3157 1638 tractat,
3176 1559 3323 1599 nunc
3350 1557 3501 1609 arma
3533 1543 3741 1638 sinistra;

512 1656 650 1714 Pars
671 1667 873 1730 tegetes
901 1633 1190 1726 fabricant,
1220 1633 1301 1715 sic
1324 1659 1572 1729 proxima
1600 1633 1890 1727 perditioni
2205 1643 2423 1710 Dicens,
2452 1642 2500 1698 si
2539 1655 2751 1713 nequeo
2778 1653 3029 1730 superos,
3065 1635 3383 1730 Acheronta
3400 1633 3630 1689 roovebo.

511 1749 712 1806 Moenia
738 1760 1050 1817 servantur,
1078 1751 1159 1808 sic
1189 1751 1408 1806 damnis
1431 1751 1630 1805 damna
1655 1749 1921 1813 levantur,
2129 1813 2163 1817 _
2203 1734 2563 1792 Chl'iSliCOIaS
2593 1733 2812 1788 01811505
2845 1729 3115 1802 Ρθιίθηιθδ
3141 1742 3335 1798 aspera
3368 1725 3509 1792 ὐθε,

516 1842 610 1898 Sic
635 1843 888 1914 generale
921 1843 1126 1898 malum
1153 1859 1396 1910 cessans,
1421 1842 1474 1897 in
1503 1840 1818 1912 particulari
2129 1813 2174 1874 Β
2201 1827 2410 1898 Aspera
2440 1834 2602 1882 ηοοιθ
2626 1823 2798 1880 fames
2825 1821 2975 1878 omni
3010 1819 3284 1877 ετυδθιίθτ
3304 1819 3460 1914 imi“

517 1909 706 1990 Saneit
733 1936 881 2005 quod
906 1935 1104 2006 legitur
1131 1953 1143 1988 :
1177 1935 1329 1989 dolor
1349 1943 1426 1990 est
1454 1909 1715 1988 medicina
1744 1931 1966 1986 doloris.
2197 1919 2417 2013 Alliigit,
2453 1918 2676 1982 lacerat,
2710 1913 3003 2013 consumit,
3029 1920 3288 2013 macerat,
3318 1909 3521 2013 inflatu

620 2025 966 2082 LXXVll.——
985 2025 1198 2097 Templa
1227 2037 1275 2081 et
1302 2027 1509 2098 palatia
1540 2027 1678 2096 ignis
1708 2024 1986 2079 consumit.
2199 2010 2348 2067 Τνυι
2374 2013 2522 2077 here.
2546 2025 2692 2064 ηυῐιο
2715 2007 2940 2074 ιτυείοτν
2964 2021 3106 2103 (ηαξ,
3131 2011 3379 2074 Ροδῐοτθε
3398 2007 3601 2103 simio":
3618 2010 3744 2072 “qui

513 2115 658 2174 Urbs
678 2134 910 2174 accensa
939 2119 1115 2190 magis
1135 2119 1473 2186 accenditur,
1503 2134 1568 2173 ac
1597 2118 1792 2189 magis,
1821 2117 1985 2172 eheu!

2201 2100 2408 2156 Saevior
2441 2099 2668 2166 accedit,
2693 2104 2899 2168 quanto
2928 2095 3104 2168 magis
3130 2109 3256 2149 esca
3279 2092 3500 2148 recedit.

510 2207 737 2264 Excedit
758 2185 1300 2277 medicina‘madum,
1326 2185 1934 2280 domibusque'noccnti
2197 2190 2330 2259 QUID
2355 2199 2503 2247 ῑίιηι³
2530 2189 2724 2256 made,
2748 2197 2898 2244 tanta
2928 2185 3249 2280 ῘηῐεΓ-ῑωβίέί
3264 2185 3396 2280 fita?

2093 2292 2099 2299 '
2199 2282 2405 2354 Expers
2432 2281 2644 2348 auxilii,
2672 2296 2800 2352 pars
2827 2278 3033 2334 militia:
3059 2277 3301 2348 fugiendi

509 2303 639 2374 Igne
665 2305 983 2374 pererratis,
1008 2305 1231 2360 innoxia
1259 2305 1455 2374 templa
1493 2311 1809 2359 cremantur
1832 2320 1847 2359 :
2432 2303 2644 2348 θυιηυν
2672 2303 2800 2352 Pars
2827 2303 3033 2380 ιυξιιιιδε

2199 2374 2504 2430 Consilium
2537 2381 2762 2438 tractat;
2787 2371 2978 2442 proba,
3002 2368 3223 2435 nobilis,
3248 2368 3448 2438 inclyta
3474 2367 3607 2422 bello

510 2395 756 2467 Templa,
789 2397 990 2468 quibus
1010 2398 1146 2456 visis
1176 2398 1477 2469 stupuisset
1498 2397 1673 2467 pictor
1692 2395 1953 2459 Achivus,

507 2487 644 2542 Auri
666 2487 821 2545 fusor
843 2488 1039 2557 Arabs,
1063 2490 1370 2560 sculptores
1397 2489 1618 2546 Scottus
1642 2497 1696 2544 et
1721 2488 1951 2559 Anglus.

507 2579 554 2635 Ο
577 2591 862 2650 quantam,
886 2599 1051 2654 quam
1080 2584 1364 2640 materiam
1395 2584 1561 2639 decor
1591 2583 1682 2638 ille
1710 2582 1923 2658 tegebat

507 2672 719 2751 Quippe
751 2675 1131 2732 columnarum
1160 2676 1328 2747 pariis
1350 2677 1418 2732 de
1445 2675 1699 2732 cautibus
1718 2674 1882 2740 ordo;

504 2772 704 2828 Forma
724 2769 1042 2844 pavimenti,
1075 2769 1307 2832 vitreum
1340 2784 1516 2836 mare,
1541 2785 1643 2840 par
1675 2767 1901 2825 cristalli

506 2861 584 2916 De
623 2862 804 2919 cedris
838 2862 1033 2920 Libani
1054 2862 1352 2935 fragrantia
1379 2865 1550 2937 tigna,
1574 2858 1779 2915 Coatus

501 2951 817 3010 Exsecuere
843 2955 1028 3012 trabes
1055 2956 1124 3013 de
1143 2957 1294 3014 silvis
1329 2951 1701 3028 aetheritan'gis
1725 2970 1740 3012 ς

506 3042 752 3101 Marmor
784 3046 969 3116 Atlas,
1008 3048 1212 3126 vitrum
1246 3048 1456 3123 Tyrus,
1491 3065 1569 3106 ms
1605 3049 1854 3122 Cyprus,
1898 3049 2094 3123 Anglia

1769 3142 2017 3216 [ferrum.
2119 3162 2165 3225 ς

511 3227 738 3300 Singula
765 3245 932 3302 regna
957 3247 1088 3289 suas
1113 3233 1440 3290 studuerunt
1463 3234 1679 3290 mittere
1699 3249 1864 3306 gazas
1893 3253 1906 3288 :

509 3317 578 3375 Et
598 3322 849 3391 quamvis
879 3322 1075 3380 furnus
1104 3324 1281 3381 latens
1301 3335 1502 3396 coquat
1520 3324 1893 3381 Antiochcnus

508 3411 822 3482 Plumbum,
845 3415 1030 3485 aiunt,
1059 3418 1278 3488 templis
1313 3418 1532 3476 misisse
1551 3418 2093 3489 Amathontategen-

2200 2464 2384 2537 Usque
2412 2466 2514 2521 sub
2537 2467 2640 2520 hoc
2664 2473 2898 2533 tempus,
2936 2460 3258 2532 dignissima
3285 2459 3450 2514 laude
3472 2459 3723 2529 juventus,

2199 2557 2526 2614 Wilhelmus
2549 2556 2856 2627 fratresque
2880 2554 2987 2621 sui,
3020 2551 3330 2618 Albericus,
3364 2560 3420 2606 et
3442 2550 3548 2606 lvo.

2199 2650 2288 2706 lsti
2315 2660 2424 2706 tres
2446 2664 2747 2722 cognomen
2779 2647 2981 2702 habent
3008 2644 3075 2700 de
3099 2644 3290 2699 Grente
3313 2643 3553 2708 Maisnil,

2199 2742 2275 2798 De
2304 2741 2616 2797 Fontenella
2645 2738 2967 2810 Radulphus
2987 2745 3040 2791 et
3070 2735 3117 2791 is
3141 2734 3482 2791 Turonensis
3507 2753 3520 2789 :

2197 2834 2268 2889 At
2295 2832 2512 2902 fratres,
2542 2832 2728 2905 pudet,
2767 2831 2902 2885 heu!
2933 2828 3118 2901 pudet,
3145 2828 3285 2882 heu!
3323 2824 3650 2882 Normannia
3674 2827 3749 2880 nii-
3836 2827 3838 2832 '

3597 2915 3695 2991 [sit
3836 2915 3838 2928 '

2197 3013 2331 3069 lllud
2369 3014 2572 3084 ubique
2595 3028 2767 3085 genus
2791 3011 3040 3078 victoria,
3073 3009 3242 3081 gloria
3278 3008 3490 3077 mundi,

2196 3104 2978 3184 Anglorum-victor-populus,
3003 3103 3177 3157 victor
3198 3100 3509 3161 Siculorum
3524 3144 3537 3170 τ

2195 3202 2384 3260 Victor
2413 3204 2749 3269 Graecorum,
2783 3202 3192 3272 Capuanorum,
3223 3194 3607 3270 Apulicorum;

2194 3295 2296 3352 Cui
2323 3293 2773 3360 Cenomanensis,
2796 3292 3046 3360 Calaber,
3072 3294 3159 3348 cui
3182 3291 3350 3348 servit
3374 3301 3430 3347 et
3455 3293 3613 3358 At'fer,

2193 3384 2296 3442 Cui
2326 3384 2505 3457 Japix,
2537 3370 2742 3441 horum'
2765 3386 2972 3456 patitur
3005 3385 3072 3440 de
3108 3383 3277 3454 stirpe
3299 3383 3584 3454 pudorem.

1891 3475 2020 3562 {di},
2194 3476 2473 3533 Admoniti
2499 3477 2684 3549 plures
2713 3477 2928 3532 illorum
2950 3491 3083 3531 voce
3109 3475 3353 3542 fuerunt,

507 3553 748 3613 Alterius
771 3557 979 3612 domini
1008 3556 1281 3613 culturam
1305 3567 1478 3614 mater
1499 3557 1771 3614 habebat:
1891 3553 1913 3562 ’
2195 3568 2266 3625 Ut
2296 3569 2483 3625 ﬁerent
2506 3571 2643 3626 tanti
2682 3570 2910 3624 comites
2933 3569 2998 3623 ad
3027 3567 3230 3623 fmdera
3262 3568 3447 3638 probri
3475 3585 3488 3622 :

506 3645 753 3703 Alterum
779 3658 895 3704 erat
925 3649 1112 3705 Jacobi
1136 3649 1417 3706 dubitatur
1443 3666 1513 3706 an
1537 3665 1666 3706 ense
1689 3649 1896 3717 necati,
2196 3658 2301 3715 sed
2333 3658 2497 3727 Deus,
2528 3659 2903 3730 Arnulfusquc
2925 3675 3061 3714 suus
3092 3673 3286 3728 parere
3309 3668 3532 3728 paratos

507 3735 591 3791 An
616 3739 761 3810 ligno
791 3741 933 3796 necti
956 3742 1023 3796 de
1048 3742 1252 3812 templo
1277 3742 1620 3813 praecipitati.

2192 3750 2414 3814 Arcent,
2439 3758 2493 3805 et
2524 3749 2668 3820 turpi
2702 3758 2958 3804 revocant
2987 3764 3016 3804 a
3039 3748 3353 3804 conditione
3382 3768 3395 3804 :

508 3827 668 3886 Tales
693 3833 952 3901 materiae,
986 3841 1195 3890 tantum
1217 3835 1404 3904 decus,
1423 3835 1526 3892 hoc
1548 3835 1687 3906 perit
1707 3833 1850 3907 igne.
2191 3840 2294 3896 Ast
2317 3841 2484 3896 oblita
2517 3839 2635 3909 Dei,
2667 3841 2991 3912 patriasque,
3016 3841 3210 3910 suique
3233 3841 3495 3910 juventus

508 3937 1121 4000 LXXVlll.—Servatis
1145 3947 1310 4002 muris
1325 3989 1340 4014 ,
1357 3948 1520 4002 instat
1541 3948 1883 4003 nihilominus
1901 3948 2025 4002 host:

2192 3930 2288 3986 llla
2311 3933 2575 4003 probrosa
2606 3933 2704 3987 via:
2727 3933 2976 4002 coeptrix,
3003 3941 3303 4003 auctorque
3325 3932 3611 4003 pudendm,

2191 4023 2407 4081 Perstat
2435 4026 2489 4080 in
2514 4025 2770 4098 incoepta,
2796 4025 2946 4080 nullo
2978 4026 3301 4081 revocabilis
3331 4041 3427 4080 ore
3461 4044 3474 4080 :

2193 4116 2481 4190 Egregium
2516 4115 2660 4172 factu
2687 4127 2826 4185 rata,
2855 4119 3289 4189 praeclarumque
3318 4117 3526 4171 relatu:

2195 4208 2251 4264 Si
2282 4210 2509 4280 reliquis
2543 4210 2722 4276 caesis,
2750 4211 2867 4265 hare
2895 4225 2954 4265 se
2987 4209 3346 4265 substraxcrit
3371 4210 3538 4264 hosti.

2194 4298 2336 4372 Ergo
2359 4301 2522 4355 struit
2559 4299 2738 4367 funes,
2767 4302 2993 4357 structis
3026 4301 3227 4373 quibus
3255 4311 3418 4371 atque
3441 4302 3641 4373 ligatis,

2190 4387 2430 4445 Pendula
2462 4390 2529 4446 de
2557 4406 2717 4446 muro
2747 4391 2806 4445 fit
2830 4401 3028 4447 noctua
3055 4402 3213 4446 nocte
3240 4393 3472 4447 volando
3508 4402 3524 4446 ':

2117 4509 2168 4569 η
2195 4480 2287 4537 Sic
2319 4491 2587 4538 nocturna
2617 4482 2775 4555 fugit,
2800 4482 2926 4555 fuga
2959 4485 3074 4540 sole
3096 4484 3306 4540 oriente
3336 4485 3591 4554 patescit,

2196 4572 2428 4644 Moxque
2451 4576 2512 4628 lit
2541 4574 2778 4629 edictum
2804 4590 2871 4630 ne
2906 4575 3031 4645 quis
3053 4575 3351 4631 dissolvere
3375 4573 3561 4632 funes.

2195 4665 2427 4734 Audeat,
2450 4665 2727 4737 opprobrii
2753 4665 3148 4721 monimentum
3183 4666 3513 4737 posteritati.

511 4052 618 4108 Sed
643 4054 756 4124 jam
793 4057 1028 4114 servatis
1051 4065 1203 4114 tanto
1231 4059 1550 4116 discrimine
1574 4061 1781 4128 muris,

506 4142 696 4201 Hostis
725 4143 903 4203 adhuc
931 4149 1100 4205 instat
1128 4168 1141 4204 :
1170 4150 1428 4208 custodes
1454 4150 1642 4208 fallere
1678 4162 1878 4221 tentat,

505 4233 628 4291 Nox
649 4247 802 4294 cavet
832 4239 1079 4307 insidias,
1103 4241 1198 4298 lux
1221 4243 1429 4313 Spernit
1453 4243 1594 4300 scire
1619 4247 1913 4303 cavendas.

508 4324 614 4393 Qui
638 4336 885 4399 spectant
903 4330 1028 4386 altis
1060 4331 1126 4386 de
1147 4332 1379 4402 rupibus
1399 4332 1682 4403 inferiora,

505 4419 717 4476 Cuncta
741 4423 919 4491 palam
943 4433 1208 4494 spectant,
1233 4427 1327 4496 qui
1357 4428 1556 4494 stertit,
1592 4428 1718 4498 quis
1745 4429 2019 4500 vigilatve,

508 4509 642 4577 Quae
668 4522 848 4570 tutore
875 4525 1065 4571 carent
1081 4525 1286 4586 partes,
1317 4529 1444 4588 qua:
1467 4519 1698 4590 prieside
1725 4521 1982 4591 gaudent.

506 4599 657 4659 Gens
685 4603 1113 4661 Alemannorum
1139 4605 1377 4663 frontem
1401 4624 1527 4679 quae
1555 4619 1765 4680 spectat
1783 4612 1852 4668 ad
1881 4611 2088 4670 Eurum

507 4690 682 4748 Noctu
715 4695 988 4762 servabat,
1021 4697 1232 4754 somnis
1257 4697 1312 4752 in
1340 4699 1462 4754 luce
1490 4700 1753 4757 vacabat:

509 4787 723 4861 Saapius
751 4789 870 4848 haec
897 4789 1060 4847 Τυτοί
1092 4809 1309 4848 summa
1336 4794 1403 4850 de
1429 4811 1566 4865 rupe
1594 4795 1858 4865 videntes,
2360 4778 2574 4835 LXXX.
2604 4811 2677 4821 —
2699 4778 2908 4836 Obsessi
2933 4779 3193 4851 lethiferis
3217 4780 3345 4835 cibis
3371 4790 3623 4837 utuntur.

509 4882 674 4954 Spem
697 4884 919 4956 capiunt
946 4885 1159 4940 somnis
1186 4886 1480 4941 ascendere
1507 4902 1670 4957 posse
1682 4889 1785 4944 sub
1815 4890 1942 4947 illis.
2190 4889 2335 4962 Ergo
2359 4890 2450 4946 ubi
2475 4890 2589 4962 jam
2614 4891 2800 4961 paleas
2833 4890 3159 4961 pepulerunt
3180 4907 3396 4949 vannus
3421 4902 3478 4948 et
3519 4909 3676 4966 aura,

507 4972 700 5032 Scalas
721 4990 852 5047 ergo
877 4984 1095 5046 parant,
1122 4977 1348 5031 veniunt
1374 4977 1441 5032 ad
1471 4979 1672 5034 mmnia
1700 4979 1890 5036 furtim
1927 5001 1941 5037 :
2188 4980 2395 5038 Purum
2425 4982 2572 5053 quod
2600 4991 2847 5039 remanet
2886 4982 3246 5051 frumentum,
3279 5000 3478 5040 aurum
3513 4988 3644 5057 igne
3669 5000 3767 5056 pro

506 5064 658 5122 Ilicet
681 5067 1004 5133 ascendunt,
1029 5067 1180 5124 nullo
1207 5068 1548 5138 prohibente,
1568 5070 1824 5140 jacebant
3478 5075 3718 5148 [batnm,

507 5159 777 5214 Custodes
799 5159 1007 5226 miseri,
1039 5160 1195 5230 quasi
1227 5170 1404 5216 morte
1424 5177 1620 5233 sopore
1651 5164 1812 5221 soluti
1837 5183 1852 5219 :
2187 5164 2483 5236 Purgatum
2512 5174 2689 5232 teme,
2725 5180 2858 5238 gens
2888 5164 3249 5235 imperterrita
3269 5175 3567 5236 constans,

504 5249 786 5306 Plurimus
812 5249 868 5305 in
897 5252 1210 5322 turresjam
1239 5253 1528 5326 scanderat
1547 5271 1708 5312 arcus
1727 5265 1784 5312 et
1807 5257 1977 5325 ensis,
2189 5256 2296 5311 Sed
2326 5257 2561 5311 lacerata
2589 5254 2753 5324 fame,
2784 5255 3133 5323 miserabilis,
3166 5255 3492 5328 irrequieta,

504 5337 647 5396 Cum
675 5339 744 5394 de
773 5339 1073 5412 longinquo
1100 5353 1402 5400 cernuntur
1428 5345 1556 5400 talia
1585 5362 1764 5402 muro.
2188 5347 2249 5403 ln
2279 5363 2431 5417 spem
2460 5346 2676 5402 vivendi
2703 5356 2938 5402 currunt
2957 5347 3025 5402 ad
3046 5363 3200 5417 opes,
3231 5349 3512 5405 moriendi

505 5426 598 5484 Fit
623 5428 850 5496 clamor,
881 5428 1062 5488 fremit
1081 5433 1211 5490 urbs
1239 5436 1457 5492 tandem
1492 5438 1665 5507 sopita
1701 5438 1937 5510 resurgit
2191 5438 2495 5495 Lethiferos
2521 5447 2734 5510 gustus,
2766 5448 2827 5493 ut
2851 5448 2981 5494 sunt
3001 5439 3269 5507 salvinea,
3296 5441 3508 5509 cicuta,

500 5515 693 5572 Turba
722 5528 922 5591 stupet,
947 5523 1081 5580 visis
1101 5541 1267 5596 prope
1294 5543 1354 5582 se
1379 5527 1688 5586 discurrere
1721 5530 1936 5586 Turcis.
2191 5531 2523 5599 Elleborum,
2551 5532 2732 5601 lapan,
2757 5532 2967 5600 lolium,
2996 5533 3206 5588 zizania
3237 5534 3514 5590 mandant
3541 5579 3558 5592 .

504 5607 645 5666 Pars
668 5610 880 5681 gladios
900 5616 1193 5688 stringunt,
1223 5635 1350 5689 pars
1375 5621 1666 5694 dill‘ugiunt
1693 5623 2010 5693 stupefacti:
2190 5621 2288 5676 His
2314 5623 2502 5678 miseri
2523 5622 2590 5677 ad
2617 5622 2785 5678 vitam
2805 5623 2936 5679 dum
2959 5631 3277 5691 vescuntur,
3303 5626 3652 5684 moriuntur.

503 5697 615 5766 Qui
643 5701 919 5775 stringunt
947 5705 1166 5778 feriunt,
1195 5713 1289 5782 qui
1310 5713 1600 5785 diffugiunt
1619 5714 1909 5780 feriuntur,
2191 5714 2457 5769 Praeterea
2492 5721 2710 5769 ventres
2743 5714 2904 5769 soleas
2930 5729 3262 5784 quocunque
3292 5725 3560 5784 reposta.

511 5787 720 5852 instant
749 5793 1102 5869 Christicolae,
1129 5801 1343 5874 fugiunt
1371 5805 1437 5860 ad
1469 5806 1670 5861 moenia
1696 5806 1891 5862 Persae.
2192 5805 2254 5859 Et
2285 5803 2546 5874 quidquid
2571 5804 2704 5860 corii
2743 5805 3024 5862 inveniunt
3051 5805 3366 5876 ubicunque
3403 5808 3698 5880 reiectum.
