3838 6306
96 527 344 585 lmmissum
371 518 582 585 cacabo,
611 517 851 575 ﬂammis
889 515 1154 571 mollescit
1175 524 1229 570 et
1253 515 1432 581 undis,

95 621 388 676 Indestruunt
409 611 612 680 epulas,
647 609 774 665 felix
805 610 890 666 eui
908 623 1026 666 sors
1061 607 1208 664 dedit
1229 609 1367 675 illas,

91 712 142 764 At
155 706 321 777 quibus
354 700 537 755 invidit
559 708 794 754 mortem
823 698 1150 768 morbosque
1179 695 1418 766 reliquit.

89 819 237 870 Press:
261 811 420 873 malis,
448 817 666 863 assueta
698 808 859 865 bouis
893 817 1000 864 tam
1028 806 1228 864 nobilis
1251 807 1364 873 illa,

91 905 188 958 Tam
205 899 432 970 praeclara
452 898 678 965 ducum,
703 898 983 964 comitum,
1007 912 1306 969 regumque
1324 909 1586 967 propago,

85 994 258 1060 Qualem
285 990 419 1043 nulla
442 990 590 1062 prius
619 998 910 1061 sepserunt
942 989 1144 1045 mtenia
1177 1004 1274 1043 nec
1302 997 1443 1058 post,

83 1083 519 1144 Expavet'es‘uriem
553 1101 567 1136 :
598 1094 700 1152 pro
719 1091 936 1136 nectare
964 1080 1055 1135 vix
1081 1078 1243 1134 habet
1275 1093 1512 1133 amnem.

83 1179 182 1232 llinc
210 1175 396 1230 ventris
415 1174 612 1240 ﬂuxus,
639 1172 827 1240 febris,
863 1172 992 1227 hinc
1015 1171 1185 1241 pestis
1207 1185 1412 1240 aquosa
1445 1187 1460 1224 :

79 1269 248 1323 Nullum
271 1266 521 1330 solamen,
545 1273 759 1334 partam
785 1263 930 1320 videt
956 1263 1197 1333 undique
1227 1271 1479 1316 mortem.

77 1395 261 1452 LXXXI.
291 1425 357 1436 —
390 1394 676 1467 Singulare
714 1405 979 1472 consignari
1020 1411 1110 1451 ore
1150 1393 1299 1450 Petri
1334 1393 1590 1450 Eremita'.
1627 1469 1632 1472 _

558 1475 740 1535 petum
769 1484 800 1520 a
830 1465 1029 1521 Persis.

74 1625 198 1679 Multa
216 1621 402 1688 studet,
434 1621 621 1691 volvit,
644 1623 895 1690 rimatur,
926 1621 1176 1689 circinat,
1203 1621 1393 1677 ambit.

70 1718 156 1784 Qua
182 1717 226 1770 vi
243 1717 410 1787 quove
431 1715 616 1782 modo,
648 1731 887 1786 quanam
913 1714 1125 1770 ratione
1150 1714 1232 1770 vel
1258 1723 1378 1769 arte

73 1809 260 1863 Det-{inet
285 1815 536 1874 mortem,
561 1807 728 1862 vitam
755 1814 972 1863 revocet
999 1805 1318 1877 fugientem,

70 1901 128 1954 Sit
145 1916 250 1967 nox,
268 1900 401 1954 sitve
421 1898 542 1953 dies
562 1907 779 1964 tractat,
810 1897 936 1954 fecit
957 1899 1060 1954 ista
1085 1897 1376 1968 palamque

67 1989 356 2058 Consilioque
383 1989 522 2044 inito
544 1987 754 2059 legatos
779 1989 992 2043 mittere
1023 1988 1089 2043 ad
1118 1988 1269 2042 illum

67 2079 298 2135 Persarum
322 2088 626 2150 satrapam,
649 2079 737 2134 cui
775 2094 976 2134 nomen
1019 2077 1301 2134 Corboran
1344 2079 1588 2136 audent:

66 2173 281 2243 Quinque,
307 2173 558 2244 inquam,
589 2172 834 2241 mittunt,
857 2173 1002 2229 inter
1029 2189 1170 2245 quos
1197 2173 1417 2230 Petrum
1458 2173 1560 2230 Ere

1260 2262 1474 2336 [mitam
1502 2281 1516 2320 ε

62 2353 231 2408 Petrum
256 2353 409 2423 cujus
432 2362 601 2409 erant
624 2353 777 2410 color
811 2363 951 2422 ater,
981 2356 1207 2428 spiritus
1235 2372 1380 2424 acer,

61 2444 135 2501 Pes
151 2445 326 2510 nudus,
349 2453 567 2500 statura
590 2444 794 2513 brevis,
819 2444 987 2502 facies
1016 2446 1328 2502 macilenta.

61 2537 192 2592 lnstar
211 2538 402 2593 asellus
436 2537 570 2608 equi
601 2538 842 2599 phaleras
873 2537 979 2594 sibi
1009 2539 1152 2595 sicut
1174 2538 1350 2595 aselli.

59 2627 230 2683 Petrum
257 2643 404 2685 more
429 2629 614 2684 eremi
637 2629 906 2686 vilissima
932 2645 1103 2701 cappa
1122 2629 1337 2702 tegebat
1365 2648 1380 2685 :

60 2721 256 2775 Scemate
279 2722 380 2776 sub
408 2720 506 2776 tali
533 2721 772 2776 trabeati
799 2721 918 2777 adit
939 2737 1048 2777 ora.
1071 2721 1308 2794 tyranni.

58 2810 298 2867 Cernentes
326 2811 608 2880 habitum,
638 2813 872 2881 vultum,
902 2828 1030 2869 mox
1052 2823 1248 2869 cetera
1268 2812 1450 2869 Persae

59 2903 272 2969 Gaudent,
296 2912 350 2958 et
381 2915 619 2975 sperant
651 2907 1014 2976 procumbere
1041 2907 1176 2962 velle
1212 2907 1486 2962 misellum

57 2991 270 3064 Principis
287 3003 414 3050 ante
435 2995 636 3065 pedes,
661 3006 722 3052 ut
744 2996 919 3054 ﬂexus
941 2997 1178 3054 flecteret
1206 2999 1385 3070 ipsum

55 3082 221 3153 Poples,
248 3094 299 3140 et
321 3085 388 3141 ad
411 3101 614 3156 pacem
646 3088 990 3158 praenuntius
1015 3097 1142 3144 ante
1168 3089 1395 3145 veniret.

56 3169 140 3226 Non
169 3173 238 3230 sic
258 3174 533 3245 impietas,
562 3190 677 3230 non
703 3176 785 3232 sic
817 3194 831 3231 :
873 3176 969 3232 sed
1009 3177 1187 3248 pulvis
1215 3186 1276 3233 ut
1293 3177 1385 3232 ille

55 3262 182 3328 Quem
201 3276 386 3321 ventus
414 3267 628 3337 rejicit,
655 3267 737 3324 sic
761 3277 818 3324 et
847 3276 904 3324 tu
939 3268 1204 3339 rejiciere.

56 3353 169 3410 Tunc
191 3357 262 3414 sic
287 3367 370 3413 est
395 3373 572 3415 orsus
595 3359 689 3416 sed
726 3367 878 3416 recto
905 3359 1105 3415 vertice
1135 3359 1370 3416 Petrus:

58 3463 70 3492 ι
102 3443 272 3501 Gallica
298 3447 570 3504 nobilitas
599 3446 805 3504 Christi
830 3449 1113 3520 peregrina
1139 3451 1450 3520 sepulcrum

55 3533 155 3589 Dum
173 3538 308 3606 petit,
331 3539 564 3610 egregia
605 3555 729 3609 qua:
757 3539 835 3594 nil
856 3539 1010 3595 timet
1036 3540 1169 3595 urbe
1198 3542 1421 3611 potitur,

52 3626 197 3683 Petrus
221 3631 507 3700 apostolici
531 3631 650 3685 dux
680 3631 916 3703 agminis
947 3631 1037 3686 hic
1062 3631 1399 3699 dominatur,

52 3716 165 3774 Hanc
196 3721 330 3776 fovet
356 3722 636 3792 hospitio,
668 3737 967 3778 conservos
996 3723 1196 3794 gaudet
1227 3723 1444 3779 habere.

50 3807 108 3863 Tu
128 3810 238 3867 ﬁnes
255 3812 373 3882 ejus
395 3813 714 3884 popularis,
739 3824 794 3868 et
830 3812 1114 3870 obsidione

49 3901 222 3958 Claudis
254 3906 629 3962 Christicolas
655 3923 669 3960 :
697 3905 863 3976 jubeo
888 3906 990 3960 sub
1011 3905 1232 3960 nomine
1255 3905 1483 3973 Christi,

49 3994 134 4049 Sub
162 3995 311 4065 Petri,
342 3999 580 4055 discede
608 4000 724 4055 suis
753 4000 820 4055 de
848 4000 1070 4067 finibus,
1095 4010 1150 4055 et
1180 4002 1289 4056 cito
1320 4020 1334 4056 :
1360 4003 1441 4058 vel
1465 4001 1509 4057 s‘

48 4085 268 4144 Justitiam
291 4093 576 4162 sequeris,
601 4091 647 4146 si
672 4091 890 4148 Persica
916 4108 1082 4162 regna
1119 4093 1248 4163 quid
1279 4110 1519 4164 aequum,

47 4178 150 4244 Quid
173 4192 366 4238 rectum
399 4192 635 4250 curant,
659 4192 941 4239 armentur
963 4193 1018 4239 et
1042 4185 1388 4256 egrediantur

49 4269 285 4329 Devestris
312 4276 440 4330 deni
463 4275 557 4331 vel
597 4290 715 4340 sex,
746 4275 832 4330 vel
859 4276 1094 4346 denique
1126 4277 1262 4332 terni
1292 4296 1304 4332 :

45 4362 202 4421 Contra
221 4383 316 4438 par
340 4383 621 4423 numerus
645 4377 940 4425 concurrat
966 4367 1444 4437 Christicolarum,

46 4449 196 4509 Vincat
224 4467 342 4512 uter
371 4457 647 4529 populus,
684 4458 790 4513 sibi
828 4459 1031 4513 serviat
1060 4459 1435 4515 Antiochenus
1465 4479 1477 4514 :

47 4537 192 4600 Victus
213 4556 327 4602 uter
351 4547 550 4614 fuerit,
577 4549 822 4604 discedat
845 4549 918 4604 ab
945 4549 1304 4606 Antiocheuo.

43 4635 124 4687 Aut
147 4638 187 4690 si
212 4639 456 4696 conditio
481 4639 673 4712 gravis
704 4640 821 4696 hac
842 4640 940 4696 tibi
963 4641 1234 4712 displicet,
1257 4642 1389 4697 audi

41 4724 149 4791 Quid
176 4733 447 4804 sequitur.
476 4733 619 4804 quid
661 4748 764 4789 nos
799 4735 1177 4805 proponimus,
1211 4735 1381 4792 altera
1419 4744 1592 4793 restat

41 4816 266 4879 Fortassis
287 4827 516 4896 gravior
547 4843 564 4880 :
589 4841 716 4881 cum
737 4827 979 4882 crastina
1018 4827 1230 4884 fulserit
1255 4825 1365 4884 Eos

39 4905 97 4964 Ne
115 4911 328 4983 dubites,
350 4916 572 4972 bellum
595 4917 693 4971 tibi
724 4917 946 4972 noveris
964 4917 1132 4974 aﬂore
1165 4929 1410 4990 partum.

39 4998 135 5058 Haec
157 5017 275 5062 sunt
291 5025 418 5078 qua:
433 5009 682 5080 populus
700 5009 928 5064 mandat
953 5010 1053 5065 tibi
1080 5012 1247 5067 verba
1276 5011 1522 5067 Latinus.
1557 5029 1582 5064 ι

271 5143 546 5200 LXXX-ll.
577 5177 651 5186 —
686 5145 976 5202 Persarum
1007 5149 1297 5217 responsio.

39 5288 147 5350 Dum
173 5293 361 5356 Petrus
383 5298 591 5355 mediis
613 5297 873 5371 proponit
893 5297 1022 5354 talia
1048 5297 1254 5368 Persis,

41 5384 165 5446 Ridet
193 5393 346 5449 turba
378 5395 614 5460 ducum,
657 5392 801 5449 ridet
837 5407 1058 5465 quoque
1112 5409 1239 5464 grex
1283 5394 1589 5466 popularis,

41 5476 350 5541 Snbsannant
385 5487 663 5542 miserum
688 5484 920 5540 trabeati
943 5499 1100 5540 more
1128 5485 1376 5542 locutum
1413 5505 1428 5542 :

41 5570 243 5632 Tandem
266 5579 380 5634 dux
405 5578 628 5635 tumido
649 5578 943 5649 respondet
964 5586 1184 5650 gutture
1212 5595 1482 5636 summus.

43 5682 58 5713 ι
91 5663 354 5726 Persarum
377 5687 616 5742 regnum
639 5671 966 5742 populantes
986 5685 1118 5744 gens
1139 5672 1424 5743 peregrina

40 5754 281 5819 Offendere
317 5765 491 5820 deum
515 5763 816 5830 Mahumet,
841 5763 1000 5834 eique
1022 5763 1323 5820 secundum

42 5844 195 5906 Solum
217 5852 565 5926 Solidanum,
594 5855 936 5928 perquirere,
968 5857 1194 5925 perdere
1215 5858 1440 5926 missus,

1311 399 1534 457 CESTA
1574 395 1942 455 TANCREDI.

1617 517 1660 572 Α
1687 509 1870 565 Inveni
1903 509 2138 579 praedam
2173 527 2184 561 :
2219 507 2313 562 sed
2349 506 2613 562 claudunt
2643 504 2866 571 muenia,
2892 503 3164 577 frangam,

3171 389 3280 448 586

1691 605 1936 672 Corpora
1958 610 2140 656 vestra
2162 616 2360 655 canum
2389 601 2532 655 dabo
2556 599 2806 664 rictibus,
2838 605 3001 668 atque
3029 599 3272 656 leonum.

1696 695 1818 751 llazc
1841 710 1961 748 mea
1988 694 2124 748 vade
2152 693 2261 748 tuis
2294 695 2566 764 responde
2585 693 2748 746 verba
2773 691 2986 746 Latinis
3018 709 3033 746 :

1695 785 1829 840 Nam
1857 786 1987 856 quid
2016 800 2118 857 ego
2147 784 2329 851 Petro,
2356 785 2487 855 quid
2517 793 2702 839 vestro
2730 784 2956 838 reddere
2979 783 3206 838 Christo

1692 876 2005 933 Inveniam?
2039 877 2239 943 Quanti
2261 875 2475 942 Petrus,
2497 874 2635 930 tanti
2668 874 2802 929 mihi
2823 873 3078 929 Christus
3108 891 3120 926 :

1690 968 1833 1024 Cura
1863 966 1995 1022 mihi
2023 977 2236 1034 neuter,
2270 967 2414 1022 risus
2442 965 2599 1031 mihi,
2628 965 2777 1020 risus
2802 973 3054 1034 uterque.
3094 983 3112 1014 ι

1693 1081 1822 1137 Post
1851 1080 2036 1136 audita
2063 1078 2259 1137 Petrus
2290 1081 2589 1151 spiramina
2622 1089 2771 1135 tanta
2804 1079 3100 1145 minarum,

1691 1173 1772 1229 Ad
1805 1175 1987 1230 socios
2016 1185 2244 1240 remeat,
2278 1173 2484 1228 rabiem
2515 1173 2672 1228 ducis
2702 1173 2893 1228 ordine
2925 1181 3129 1227 narrat.

1692 1263 1949 1321 Protinus
1987 1264 2279 1334 accingunt
2308 1279 2366 1318 se
2393 1263 2536 1318 bello
2563 1263 2792 1319 audacia
2816 1262 2954 1318 Galli

1691 1355 1948 1424 Pectora;
2009 1356 2103 1412 sed
2151 1365 2480 1424 consumpta
2525 1353 2704 1422 fame,
2752 1363 2808 1410 et
2855 1355 2974 1411 sine
3018 1355 3275 1409 carnibus

3031 1447 3200 1520 [ossa.

1773 1579 2060 1637 LXXXIII.
2089 1611 2161 1621 —
2190 1579 2403 1635 Fideles
2453 1580 2804 1650 irruptionem
2855 1583 3203 1638 meditantur.

1695 1716 1835 1772 Area
1855 1713 1972 1771 lata
1997 1715 2142 1786 jacet
2165 1714 2270 1770 sub
2296 1730 2457 1770 muro
2494 1714 2742 1786 proxima
2774 1723 2966 1784 portae,

1694 1807 1827 1873 Quae
1857 1816 2003 1877 patet
2024 1807 2078 1860 in
2104 1805 2524 1876 Boream,ponti
2553 1805 2893 1862 contermina
2921 1813 2975 1861 et
2997 1809 3166 1864 amni.

1623 1866 1668 1921 Β
1695 1896 1826 1951 Illuc.
1849 1896 2200 1963 conveniunt,
2225 1895 2299 1950 ibi
2325 1911 2385 1950 se
2413 1896 2635 1950 metitur
2655 1896 2882 1951 inermis

1692 1986 1787 2043 Ille
1821 2004 1977 2044 sacer
2000 1988 2257 2058 populus,
2281 1994 2527 2042 statuunt
2550 1987 2674 2058 quis
2702 1988 2914 2058 primus
2961 1989 3017 2044 in
3067 1990 3277 2061 hostes,

1693 2079 1759 2134 Et
1788 2080 1915 2151 quis
1944 2079 2119 2151 prima
2150 2095 2386 2150 sequens
2413 2079 2564 2134 tollat
2585 2080 2780 2134 vexilla
2811 2081 3086 2138 secundus
3119 2099 3134 2137 :

1696 2171 1787 2228 Sic
1819 2172 2012 2243 reliqui
2046 2182 2195 2228 certo
2223 2173 2521 2242 disponunt
2550 2173 2739 2228 ordine
2769 2174 2994 2241 bellum,

1694 2267 1814 2334 Quo
1850 2275 1997 2324 stent
2025 2266 2132 2337 pila
2159 2266 2303 2332 loco,
2333 2280 2443 2336 quo
2471 2266 2683 2332 lancea,
2723 2281 2903 2336 quove
2930 2266 3174 2338 sagitta»

1695 2357 1850 2414 Unde
1885 2374 2083 2430 eques,
2109 2358 2254 2413 unde
2278 2359 2443 2428 pedes
2469 2367 2563 2413 aut
2597 2357 2792 2426 irruat,
2820 2366 2916 2414 aut
2945 2367 3051 2415 stet
3079 2359 3135 2416 in
3174 2359 3278 2417 bo-

3007 2451 3026 2524 [
3044 2460 3204 2508 stem.

1693 2540 1898 2596 Ordine
1921 2548 2119 2597 cuncta
2151 2555 2254 2596 suo
2277 2540 2360 2597 sic
2388 2540 2804 2611 disponentibus
2836 2542 2963 2610 illis,

1697 2630 1789 2686 Sol
1813 2631 1943 2698 ruit,
1967 2631 2276 2686 extrahitur
2304 2631 2359 2686 in
2391 2631 2630 2686 crastina
2656 2638 2901 2703 tempora
2924 2632 3148 2689 bellum.

1695 2744 2016 2800 Transierat
2046 2743 2251 2816 Byssaz,
2283 2743 2527 2800 restabat
2559 2744 2717 2798 tertia
2748 2743 2954 2808 noctis,

1694 2838 1833 2892 Cum
1862 2852 1998 2892 suus
2030 2836 2240 2890 Arnultl
2265 2851 2431 2891 cursu
2462 2834 2698 2891 festinus
2721 2836 2940 2901 anhelo,

1696 2926 1842 2983 Voce
1868 2941 2145 2997 manuque
2173 2926 2336 2980 simul
2361 2925 2676 2982 didascalus
2699 2927 2838 2980 atria
2864 2925 3066 2996 pulsat,

1697 3017 1875 3092 Surge
1914 3034 2037 3092 age,
2071 3034 2235 3094 surge
2275 3019 2406 3086 cito,
2449 3017 2580 3089 quid
2613 3019 2790 3090 signa,
2819 3018 3119 3091 polumque
3159 3036 3280 3078 mo—

3005 3110 3169 3184 [raris
3185 3111 3212 3169 ?

1619 3211 1666 3275 ο
1695 3202 1925 3260 leitus
1948 3217 2074 3258 ecce
2098 3201 2261 3258 micat
2282 3203 2532 3270 victoria,
2557 3201 2774 3273 suspice
2796 3201 2981 3258 stellas
3006 3221 3019 3257 :

1697 3297 1838 3351 Ante
1865 3296 2198 3368 sequebatur
2224 3297 2386 3351 modo
2413 3297 2510 3368 qui
2544 3296 2822 3368 praecedit,
2847 3305 2903 3351 at
2931 3296 3020 3351 illa

1695 3389 1828 3456 Quae
1850 3405 1996 3444 nunc
2023 3397 2334 3454 retromeat,
2365 3405 2510 3445 nunc
2533 3405 2728 3462 usque,
2757 3386 3276 3459 Aruulfe,prazibat:

1697 3480 1892 3553 Surge,
1920 3482 2196 3552 ducesque
2219 3482 2392 3549 ciens,
2425 3482 2477 3537 in
2510 3483 2696 3555 prrelia
2731 3496 2886 3553 coge,
2914 3479 3105 3552 pericli

1697 3574 1755 3629 Si
1785 3575 2088 3646 quidquam
2125 3583 2240 3642 est,
2276 3575 2437 3631 obses
2475 3583 2675 3642 teneat,
2712 3591 2925 3631 cremer
2960 3583 3056 3630 aut
3095 3572 3279 3628 eruci-

2929 3665 2932 3668 ’
3007 3664 3202 3739 [ﬁgar;

1695 3756 1762 3811 Et
1786 3758 2010 3828 conjux,
2035 3767 2088 3812 et
2111 3766 2341 3826 uterque
2371 3773 2590 3827 parens,
2618 3767 2672 3812 et
2693 3765 2893 3827 gnatus
2922 3765 3153 3825 uterque
3193 3773 3206 3808 :

1695 3847 1943 3918 Namque
1964 3857 2017 3903 et
2046 3857 2278 3917 uterque
2304 3863 2524 3917 parens,
2557 3848 2835 3918 gnatique,
2869 3860 3118 3917 uxorque
3160 3853 3282 3900 erat

3079 3937 3203 4012 [illi.
3221 3999 3242 4024 ι

1696 4030 1900 4088 Doctus
1931 4032 2020 4087 hic
2040 4049 2070 4088 a
2098 4047 2269 4103 puero
2297 4049 2408 4104 quo
2432 4042 2659 4090 currant
2686 4034 2875 4091 ordine
2903 4034 3073 4090 stellae
3103 4053 3115 4066 ·

1694 4123 1789 4179 Vel
1813 4125 1945 4194 quid
1970 4126 2318 4195 portendant,
2351 4142 2446 4180 seu
2475 4134 2650 4180 mutet
2674 4141 2838 4197 regna
2870 4138 3134 4192 cometes,

1697 4215 1820 4271 Sive
1859 4232 2024 4272 senex
2067 4217 2278 4288 gelidus
2304 4235 2521 4289 pyrram
2552 4217 2836 4273 minitetur
2866 4225 2919 4273 ct
2949 4219 3174 4288 imbres,

1697 4308 1803 4364 Seu
1832 4309 2211 4365 Phaetontaaos
2240 4327 2460 4379 currus,
2494 4313 2579 4368 leo
2606 4328 2805 4379 saevus,
2831 4321 2886 4367 et
2917 4310 3072 4384 ignes

1694 4403 1801 4457 Aut
1826 4403 1969 4458 lattts
1999 4402 2225 4458 ensiferi
2252 4403 2415 4458 nimis
2443 4412 2636 4459 aestuet
2668 4403 2890 4460 Orionis

1694 4493 2012 4565 Auspicium
2048 4495 2193 4562 belli,
2227 4494 2307 4550 vel
2336 4495 2602 4567 quidquid
2628 4512 2860 4568 qumque
2885 4495 3148 4563 minetur,

1624 4572 1670 4628 Ῐ)
1694 4584 1957 4642 Sttmmus
1980 4586 2034 4641 in
2070 4586 2172 4643 hac
2197 4587 2388 4642 doctor
2415 4589 2617 4644 multos
2639 4587 2973 4644 instruxerat
2998 4600 3135 4655 arte,

1694 4675 1752 4730 lu
1781 4678 1984 4748 quibus
2006 4675 2322 4744 Arnulfum,
2354 4679 2710 4750 geminasque
2738 4679 3053 4736 ostenderat
3081 4678 3159 4734 illi

1694 4768 1827 4825 Belli
1855 4785 1883 4822 a
1912 4769 2182 4840 principio
2208 4771 2500 4842 prodentes
2531 4771 2715 4826 omina
2736 4770 2946 4844 stellas.

1692 4862 1876 4917 Altera
1898 4862 2246 4919 Christicolis
2277 4863 2446 4918 fatum
2471 4864 2657 4930 dabat,
2688 4864 2857 4918 altera
2883 4861 3080 4919 Turcis
3119 4880 3137 4918 ι

1691 4952 1896 5010 Ordine
1919 4962 2050 5010 tunc
2077 4955 2184 5010 alio
2218 4965 2520 5020 curtentcs,
2548 4971 2613 5010 ac
2640 4954 2794 5026 prius
2825 4955 2929 5010 illa:

1694 5043 1935 5100 Exilium
1971 5043 2156 5102 Persis
2182 5045 2506 5116 prodebant,
2533 5044 2730 5116 gaudia
2753 5042 3022 5100 Francis:

1977 5179 2266 5236 LXXXIV.
2302 5211 2378 5222 -—-
2406 5179 2630 5236 Irruunt
2678 5181 2736 5236 in
2770 5179 2990 5236 hostem.

1693 5295 1836 5369 Ergo
1856 5297 1950 5352 ubi
1981 5298 2134 5370 signa
2159 5296 2271 5368 poli
2302 5297 2490 5367 lingua
2517 5296 2795 5369 digitoque
2815 5296 3060 5369 magistri

1693 5387 1930 5446 Linceus
1961 5389 2173 5444 Arnulfl
2207 5389 2450 5460 percepit
2472 5388 2681 5446 ocellus
2701 5397 2756 5445 et
2789 5389 2941 5446 auris
2967 5408 2982 5445 :

1691 5483 1773 5538 Ad
1799 5497 2062 5554 proceres
2078 5495 2331 5538 summos
2355 5483 2503 5539 citus
2523 5482 2638 5538 exit
2664 5491 2721 5538 et
2746 5482 2893 5538 excit
2921 5483 2975 5537 in
2999 5496 3152 5537 arma
3189 5499 3204 5536 :

1694 5573 1761 5630 Et
1782 5591 1942 5630 verso
1957 5588 2184 5630 eversum
2215 5589 2413 5632 cursus
2443 5575 2602 5631 docet
2623 5573 2816 5630 ordine
2843 5572 3014 5629 fatum
3047 5591 3060 5628 :

1691 5665 1812 5721 Jam
1840 5667 1983 5722 bona
2006 5674 2204 5722 cuncta
2236 5681 2398 5736 nova,
2426 5667 2555 5738 quia
2581 5667 2888 5724 transivere
2908 5665 3116 5738 priora.

1693 5758 1901 5815 Interea
1922 5759 2132 5815 Putabo
2154 5773 2259 5814 nox
2284 5769 2544 5828 cesserat,
2570 5774 2700 5832 ergo
2726 5758 2958 5815 reclusis

1695 5851 1956 5908 Esuriens
1978 5852 2178 5908 bellum
2207 5869 2341 5925 gens
2375 5854 2558 5911 exsilit
2587 5853 2786 5925 inclyta
2811 5853 3006 5923 portis.
