3838 6306
533 366 634 425 ΜΤ

1092 366 1186 423 AD
1221 367 1668 427 GODEFRIDUM
1706 370 1998 427 APPEND.
2041 369 2105 427 Il.
2147 404 2211 413 ——
2240 377 2515 438 MONUM.
2560 377 2648 433 DE
2682 377 2906 437 Βιδιιο
2945 379 3189 439 SACRO.
3664 397 3741 457 543

533 474 839 549 Nuncope,
863 492 1012 535 nunc
1050 493 1193 550 opus
1228 488 1333 548 est,
1368 494 1535 549 nunc,
1560 479 1799 551 Spiritus
1843 481 2106 549 almc,vo-
2135 491 2178 550 Α
2208 486 2440 565 ASsyrii,
2469 475 2669 559 Persae,
2702 489 2909 559 Parthi,
2938 491 3142 562 Libies,
3166 494 3450 569 Elamytae,

1897 570 2043 626 cauti

1897 586 1999 626 can

533 622 678 712 Affer
709 673 891 728 Opem,
922 675 1045 730 qua:
1069 659 1246 731 prima
1271 659 1440 727 acies,
1471 660 1557 715 vel
1587 660 1711 732 cuja
1742 570 2003 734 secu[nda,

534 749 668 816 Qua:
698 752 924 823 reliquae
948 753 1171 820 fuerint,
1203 753 1297 823 qui
1319 761 1373 807 te
1395 753 1508 809 sitit
1536 753 1721 809 imbue
1744 765 1949 821 vatem.

604 882 865 941 LXXXV.
889 919 945 928 —-
985 886 1125 941 Ordo
1150 885 1342 939 ducum
1362 886 1419 939 in
1445 888 1777 957 aggressione
1795 887 2047 944 hostium.

536 1035 761 1115 Primus
785 1037 941 1111 Hugo
970 1052 1202 1109 magnus
1247 1036 1492 1095 Francos
1529 1039 1714 1095 educit
1746 1040 1818 1096 ab
1858 1042 1993 1099 urbe
2026 1062 2041 1099 :

537 1125 777 1204 Praevius
797 1134 921 1199 ante
944 1125 1126 1191 micat,
1156 1127 1469 1207 praenobilis
1497 1137 1624 1183 ante
1647 1128 1886 1186 micabat
1920 1150 1933 1186 :

537 1217 791 1273 Proxima
822 1215 1120 1275 Normanni
1147 1218 1590 1275 subcuntvexilla
1616 1218 1862 1278 Robcrti.

541 1304 751 1359 Summi
775 1306 935 1361 ambo
956 1307 1207 1373 comites,
1240 1309 1344 1363 soli
1377 1310 1539 1364 ambo
1564 1310 1712 1382 regia
1735 1312 1917 1382 proles

536 1400 748 1477 Clarior
772 1399 927 1471 Ilugo
965 1382 1159 1472 genus,
1191 1400 1465 1458 Robertus
1483 1411 1680 1458 czetera
1706 1404 1904 1475 major,

538 1490 653 1545 Non
677 1492 795 1547 sine
817 1509 875 1547 re
895 1502 1081 1562 partes
1104 1493 1231 1550 belli
1260 1509 1508 1551 meruere
1527 1494 1762 1566 priores.

2213 582 2639 655 thnicesque,
2680 583 3027 656 Arabesque,
3068 585 3325 659 Indique,
3366 589 3620 664 Tyrique,
3652 597 3737 661 lle.

2446 730 2451 735 -
2791 750 2795 754 ,
3515 685 3692 762 (dique.

2213 766 2463 856 Cumque
2490 767 2579 824 his
2614 768 2947 826 multimoda}
2968 786 3106 841 quas
3126 782 3351 845 propter
3374 778 3531 835 taedia
3562 781 3694 856 longa

2213 855 2447 941 Nomine
2480 875 2711 931 quicque
2753 876 2856 917 suo
2901 863 3260 933 prohibemur
3305 869 3548 927 scribere
3580 889 3740 943 gemes.

2847 949 3155 1009 LXXXVII.

2216 1039 2575 1118 Transierant
2602 1041 2745 1098 inter
2775 1054 3014 1101 montem
3044 1030 3363 1120 Christique
3390 1052 3633 1112 cohortes

2216 1131 2454 1211 Maxima
2483 1132 2787 1190 Turcorum
2812 1136 3015 1204 rabies,
3045 1140 3204 1209 quasi
3236 1141 3409 1197 millia
3449 1153 3668 1215 centum,

2219 1224 2489 1303 Sciliceta
2521 1236 2673 1300 tergo
2705 1228 2931 1284 missuri
2961 1229 3194 1301 spicula,
3220 1241 3488 1303 tanquam

2218 1313 2458 1373 Venator
2483 1334 2674 1374 cervos
2697 1318 2954 1391 indagine
2979 1322 3232 1379 claudere
3256 1334 3434 1380 tentat
3462 1345 3477 1380 :

2218 1407 2428 1465 Aineus
2460 1409 2547 1466 his
2575 1426 2767 1467 murus
2796 1427 3078 1484 opponens
3105 1430 3163 1470 se
3190 1413 3547 1472 Boamundus

2216 1501 2299 1557 Ad
2321 1502 2503 1557 socios
2523 1511 2757 1575 tergum,
2781 1502 2993 1559 vultum
3020 1506 3291 1561 convertit
3318 1507 3373 1561 in
3414 1508 3613 1565 hostes.

537 1582 757 1639 Tertius
791 1586 1156 1641 extrahabens
1193 1583 1523 1642 Godcfridus
1552 1587 1606 1641 in
1633 1587 1850 1658 agmine
1889 1588 2114 1656 multos,
2218 1591 2363 1664 Ergo
2392 1608 2575 1665 pugna
2616 1592 2729 1648 Deo
2758 1593 2989 1662 bifrons,
3018 1596 3311 1652 similanda
3340 1596 3565 1655 bifronti
3595 1618 3611 1655 :

540 1671 741 1743 Utpote
769 1673 1095 1751 Lotharidas
1121 1690 1247 1730 cum
1276 1674 1587 1745 Lotbaridis
1619 1675 1973 1734 Alemannos.

537 1763 782 1844 Quartus
812 1764 1097 1821 Tancredo
1130 1766 1425 1822 bellantum
1453 1768 1680 1839 contigit
1714 1769 1873 1837 ordo,

538 1857 725 1911 Armis
749 1846 1079 1926 praecipuus,
1102 1857 1198 1929 sed
1221 1873 1327 1912 non
1353 1857 1490 1914 adeo
1516 1873 1867 1916 numerosus.

541 1944 837 2019 Viribuset
866 1962 1095 2002 numero
1122 1947 1372 2004 sublimis
1400 1948 1667 2019 inordine
1695 1949 1890 2020 quinto

538 2019 732 2115 F‘ulget
752 2038 1006 2113 vexillum
1047 2037 1473 2111 Wiscardigenae
1503 2019 1844 2111 pretiosum;

538 2127 745 2183 Partim
773 2130 1023 2209 materia,
1050 2131 1248 2201 partim
1277 2132 1461 2188 crucis
1492 2132 1672 2189 indice
1704 2133 1900 2190 forma.

541 2200 1121 2299 Subsequitursestus
1146 2239 1347 2303 magno
1374 2223 1593 2279 fremitu
1626 2223 1991 2295 Raimundus,

538 2310 637 2393 Hic
667 2324 727 2369 ut
759 2330 819 2370 se
844 2313 1058 2391 Turcis,
1090 2331 1198 2371 non
1232 2326 1289 2371 ut
1309 2333 1368 2373 se
1393 2318 1620 2373 misceat
1652 2318 1821 2374 armis
1854 2337 1868 2373 :

535 2403 798 2488 Prafsidio
827 2407 1039 2463 substet
1067 2408 1348 2478 bellantes,
1374 2411 1616 2482 undique
1643 2419 1871 2482 spectet.

534 2495 686 2553 Pube
723 2508 1072 2579 peremptum
1098 2502 1429 2571 perimendte
1453 2504 1703 2574 suppleat
1726 2519 1904 2577 arma,

536 2589 623 2645 Sit
653 2592 822 2668 robur
840 2593 1000 2665 belli,
1024 2594 1098 2650 sit
1118 2609 1332 2663 murus,
1356 2605 1411 2652 et
1439 2596 1615 2654 instar
1640 2597 1801 2669 azyli.

532 2682 913 2757 Flandrigenae
947 2688 1167 2744 comitis
1194 2689 1474 2761 vigilantia
1499 2689 1757 2762 praesidet
1778 2691 1923 2759 urbi,

532 2774 651 2846 Ipse
673 2770 811 2849 regit
834 2773 1044 2849 portas,
1068 2796 1285 2834 murum
1323 2781 1495 2837 armis
1535 2781 1651 2851 ipse
1674 2791 1920 2850 coronat,

533 2866 737 2924 Turres
766 2870 1086 2925 omnimoda
1113 2870 1421 2941 iaculorum
1455 2872 1620 2940 nube,
1650 2873 1883 2944 sagittis,

460 2950 464 2955 ’
534 2958 844 3029 Stipitibus,
871 2961 1015 3027 telis,
1044 2962 1221 3028 saxis,
1253 2963 1549 3019 sudibusve
1586 2965 1845 3034 perustis,

533 3038 747 3121 Saepius
796 3053 863 3107 ad
906 3046 1166 3108 fabricam
1218 3063 1542 3110 convertens
1586 3055 1741 3111 frena
1784 3066 2055 3111 recentem
2094 3074 2107 3112 :

2221 1682 2328 1738 Seu
2352 1684 2438 1739 cui
2461 1700 2603 1755 pone
2624 1692 2805 1754 caput
2829 1685 3070 1756 geminat
3090 1685 3303 1756 pictura
3333 1686 3561 1744 draconi
3589 1707 3603 1743 .-

2220 1774 2359 1832 Hinc
2380 1784 2545 1853 atque
2572 1776 2699 1832 inde
2735 1792 2896 1832 suum
2924 1793 3023 1848 pro
3053 1777 3259 1835 Christi
3295 1781 3564 1853 sanguine
3591 1781 3749 1854 fundit,

2148 1837 2193 1894 Β
2216 1866 2387 1939 Inque
2405 1837 2582 1937 vicem
2610 1865 2798 1924 fusum
2820 1868 2889 1924 de
2910 1837 3150 1925 caedibus
3175 1871 3363 1942 expiat
3384 1837 3558 1930 hostis
3580 1893 3593 1929 :

2218 1958 2314 2014 Eia
2339 1952 2656 2030 strenuitas,
2680 1960 2989 2016 constantia
3013 1962 3367 2035 martyrialis.

2220 2046 2449 2121 Athletae
2476 2046 2708 2116 Christi,
2737 2048 2907 2104 totius
2935 2049 3106 2121 gloria
3134 2052 3347 2120 mundi,

2219 2138 2450 2195 Utimini
2477 2140 2684 2196 dextris
2711 2159 2723 2197 :
2750 2155 2848 2197 vos
2877 2142 3058 2213 pauci,
3086 2143 3381 2229 ccntuplus
3410 2144 3600 2211 hostis,

2217 2228 2447 2305 Utimini
2474 2233 2670 2305 gladiis
2702 2251 2715 2287 :
2743 2241 2866 2304 eget
2900 2234 2987 2290 his
3014 2234 3131 2291 haec
3151 2251 3279 2291 area
3298 2228 3531 2303 'marris,

2140 2384 2145 2391 ν
2215 2322 2317 2381 Hic
2345 2341 2493 2410 ager,
2526 2324 2642 2381 haec
2674 2325 2872 2383 messis
2899 2326 3126 2399 reliquis
3150 2343 3250 2384 vos
3285 2338 3477 2400 pascet
3520 2332 3750 2393 mannis.

2214 2439 2401 2495 Altera
2430 2438 2588 2497 frons
2608 2439 2735 2496 belli
2762 2439 3045 2497 Boam‘und
3054 2457 3119 2501 us
3140 2441 3289 2499 solus
3314 2450 3371 2496 et
3389 2456 3586 2513 expers

2215 2531 2418 2587 Auxilii
2453 2531 2677 2587 humani
2707 2547 2938 2603 sperans
2966 2534 3021 2589 in
3051 2533 3278 2589 numine
3301 2534 3448 2601 cmli,

2214 2623 2471 2680 Fideates
2504 2639 2754 2693 numero,
2777 2625 3019 2681 conlisus
3045 2625 3280 2696 preside
3298 2624 3525 2681 Christo

2214 2713 2545 2787 Aggreditur
2573 2722 2779 2787 gentes,
2813 2730 2949 2770 crux
2972 2714 3174 2786 praevia
3202 2714 3386 2772 nobile
3410 2716 3624 2789 signum

2217 2804 2448 2877 Signum
2481 2805 2764 2878 signorum
2798 2804 3172 2878 praefulgurat,
3196 2805 3450 2863 hostibus
3473 2807 3674 2873 horror,

2212 2896 2421 2954 Christi
2461 2897 2728 2954 militibus
2756 2913 2903 2969 spes,
2927 2914 3141 2965 murus,
3168 2898 3364 2971 gloria,
3409 2900 3673 2970 splendor.

2138 3052 2143 3055 _
2212 2989 2367 3048 Miles
2397 2991 2453 3047 in
2482 2991 2721 3064 egregiis
2748 3007 2856 3047 non
2887 2992 3114 3049 ultimus
3139 2993 3435 3049 admodum
3475 2995 3700 3049 acerbus.

2212 3081 2424 3150 Fortis,
2459 3084 2842 3154 magnanimus
2874 3082 3257 3152 Boamu-ndus,
3281 3084 3471 3142 Martis
3509 3087 3731 3141 alumnus

533 3138 689 3195 Unde
719 3141 902 3209 minae,
930 3143 1074 3197 unde
1098 3152 1299 3211 metus,
1329 3160 1398 3237 ne
1440 3153 1599 3216 rupta
1646 3145 1899 3245 admittat
1922 3156 1978 3201 et
2010 3146 2113 3200 ho-
2137 3179 2183 3240 Ο
2212 3170 2392 3243 Atque
2410 3138 2590 3243 ’πρὸς
2611 3213 2628 3239 ν
2656 3172 2787 3227 illud
2811 3138 3616 3245 ρτωέιίριηωήίιξέίεέιξ

1852 3246 1987 3293 stem
2021 3256 2035 3293 ἓ

1829 3236 1987 3310 [stem
2021 3256 2035 3293 :

529 3319 687 3376 Nunc
707 3323 863 3379 ducis
895 3340 990 3381 ore
1022 3333 1205 3394 tonat,
1246 3324 1395 3383 nunc
1426 3327 1616 3383 militis
1652 3344 1783 3383 ense
1820 3318 2055 3385 trucidat
2094 3349 2108 3385 :

528 3412 622 3469 me
651 3416 789 3472 obex
817 3415 1012 3475 Turcis
1031 3419 1387 3476 des‘censibus
1417 3420 1614 3476 unicus
1639 3421 1728 3476 ille

528 3505 726 3592 lfagno
749 3510 1005 3579 praesidio
1030 3512 1213 3583 magni
1237 3511 1434 3568 tutoris
1461 3513 1672 3585 egebat.

809 3641 1046 3699 LXXVI.
1071 3674 1139 3683 —
1166 3642 1356 3700 Terror
1369 3644 1567 3702 Persas
1598 3620 1819 3703 invadit.

524 3793 819 3879 Persarum
879 3809 1159 3872 satrapam
1222 3804 1432 3861 scaccis
1492 3819 1716 3876 operam
1765 3804 1897 3861 dare
1959 3803 2106 3860 fama

1010 3882 1016 3895 ’
1880 3942 1884 3946 .
1905 3895 2032 3969 [est,

525 3978 735 4043 Gallica
760 3997 885 4037 cum
909 3984 1121 4055 primus
1151 3986 1420 4043 vexillifer
1446 3987 1641 4043 extulit
1662 4003 1851 4043 arma:

523 4066 673 4124 llico
702 4087 891 4126 rumor
918 4073 1069 4129 adest
1092 4075 1240 4131 exire
1267 4077 1335 4133 ad
1357 4076 1543 4147 praelia
1585 4075 1828 4133 Francos
1858 4095 1872 4132 :

522 4158 785 4232 Princeps
807 4163 885 4218 nil
923 4174 1103 4223 motus
1124 4167 1311 4222 ludum
1334 4168 1602 4224 tractabat
1627 4176 1689 4222 ut
1708 4176 1853 4236 ante,

527 4250 632 4306 Sed
661 4248 840 4325 neque
872 4272 996 4313 cum
1033 4259 1218 4331 magni
1245 4260 1464 4316 comitis
1496 4260 1693 4314 vexilla
1725 4258 1950 4315 Roberti

524 4342 758 4416 Surgere
779 4356 1087 4404 clam-antur
1114 4368 1128 4405 :
1157 4352 1296 4422 proh
1324 4342 1528 4422 quanta
1568 4350 1854 4420 superbia!
1903 4360 2099 4424 surgit,

522 4432 705 4489 Tertia
729 4451 854 4492 cum
886 4438 1150 4508 subeunt,
1172 4440 1366 4512 ingens
1390 4447 1509 4495 erat
1542 4439 1632 4495 ille
1666 4440 1951 4498 tumultus.

521 4522 749 4581 Demum
779 4529 1008 4598 captivis
1038 4538 1228 4589 nostra
1266 4531 1334 4586 de
1362 4539 1520 4603 gente
1544 4531 1775 4598 vocatis,

519 4614 657 4672 Nam
687 4621 957 4690 quosdam
980 4636 1181 4679 nostrae
1209 4622 1454 4694 captivos
1475 4622 1654 4695 gentis
1676 4623 1911 4680 habebat
1942 4643 1956 4681 :

519 4706 766 4775 Quorum
799 4713 930 4778 sint,
960 4714 1089 4783 quid
1119 4714 1428 4786 significent
1449 4714 1644 4771 vexilla
1675 4716 1962 4787 requirens

518 4800 792 4873 Quidnam
825 4804 1081 4876 figurent,
1104 4821 1343 4876 quorum
1379 4806 1491 4861 sint
1520 4808 1772 4877 protinus
1797 4807 1970 4864 audit.

517 4892 635 4950 Hoc
660 4903 744 4952 est
769 4890 1017 4963 Roberti,
1044 4895 1326 4953 Godefridi
1353 4898 1477 4965 hoc,
1511 4897 1644 4953 illud
1666 4897 1912 4972 Hugonis
1942 4918 1956 4955 :

470 5003 486 5019 ο
523 5004 543 5036 ς
589 4984 715 5041 Haec
737 4995 825 5056 est
842 4986 1123 5056 nobilitas,
1149 4997 1207 5043 at
1235 4987 1409 5060 major
1432 4990 1488 5045 in
1518 4990 1654 5046 urbe
1674 4999 1934 5061 potestas.

521 5077 615 5133 Vel
637 5078 752 5149 jam
777 5074 1067 5152 pugnabis,
1097 5082 1184 5137 vel
1219 5098 1457 5155 pugnam
1486 5084 1627 5140 scire
1661 5082 1904 5155 negabis.
1945 5102 1964 5135 ι
2020 5073 2025 5078 ’

517 5170 611 5225 Sic
648 5169 813 5227 fando
842 5168 1159 5229 Tancredus
1192 5173 1366 5244 adest,
1413 5184 1470 5231 et
1516 5175 1671 5232 adest
1722 5174 2095 5245 Boamundus,

514 5259 584 5315 Et
606 5261 787 5330 robur,
798 5262 928 5317 belli
947 5276 1077 5318 cum
1103 5264 1382 5337 signiferis
1413 5265 1726 5323 Raimundi.

513 5352 802 5407 Corboran
843 5354 1118 5413 accinctos
1147 5358 1310 5425 bello,
1333 5359 1558 5429 jamque
1586 5358 1879 5414 irruituros

516 5443 874 5501 Christicolas
893 5461 1124 5505 cernens
1143 5451 1323 5518 timet,
1350 5452 1632 5522 accitoque
1661 5458 1883 5521 repente

514 5532 1118 5608 Traduceverborum;
1155 5557 1322 5612 quam
1349 5541 1697 5599 Christicolae
1725 5543 1880 5612 prius
1910 5540 1988 5611 illi

513 5622 856 5696 Obtulerant,
880 5645 1047 5700 quam
1073 5634 1385 5704 reppulerat
1416 5635 1579 5691 modo
1623 5633 2017 5696 conditionem,

515 5715 729 5772 Rursus
751 5719 831 5776 eis
854 5722 1039 5791 offert,
1064 5734 1120 5781 at
1138 5742 1336 5793 rursus
1364 5728 1638 5796 spernitur
1664 5727 1775 5782 illa.

514 5806 670 5865 Tunc
691 5827 842 5885 mora
868 5816 1017 5872 nulla
1041 5819 1130 5874 citi
1159 5818 1443 5887 pharetras
1465 5835 1735 5890 arcusque
1772 5818 1875 5873 sibi
1903 5824 2091 5888 aptant

2218 3263 2490 3321 Robertus
2522 3265 2752 3320 celebris
2785 3264 3001 3321 Girardi
3035 3265 3180 3321 ﬁlius
3214 3266 3369 3335 orbi,

2211 3354 2264 3411 Is
2287 3356 2480 3413 dextra
2509 3363 2565 3412 et
2584 3357 2768 3430 lingua
2797 3372 2930 3429 qum
2951 3366 3132 3415 mente
3159 3367 3215 3415 et
3236 3375 3470 3432 corpore
3492 3363 3678 3419 Christi

2208 3446 2424 3505 Pronus
2447 3449 2502 3504 in
2534 3450 2893 3521 obsequium,
2924 3452 3293 3521 pronissimus
3331 3454 3387 3508 in
3417 3456 3580 3525 quasi
3608 3456 3755 3511 fratris

2209 3535 2499 3606 Frater,et
2532 3539 2588 3594 in
2625 3539 2807 3597 socias
2830 3557 3186 3613 quascunque
3207 3542 3356 3600 vices
3381 3543 3701 3601 Boamundi:

2208 3628 2516 3693 Pertransit
2537 3628 2747 3687 Turcas
2773 3632 3081 3703 iterumque
3105 3633 3418 3705 iterumque
3437 3646 3700 3703 catervas,

2208 3720 2488 3777 [lor-tando
2513 3722 2692 3779 socios
2712 3764 2727 3790 ,
2755 3724 2900 3779 hosti
2924 3725 3240 3780 insultando
3270 3728 3479 3783 ruenti.

2207 3810 2402 3869 Turcis
2424 3810 2697 3869 Robertus
2715 3830 2735 3881 ,λ
2764 3812 3006 3871 Roberto
3028 3816 3198 3872 instat
3223 3815 3615 3875 Boamundus:

2204 3903 2323 3961 Non
2352 3903 2460 3961 illis
2482 3906 2601 3975 ille,
2625 3922 2728 3962 nec
2751 3908 2880 3964 huic
2908 3908 3000 3965 hic
3023 3919 3203 3965 cessat
3224 3911 3438 3968 adesse.

2395 4016 2729 4074 LXXXVIII.
2767 4050 2839 4061 —
2880 4018 3075 4075 Tcrritt'
3122 4023 3384 4094 fugantur
3422 4024 3603 4080 Tun-2'.

2202 4156 2284 4212 Ad
2314 4158 2497 4215 crucis
2518 4166 2799 4230 aspectum
2831 4159 3010 4231 perdit
3033 4176 3166 4232 gens
3189 4160 3414 4219 Persica
3438 4162 3643 4227 visum,

2201 4249 2291 4306 Fit
2344 4253 2734 4320 tremebunda,
2807 4268 3030 4327 gemens
3090 4269 3215 4315 alia:
3262 4265 3495 4312 venerat
3546 4254 3678 4310 acris
3720 4260 3759 4307 et

2398 4408 2403 4417 1
3026 4406 3031 4413 ι
3514 4346 3755 4419 [horrens

2198 4432 2319 4491 Non
2344 4443 2429 4491 est
2451 4444 2729 4492 amentum
2748 4460 2779 4503 ,-
2796 4451 2909 4494 non
2933 4445 3017 4493 est
3034 4437 3129 4509 qui
3150 4446 3405 4494 exerceat
3429 4454 3638 4493 arcum.

2127 4536 2177 4596 ι)
2202 4531 2373 4595 Evam,
2396 4527 2497 4581 ha!
2525 4527 2625 4593 ha!
2653 4529 2752 4583 Ite!
2778 4537 3067 4586 vertuntur
3096 4531 3153 4584 in
3180 4530 3271 4583 at!
3295 4530 3386 4585 at!
3417 4538 3477 4586 et
3506 4528 3636 4584 heu!
3654 4525 3760 4580 lien!

2198 4619 2342 4692 Ergo
2367 4635 2427 4677 se
2452 4620 2716 4690 pecudes,
2738 4619 2979 4677 Francos
3009 4636 3183 4693 genus
3204 4636 3328 4677 acre
3355 4622 3586 4678 leonum

2132 4710 2137 4715 ’
2198 4709 2369 4779 Fassa
2396 4711 2582 4783 fugam
2604 4712 2768 4769 morti
2795 4711 3041 4783 praefert,
3074 4721 3130 4768 et
3145 4712 3328 4777 vivere
3356 4714 3547 4779 laudi,

2199 4801 2340 4858 Dum
2399 4803 2589 4874 nequit
2649 4804 2720 4859 ad
2784 4811 3026 4869 montem
3084 4803 3298 4875 regredi
3350 4804 3572 4876 refugit
3629 4816 3761 4859 secus

2430 4955 2437 4961 ,
3506 4895 3723 4969 [amnem
3742 4909 3755 4949 ;

2198 4986 2446 5045 Victores
2475 4988 2713 5056 instant,
2735 4998 2793 5044 et
2812 5004 3098 5059 nunquam
3120 4998 3365 5051 sternere
3394 4997 3652 5046 cessant:

2130 5078 2135 5083 “
2197 5082 2380 5137 Donec
2405 5089 2668 5153 utrasque
2689 5082 2836 5137 acies
2860 5081 3024 5137 sociat
3045 5097 3307 5152 excepere
3328 5083 3592 5138 cohortes

2196 5174 2382 5232 Victas
2400 5217 2416 5243 ,
2444 5175 2727 5231 vincenda:
2750 5173 3002 5232 victrices
3021 5173 3240 5232 vincere
3263 5184 3497 5231 sanctae.

2195 5269 2313 5325 Iam
2340 5284 2453 5325 non
2481 5284 2663 5346 pugna
2688 5267 2931 5333 bifrons,
2951 5267 3066 5338 jam
3094 5267 3296 5322 certior
3319 5283 3387 5322 ac
3411 5265 3520 5322 fuit
3546 5273 3687 5328 ante,

2193 5361 2314 5433 Jam
2337 5377 2464 5433 spes
2492 5371 2653 5417 aucta
2678 5360 2800 5416 aliis
2819 5401 2835 5428 ,
2863 5360 2985 5414 aliis
3005 5367 3184 5414 metus
3208 5358 3434 5414 additus
3464 5356 3630 5414 armis
3654 5375 3665 5409 :

2195 5432 2290 5510 llis
2317 5432 2588 5527 pugnare,
2611 5452 2719 5508 illis
2741 5467 2925 5531 pugna
2957 5451 3217 5507 decedere
3240 5450 3452 5513 suadet

2193 5543 2395 5599 Multus
2430 5544 2609 5598 adhuc
2637 5544 2900 5613 populus,
2925 5558 3189 5598 numerus
3214 5543 3302 5598 cui
3327 5542 3478 5598 cedit
3503 5555 3693 5605 arenae,

2191 5634 2260 5688 Et
2278 5615 2433 5709 quod
2449 5649 2610 5689 rarus
2634 5634 2761 5704 equi
2784 5633 2983 5703 premit
3008 5634 3151 5690 acris
3178 5641 3326 5703 terga
3352 5632 3588 5688 Latinus

2190 5725 2536 5793 Christicolis
2556 5710 2767 5792 obstat,
2806 5723 2998 5781 Turcis
3020 5725 3211 5780 solatia
3240 5733 3472 5794 praestat
3499 5744 3511 5780 :

2191 5816 2411 5871 Accedit
2447 5825 2627 5872 tamen
2655 5815 2740 5869 his
2762 5814 2991 5883 astutia;
3018 5814 3113 5871 sed
3138 5814 3271 5869 nihil
3294 5822 3484 5885 astus,
