3838 6306
463 356 565 414 551

457 471 578 528 Non
607 467 793 526 timuit
820 463 1036 522 Turcus
1061 464 1117 519 in
1147 473 1298 518 tanta
1321 469 1470 533 peste
1498 459 1725 530 sagittas
1745 501 1760 526 ,

460 565 712 635 Undique
732 560 993 617 turritum
1013 600 1028 625 ,
1056 558 1286 614 robusto
1316 555 1486 609 milite
1509 551 1706 607 fultum

457 657 617 714 Nunc
639 653 820 725 aperit
851 659 1038 723 portas
1059 650 1322 704 diuturno
1348 655 1592 715 tempore
1618 645 1876 712 clausas;

460 748 711 806 Occurrit
742 745 966 802 domino
993 741 1232 805 venienti
1253 753 1496 810 congrua
1514 737 1720 807 pubes,

461 838 557 894 Ille
578 838 730 894 ciens
753 833 1000 904 supplete
1021 844 1194 886 novos
1208 870 1225 896 ,
1249 826 1494 898 supplete
1515 825 1789 892 caballos,

463 930 658 997 Arma,
679 928 862 994 viros,
885 934 941 984 et
965 937 1136 994 equos
1162 920 1327 976 simul
1357 919 1564 974 invenit
1581 918 1769 974 omnia
1795 926 1975 989 parta.

1169 1007 1329 1064 XCII.
1715 1052 1724 1060 .

464 1109 724 1166 Planities
753 1120 917 1176 super
949 1101 1190 1158 Arthasii
1207 1143 1223 1168 ,
1251 1101 1356 1156 sub
1385 1099 1663 1156 moenibus
1686 1097 1894 1153 Emme:

465 1200 698 1256 Herbida
724 1194 932 1252 dividui
963 1208 1131 1249 cursu
1153 1192 1532 1250 circumdatur
1557 1189 1777 1246 amnis:

463 1290 561 1345 Illa
585 1290 820 1345 viatores
842 1286 995 1358 prius
1023 1285 1348 1344 excludebat
1363 1325 1381 1353 ,
1403 1293 1628 1354 eratque

465 1378 742 1435 Circuitus
763 1377 911 1448 longi
933 1375 1354 1447 properantibus
1378 1373 1560 1429 invida
1580 1386 1779 1437 causa;

462 1468 708 1525 Abscidit
731 1467 994 1524 invidiam
1021 1465 1273 1537 geminus
1297 1465 1366 1521 de
1389 1473 1576 1520 monte
1606 1462 1817 1518 recisus
1835 1502 1852 1527 ,

461 1561 640 1632 Atque
667 1560 933 1615 viatorem
968 1558 1291 1623 admittens,
1317 1556 1646 1612 altrinsecus
1676 1570 1861 1610 arcus.

464 1652 578 1708 Hos
601 1653 742 1708 inter
766 1658 959 1722 pontes
981 1663 1115 1720 gens
1139 1647 1357 1704 Persica
1375 1647 1489 1717 jam
1511 1645 1670 1717 quasi
1699 1653 1812 1700 tuta
1829 1684 1846 1711 ,

465 1745 587 1800 Jam
621 1742 781 1816 quasi
815 1749 974 1796 nacta
1001 1739 1144 1812 fugae
1170 1746 1296 1810 post
1317 1737 1476 1794 taedia
1505 1736 1670 1806 longa
1692 1734 1931 1805 quietem

463 1836 634 1894 Fessa
660 1832 1006 1905 quiescebat,
1032 1831 1235 1886 bellum
1255 1829 1498 1885 evasisse
1518 1827 1747 1898 putabat
1773 1864 1787 1877 .

1029 348 1122 404 AD
1159 346 1608 406 GODEFRIDUM
1645 346 1936 405 APPEND.
1977 347 2042 405 II.
2083 375 2153 388 —-
2191 344 2458 403 NONUM.
2502 344 2590 401 DE
2630 344 2852 400 υειω
2891 343 3136 401 SACRO.
3613 349 3704 408 55!

2073 466 2120 526 Α
2150 457 2270 513 Non
2295 458 2455 514 locus
2487 464 2571 512 est
2592 455 2794 522 metui,
2828 455 2874 510 si
2903 471 3005 512 vos
3034 453 3381 514 committitis
3403 453 3498 512 illi.

2150 552 2290 620 Quid
2312 567 2499 608 moror
2528 551 2583 605 in
2605 550 2826 606 verbis?
2847 565 2936 606 res
2963 558 3048 604 est
3065 563 3188 603 rem
3214 547 3474 605 claudere
3501 552 3672 622 paucis
3695 575 3706 610 ;

2149 644 2422 712 Creditur,
2453 644 2684 709 accitur,
2714 640 3005 709 referatur,
3033 640 3237 707 abitur,
3260 641 3450 696 initur.

2149 755 2336 812 XCIV.
2393 785 2463 796 —
2511 754 2790 810 Podiensis
2844 753 3077 835 episcopi
3127 753 3404 808 morientis
3463 753 3605 810 verba
3655 759 3711 812 ad

2787 833 3098 879 exercitum.

2149 917 2359 974 Interea
2379 917 2580 989 praesul
2611 915 2843 973 moritur
2865 913 3173 978 Podiensis.
3195 923 3252 970 et
3276 914 3422 969 intra

2150 1010 2439 1066 Basilicam
2460 1009 2609 1065 Petri
2634 1008 2890 1065 conditus
2915 1008 3172 1064 conditur
3191 1007 3323 1062 almi
3357 1024 3370 1063 τ

2148 1103 2219 1158 At
2245 1103 2486 1158 moriens
2514 1116 2770 1174 proceres
2794 1101 2861 1156 ad
2893 1115 2952 1156 se
2975 1109 3155 1169 vocat,
3178 1099 3378 1171 hisque
3399 1099 3600 1156 vocatis
3623 1117 3637 1132 ο

2151 1193 2329 1250 Verba
2352 1192 2503 1262 facit,
2528 1201 2885 1248 monumenta
2914 1192 3021 1260 sui,
3057 1193 3383 1248 documenta
3407 1191 3612 1260 salutis,

2157 1305 2176 1339 ι
2218 1285 2360 1341 Dum
2382 1283 2527 1341 Deus
2547 1284 2793 1352 indulsit,
2817 1283 3058 1355 dumque
3080 1283 3134 1338 in
3163 1298 3250 1339 me
3273 1283 3481 1354 sospita
3505 1282 3714 1340 mansit:

2150 1375 2261 1433 Nec
2297 1376 2539 1433 studium
2569 1375 2786 1445 fratres,
2818 1391 2920 1432 nec
2941 1376 3206 1432 sedulitas
3235 1391 3360 1432 mea
3382 1383 3560 1431 vestro

2152 1468 2334 1526 Defuit
2361 1467 2630 1540 obsequio
2659 1485 2674 1523 :
2702 1483 2802 1524 vos
2827 1472 2970 1524 sicut
2992 1477 3166 1522 mater
3193 1467 3483 1526 alumnum

2153 1557 2431 1616 Sollicitus
2459 1559 2590 1627 fovi,
2617 1559 2801 1628 docui,
2837 1557 3050 1627 monui,
3085 1558 3366 1614 stimulavi
3396 1577 3410 1613 :

2152 1653 2428 1710 Letbifeta
2452 1653 2650 1720 avulsi,
2677 1652 2864 1708 vitalia
2895 1653 3105 1708 semina
3125 1651 3303 1722 sparsi
3330 1670 3344 1707 :

2151 1744 2403 1817 Pervigili
2425 1760 2559 1801 cura
2587 1744 2724 1800 solvi
2757 1743 2893 1800 mihi
2919 1743 3118 1800 tradita
3137 1743 3284 1816 jura.

2085 1807 2127 1863 Β
2151 1836 2273 1894 Jam
2310 1807 2458 1892 nunc
2479 1835 2708 1903 delibor,
2742 1836 2859 1907 jam
2885 1837 3010 1924 vita:
3035 1807 3302 1892 terminus
3327 1836 3516 1893 instat.

465 1926 604 1981 Cum
649 1923 967 1980 TanCl‘edUS
1010 1923 1194 1990 θάθεῐν
1241 1930 1295 1977 ει
1343 1920 1497 1976 adest
1525 1933 1701 1991 equus
1725 1959 1742 1985 ν
1779 1929 1934 1972 arma
1965 1909 2050 1966 "I'
2155 1928 2247 1985 Sic
2277 1945 2364 1984 me
2386 1928 2652 1984 doctrinas
2675 1927 2831 1984 vobis
2865 1910 3004 1999 pa'pa
3032 1927 3345 1983 ministrum

1793 2064 1803 2080 η
1829 2005 2007 2080 [rique
2034 2019 2048 2056 :

465 2105 654 2177 Pugna
682 2119 905 2172 recens,
936 2103 1073 2159 visis
1093 2116 1151 2158 se
1179 2108 1371 2156 mutuo
1396 2099 1492 2170 qui
1532 2099 1687 2170 fugat
1709 2096 1891 2154 Evam!

468 2196 751 2251 Exclamat
775 2193 1020 2260 Turcus,
1052 2190 1268 2264 fugiens
1297 2191 1686 2244 immurmurat
1707 2186 1796 2242 at!
1819 2185 1908 2241 at!

467 2287 660 2358 Magna
690 2285 794 2342 fuit
813 2283 987 2341 caedes
1007 2283 1110 2339 sub
1135 2281 1410 2338 moenibus
1437 2279 1824 2345 Antiochenis,

467 2378 671 2434 Multus
716 2378 808 2434 ubi
855 2385 1020 2447 atque
1059 2388 1253 2431 recens
1295 2372 1577 2429 commisit
1617 2371 1802 2442 pmlia
1838 2382 2048 2428 caesar:

467 2469 606 2526 Hinc
625 2477 738 2538 est,
766 2478 930 2540 atque
957 2467 1110 2523 illinc
1132 2478 1230 2536 per
1256 2473 1449 2520 mutua
1475 2464 1700 2518 vulnera
1728 2461 1912 2518 ﬂetum
1928 2502 1945 2529 ,

466 2560 609 2618 llinc
638 2561 789 2616 illinc
817 2560 988 2616 risum
1007 2599 1024 2625 ,
1051 2572 1162 2612 non
1192 2563 1278 2612 est
1304 2555 1394 2611 hic
1419 2555 1522 2610 hac
1547 2553 1664 2610 vice
1689 2562 1904 2625 gestum
1931 2569 1944 2606 :

465 2651 650 2706 Altera
681 2665 808 2722 pars
833 2649 954 2705 risit
979 2657 1190 2704 tantum
1206 2686 1226 2717 ,
1252 2653 1466 2702 tantum
1489 2645 1660 2700 altera
1688 2643 1872 2699 tlevit:

467 2743 640 2810 Flevit
663 2741 842 2798 Turca
867 2740 1033 2813 fugax
1048 2781 1063 2808 ,
1091 2738 1215 2795 risit
1240 2736 1609 2794 Normannlca
1632 2735 1831 2794 bellax.

466 2833 820 2892 Normannus
850 2832 1080 2899 sternit,
1111 2828 1326 2885 Turcus
1355 2828 1502 2884 cadit
1521 2867 1537 2890 .
1565 2839 1628 2881 ut
1653 2825 1961 2882 subitarum

466 2927 708 2998 Impetus
738 2926 1021 2980 hastarum
1042 2961 1058 2992 ,
1086 2922 1399 2996 geminique
1420 2922 1673 2994 angustia
1697 2921 1912 2992 pontis,

468 3017 743 3089 En‘ugium
771 3016 1036 3082 retinent,
1066 3014 1269 3070 bellum
1297 3013 1640 3070 committere
1662 3020 1842 3068 terror

472 3108 594 3166 Non
619 3109 786 3177 sinit,
813 3116 977 3180 atque
1003 3105 1144 3180 fuga:
1170 3106 1348 3174 labor,
1376 3113 1432 3162 et
1451 3104 1596 3161 vires
1622 3101 1931 3168 labefactas,

465 3200 747 3258 Plurimus
771 3209 824 3256 et
849 3199 1072 3271 sanguis
1099 3197 1273 3254 multo
1311 3198 1380 3253 de
1407 3197 1634 3252 vulnere
1661 3194 1850 3252 fusus:

469 3291 538 3349 Ut
563 3301 701 3364 quot
725 3291 967 3347 membra
993 3288 1134 3358 fere',
1172 3297 1252 3345 tot
1273 3296 1486 3361 gestent
1511 3287 1738 3342 vulnera
1770 3285 1979 3341 Persae:

472 3386 618 3459 Ergo
651 3401 731 3442 va:
754 3383 972 3441 miseris
1005 3382 1271 3456 quidquid
1293 3389 1532 3437 tentetur
1552 3381 1621 3436 ab
1651 3380 1760 3436 illis
1785 3398 1798 3434 :

466 3478 604 3534 Nam
633 3493 732 3534 nec
757 3491 940 3548 pugna
965 3474 1150 3548 fugam
1172 3474 1404 3541 solatur,
1428 3488 1530 3528 nec
1550 3471 1678 3544 fuga
1704 3485 1944 3542 pugnam
1969 3486 1981 3521 :

469 3569 681 3626 Turcus
705 3577 884 3624 utram
911 3575 1116 3634 tentet,
1145 3574 1396 3621 neutram
1426 3564 1719 3636 procedere
1743 3563 1978 3635 gaudet:

468 3655 540 3713 Ut
561 3672 729 3728 pecus
753 3669 884 3727 ergo
905 3654 1046 3725 perit
1065 3695 1082 3720 ,
1107 3653 1212 3720 leo,
1237 3651 1327 3708 cui
1358 3650 1650 3723 lcopardus
1675 3650 1911 3706 inhaesit.

591 3749 594 3753 ’
679 3745 863 3802 XCIII.
893 3777 964 3788 ——
996 3744 1272 3800 Artasium
1315 3751 1551 3797 castrum
1582 3742 1844 3798 redditur.

468 3839 544 3895 De
575 3848 722 3894 tanta
748 3838 908 3894 turba
937 3851 1144 3907 paucos
1166 3834 1294 3908 fuga
1329 3834 1533 3900 salvat,
1562 3842 1615 3889 et
1646 3833 1774 3888 ulna
1803 3850 1816 3885 :

473 3930 566 3986 Sic
587 3930 709 3985 aliis
740 3929 928 3986 stratis
949 3969 965 3996 ,
1003 3928 1128 3984 aliis
1149 3926 1444 3983 sternendo
1469 3924 1702 3996 fugatis,

468 4021 726 4078 Castrum
754 4029 920 4076 restat
951 4019 1131 4075 adhuc
1152 4017 1378 4084 Turcis,
1407 4017 1660 4086 belloque
1691 4013 1949 4069 refertum
1971 4056 1986 4080 ,

2154 2021 2402 2077 Tradidit
2426 2019 2684 2076 Urbanus
2720 2039 2732 2074 :
2759 2020 2838 2076 sic
2863 2020 3018 2075 Vobis
3045 2019 3192 2075 hunc
3220 2034 3323 2092 ego
3348 2019 3505 2074 trado
3533 2037 3546 2074 :
3579 2037 3597 2072 ι

2154 2110 2404 2166 Tradidit
2431 2107 2728 2164 Arnulfum
2754 2109 2887 2164 nulli
2916 2109 3022 2164 hoc
3049 2109 3103 2163 in
3133 2124 3307 2180 agone
3332 2109 3627 2164 secundum
3653 2128 3666 2162 :

2159 2221 2178 2256 ι
2223 2202 2395 2258 Filius
2430 2201 2539 2270 hic,
2563 2201 2761 2272 inquit,
2789 2217 2944 2257 meus
2965 2211 3050 2256 est
3071 2200 3326 2268 dilectus,
3357 2202 3413 2256 in
3443 2202 3562 2273 ipso

2154 2292 2252 2349 Est
2288 2292 2423 2347 mihi
2448 2291 2857 2363 complacitum,
2883 2307 2983 2347 vos
3011 2306 3172 2347 aures
3196 2291 3389 2346 vertite
3415 2291 3483 2346 ad
3522 2291 3686 2361 ipsum
3713 2309 3723 2343 :

2154 2384 2235 2440 Tn
2257 2400 2410 2452 vero,
2432 2383 2558 2452 Fili,
2591 2385 2836 2440 monitus
2859 2399 3073 2440 memor
3099 2393 3219 2441 esto
3252 2384 3464 2456 paterni
3497 2403 3509 2438 :

2155 2475 2335 2531 Divini
2360 2476 2509 2548 large
2531 2475 2845 2532 documenti
2877 2477 3086 2532 semina
3110 2491 3324 2548 sparge,

2154 2568 2449 2639 Acceptam
2485 2567 2657 2638 gratis
2692 2576 2991 2624 sementem
3019 2567 3233 2624 reddito
3259 2567 3448 2640 gratis,

2155 2657 2451 2716 Peccantes
2484 2659 2700 2728 revoca,
2728 2659 2867 2716 bene
2892 2667 3115 2732 agentes
3144 2659 3302 2716 laude
3330 2674 3560 2726 corona,

2157 2749 2302 2823 Urge
2323 2752 2689 2825 propositum,
2715 2751 2921 2808 Christi
2943 2760 2997 2808 te
3020 2752 3244 2808 ostende
3262 2752 3581 2808 ministrum

2158 2844 2457 2902 Sedulitate
2488 2846 2681 2917 proba,
2705 2845 3000 2900 commissa
3029 2845 3246 2917 negotia
3281 2853 3478 2912 tracta,

2155 2933 2350 2992 Nullus
2378 2937 2448 2993 ad
2478 2937 2743 3008 injustam
2773 2935 2933 2993 donis
2955 2945 3010 2992 te
3035 2937 3217 2993 flectat
3236 2947 3524 3004 onustum,

2160 3025 2338 3098 thue
2358 3029 2509 3084 brevi
2540 3029 2796 3098 breviter,
2820 3028 2953 3096 vita,
2985 3027 3201 3100 loquar,
3223 3039 3340 3085 esto
3369 3029 3605 3101 pudicus
3633 3047 3645 3084 :

2081 3149 2128 3213 ο
2161 3115 2416 3186 Sobrius,
2443 3128 2498 3175 et
2524 3119 2786 3213 prudens,
2826 3119 3075 3188 humilis,
3104 3120 3228 3192 pius
3256 3129 3420 3192 atque
3447 3121 3678 3192 quietus.
3713 3137 3729 3172 ι

2546 3209 2708 3268 XCV.
2745 3244 2817 3254 ——
2853 3211 2986 3283 Ejus
3015 3213 3360 3285 epitaphium.

2159 3300 2251 3357 Sic
2275 3312 2479 3370 monet,
2509 3311 2564 3359 et
2592 3303 2758 3374 paulo
2785 3313 3075 3360 cunctatus
3101 3306 3298 3360 transit
3325 3305 3393 3360 ad
3420 3305 3583 3361 illum

2157 3393 2330 3462 Quem
2376 3410 2554 3463 mens,
2590 3410 2754 3466 quem
2781 3397 2948 3466 vires,
2985 3412 3150 3469 quem
3187 3413 3295 3454 vox
3325 3398 3501 3454 coluit
3539 3413 3633 3454 sua
3662 3396 3736 3453 Je-

3516 3489 3676 3564 [sum.

2159 3577 2254 3633 Vir
2280 3580 2461 3652 magni
2494 3580 2697 3648 meriti,
2722 3581 2808 3635 vir
2831 3581 3027 3652 quovis
3060 3581 3259 3654 dignus
3285 3580 3523 3651 honore,

2159 3670 2471 3742 Vit-dignus
2502 3672 2680 3740 titulo,
2720 3673 2766 3729 si
2797 3689 2906 3728 non
2936 3674 3167 3744 potiore,
3204 3673 3288 3728 vel
3319 3674 3444 3728 isto.

2157 3763 2425 3818 Conditus
2445 3771 2527 3818 est
2556 3762 2758 3835 Moysis
2789 3763 3130 3820 clarissimus
3152 3763 3240 3819 hic
3267 3764 3516 3820 imitator

2233 3851 2511 3919 Doctrina,
2540 3853 2743 3920 studio,
2769 3853 3032 3919 moribus,
3058 3851 3254 3908 ollicio.

2161 3943 2280 3998 Dux
2307 3945 2489 4014 populi
2518 3944 2750 4016 Moyses,
2774 3954 2829 4000 et
2859 3945 2969 4000 dux
3000 3946 3184 4016 populi
3207 3944 3309 4001 fuit
3335 3947 3440 4003 istc
3472 3968 3485 4001 :

2230 4037 2406 4092 Ambo
2429 4038 2596 4093 duces
2627 4037 2853 4106 Christi,
2886 4037 3100 4093 caelitus
3125 4039 3287 4093 ambo
3318 4039 3446 4107 sati,

469 4113 660 4170 Restat
687 4113 894 4179 adhuc,
929 4111 1153 4182 inquam
1173 4150 1189 4178 ,
1222 4109 1318 4165 sed
1347 4106 1768 4179 inexpugnabile
1793 4113 2058 4199 tanquam
2161 4129 2337 4184 Ambo
2355 4130 2604 4199 summa,
2628 4130 2890 4186 doctrinm
2913 4130 3075 4185 ambo
3098 4130 3329 4186 studiosi
3364 4150 3376 4185 ζ

471 4209 742 4277 Quiddam
782 4224 890 4263 non
914 4205 1200 4262 hominum
1236 4203 1432 4272 fuerit,
1462 4202 1558 4257 sed
1586 4199 1794 4255 fabrica
1831 4198 2056 4253 divum:

467 4301 734 4374 Pergama
781 4298 1052 4371 Neptuni,
1079 4296 1274 4356 thbi
1300 4294 1459 4350 Ilium
1479 4335 1495 4363 ,
1516 4298 1828 4365 [utrumque
1853 4289 2061 4345 utrius-

1857 4379 1989 4454 [que

2230 4221 2406 4274 Ambo
2435 4219 2586 4276 fuere
2614 4219 2710 4276 Dei
2736 4237 2837 4276 vox
2860 4221 3039 4276 media
3066 4229 3120 4277 et
3144 4222 3352 4293 populi.

2160 4310 2338 4366 Causa
2367 4312 2467 4367 viae
2490 4309 2692 4384 Moysis
2718 4311 2880 4368 tellus
2911 4310 3172 4367 Chanaan
3211 4325 3580 4381 memoratur,

2233 4401 2372 4458 Huic
2408 4417 2629 4474 quoque
2659 4419 2826 4459 causa
2855 4405 2959 4459 via:
2989 4413 3131 4459 terra
3163 4403 3268 4460 fuit
3294 4403 3566 4462 Chanaan
3599 4427 3612 4462 :

468 4484 679 4542 Collata
708 4483 840 4541 huic
862 4499 875 4536 ε
895 4491 1112 4538 tantum
1131 4521 1148 4549 ο
1171 4486 1440 4550 quantum
1467 4476 1577 4532 illis
1601 4484 1798 4568 (ῗπίθνθ
1823 4474 2056 4542 θθάυηίῖ
2085 4491 2138 4553 D
2162 4493 2418 4562 Cernere,
2445 4511 2554 4550 non
2585 4495 2664 4550 uti
2693 4494 2868 4568 Moysi
2895 4497 3212 4553 conceditur
3238 4497 3328 4552 illa
3361 4517 3373 4552 :

468 4575 564 4633 Illa
595 4585 776 4632 tamen
801 4575 973 4646 pubes
998 4571 1276 4629 sociorum
1304 4568 1492 4624 territa
1518 4567 1663 4622 caede
1679 4607 1697 4635 ,

466 4663 557 4722 Nil
583 4667 692 4724 sibi
724 4665 1008 4722 confidens
1029 4677 1163 4736 opes
1186 4702 1203 4729 ,
1233 4675 1388 4730 teque
1414 4673 1620 4731 pauper
1641 4668 1696 4714 et
1723 4672 1951 4730 expers:

469 4759 610 4816 Hinc
643 4760 805 4826 item,
843 4758 969 4813 inde
998 4770 1183 4813 moras
1205 4752 1486 4808 examinat
1512 4769 1526 4805 :
1550 4765 1682 4823 ergo
1709 4766 1991 4806 morarum

471 4853 697 4910 Sublata
720 4851 956 4917 trutina,
986 4846 1368 4922 praeponderat
1395 4853 1451 4901 et
1475 4844 1648 4914 placet
1674 4844 1755 4900 ire
1781 4862 1798 4900 :

467 4945 555 5001 Nil
585 4946 693 5001 sibi
728 4959 853 5000 cum
885 4941 1143 5008 Francis,
1174 4937 1252 4994 nil
1277 4952 1403 4993 cum
1434 4936 1752 4992 ctelestibus
1776 4935 1946 4995 armis

470 5038 640 5093 Aiunt
663 5053 677 5088 :
706 5043 830 5106 post
850 5033 1026 5088 victos
1049 5043 1376 5100 superorum
1398 5026 1623 5082 numine
1646 5025 1877 5082 Turcos.
1905 5083 1922 5097 ι

471 5126 752 5194 Quosdam
779 5123 847 5178 de
868 5120 1070 5193 populo
1105 5115 1429 5183 Raimundi;
1458 5115 1574 5172 sive
1603 5123 1825 5171 coactos

470 5217 670 5274 Esurie
691 5215 811 5270 dira
829 5254 846 5281 ,
875 5219 1134 5282 captosve
1169 5209 1423 5280 cupidine
1450 5206 1623 5276 falso;

470 5309 693 5364 Christo
715 5302 1028 5377 posthabito
1047 5343 1062 5368 ,
1096 5300 1375 5356 Mahumet
1395 5299 1522 5370 jura
1551 5299 1826 5367 colentes,

475 5400 745 5456 Turcatos
779 5396 970 5452 eadem
991 5409 1101 5466 qua
1129 5391 1339 5448 Turcos
1365 5391 1606 5447 claustra
1633 5393 1912 5448 tenebant.

479 5490 560 5545 liii
585 5488 819 5545 consulti
853 5487 978 5560 quis
1002 5485 1181 5558 major
1204 5483 1686 5550 Christicolarum,

479 5579 683 5648 Quisve
706 5576 809 5632 fide
837 5577 1034 5650 potior,
1057 5577 1148 5634 cui
1177 5584 1420 5632 castrum
1442 5575 1668 5631 reddere
1688 5617 1704 5642 ,
1737 5574 1826 5630 cui
1865 5589 1953 5641 se,

479 5665 581 5722 Cui
613 5681 711 5721 sua
744 5665 814 5720 sit
838 5675 1012 5723 tutum
1041 5664 1385 5722 :Raimundo
1411 5663 1636 5719 credere
1664 5666 1915 5720 suadent.

480 5757 574 5815 ille
604 5755 707 5811 fide
727 5755 924 5827 potior,
956 5773 1170 5826 comes,
1196 5756 1378 5821 aiunt,
1401 5753 1601 5810 robore
1632 5755 1808 5826 major
1832 5771 1844 5784 ·

2232 4583 2372 4641 lluic
2393 4600 2614 4656 quoque
2640 4602 2750 4642 non
2780 4587 2882 4656 uti,
2910 4603 3134 4642 cernere
3161 4587 3334 4644 ferme
3360 4589 3560 4646 datum
3590 4600 3687 4648 est.

2162 4674 2349 4746 Longa
2378 4674 2490 4731 Deo
2520 4674 2744 4747 Moysen
2765 4677 2976 4748 jejunia
2998 4677 3363 4734 conciliarunt
3389 4697 3403 4734 :
3741 4666 3752 4679 ’

2234 4766 2392 4824 Hunc
2423 4782 2643 4840 quoque
2669 4769 2831 4840 longa
2859 4767 2971 4825 Deo
2992 4779 3279 4826 consecrat
3306 4773 3550 4829 esuries.

2162 4858 2281 4931 Ipse
2305 4858 2450 4916 Deus
2470 4859 2714 4931 Moysen,
2740 4860 2888 4916 hunc
2914 4875 3055 4932 papa
3079 4859 3357 4930 Urbanus,
3383 4872 3446 4918 et
3473 4865 3594 4936 ipse

2231 4949 2418 5007 Praeco
2447 4950 2544 5006 Dei
2578 4952 2846 5022 sequitur,
2878 4953 3028 5008 misit
3051 4962 3350 5025 utrumque
3377 4953 3555 5012 Deus.

2162 5025 2346 5098 XCVI.
2385 5073 2458 5083 --
2492 5040 2796 5097 Tancredus
2837 5061 2956 5098 cum
2992 5043 3345 5100 Normarmim
3375 5057 3433 5102 et
3467 5048 3753 5103 Prouincia

2557 5114 2840 5168 comitibus
2876 5113 3118 5169 Murram
3148 5116 3369 5172 obsidet.

2231 5201 2531 5275 Postquam
2564 5205 2699 5261 urbs
2721 5214 2900 5276 capta,
2931 5207 3169 5263 victores
3197 5209 3366 5278 gazis,
3395 5209 3586 5266 victos
3611 5211 3754 5267 credi—

2158 5293 2266 5352 bus
2293 5295 2546 5362 donatos,
2571 5295 2708 5352 alios
2733 5298 2802 5352 ab
2824 5297 3018 5354 humili
3060 5299 3130 5354 ad
3169 5299 3350 5355 sidera
3378 5303 3605 5372 extulit,
3641 5303 3755 5358 alios

2163 5386 2268 5443 sub
2297 5393 2501 5442 tartara
2535 5401 2568 5441 a
2596 5387 2732 5443 luxu
2764 5396 2821 5444 et
2846 5391 3070 5461 crapula
3101 5391 3402 5448 submersit
3437 5412 3453 5449 :
3488 5394 3754 5450 Boamun-

2162 5478 2268 5534 dus
2308 5477 2614 5536 Antiochia:
2643 5480 3011 5552 principatum
3051 5483 3302 5554 adeptus,
3347 5486 3419 5541 ad
3450 5489 3754 5558 praesidium

2161 5581 2382 5641 manet;
2420 5573 2737 5630 Tancredus
2768 5575 3140 5633 intermissum
3169 5577 3275 5633 viae
3301 5579 3562 5638 laborem
3596 5583 3757 5638 redin—

2163 5673 2370 5736 tegrat;
2408 5666 2670 5735 algorem,
2706 5675 2922 5735 aestum,
2962 5667 3224 5736 inediam,
3255 5670 3429 5740 sitim,
3465 5675 3753 5737 montibus,
3836 5721 3838 5724 .

2165 5756 2417 5826 vallibus,
2437 5756 2604 5829 agris,
2623 5758 2959 5830 municipiis,
2983 5758 3204 5832 praefert
3219 5779 3235 5817 :
3252 5759 3324 5816 ad
3336 5778 3588 5835 quorum
3607 5781 3757 5822 amm-
3836 5809 3838 5814 .
