3808 6306
45 316 118 372 553
1255 301 1484 361 GESTA
1523 299 1912 364 TANCREDI:

3127 311 3241 370 55'!

45 431 212 487 nitatém
234 421 413 492 Tempe
430 417 684 475 Thessaa
714 415 1062 482 sordescunt,
1095 415 1284 472 Emma
1313 416 1534 474 Helico-
1561 425 1609 486 Α
1638 419 1777 476 nihil
1797 426 2088 475 cunctatus
2101 410 2449 476 Antiochiam
2473 420 2640 488 venit,
2659 420 2827 478 castri
2843 421 3120 482 tutoribus
3139 425 3246 481 hu-

45 536 129 575 nem
149 531 302 583 suum.
325 512 521 568 Harenc
539 511 731 576 vireta,
763 509 1001 564 Barisan
1032 509 1194 577 vites,
1223 509 1426 565 Hersen
1453 527 1542 568 se—
1637 510 1732 582 jus
1759 511 1938 567 adhuc
1963 511 2254 568 discordiae
2287 512 2524 584 ignaris;
2553 513 2733 568 obiter
2771 523 2956 582 autem
2988 530 3126 574 suo.
3152 517 3246 573 in-

45 621 146 682 getes
163 605 400 664 contemni
419 605 598 660 dolent
619 621 634 657 :
661 609 860 674 praeter
875 601 992 657 haec
1012 609 1220 668 autem,
1237 610 1292 658 et
1303 602 1542 658 aliorum

46 702 291 774 appiaorum
313 711 561 752 numerus
583 695 774 767 ingens
803 694 1020 766 singula
1042 695 1160 751 suis
1181 695 1378 765 opibus
1403 695 1540 750 alie-

45 811 107 850 ias
133 791 356 864 praferri.
383 789 450 844 At
494 787 846 844 Marchisides
880 788 1017 843 alter
1041 786 1223 843 Julius
1251 788 1328 842 nil
1357 795 1540 843 actum

46 886 223 951 :redens,
266 883 382 937 dum
423 881 554 952 quid
603 891 917 952 superesset
961 881 1264 953 agendum,
1315 897 1542 946 causam

49 977 192 1033 tineris
223 973 499 1030 Jerusalem
530 989 651 1030 esse
686 982 1105 1042 commemorat,
1131 983 1188 1030 et
1223 990 1319 1046 per
1349 974 1544 1031 Antio-

46 1073 162 1126 :hiam
203 1069 352 1125 fuisse
392 1068 866 1141 peregrinandum,
901 1083 1012 1124 non
1061 1084 1159 1140 per
1190 1068 1542 1126 Antiochiam

46 1162 374 1234 ieregrinatum.
400 1160 566 1235 Igitur
587 1170 897 1232 querentes
919 1161 1121 1218 bellum
1148 1163 1378 1220 comites
1399 1162 1542 1220 Nora

46 1271 230 1309 pannum
256 1264 304 1310 et
333 1254 721 1312 Provincialem
767 1255 961 1323 sociat,
987 1271 1114 1312 cum
1143 1255 1351 1314 eisdem
1399 1255 1546 1314 Mar-

45 1363 101 1400 an
123 1348 342 1418 oppidum
369 1356 420 1403 et
441 1350 766 1419 populosum
789 1355 844 1405 et
871 1348 1008 1404 uber
1033 1349 1368 1422 aggreditur.
1396 1349 1545 1406 Prat-

46 1425 216 1494 riderant
241 1441 331 1496 sibi
360 1440 664 1498 Marrenses
694 1458 790 1498 seu
819 1450 976 1513 capta
1007 1442 1302 1499 Antiochia
1343 1443 1542 1513 territi,

46 1549 98 1587 tu
115 1532 216 1602 quia
235 1532 514 1603 plurimum
539 1532 770 1591 Francis
791 1535 844 1589 in
867 1534 1172 1591 obsidendo
1192 1535 1544 1604 obstiterant,

45 1641 97 1678 eu
113 1625 291 1680 volante
324 1625 461 1680 fama
504 1625 575 1681 ab
601 1624 958 1682 Antiochenis
979 1626 1381 1684 contribulibus
1402 1641 1547 1698 prata

1643 603 1812 659 struit
1835 603 2058 671 milites,
2085 601 2366 676 quomodo
2391 619 2556 662 enses
2582 605 2724 662 clam
2747 613 2987 675 teneant,
3025 613 3083 669 et
3099 624 3248 679 quo—

1643 694 1812 750 modo
1839 695 2171 766 deprimant.
2199 696 2330 753 lude
2355 699 2571 769 cappati
2603 708 2717 755 tam
2754 700 2873 771 ipse
2899 715 3067 770 quam
3107 701 3246 758 socii

1642 796 1828 843 castro
1839 789 2215 860 appropriant,
2231 791 2527 860 janitorem
2550 801 2771 860 vocant,
2788 793 2972 864 ianum
2994 808 3249 852 reserans

1643 890 1757 949 tur,
1779 883 2006 952 paciﬁce
2031 883 2402 940 admittuntur
2426 886 2522 956 qui
2557 901 2746 957 pacem
2775 887 3131 950 simulabant.
3155 886 3250 944 lno--

1644 974 1818 1044 gressi
1839 982 2022 1030 autem
2049 991 2195 1031 unus
2225 985 2352 1048 post
2371 977 2562 1045 alium,
2589 979 2680 1035 ubi
2709 980 2950 1050 primum
2980 994 3248 1039 numerus

1644 1079 1842 1138 pugnat
1869 1066 2087 1136 sullicit,
2119 1068 2286 1125 simul
2315 1071 2520 1140 cuncti,
2551 1071 2669 1128 bam
2699 1073 2878 1128 simul
2908 1082 3130 1140 cuncta,
3163 1073 3250 1130 la-

1644 1168 1847 1228 certos,
1881 1168 2116 1228 mentes,
2165 1162 2376 1233 gladios
2420 1164 2651 1232 nudant,
2699 1163 2998 1221 Raimundi
3044 1165 3248 1220 milites

1643 1261 1900 1309 extrusos
1948 1255 2020 1310 ad
2067 1254 2249 1325 ipsum
2295 1271 2406 1312 non
2444 1257 2562 1313 sine
2614 1257 2862 1329 colaphis
2898 1257 3186 1314 remittunt
3227 1273 3244 1313 ε

1645 1345 1796 1402 ultus
1824 1346 2010 1418 itaque
2036 1363 2146 1418 qua
2179 1349 2338 1404 licuit
2376 1349 2745 1406 Raimundum
2779 1351 3122 1422 Tancredus,
3142 1365 3248 1422 μοι·

1645 1439 1936 1497 tentiorem
1976 1441 2232 1509 astutior,
2278 1443 2496 1514 corpori
2541 1453 2706 1514 caput
2737 1445 3044 1502 abscissum
3081 1445 3247 1501 meti-

1647 1533 1771 1602 tuit,
1801 1533 1934 1588 dum
1965 1533 2144 1605 Trojat
2165 1550 2284 1590 sua:
2313 1533 2472 1589 llium
2511 1534 2833 1602 Boamundo
2859 1535 3040 1592 reddit
3067 1553 3081 1590 :
3107 1534 3250 1592 Boas

1645 1626 1888 1682 mundus
1903 1625 2051 1681 enim
2073 1627 2205 1683 dum
2228 1627 2410 1684 adhuc
2423 1642 2620 1699 expers
2635 1627 2940 1699 suspiceret
2953 1629 3214 1699 oppidum
3229 1665 3249 1698 .

45 1715 188 1768 nuniti.
222 1713 408 1770 Harum
430 1716 713 1787 quapiam,
744 1716 982 1773 fortasse
1017 1718 1276 1775 omnibus
1310 1734 1544 1790 praemo-
1577 1779 1620 1791 _
1648 1718 1786 1775 adeo
1810 1718 1928 1789 ipse
1959 1718 2065 1776 sibi
2103 1719 2330 1776 mutilus
2359 1720 2665 1787 videbatur,
2697 1727 2760 1775 ut
2802 1719 3248 1791 semiprincipem

45 1806 97 1859 niti
119 1807 288 1872 causis,
311 1816 416 1862 tota
452 1823 850 1880 usquequaque
883 1809 1085 1865 nudata
1107 1779 1330 1878 vicinia,
1355 1812 1543 1866 urbem
1577 1779 1622 1839 Β
1649 1827 1729 1878 se,
1759 1779 1868 1868 non
1899 1813 2203 1884 principem
2223 1813 2452 1881 diceret,
2475 1779 2958 1885 Raimundumque
2984 1779 3249 1884 collegam

46 1914 137 1952 nam
174 1899 523 1970 impleverant,
567 1901 867 1957 obsessuro
893 1902 1156 1957 exercitui
1190 1903 1326 1958 nihil
1374 1904 1544 1960 relin-

45 2001 213 2060 luentes.
259 1990 365 2048 Huc
405 1993 617 2049 accedit
656 1995 804 2064 quod
851 1995 1199 2052 suburbanos
1237 1997 1404 2052 etiam
1447 1999 1548 2053 ob-

46 2091 268 2139 .tmxerant
318 2094 529 2156 puteos,
581 2094 746 2158 atque
809 2085 994 2158 inopia
1054 2089 1294 2144 advenas
1358 2090 1546 2161 repelli

45 2190 141 2230 esse
159 2176 401 2232 arbitrati.
428 2177 497 2234 At
519 2177 865 2235 Christicolae
887 2180 982 2251 qui
1013 2179 1228 2236 sublata
1271 2197 1434 2237 cruce
1456 2198 1546 2238 se-

45 2268 224 2337 netipsos
263 2271 678 2343 abnegaverant,
704 2273 798 2344 qui
839 2282 1061 2346 propter
1103 2273 1277 2330 Deum
1313 2291 1548 2347 corpora

46 2375 96 2412 ua
117 2361 168 2414 ad
194 2362 436 2434 supplicia
469 2363 833 2433 tradiderant,
871 2365 1232 2425 nihilominus
1275 2369 1411 2425 urbe
1440 2369 1551 2425 cir-

46 2454 218 2508 :umdala
245 2456 596 2526 gratulantur,
631 2457 790 2528 quasi
822 2458 892 2513 ad
921 2459 1113 2530 epulas
1143 2460 1357 2516 invitati
1391 2479 1404 2516 :
1452 2459 1548 2517 alii

45 2547 240 2604 nachinas
278 2558 507 2617 struunt,
543 2550 654 2606 alii
687 2551 1028 2607 struentibus
1070 2552 1388 2608 ministrant
1429 2572 1443 2612 :
1489 2553 1548 2610 hi

45 2640 160 2694 undis
177 2641 463 2700 balearibus
492 2654 678 2699 turres
711 2644 988 2716 quatiunt,
1023 2645 1100 2700 illi
1129 2647 1312 2704 silices
1341 2647 1537 2704 instru-

45 2742 157 2786 acuta
177 2737 445 2804 quassandi
476 2731 723 2808 scapulis
745 2747 1031 2810 asportant
1053 2759 1067 2795 ;
1097 2738 1202 2798 hos
1220 2739 1405 2796 videas
1422 2755 1550 2796 cur-

48 2821 145 2878 itare
162 2827 307 2897 agiles
331 2829 393 2883 ad
421 2845 575 2900 spem
608 2830 835 2899 cereris,
863 2831 986 2888 illos
1012 2834 1222 2904 regredi
1250 2832 1354 2890 sub
1383 2847 1551 2890 onere

45 2929 236 2978 {ementes
262 2939 274 2975 :
301 2923 518 2994 quidam
551 2932 751 2996 puteos
779 2925 847 2982 ad
873 2926 1114 2998 priscum
1141 2944 1302 2984 usum
1326 2943 1552 3002 revoca-5

45 3019 134 3077 aut,
159 3013 354 3083 quidam
403 3016 458 3072 in
509 3015 727 3074 fabrica
783 3034 1054 3076 novorum
1094 3023 1493 3080 exercebantur
1530 3041 1548 3078 :

45 3104 211 3193 nonnulli
231 3106 290 3163 de
310 3111 604 3167 cataractis
633 3111 756 3168 coeli
785 3126 946 3183 opem
968 3123 1367 3184 exspectantes,
1391 3129 1550 3186 aquae
1576 3134 1621 3193 ο

46 3192 179 3248 εαειεδιί
216 3212 476 3255 carcerem
523 3201 918 3272 praeparabant
968 3220 981 3257 :
1027 3201 1274 3269 Quorum
1331 3205 1551 3260 intuens

45 3297 130 3354 νοω,
149 3290 189 3348 is
205 3292 286 3364 qui
316 3295 462 3351 solus
490 3295 745 3350 laborem
775 3303 829 3350 et
854 3295 1101 3352 dolorem
1129 3295 1428 3361 examinat,
1455 3293 1552 3366 qui

46 3395 346 3444 insumentes
371 3388 437 3444 de
466 3404 526 3444 se
559 3388 982 3459 nonrelinquit,
1013 3389 1183 3444 misso
1205 3388 1422 3444 coalitus
1449 3387 1555 3442 im~

45 3489 108 3540 ire,
129 3480 352 3537 omnibus
393 3481 622 3538 suti'ecit
653 3501 666 3536 :
701 3481 839 3538 adeo
879 3481 1028 3540 enim
1071 3482 1254 3555 gravis
1298 3481 1476 3538 imber
1498 3492 1556 3546 et

45 3565 123 3621 lber
143 3580 334 3629 secutus
361 3581 464 3641 est,
498 3581 562 3628 ut
597 3581 656 3628 et
697 3573 794 3644 qui
839 3573 1054 3644 pluvias
1083 3581 1209 3628 ante
1234 3572 1552 3643 postulave-

46 3667 130 3727 aut,
166 3674 270 3734 post
308 3667 748 3740 depostularent,
789 3675 845 3723 et
885 3667 1104 3724 lacuum
1150 3665 1373 3738 opiﬁces
1406 3663 1554 3722 cassi

45 3755 159 3820 peris
178 3761 462 3827 pmniteret.

77 3841 240 3901 XCVII.
267 3880 332 3889 —-
362 3849 557 3906 Fames
588 3849 862 3906 horribilis
885 3851 938 3905 in
969 3851 1159 3906 castris
1193 3849 1452 3921 ﬁdelium.

77 3932 348 3995 lnuudantia
378 3943 494 3999 hate
525 3941 698 3997 nimia
722 3943 931 4012 peperit
961 3941 1183 4010 famem,
1206 3949 1555 4012 putrescente

45 4042 66 4079 n
81 4031 238 4088 castris
257 4033 412 4089 allata
434 4051 648 4103 cerere,
673 4037 879 4090 nullam
909 4036 978 4090 de
996 4034 1134 4090 foris
1163 4051 1440 4107 quoquam
1467 4032 1552 4088 af-

45 4132 196 4190 erente,
223 4127 588 4196 protelabatur
617 4128 864 4184 victoria.
896 4126 1062 4183 Panis
1101 4126 1353 4196 fluxerat,
1382 4125 1554 4184 fames

46 4213 340 4274 nvaleseebat.
370 4218 547 4276 Pudet
569 4217 776 4275 referre
797 4219 946 4290 quod
981 4219 1270 4287 audierim,
1298 4218 1556 4290 quodque

45 4299 246 4365 lidicerim
268 4312 331 4367 ab
356 4313 490 4384 ipsis
524 4312 753 4384 pudoris
791 4312 1132 4368 auctoribus.
1173 4310 1373 4366 Audivi
1397 4325 1556 4366 nam-

45 4410 102 4464 [ue
123 4403 200 4469 qui
228 4403 450 4460 dicerint
469 4405 582 4461 cibi
610 4421 669 4460 se
696 4414 920 4460 coactos
950 4403 1156 4476 inopia,
1200 4404 1269 4460 ad
1301 4403 1556 4469 humanae

1647 1921 1810 1961 suum
1837 1906 1892 1961 in
1919 1905 2229 1977 principatu
2271 1906 2580 1962 Antiochia:
2619 1907 2965 1973 nominaret:
3013 1904 3142 1962 Haec
3166 1906 3254 1960 ius

1649 2011 1922 2064 somnem,
1950 1998 2066 2052 haec
2087 1997 2144 2050 in
2168 1995 2400 2052 somniis
2420 1997 2721 2068 principem
2747 1997 3000 2052 molestia
3023 2005 3252 2067 torque-

1649 2087 1762 2142 bat.
1795 2085 1999 2142 Verum
2025 2087 2120 2141 ubi
2141 2087 2328 2142 odium
2359 2096 2524 2159 atque
2544 2087 2765 2143 dilectio
2785 2087 3116 2143 altrinsecus
3137 2086 3254 2143 col.

1649 2179 1884 2234 lidentes
1939 2179 2154 2245 mutilo,
2189 2187 2252 2234 ut
2274 2179 2482 2236 dictum
2538 2188 2641 2246 est,
2696 2178 3026 2250 principatui
3077 2194 3252 2235 cornu

1649 2272 2024 2338 reddiderunt,
2065 2280 2198 2326 tunc
2241 2272 2516 2328 elevatum
2557 2279 2644 2328 est
2681 2271 2879 2327 solium
2922 2267 3251 2337 Boamundi,

1644 2363 1876 2434 jamque,
1895 2362 2009 2433 ipse
2035 2361 2411 2432 experrectior
2435 2377 2563 2418 cum
2589 2377 2789 2433 magna
2816 2376 2983 2416 manu
3013 2358 3256 2416 Tancreo

1650 2456 1780 2512 dum
1809 2457 1985 2510 sociat
2015 2454 2249 2510 Marram
2282 2462 2670 2511 revertentem.
2702 2453 2891 2510 lnfesti
2919 2454 3085 2510 ambo
3111 2453 3253 2509 Pro-

1649 2548 1967 2603 vincialium
1995 2547 2205 2616 comiti,
2247 2548 2537 2620 magniﬁce
2567 2561 2667 2604 sua
2717 2547 2983 2604 adversus
3007 2545 3254 2604 hostium

1649 2656 1805 2696 arma
1830 2641 2169 2696 munierunt.

2041 2729 2228 2790 XCIX.
2249 2761 2319 2775 -—
2342 2732 2644 2790 Discordia:
2677 2736 2846 2806 origo.
2957 2799 2960 2802 ,

1721 2828 1804 2882 Ad
1840 2826 2006 2898 hujus
2037 2826 2146 2881 odii
2173 2825 2382 2881 fontem
2413 2841 2698 2882 recurrere
2727 2827 2880 2893 libet,
2913 2839 3026 2898 quo
3065 2812 3264 2882 minus.

1650 2918 1936 2976 mstuantis
1961 2918 2224 2988 impetum
2246 2916 2436 2972 ﬁuenti
2459 2917 2772 2972 derivantes
2795 2916 3082 2972 miremur.
3111 2915 3256 2972 Dum

1651 3012 1833 3069 adhuc
1863 3011 2154 3067 Antiochia
2189 3008 2378 3065 Galliae
2421 3009 2762 3080 principibus
2793 3009 2996 3066 clausa
3029 3009 3256 3066 resiste-

1651 3115 1755 3171 ret,
1785 3103 2090 3160 Boamundi
2132 3110 2298 3176 atque
2325 3101 2620 3156 Raimundi
2648 3101 2935 3158 ministros
2956 3100 3136 3158 media
3167 3101 3259 3156 in-

1654 3200 1912 3256 tercurrit
1949 3199 2244 3256 discordia.
2291 3196 2708 3254 Frumentatum
2755 3196 3047 3268 utrobique
3073 3195 3256 3266 missi,

1653 3308 1932 3348 annonam
1976 3291 2140 3348 simul
2176 3292 2463 3346 inveniunt
2501 3300 2556 3346 et
2583 3306 2856 3362 pugnam;
2908 3285 3062 3348 ferro
3097 3303 3256 3349 ceres

1653 3385 1935 3452 dividitur,
1980 3385 2230 3441 sauciant
2271 3392 2531 3456 tanquam
2581 3383 2788 3439 territae
2829 3383 3006 3439 ambae
3043 3391 3253 3454 partes,

1653 3477 1831 3534 saucii
1869 3472 2107 3550 populus
2151 3485 2382 3548 uterque
2426 3477 2656 3532 domum
2697 3481 3070 3532 revertuntur.
3119 3475 3254 3531 Viso

1653 3570 1942 3626 famularis
1965 3571 2140 3627 turbae
2163 3571 2432 3642 sanguine
2458 3569 2736 3640 principes
2765 3570 3096 3625 turbantur:
3124 3577 3180 3626 et
3205 3570 3255 3626 si

1653 3664 1875 3736 quando
1905 3663 2102 3720 similis
2128 3661 2431 3720 occurrerit
2469 3677 2655 3728 casus,
2687 3663 3004 3718 sauciorum
3037 3662 3256 3719 animos

1653 3755 1723 3812 ad
1769 3756 2029 3812 talionem
2061 3754 2368 3812 accendunt
2409 3774 2422 3810 :
2469 3755 2524 3809 in
2555 3753 2757 3810 castris
2799 3753 3092 3824 tegendum
3135 3751 3258 3810 [ore

1653 3845 1836 3919 ignem
1883 3846 2228 3918 praecipiunt,
2277 3854 2436 3900 extra
2501 3845 2720 3902 turbine
2768 3845 2960 3916 rapido
2999 3845 3256 3903 ﬂammas

1653 3939 2020 3996 suscitandas.
2055 3937 2280 3994 Iussum
2313 3939 2419 3994 hoc
2455 3954 2617 3994 aures
2651 3940 2855 4010 patulae
2891 3939 3130 3997 libenter
3152 3941 3255 3998 ad-

1653 4033 1898 4099 mittunt,
1927 4047 2068 4103 quas
2097 4031 2313 4088 dilﬁcile
2350 4041 2470 4088 erat
2495 4049 2752 4090 revocare
2777 4035 3108 4106 prohibitas.
3149 4033 3258 4092 Ubi

1651 4137 1786 4198 ergo
1814 4125 2010 4180 exinde
2036 4124 2216 4196 major
2253 4125 2480 4182 alterius
2504 4125 2680 4198 partis
2702 4128 2860 4182 turba
2886 4127 3086 4185 minori
3115 4128 3258 4185 alte-

1653 4218 1772 4274 rius
1793 4225 2007 4274 onustaa
2029 4218 2307 4275 obviasset
2323 4263 2338 4289 ,
2363 4219 2626 4291 depositis
2663 4219 2810 4277 illico
2837 4223 3102 4280 oneribus
3140 4224 3258 4281 vico

1653 4311 1906 4377 tualium,
1937 4312 2310 4367 onerabantur
2335 4313 2473 4368 colla
2499 4313 2754 4383 proceliis
2789 4314 3104 4384 alaparum;
3144 4316 3259 4372 sic-

1655 4419 1762 4476 quc
1785 4405 1986 4462 editior
2021 4405 2255 4473 viribus,
2293 4404 2484 4475 spoiiis
2515 4405 2787 4478 gaudebat
2819 4425 2833 4460 :
2867 4407 3042 4477 impar
3069 4416 3256 4464 autem

46 4491 161 4548 aruis
185 4495 408 4554 edulium
455 4498 746 4566 transisse,
775 4497 992 4554 adultos
1023 4497 1306 4570 gentilium
1351 4496 1556 4554 cacabo
1583 4511 1632 4573 υ
1659 4501 1782 4555 aliis
1813 4515 1922 4556 non
1953 4500 2056 4556 sibi
2091 4499 2394 4555 desudasse
2429 4499 2650 4568 lugebat
2688 4499 2955 4569 spoliatus
2989 4519 3003 4556 :
3044 4501 3140 4572 qui
3181 4501 3257 4558 al-

45 4589 311 4657 mmersisse,
360 4608 564 4664 pueros
615 4591 861 4648 inﬁxisse
907 4593 1177 4660 verubus,
1225 4600 1282 4648 et
1328 4607 1554 4648 vorasse

48 4673 196 4734 dustos
223 4699 236 4735 :
263 4685 500 4740 vorando
527 4684 772 4740 aemulati
801 4692 932 4741 sunt
961 4683 1130 4752 feras,
1164 4685 1422 4740 torrendo
1452 4685 1555 4740 lio-

45 4766 174 4838 niues,
194 4774 278 4829 sed
299 4775 545 4832 caninos.
571 4773 729 4832 Hunc
757 4776 936 4847 ipsum
963 4776 1125 4831 ﬁnem
1151 4775 1409 4831 membris
1433 4790 1557 4846 pro-

45 4857 123 4913 *riis
153 4863 500 4935 minabantur,
549 4882 678 4922 cum
719 4867 897 4924 aliena
927 4867 1264 4923 deﬁcerent:
1313 4866 1420 4922 nisi
1459 4873 1556 4922 aut

46 4961 153 5019 apta:
174 4957 327 5026 urbis,
357 4967 452 5015 aut
479 4959 687 5017 cereris
715 4961 937 5016 advena:
966 4959 1286 5016 intercessio
1316 4960 1556 5016 esuriem

46 5055 213 5102 auisset.

45 5128 572 5196 lCVlll.—-Discordia
598 5142 734 5196 inter
757 5139 1087 5197 Tancredum
1101 5151 1152 5196 et
1167 5139 1550 5206 Raimundum.

79 5223 178 5284 litec
215 5231 335 5288 dum
375 5234 450 5289 ita
497 5243 782 5307 geruntur,
834 5231 1105 5291 Tancredi
1150 5235 1554 5308 Raimundique

46 5315 253 5378 niuistros
272 5325 732 5400 discordiaagitat
759 5346 773 5382 :
803 5342 1040 5399 moxque
1069 5344 1102 5384 a
1131 5328 1398 5386 ministris
1423 5345 1550 5385 sur-

45 5406 85 5471 ῐίι
105 5412 158 5465 ad
181 5414 436 5474 dominos.
473 5419 592 5485 Vix,
632 5420 733 5475 ab!
775 5420 868 5475 vix
907 5421 1209 5492 compescit
1236 5417 1552 5477 Tancredus

45 5501 195 5559 mimos
227 5509 353 5579 quin
393 5508 820 5568 Provincialium
857 5520 1040 5586 strage
1061 5513 1204 5568 iram
1246 5512 1432 5580 leniat,
1455 5513 1552 5570 sed

46 5597 220 5652 recurrit
267 5601 382 5656 viro
433 5603 602 5672 ratio,
649 5621 774 5676 qua:
818 5606 1142 5679 sanguinem
1197 5615 1346 5662 vetat
1397 5606 1554 5664 l‘undi

45 5679 380 5750 IIII-istiauum:
417 5697 611 5755 melius
636 5699 755 5770 ipsa
788 5699 856 5756 ad
891 5699 1166 5756 Wiscardi
1195 5707 1381 5756 monet
1407 5709 1554 5758 artes

45 5789 258 5841 Narrare
313 5803 408 5858 per
449 5805 588 5860 quas
625 5791 748 5848 orbi
793 5793 1071 5865 gloriosus
1119 5791 1375 5849 innotuit.
1410 5791 1556 5865 Ergo

291 5879 556 5942 Ρλτιιοι..
597 5883 773 5946 CLV.

1652 4593 1849 4647 terutri
1889 4592 2090 4662 lingua:
2126 4591 2488 4659 consonabat,
2526 4593 2692 4647 modo
2731 4608 2856 4648 cum
2905 4609 2968 4649 ea
3000 4595 3258 4652 verbera-

1652 4684 1767 4752 bat,
1793 4685 2066 4740 interdum
2094 4699 2195 4755 pro
2217 4700 2283 4741 ea
2307 4685 2574 4741 innocens
2599 4684 3008 4740 verberabatur.
3039 4685 3258 4741 Narbo-

1655 4792 1873 4844 nenses,
1903 4775 2154 4844 Arverni,
2178 4777 2498 4847 Wascones,
2521 4785 2575 4834 et
2599 4776 2706 4832 hoc
2728 4791 2900 4848 genus
2923 4791 3088 4834 omne
3115 4776 3259 4833 Pro--

1654 4870 1982 4927 vincialibus
2011 4888 2025 4925 :
2057 4869 2249 4941 Apulis
2293 4887 2425 4927 vero
2459 4871 2671 4942 reliqua
2710 4870 2908 4937 Gallia,
2951 4871 3259 4941 praesertim

1656 4961 1961 5019 Nor-manui
2003 4963 2410 5033 conspirabant.
2458 4961 2730 5030 Britones,
2777 4961 3007 5028 Suevos,
3041 4959 3256 5032 Hunos,

1662 5053 1908 5112 Rutenos
1936 5065 1992 5112 et
2026 5054 2342 5126 hujusmodi
2369 5054 2570 5125 linguae
2597 5069 2712 5110 suae
2748 5055 3030 5112 barbaries
3067 5056 3256 5114 audita

1657 5148 1933 5217 tuebatur,
1955 5154 2012 5204 et
2042 5148 2153 5204 hoc
2177 5145 2400 5218 quidem
2424 5153 2578 5201 extra
2599 5161 2812 5206 muros.

1869 5240 1934 5296 (Σ.
1950 5269 2022 5281 --
2049 5240 2418 5299 Commentum
2442 5240 2508 5295 de
2539 5238 2727 5295 lancea
2756 5239 2991 5304 Domini.

1729 5328 1790 5386 ln
1817 5330 1955 5387 urbe
1991 5346 2212 5403 quoque
2236 5347 2348 5386 non
2380 5329 2590 5386 eiliuxit
2618 5330 2836 5401 seditio,
2865 5334 2962 5390 sed
2997 5333 3207 5391 adluxit
3231 5354 3252 5393 ε

1655 5438 1783 5479 cum
1829 5425 1979 5480 enim
2011 5425 2069 5481 in
2120 5425 2431 5496 supradicta
2463 5422 2628 5480 afame
2669 5427 2904 5497 populus
2937 5428 3258 5486 turbaretur

1654 5515 1936 5584 obsessus,
1964 5517 2205 5573 surrexit
2223 5518 2290 5574 de
2312 5528 2472 5587 gente
2499 5517 2797 5575 Raimundi
2815 5528 3072 5577 versutus
3095 5534 3254 5576 men-

1653 5607 1907 5680 daciique
1934 5619 2275 5670 commentor
2307 5611 2522 5682 Petrus,
2545 5613 2640 5688 qui
2663 5613 2894 5673 salutem
2937 5611 3125 5687 populi
3164 5629 3254 5668 re-

1655 5700 1888 5756 velatam
1917 5701 2024 5758 sibi
2067 5702 2389 5773 praedicaret
2410 5704 2518 5764 hoc
2545 5707 2711 5765 modo
2746 5726 2759 5763 :
2803 5727 2824 5759 α
2851 5705 3140 5778 Apparuit,
3166 5704 3254 5759 in-

1657 5793 1796 5864 quit,
1820 5793 1954 5849 mihi
1983 5795 2301 5870 semiSOpito
2327 5800 2521 5883 beatus
2555 5803 2801 5859 Andreas
2829 5783 3130 5872 apostolus.
3165 5804 3250 5851 at-

2847 5895 2923 5955 18
