3808 6306
591 266 712 353 sss

1184 298 1286 348 Ai)"
1313 291 1764 352 GODEFRIDUM
1801 291 2095 350 APPEND.
2134 291 2199 349 II.
2241 324 2312 334 —
2346 294 2619 355 MONUM.
2659 297 2749 352 DE
2783 297 3010 356 BELLO
3049 299 3268 358 SACKO

3657 314 3717 370 556

595 425 706 482 quc
735 386 847 466 [hoc
871 409 1100 464 auribus
1119 408 1260 465 meis
1279 417 1608 480 praeceptum
1652 408 1847 465 indixit
1877 427 1890 464 :
1921 408 2111 480 Surge,
2142 416 2194 464 et
2225 415 2274 478 Α
2306 410 2414 467 lata
2450 412 2660 479 lancea,
2685 412 2773 467 his
2827 413 3070 484 implevit
3099 433 3111 468 :
3142 433 3161 466 ε
3180 412 3330 480 Ecce,
3349 417 3716 488 eccequolcalnn

595 503 862 558 annuntio
885 501 1080 574 populo
1107 502 1375 556 laboranti
1408 500 1822 557 consolationem
1849 501 2053 556 calitus
2083 500 2198 556 ela-

592 611 770 665 psam,
800 610 962 666 quam
983 594 1166 649 lateris
1188 591 1456 647 Dominici
1479 593 1808 662 perforatria:
1847 591 2034 646 lancea
2071 608 2210 666 «ποια--¹

591 687 725 754 feret
750 687 960 742 inuenta
984 702 1002 741 :
1022 703 1084 742 ea
1105 688 1247 740 intra
1277 685 1557 740 basilicam
1586 685 1726 740 beati
1755 683 1908 739 Petri
1927 684 2024 739 sub
2052 692 2196 740 terra

591 783 724 837 latet
755 797 774 837 :
802 781 937 836 tuin
963 780 1062 836 tali
1091 779 1206 834 loco
1236 779 1312 850 (et
1335 778 1519 834 locum
1553 777 1884 851 designavit)
1917 778 2192 848 pauimen-

589 881 709 928 tum
734 873 894 942 solve,
919 873 994 928 ibi
1027 872 1276 944 fodiendo
1309 871 1686 927 annuntiatum
1711 871 1941 925 inuenies
1966 869 2188 941 ferrum.

593 962 700 1018 Ubi
733 979 856 1035 ergo
897 978 1168 1034 armorum
1211 963 1400 1018 horror
1434 962 1728 1034 ingruerit,
1761 959 1902 1015 illud
1946 959 2192 1032 opponite

591 1057 860 1121 hostibus;
885 1057 942 1110 in
969 1072 1029 1110 eo
1066 1055 1303 1110 vincetis.
1353 1054 1720 1126 Experrectus
1748 1053 2006 1108 delusum
2035 1067 2124 1108 me
2156 1065 2192 1106 a

587 1163 787 1206 somno
807 1147 1136 1214 arbitrabar,
1168 1163 1270 1203 nec
1295 1147 1479 1219 palam
1517 1145 1624 1202 feci
1652 1147 1710 1230 in
1745 1154 2073 1217 perpetuum
2100 1153 2188 1199 ta-

587 1235 838 1304 citurus,
871 1235 980 1292 nisi
1009 1236 1257 1292 secundo
1293 1243 1349 1290 et
1391 1234 1551 1290 tertio
1582 1248 2004 1291 commonerer:
2037 1243 2189 1294 tenea-

583 1327 680 1384 bat
730 1342 819 1384 me
869 1343 1066 1384 rursus
1109 1326 1362 1383 secundae
1403 1325 1581 1381 noctis
1609 1325 1786 1396 quies,
1819 1338 1946 1380 cum
1989 1338 2188 1379 rursus

579 1420 730 1479 idem
759 1420 1042 1493 apostolus
1065 1419 1226 1486 redit,
1267 1419 1448 1489 ipsum
1479 1419 1621 1474 idem
1647 1418 1794 1489 quod
1835 1417 1990 1489 prius
2031 1417 2184 1488 ἱηεθτ

579 1513 826 1581 minans,
849 1513 946 1570 sed
974 1511 1280 1583 increpanti
1293 1511 1489 1568 similis
1506 1521 1562 1567 et
1577 1511 1736 1566 irato.
1763 1510 1965 1578 Quare,
1984 1510 2183 1582 inquit,

583 1615 880 1678 contempto
916 1621 999 1660 me
1026 1605 1150 1660 siles
1169 1606 1196 1659 ?
1238 1605 1623 1676 multorumque
1643 1603 1870 1658 salutem
1901 1619 2054 1658 unus
2072 1619 2184 1658 mo-

583 1698 770 1752 raris?
816 1696 1083 1754 Clamavit
1111 1696 1181 1770 ad_
1215 1695 1500 1750 Dominum
1531 1695 1778 1766 populus,
1818 1704 1867 1749 et
1895 1695 2182 1750 exauditus

583 1799 686 1857 est,
711 1798 763 1844 et
801 1789 974 1844 adhuc
1007 1805 1128 1844 eum
1169 1798 1260 1842 tua
1301 1789 1617 1860 negligentia
1655 1789 1787 1859 facit
1816 1789 1971 1860 quasi
2007 1787 2186 1859 negle-_
2210 1801 2256 1862 Β

583 1891 728 1936 ctum
752 1898 770 1936 :
804 1882 998 1952 festina
1019 1883 1188 1954 igitur
1216 1881 1528 1949 quantocius
1558 1881 1654 1935 hoc
1682 1883 1966 1952 corrigere,
1988 1890 2045 1934 ut
2068 1895 2184 1950 pos-

583 1977 662 2032 sis
700 1976 886 2031 vivere.
925 1973 1022 2031 His
1060 1973 1400 2044 perterritus,
1442 1973 1534 2028 ubi
1576 1986 1832 2029 somnum
1867 1973 2038 2040 evasi,
2065 1972 2180 2042 jam

583 2069 750 2126 simul
781 2069 981 2124 certior
1001 2066 1179 2124 factus
1209 2082 1330 2123 sum
1355 2074 1410 2122 et
1431 2065 1759 2122 sollicitior:
1789 2065 1968 2121 adhuc
1999 2073 2180 2122 tamen

582 2160 868 2232 ambigens
893 2160 1108 2234 clamne
1140 2157 1400 2224 facerem,
1446 2173 1514 2212 an
1545 2157 1726 2228 palam
1761 2176 1774 2212 :
1823 2157 1880 2212 in
1909 2157 2012 2214 hac
2047 2171 2180 2214 cura

578 2263 756 2312 totum
799 2246 1040 2324 tra'nsegi
1078 2253 1258 2318 diem,
1298 2261 1353 2308 et
1395 2251 1600 2307 bisseni
1653 2251 1830 2306 noctis
1860 2250 2097 2306 orationi
2126 2257 2182 2305 et

572 2346 788 2419 jejunio
813 2360 1040 2414 vacans,
1069 2345 1463 2416 postulatusque
1508 2359 1539 2398 a
1587 2343 1698 2398 Deo
1727 2343 1902 2399 vicem
1938 2343 2178 2412 tertiam,

577 2440 627 2495 si
656 2441 778 2496 duae
805 2439 877 2494 ab
901 2439 1094 2496 eodem
1146 2437 1396 2494 fuissent.
1431 2436 1520 2492 Bis
1569 2437 1966 2492 acclamaverat
2015 2452 2179 2492 auro-

575 2547 696 2588 ram
721 2532 917 2604 gallus,
939 2547 1065 2586 cum
1098 2531 1188 2585 vix
1223 2531 1442 2585 tandem
1479 2529 1583 2584 sub
1617 2537 1780 2585 cantu
1811 2528 1972 2583 tertio
2002 2526 2178 2584 fessos

577 2633 734 2680 artus
761 2638 926 2694 sopor
955 2623 1142 2694 alligat
1180 2641 1195 2677 :
1228 2637 1328 2677 nec
1359 2637 1532 2686 mora,
1575 2621 1670 2691 qui
1710 2621 1910 2692 primo,
1947 2619 2043 2690 qui
2083 2635 2174 2675 se-

577 2715 761 2771 cundo
791 2724 1034 2782 venerat,
1077 2714 1224 2770 illico
1262 2715 1449 2770 tertiat
1480 2713 1675 2781 vicem,
1719 2728 1935 2783 semper
1961 2711 2176 2768 terribi-

575 2805 703 2872 lior,
730 2820 948 2876 semper
966 2804 1331 2876 imperiosior,
1350 2801 1542 2874 Surge,
1567 2819 1683 2874 age,
1707 2803 1903 2873 inquit,
1927 2803 2174 2874 ignavum

577 2912 760 2966 pecus,
785 2896 934 2951 canis
963 2905 1126 2964 mute,
1155 2913 1304 2952 mora
1329 2896 1547 2963 salutis,
1585 2897 1854 2950 cunctatio
1895 2896 2173 2966 triumphi,

575 2987 833 3041 damnum
857 2987 1074 3054 ciuium,
1094 2986 1325 3041 hostium
1364 2986 1637 3050 solamen;
1662 2987 1850 3041 timore
1871 2987 1985 3041 illic
2007 2987 2173 3056 trepi—

574 3080 741 3147 dusti,
770 3079 860 3135 ubi
879 3096 982 3135 non
1013 3081 1116 3150 fuit
1143 3081 1303 3136 timor
1328 3096 1345 3135 :
1377 3081 1466 3135 ubi
1482 3089 1585 3146 est,
1611 3079 1727 3134 illic
1751 3095 1853 3134 non
1875 3081 2047 3136 times.
2071 3080 2174 3138 Re-

576 3173 800 3242 stabant
827 3173 1009 3229 adbuc
1037 3173 1203 3228 mina:
1224 3181 1279 3228 et
1297 3173 1504 3245 iurgia,
1543 3187 1670 3229 cum
1704 3188 1816 3243 pra:
1848 3172 2044 3229 timore
2071 3189 2170 3230 ex-

574 3262 802 3322 territus
830 3263 1058 3333 spiritus
1093 3263 1258 3318 minis
1298 3263 1568 3319 subtraxit
1594 3279 1654 3320 se
1679 3273 1732 3320 et
1753 3265 1957 3336 sopori.
1995 3263 2174 3321 Sudor

572 3353 778 3426 pariter
802 3362 1116 3426 tremorque
1142 3354 1309 3410 simul
1327 3370 1530 3426 corpus
1567 3355 1893 3422 alternabat,
1922 3372 1987 3412 ac
2009 3357 2056 3412 si
2087 3357 2170 3414 la-

571 3457 664 3504 tus
687 3435 922 3514 alterum
949 3455 1180 3523 torreret
1213 3446 1376 3517 ignis,
1405 3447 1636 3502 alterum
1666 3447 1720 3502 in
1745 3448 1918 3520 glacie
1949 3456 2168 3521 ngeret.

569 3527 670 3598 His
695 3525 964 3614 gradibus
979 3541 1050 3598 ad
1073 3540 1378 3598 docendum
1402 3541 1525 3598 veni
1547 3541 1696 3613 quod
1715 3543 1880 3599 didici
1913 3563 1926 3598 :
1950 3559 2047 3600 vos
2071 3559 2171 3600 au-

567 3643 704 3701 tem,
734 3642 917 3706 patres
943 3649 1010 3690 ac
1053 3632 1272 3700 fratres,
1317 3621 1385 3689 ne
1415 3633 1642 3689 tardetis
1671 3633 1750 3688 rei
1800 3634 2166 3692 sinceritatem

567 3725 846 3798 experiri:
878 3735 1130 3797 superest
1159 3725 1294 3782 mibi
1323 3725 1502 3782 locum
1525 3725 1836 3798 designare,
1862 3727 2168 3796 vobis'suf:

567 3817 776 3876 fodere.
813 3837 832 3871 ι
865 3817 970 3885 Qui
999 3834 1192 3874 rumor
1217 3818 1310 3875 ubi
1340 3817 1632 3874 Baimundi
1665 3819 1893 3876 auribus
1917 3829 2019 3876 'est
2043 3820 2166 3883 illa-

568 3925 728 3981 psus,
752 3909 939 3966 statim
969 3911 1233 3967 concione
1259 3911 1468 3981 habita,
1493 3911 1686 3970 Petrus
1715 3915 1782 3970 ad
1803 3913 1949 3970 Petri
1978 3913 2167 3970 basili-

566 4016 692 4057 cam
715 4009 962 4072 vocatur,
987 4002 1169 4059 locum
1192 4010 1442 4076 rogatus,
1466 4005 1611 4061 sicut
1636 4007 1866 4062 tinxerat
1889 4006 2062 4077 prius,
2085 4005 2167 4061 al-

565 4103 688 4150 tare
731 4093 1022 4166 significat,
1055 4093 1240 4151 fodere
1287 4105 1506 4164 monet;
1543 4105 1711 4168 utque
1756 4098 1972 4169 pondus
1997 4097 2165 4154 verba

565 4185 827 4254 habeant,
858 4184 1071 4242 vultum
1096 4185 1262 4241 etiam
1293 4186 1465 4257 ﬁngit.
1488 4185 1714 4264 Foditur
1735 4201 1886 4260 ergo,
1911 4205 2014 4246 nec
2036 4203 2165 4260 pro:

567 4278 770 4350 ficitur,
801 4277 1034 4334 suﬂ‘ossa
1055 4279 1258 4334 humus
1281 4280 1470 4350 nequit
1490 4281 1714 4336 reddere
1733 4282 1876 4352 quod
1898 4297 1999 4337 nec
2018 4297 2166 4337 com-

565 4371 801 4438 missum
831 4369 1029 4437 fuerat,
1061 4387 1164 4427 nec
1205 4380 1510 4442 acceptum.
1545 4371 1788 4429 Habebat
1813 4383 1996 4429 autem
2047 4373 2164 4445 ipse

562 4461 707 4558 clam
729 4461 872 4558 apud
904 4475 965 4517 se
991 4461 1235 4558 cuspidis
1265 4460 1513 4518 Arabicae
1535 4461 1762 4531 ferrum,
1785 4465 1852 4520 de
1887 4464 2050 4536 cujus
2070 4465 2159 4520 in-
2191 4501 2238 4558 Β

561 4554 821 4620 ventione
840 4552 1087 4622 fortuita,
1124 4556 1410 4612 materiam
1446 4555 1668 4612 fallendi
1711 4557 1814 4612 sibi
1845 4572 2161 4631 assumpse-

559 4655 650 4705 rat
681 4665 694 4703 :
720 4645 986 4721 Scabram
1015 4647 1219 4719 quippe
1264 4648 1518 4716 intuitus,
1554 4658 1816 4718 exassam,
1868 4665 2158 4718 annosam,

558 4741 696 4812 usui,
715 4749 907 4798 nostro
929 4741 1107 4798 forma
1128 4751 1182 4799 et
1201 4744 1505 4814 quantitate
1533 4744 1879 4813 dissimilem,
1904 4746 2160 4816 auspica-

558 4841 652 4908 tus
677 4843 764 4891 est
793 4835 941 4891 illico
969 4835 1099 4892 hinc
1119 4835 1281 4892 fidem
1303 4823 1462 4891 novis
1489 4837 1763 4908 figmentis
1787 4838 2154 4893 adhaesuram.

558 4907 765 5004 Hactus
785 4943 917 5000 ergo
939 4927 1163 4984 fallendi
1185 4937 1422 4998 tempus,
1453 4907 1634 5000 ligenc
1655 4938 1896 5000 arrepto,
1947 4927 2156 4996 fossam

559 5019 752 5087 insilit,
796 5035 1204 5092 conversusque
1234 5021 1304 5076 ad
1349 5021 1610 5092 angulum
1649 5040 1663 5076 :
1712 5041 1730 5072 ι
1781 5019 1901 5088 llic,
1951 5021 2152 5092 inquit,

557 5108 875 5168 fodiendum
907 5121 1012 5181 est,
1059 5113 1148 5170 hic
1186 5113 1320 5169 latet
1347 5114 1494 5184 quod
1521 5114 1840 5186 quaerimus,
1889 5114 2019 5186 hinc
2057 5130 2156 5188 ex:

559 5201 680 5258 ibit.
714 5223 734 5257 ι
769 5203 925 5286 Tunc
966 5207 1167 5278 saepius
1204 5207 1516 5278 saepiusque
1544 5207 1713 5264 ictum
1759 5207 2150 5282 multiplicans,

560 5295 858 5354 demissam
882 5295 1306 5355 fraudulenter'a
1332 5314 1393 5356 se
1414 5299 1660 5356 lanceam
1684 5297 1924 5358 fossorio
1949 5299 2108 5356 illidit
2133 5315 2146 5354 ε

560 5394 850 5458 cooperata
873 5396 960 5442 est
979 5387 1121 5445 dolis
1141 5389 1360 5458 umbra,
1384 5389 1592 5446 umbrae
1611 5391 1846 5462 populus
1867 5388 2148 5462 frequens,

558 5477 880 5551 frequentia:
903 5478 1008 5536 loci
1035 5481 1304 5553 angustia.
1352 5531 1356 5536 .

566 5630 580 5640 .
1307 5571 1391 5628 Cl.

581 5725 586 5728 ,
627 5665 898 5724 Caeterum
927 5663 1020 5720 ubi
1063 5663 1276 5744 ferrum
1319 5664 1467 5745 ferro
1507 5666 1712 5725 illisum
1757 5667 1959 5738 tinniit,
1983 5682 2148 5725 aures

557 5755 888 5835 simplicium
913 5761 1156 5813 arrectas
1184 5752 1326 5812 idem
1367 5753 1578 5812 fraudis
1611 5767 1974 5826 commentor,
2007 5759 2144 5828 sub-

2233 1681 2238 1685 .
2277 1577 2488 1689 gina;
2505 1577 2668 1688 ’ἀξιοε
2696 1577 2822 1688 is;
2850 1577 3033 1672 non
3065 1615 3368 1684 blanditiis,
3389 1577 3529 1670 modo
3557 1577 3720 1685 οιιεέιιίις

2199 3151 2241 3211 c
2276 3152 2370 3193 seu
2404 3135 2648 3206 Judams,
2676 3153 2777 3194 cur
2807 3139 2949 3219 intra
2978 3140 3225 3211 parietes
3269 3139 3520 3196 ecclesia?
3542 3153 3611 3192 cur
3632 3145 3715 3186 sum

2299 502 2574 572 promisit,
2597 503 2746 574 quod
2779 503 2940 558 tellus
2970 505 3332 571 conservavit,
3359 509 3581 575 apostolus
3598 515 3718 566 mrb-

2297 593 2396 662 vit,
2453 595 2632 650 oratio
2691 594 2879 666 populi
2927 595 3150 650 contriti
3188 595 3484 666 impetravit.
3521 617 3537 650 ι
3571 599 3718 659 tum

2298 684 2475 742 fatum
2516 685 2666 743 foras
2696 687 3015 756 extrahunt,
3050 687 3266 745 hvmnis
3303 691 3718 748 etcanticishncean

2295 789 2726 850 prosequuntur,
2750 781 3077 836 muneribus
3101 781 3326 849 donant,
3352 797 3470 837 auro
3495 783 3720 842 involutus

2295 873 2494 943 palliis.
2525 871 2653 929 llaec
2683 871 3034 928 Raimundus
3062 881 3118 929 ct
3154 872 3248 944 qui
3272 874 3318 928 ei
3365 872 3572 929 favebant
3591 881 3720 934 conca

2293 964 2461 1021 nabat
2497 983 2510 1020 :
2546 965 2641 1022 sed
2693 973 2750 1021 et
2800 965 3034 1020 aliarum
3084 966 3318 1037 partium
3359 966 3488 1021 rudis
3523 968 3720 1037 simplicius

2293 1057 2666 1115 oblationibus
2710 1058 3094 1126 deserviebat;
3163 1067 3286 1114 ante
3332 1059 3565 1116 victoriam
3595 1063 3720 1130 quia

2292 1151 2581 1218 instanter,
2633 1160 2760 1222 post
2809 1168 2960 1209 eam.
2989 1168 3120 1209 vero
3147 1153 3317 1208 multo
3350 1152 3604 1219 instantius,
3636 1158 3720 1225 qui

2291 1245 2522 1316 tropbaai
2547 1245 2720 1318 gloria
2751 1247 2992 1316 praelata:
3011 1245 3069 1300 in
3097 1245 3299 1301 bellum
3323 1245 3499 1302 lancea:
3526 1247 3633 1316 juxta
3650 1247 3720 1301 l‘n

2288 1340 2606 1396 vincialium
2638 1339 2934 1394 clamorem
2966 1337 3110 1394 foret
3137 1338 3492 1394 adscribenda.
3521 1337 3635 1409 lgiuu
3654 1338 3721 1392 ita
3752 1389 3753 1404 χ

2289 1433 2481 1489 mundi
2540 1431 2910 1504 ampliabatur
2963 1430 3173 1498 fiscus,
3221 1429 3540 1485 extollebatur
3583 1413 3753 1490 animi

2280 1523 2652 1581 insolescebat
2706 1523 3005 1581 exercitus.
3058 1521 3335 1578 Favebant
3368 1523 3413 1577 ei
3439 1523 3496 1578 de
3513 1522 3721 1592 primipilo

2283 1710 2392 1766 sibi
2415 1708 2696 1766 allcxerat.

2283 1841 2394 1899 CII.
2421 1872 2494 1881 —
2513 1841 2860 1898 Boamundus
2905 1841 3190 1914 fallaciam
3227 1842 3505 1913 suspicatur
3534 1842 3576 1895 is
3606 1843 3719 1894 lttlttt.

2292 1929 2298 1934 ’
2355 1940 2424 1996 At
2444 1939 2818 2008 Boamundus,
2845 1950 2904 1996 ut
2929 1941 3046 2012 ipse
3073 1955 3186 1996 non
3206 1938 3519 2012 imprudens,
3537 1937 3594 1993 ni
3611 1937 3719 1993 serite

2283 2021 2582 2100 scrutatur,
2615 2031 2870 2103 quisnam
2901 2031 3210 2088 somniatur
3239 2032 3328 2088 ille
3352 2040 3498 2098 esset,
3521 2031 3717 2102 quibus»

2281 2123 2472 2192 pulum
2517 2123 2842 2194 ambagibus
2877 2122 3225 2191 involvisset,
3254 2138 3409 2194 quem
3452 2121 3719 2178 fossoribqu

2281 2207 2407 2272 eum
2453 2215 2841 2287 significasset,
2884 2225 3058 2286 utque
3105 2215 3228 2286 ipse
3275 2215 3554 2280 insiluisset,
3579 2213 3720 2274 iniisse.

2282 2309 2584 2365 invenisset
2612 2327 2626 2364 :
2679 2307 2865 2364 statim
2898 2307 3177 2365 fallaciam
3208 2309 3542 2380 deprehendit,
3564 2307 3719 2361 inventio

2280 2392 2404 2457 nem
2439 2400 2671 2468 irritam,
2701 2400 3043 2456 inventorem
3075 2400 3404 2472 conjecturis
3426 2399 3720 2467 falsiﬁcatugr-

2280 2495 2371 2550 tis.
2426 2513 2445 2545 ι
2503 2493 2760 2560 Pulchre,
2824 2493 3024 2566 inquit,
3081 2504 3444 2552 commentum
3485 2503 3552 2550 est
3595 2492 3717 2547 beatum

2277 2584 2552 2640 Andream
2583 2585 2906 2656 apparuisse
2937 2585 3176 2654 homini,
3200 2601 3359 2658 quem
3395 2585 3532 2641 audio
3554 2595 3717 2652 carptus

2278 2675 2647 2749 frequentare,
2680 2677 2799 2733 fora
2831 2694 3197 2750 praecurrere,
3229 2681 3386 2751 nugis
3409 2675 3718 2744 amicumtritiis

2279 2765 2554 2822 innatum.
2595 2766 2892 2824 Honestam
2921 2768 3084 2840 elegit
3114 2779 3343 2826 sanctus
3374 2767 3716 2840 apostolum

2277 2874 2403 2914 nam
2420 2901 2436 2924 ,
2463 2861 2551 2915 cui
2572 2861 2696 2917 coeli
2728 2862 2990 2932 panderet
3013 2877 3284 2919 arcanum
3315 2882 3331 2917 :
3359 2879 3472 2917 nam
3493 2862 3545 2916 de
3569 2855 3716 2918 ἰθαιπὶ

2275 2949 2435 3006 fictus
2469 2966 2580 3006 non
2619 2961 2766 3023 patet
2811 2951 3006 3008 locus?
3028 2953 3076 3010 si
3105 2953 3450 3012 Christianus
3478 2951 3638 3014 abdidit,
3668 2961 3716 3001 tm

2275 3042 2466 3099 altaris
2493 3044 2730 3114 proximi
2763 3045 3053 3102 latibulum
3083 3047 3410 3103 declinavit?
3434 3054 3513 3100 aut
3534 3044 3567 3101 si
3595 3038 3714 3113 εεηιῖες

2275 3227 2482 3282 altare?
2509 3229 2656 3298 quod
2685 3229 2732 3284 si
2765 3231 2967 3297 neutri,
2991 3231 3088 3286 sed
3115 3230 3356 3288 fortuna:
3373 3219 3714 3292 ascribitumptl

2273 3334 2437 3390 quem
2469 3319 2974 3393 historiographum
3022 3325 3248 3381 venisse
3289 3323 3580 3380 Antiochiam
3600 3317 3714 3372 Pilato

2274 3409 2570 3467 invenitur.
2611 3411 2832 3469 Scimus
2874 3431 3073 3488 nempe
3098 3425 3156 3472 et
3183 3418 3422 3474 lanceam
3447 3408 3712 3471 fuisstmiliti‘.

2271 3510 2326 3558 et
2368 3501 2595 3558 militem
2643 3502 2801 3562 Pilati
2832 3524 2845 3560 :
2883 3515 2940 3562 at
2971 3523 3101 3564 vero
3151 3511 3330 3581 placet
3359 3509 3486 3581 quod
3530 3503 3712 3574 sequitur:

2270 3592 2415 3665 quod
2444 3596 2609 3652 audio
2637 3597 2980 3654 inventorem
3033 3601 3218 3670 illum,
3255 3601 3577 3659 laborantibus
3600 3595 3712 3648 frusta

2265 3670 2608 3758 fossoribus,
2639 3690 2939 3759 insiluisse,
2963 3708 3402 3768 concessumque
3428 3693 3504 3749 uni
3527 3702 3611 3746 esse
3628 3687 3658 3738 in
3676 3691 3712 3733 te

2268 3784 2474 3850 nebris,
2513 3786 2661 3857 quod
2701 3787 2889 3843 multis
2920 3789 3100 3859 palam
3143 3800 3236 3849 est
3265 3799 3514 3862 negatum.
3537 3778 3711 3839 Obuius

2266 3877 2504 3958 rustica!
2559 3893 2593 3933 ο
2639 3879 2924 3937 rusticitas
2968 3883 3225 3939 credula!
3281 3899 3316 3939 ο
3365 3879 3599 3939 credulitas
3626 3867 3710 3926 facile

2267 3967 2661 4025 convincenda!
2677 3968 2831 4037 Esto,
2854 3985 3148 4044 personam
3176 3974 3445 4040 honestas,
3471 3973 3601 4026 locum
3614 3961 3706 4016 vids:

2267 4063 2556 4121 crucifixio
2585 4065 2841 4122 roborat:
2874 4068 3152 4142 nonsatis
3175 4068 3264 4124 vel
3289 4058 3634 4122 bamovissimt
3656 4049 3708 4103 Μ·

2265 4157 2431 4238 minis
2473 4157 2623 4215 illius
2673 4157 2828 4216 fraus
2856 4168 3046 4231 patet:
3098 4161 3145 4216 si
3192 4176 3348 4233 pure,
3373 4159 3416 4215 si
3441 4142 3707 4238 simplicituil
3747 4223 3750 4226 ἢ

2263 4235 2351 4306 via
2403 4251 2496 4307 Dei
2539 4251 2900 4320 ambulasset,
2937 4253 2985 4309 si
3034 4254 3306 4310 advocato
3343 4251 3440 4309 sibi
3480 4253 3522 4305 in
3561 4235 3704 4314 ιροεωθο

2263 4333 2598 4414 conﬁdisset,
2629 4351 2740 4402 non
2790 4343 2956 4402 ferret
2991 4345 3110 4418 ipse
3141 4345 3436 4402 inventioni
3459 4355 3550 4398 sua
3565 4333 3706 4418 testim:

2263 4435 2439 4504 nium,
2472 4437 2568 4493 sed
2598 4448 2899 4494 mereretur
2928 4415 3193 4494 alicnum.
3225 4437 3360 4494 Nam
3407 4432 3517 4508 quid
3542 4415 3704 4486 ιεηωὶῐῆ

2262 4527 2609 4584 contumelia:
2657 4530 2974 4600 rependam,
3004 4531 3156 4602 quod
3201 4540 3435 4588 nostram
3457 4539 3552 4596 qua:
3571 4519 3614 4573 tle
3639 4524 3704 4566 επ·

2261 4636 2386 4676 sum
2434 4629 2519 4678 est
2556 4620 2894 4678 descendens
2942 4638 2974 4678 a
3013 4633 3169 4694 patre
3219 4623 3471 4679 luminum
3513 4609 3701 4670 victoriam.

2257 4709 2406 4769 ferro
2429 4729 2530 4769 suo
2553 4712 2923 4769 Provinciales
2951 4714 3252 4787 deputant?
3275 4715 3512 4784 Deputent
3527 4703 3599 4776 ipsi
3616 4707 3701 4792 mf

2257 4798 2443 4860 comes
2475 4805 2736 4876 cupidus,
2767 4814 2822 4861 et
2868 4807 3065 4878 vulgus
3101 4807 3360 4862 stolidum
3390 4824 3402 4858 :
3430 4815 3514 4856 nos
3539 4795 3700 4850 autem"

2255 4897 2481 4951 nomine
2531 4896 2747 4952 Domini
2778 4895 2873 4953 Dei
2899 4897 3073 4953 nostri
3115 4897 3245 4954 Jesu
3278 4893 3467 4952 Christi
3487 4887 3646 4943 vicimus
3672 4881 3700 4927 ϐ

2253 4989 2558 5046 vincemus.
2593 4989 2721 5046 Haec
2753 4989 3106 5047 Boamundus
3127 5001 3185 5047 et
3219 5007 3343 5047 cum
3369 5003 3430 5044 eo
3455 4982 3530 5056 qui
3551 4981 3698 5033 suum

2253 5089 2371 5136 tum
2401 5081 2656 5140 subtilius
2679 5082 3067 5138 discernebant
3091 5080 3430 5138 Normannus
3447 5087 3491 5133 et
3511 5064 3698 5128 Flam

2255 5171 2334 5228 s’is
2367 5173 2622 5242 comites,
2667 5172 3098 5244 Arnulphusque
3128 5170 3437 5246 viceprtesul
3475 5173 3518 5223 et
3551 5158 3695 5214 Tm"

2251 5264 2376 5322 dus.

2464 5399 2600 5457 CIII.
2627 5432 2699 5445 —
2717 5398 2787 5456 In
2821 5417 2926 5473 quo
2951 5410 3002 5458 et
3024 5400 3324 5458 Raimumlo
3347 5394 3564 5468 displictt.

2319 5491 2490 5566 Igitur
2526 5491 2874 5550 Raimundus
2920 5495 3101 5551 acutis
3142 5488 3433 5550 Boamundi
3462 5476 3692 5568 aM

2247 5600 2374 5641 rum
2407 5585 2634 5656 spiculis
2680 5585 2982 5656 sauciatus,
3012 5587 3162 5643 mille
3202 5585 3417 5641 artibus.
3439 5574 3554 5634 milk
3567 5567 3692 5662 ﬁ?“

2246 5675 2545 5733 vindictam
2575 5675 2919 5748 investigat:
2947 5677 3020 5744 ita
3049 5691 3234 5733 secum
3260 5679 3374 5730 sine
3392 5665 3538 5736 medio

2249 5781 2381 5836 Belis
2410 5765 2768 5826 Wiscardidae
2791 5741 3192 5838 'contumelias,
3235 5777 3328 5825 aut
3363 5751 3608 5837 premeris!
3631 5741 3686 5794 ‘5‘

3747 5836 3754 5928 Ι
