3808 6306
44 347 128 414 567

43 464 244 520 ulciscar.
287 448 350 517 Si;
367 457 541 533 palam
579 473 846 517 occursus
872 470 986 514 non
1011 454 1274 528 suppetit,
1298 460 1559 528 suppetat
1586 457 1633 516 Α

43 556 272 614 occultus:
307 553 394 609 ubi
433 568 542 610 non
577 552 719 608 valet
744 552 958 618 lancea,
988 550 1187 605 valeat'
1201 549 1336 605 sica.

238 641 389 699 Dolus
412 659 482 697 an
503 643 666 697 virtus
693 643 812 713 quis
840 643 896 694 in
920 640 1069 696 hoste
1096 637 1369 710 requirat?
1401 627 1405 630 ’

611 733 795 807 (Vino.
825 733 1045 790 xEneid.
1077 733 1176 788 lib.
1206 731 1292 802 ιι.)

89 829 226 896 Cum,
262 827 448 900 inquit,
497 842 617 883 mea
666 836 756 894 est,
803 826 960 882 urbis
998 825 1194 892 tutela,
1237 823 1558 894 prasidium

43 930 322 986 montanum,
350 918 481 974 mihi
521 918 668 990 regia
713 919 990 990 princeps,
1014 917 1153 973 mihi
1189 914 1559 1008 forum,.mibi

43 1025 140 1081 pons
155 1019 200 1065 et
224 1018 366 1080 porta
393 1018 617 1080 parent:
646 1009 840 1065 lancea
865 1023 1107 1080 quoque,
1138 1007 1326 1078 populi
1358 1007 1560 1062 nume-

43 1117 106 1156 rus
142 1100 328 1156 arbitrii
364 1107 446 1156 est
489 1099 618 1180 mei.
649 1098 792 1167 Quid
823 1107 1012 1166 restat,
1039 1099 1148 1156 nisi
1175 1109 1234 1154 ut
1263 1099 1557 1164 exstincto,

43 1193 336 1264 principatum
382 1193 656 1249 obtineam
709 1191 1053 1250 Boamundi?
1099 1190 1228 1248 Hac
1271 1200 1326 1248 et
1375 1193 1553 1248 multo

43 1287 151 1348 plura
169 1286 404 1354 volventi,
454 1301 565 1357 pra
590 1267 854 1342 omnibus
892 1285 1046 1342 sedet
1081 1293 1294 1341 motum
1321 1284 1386 1339 iri
1418 1285 1560 1341 inter

43 1379 173 1438 ilebes
197 1377 526 1445 seditionem,
562 1386 626 1432 ut
670 1393 701 1433 a
750 1378 887 1448 pede
932 1378 999 1433 ad
1028 1386 1195 1448 caput
1228 1377 1556 1442 exundetur,

44 1470 265 1526 iroludaut
305 1470 357 1524 in
397 1468 522 1525 foro
558 1469 691 1525 hinc
721 1469 847 1525 inde
879 1469 1083 1542 iurgia,
1131 1477 1322 1541 surgat
1350 1469 1561 1525 clamor

44 1559 193 1614 orbari
235 1559 473 1631 populos,
501 1559 674 1616 duces
716 1560 974 1631 utrinque
1003 1560 1120 1617 suis
1163 1560 1430 1616 auxilium
1478 1558 1560 1615 fe-

43 1661 138 1718 ant,
165 1653 214 1708 in
252 1651 630 1709 Boamundum
675 1653 860 1709 omnis
897 1669 1094 1722 arcus,
1125 1669 1290 1710 omne
1309 1653 1558 1725 iaculum

44 1743 301 1800 nteadatur.
345 1743 457 1801 llas
504 1745 639 1802 dum
684 1745 1030 1803 Raimundus
1067 1755 1330 1818 tanquam
1359 1747 1448 1802 leo
1499 1747 1554 1802 in

43 1836 233 1906 spelunca
252 1851 345 1892 sua
372 1837 604 1894 molitur
633 1837 866 1894 insidias
893 1857 907 1892 :
945 1838 1126 1894 noluit
1145 1839 1314 1894 taceri
1349 1837 1558 1910 iniqui-

44 1938 152 1984 atem
181 1928 332 1998 Deus,
357 1931 492 2002 quin
517 1929 778 2002 .Arnulfo
805 1931 1068 2000 indicata,
1111 1931 1259 1988 ilicet
1291 1947 1390 2002 per
1430 1947 1558 1988 eum

43 2019 284 2078 immundo
309 2023 603 2078 indicatur.
632 2021 725 2080 Sic
749 2022 905 2080 elusa
925 2023 1140 2092 fraude,
1165 2025 1375 2079 salvata
1414 2033 1498 2080 est
1526 2039 1559 2080 a

44 2123 160 2168 none
183 2114 349 2170 anima
387 2115 514 2183 viri,
542 2116 706 2188 cujus
729 2116 844 2172 vita
869 2117 1168 2187 plurimum
1203 2116 1560 2191 Jerosolymi-

43 2205 128 2261 retis
169 2206 270 2276 iam
308 2207 622 2279 profuerat,
666 2209 968 2280 plurimum
1024 2209 1208 2266 adhuc
1243 2211 1556 2282 profutura.

44 2294 140 2353 lane
165 2299 314 2373 igitur
362 2301 681 2358 habuerunt
735 2303 831 2358 ira
884 2302 1190 2375 originem,
1223 2305 1353 2361 hinc
1393 2307 1562 2378 capit

43 2389 107 2444 dii
122 2389 288 2450 fomes.

383 2483 528 2542 CIV.
549 2518 626 2528 —
655 2485 846 2542 Narra
887 2490 1125 2560 capitur.

76 2571 160 2631 Sed
184 2585 388 2634 revocat
409 2593 502 2634 me
519 2578 764 2648 obsidio,
793 2587 1058 2652 tanquam
1077 2596 1379 2640 messorem
1403 2595 1558 2655 seges

43 2667 277 2724 ntermissa
339 2668 470 2725 dum
543 2669 596 2726 is
641 2671 998 2742 retrogradus
1049 2671 1232 2742 spicas
1288 2673 1560 2745 recolligit

43 2758 206 2830 :lspsas.
237 2759 398 2834 igitur
451 2761 696 2818 Marram
723 2766 1118 2836 usquequaque
1148 2755 1292 2820 bello
1321 2765 1560 2822 circulus

43 2860 186 2920 eptam
240 2853 570 2923 suffodiunt,
627 2853 824 2911 Marra
862 2855 1263 2926 supervolitant
1314 2858 1558 2930 sagitta,

44 2944 280 3001 oncutiunt
297 2945 497 3015 funda,
521 2946 915 3004 tremefaciunt
941 2948 1105 3005 mina
1132 2966 1146 3004 :
1175 2949 1418 3021 undique
1447 2951 1562 3007 cla-

43 3045 128 3102 nor,
153 3037 372 3110 undique
398 3040 672 3108 assultus,
703 3040 950 3111 undique
984 3041 1146 3112 plaga
1180 3059 1194 3095 :
1223 3050 1416 3098 contra
1461 3059 1560 3099 ur-

43 3125 117 3180 ιιιιί
157 3130 314 3236 quasi.
323 3146 424 3203 par
460 3131 583 3202 pari
615 3131 881 3237 reddunt,
907 3133 1260 3189 reverberant
1287 3134 1558 3191 balearica
1585 3173 1632 3237 C

43 3230 235 3277 omenta
273 3223 570 3292 similibus,
605 3225 838 3292 missilia
859 3224 1044 3296 iacula
1089 3227 1340 3292 eminus,
1385 3227 1559 3284 comi-

43 3325 102 3366 ius
137 3328 359 3372 vomeres
397 3331 686 3372 marmora
713 3315 1007 3373 demittunt
1039 3335 1053 3372 :
1093 3318 1393 3388 plurimum
1432 3335 1560 3375 sau-

43 3401 148 3470 iant,
167 3405 442 3474 plurimum
466 3407 796 3464 sanciantur
821 3426 834 3462 :
860 3408 916 3462 hi
939 3409 1254 3465 moriuntur
1265 3418 1328 3466 ut
1350 3410 1557 3479 vivant,

43 3492 304 3554 nlirmsntur
323 3507 383 3554 ut
408 3499 657 3566 valeant,
686 3498 862 3555 ﬂuunt
891 3508 954 3554 ut
982 3499 1182 3556 durent
1213 3519 1228 3557 :
1257 3501 1366 3558 illis
1388 3501 1561 3558 inten-

44 3582 80 3638 io
104 3597 172 3642 est
209 3600 436 3662 captum
455 3633 471 3660 ,
503 3591 736 3663 iamque
761 3591 1083 3647 semiactum
1109 3586 1250 3663 opus
1275 3607 1556 3666 peragere,

43 3686 135 3734 ante
159 3679 310 3738 labori
355 3685 524 3741 ﬁnem
557 3699 830 3756 quarere,
870 3684 1099 3755 adipisci
1125 3685 1354 3756 gloriam
1393 3703 1558 3758 supe-

44 3771 172 3840 ando,
197 3791 443 3846 superare.
472 3778 760 3834 fortunam
791 3777 1050 3848 patiendo
1075 3797 1088 3834 :
1121 3779 1215 3834 sed
1270 3779 1400 3834 dum
1431 3796 1556 3836 cre-

43 3860 138 3952 irius
161 3867 496 3942 crebriusque
525 3877 796 3940 tanquam
823 3869 1036 3926 malleis
1058 3870 1238 3937 incus,
1262 3872 1346 3926 vel
1371 3871 1558 3952 ﬂagel-

43 3951 210 4021 isarea,
241 3959 386 4016 silice
427 3959 763 4032 infatigabili
805 3961 1009 4017 mania
1039 3962 1440 4032 percelluntur,
1475 3951 1557 4019 fa-

44 4046 144 4100 escit
168 4050 340 4119 turris,
383 4068 584 4109 murus
613 4053 864 4120 solvitur,
917 4056 1325 4127 propugnacula
1355 4067 1552 4126 ruunt,

44 4138 140 4194 uina
162 4143 310 4200 simul
343 4156 398 4201 et
433 4147 681 4203 claustra
731 4147 921 4217 pandit
953 4156 1007 4202 et
1057 4149 1260 4220 gradus
1295 4152 1550 4207 exstruit.

44 4229 148 4296 gitur
171 4251 256 4302 va,
280 4255 359 4294 va
389 4238 802 4307 Mahumicolis,
852 4239 1199 4298 Christicolis
1243 4244 1550 4315 gaudium”:

43 4323 173 4396 [uippe
220 4331 301 4387 bis
350 4348 620 4406 prospera
643 4332 850 4400 omnia,
882 4332 990 4390 illis
1015 4335 1200 4390 omnia
1233 4335 1398 4392 etiam
1422 4337 1555 4408 ipsa

44 4428 108 4470 ius:
140 4434 248 4490 spes
275 4425 658 4481 adversantur.
691 4422 803 4481 Nec
845 4441 1030 4495 mora,
1077 4426 1352 4497 patefacto
1379 4429 1551 4498 aditu,

44 4505 157 4609 diter
193 4531 294 4571 non
323 4517 506 4586 deest,
538 4531 734 4576 contra
778 4519 974 4576 civitas
1021 4521 1292 4578 obsistere
1335 4522 1550 4592 nititur,
1583 4553 1630 4609 ι)

43 4600 232 4673 [ηἰάῳιίἀ
261 4610 457 4667 virium
486 4611 676 4679 habet,
711 4609 961 4668 introitui
999 4613 1268 4683 opponit:
1303 4631 1552 4671 summo-

43 4707 118 4749 [διε
147 4709 382 4770 certatur,
412 4705 549 4760 dum
577 4705 697 4760 hac
720 4704 1007 4762 invalescit
1027 4722 1232 4778 pugna,
1257 4707 1406 4763 dum
1427 4708 1555 4764 bor-

44 4799 112 4840 um
145 4788 314 4861 fervet,
357 4796 626 4853 aliorsum
664 4796 894 4867 tepescit
920 4795 1188 4866 defensio,
1221 4798 1406 4856 minus
1435 4800 1554 4871 iam

43 4878 256 4954 minusque
282 4897 435 4945 scuta
468 4899 691 4956 sonant,
721 4889 886 4960 quale
910 4890 1072 4961 paulo
1091 4899 1219 4946 ante
1241 4892 1307 4947 ad
1335 4893 1556 4964 grandi-

43 4985 112 5026 »ειη
145 4991 382 5037 saxorum
433 4997 578 5052 pene
621 4980 969 5038 fatiscebant.
1019 4981 1164 5054 Ergo
1209 4983 1554 5054 applicantur

43 5077 142 5121 auro
164 5071 327 5141 scala,
357 5083 584 5146 superat
606 5082 790 5131 turres
811 5090 1094 5142 ascensor,
1110 5075 1233 5132 urbi
1261 5083 1434 5146 capta
1460 5076 1550 5132 in-

45 5155 188 5216 nltat:
218 5165 307 5222 sed
349 5167 541 5223 audito
569 5167 824 5239 strepitu,
865 5166 1098 5239 visoque
1147 5167 1424 5236 discursu,
1454 5169 1552 5226 de-

43 5247 246 5311 cidentis.
271 5252 441 5315 turba
459 5260 664 5316 cadunt
683 5260 878 5330 animi,
920 5261 1088 5332 pedes
1110 5259 1286 5332 refugi
1309 5260 1548 5318 latebras

43 5345 189 5410 Ietunt,
214 5347 375 5405 armis
421 5343 681 5420 proiectis
713 5352 897 5406 vivere
947 5357 1218 5421 speratur.
1251 5350 1325 5404 At
1373 5350 1549 5407 nostri

43 5427 126 5485 urbe
158 5447 298 5508 capta
317 5483 332 5508 ,
362 5441 456 5498 alii
494 5443 732 5499 cadibus
777 5443 1061 5510 insistunt,
1092 5441 1184 5498 alii
1211 5442 1391 5516 gazis;
1422 5459 1553 5514 1³³1⁸8

43 5517 186 5607 iam
225 5535 490 5603 quaritat,
532 5550 658 5605 pars
708 5535 931 5607 rapinas
969 5543 1208 5602 exercet,
1265 5535 1550 5592 victoriam

43 5605 204 5682 ’⁸³⁸1³⁸08
227 5620 468 5680 laborum
497 5625 648 5696 iuvat
677 5605 996 5683 meminisse
1016 5625 1313 5698 iocundius
1329 5626 1553 5700 gravio-

43 5711 137 5758 Im.
167 5706 250 5766 Sic
272 5715 592 5772 venatricem
639 5717 770 5774 olim
826 5717 1046 5772 turbam
1091 5724 1149 5772 et
1185 5717 1303 5787 ipse
1326 5717 1553 5774 venator

43 5799 375 5878 mandantem,
399 5808 530 5868 licet
547 5809 790 5885 ieiunam
820 5811 953 5880 vidi,
985 5825 1121 5882 quos
1138 5826 1168 5867 a
1191 5811 1549 5884 pracedentis

1285 313 1516 398 casm
1551 330 1925 393 τΑΝῡιιΕιρι.

3133 335 3256 406 558

1663 450 1842 506 noctis
1863 449 1999 505 hora
2020 447 2322 521 penultima
2347 446 2416 505 ad
2439 447 2656 506 tertiam
2692 449 2972 522 sequentis
2999 451 3118 511 dies
3141 470 3260 530 me-

1661 543 1751 602 .dia
1786 541 2128 614 fatigaverat.

1866 627 1870 631 ’
2081 633 2194 692 CV.
2218 665 2291 676 —
2309 635 2466 690 Area:
2491 633 2818 691 obsidentur.

1732 726 1963 801 Jamque
2003 727 2206 799 sapius
2230 728 2299 784 de
2327 728 2468 785 valle
2510 729 2877 802 lacrymarum
2911 729 2981 785 ad
3009 737 3255 787 montem

1662 821 1850 894 gaudii
1875 821 2156 877 excelsum
2186 836 2410 893 surgere
2439 821 2647 877 assueti
2673 820 3018 898 Christicola
3039 836 3258 878 success

1663 925 1760 968 sus
1793 925 1988 983 urgere
2015 918 2188 982 suos;
2229 911 2438 968 instare
2467 910 2644 968 favori
2688 897 2933 969 numinis
2959 912 3104 969 haud
3129 928 3256 970 ces-

1662 1011 1807 1060 sant.
1857 1002 2030 1060 Arcas
2048 1004 2316 1076 Voppidum
2355 1004 2768 1086 aggrediuntur,
2809 1021 2919 1061 non
2968 1005 3164 1077 impari
3192 1020 3259 1060 ac

1662 1097 1903 1156 Marram
1949 1100 2097 1167 nisu,
2127 1099 2224 1157 sed
2250 1098 2508 1156 dissimili
2538 1091 2756 1155 eventu.
2789 1097 2976 1172 Surgit
3002 1099 3059 1154 in
3107 1114 3258 1154 mar-

1660 1192 1788 1263 gine
1833 1191 2078 1263 planitici
2115 1193 2364 1248 tumulus
2420 1191 2650 1248 declivia
2704 1191 2897 1248 Libani
2947 1191 3019 1248 ab
3066 1201 3258 1248 austro

1661 1283 2003 1354 pertingens,
2041 1299 2195 1339 mare
2225 1283 2296 1339 ad
2333 1299 2593 1340 occasum
2639 1285 2800 1357 quasi
2830 1285 3022 1342 stadiis
3060 1285 3255 1357 viginti

1661 1384 1908 1432 remotus
1937 1375 2262 1447 despectans
2293 1394 2306 1430 :
2342 1376 2463 1447 eius
2489 1377 2683 1445 pedem
2713 1377 2914 1434 ﬂuvius
2943 1378 3134 1445 abluit,
3157 1379 3257 1450 qui

1661 1467 1732 1523 ab
1759 1475 1885 1524 ortu
1923 1469 1990 1524 ad
2017 1469 2202 1524 littora
2236 1469 2511 1537 derivans,
2539 1468 3033 1550 llierosolymitano
3054 1471 3256 1526 lavum

1660 1559 1805 1618 latus
1841 1561 2074 1634 imperio
2121 1562 2391 1629 concedit,
2415 1562 2723 1638 Antiochia
2771 1563 3047 1631 dextrum,
3109 1563 3256 1619 inter
3331 1621 3346 1630 ,

1661 1650 1993 1710 Tortuosam
2020 1662 2078 1711 et
2115 1653 2382 1726 Tripolim
2425 1655 2586 1711 limes
2609 1655 2954 1722 notissimus,
2978 1655 3255 1711 munitum

1661 1754 1778 1802 arte
1798 1755 1854 1802 et
1875 1757 2073 1804 natura
2111 1748 2449 1818 prasidium,
2473 1746 2744 1804 difﬁcilem
2772 1747 2916 1825 hosti
2939 1757 3258 1821 grassaturo

1661 1839 1871 1895 aditum
1911 1840 2247 1896 minabatur.
2275 1839 2623 1897 Christicola
2651 1847 2836 1897 autem
2868 1840 3106 1912 plurimo
3137 1840 3257 1910 iam

1659 1931 1980 2000 certamine,
2016 1932 2210 1988 virtuti
2239 1933 2426 1988 omnia
2454 1932 2648 1989 cedere
2682 1933 2914 2004 experti,
2942 1932 3114 1990 Arcas
3143 1933 3258 1988 cir-

1659 2023 1942 2091 cumdant,
1973 2037 2102 2094 pars
2132 2021 2362 2080 fluvium
2403 2031 2724 2091 transmeat,
2753 2031 2816 2080 ut
2847 2031 3132 2094 portarum
3157 2023 3260 2079 ob-

1659 2125 1840 2174 struat
1889 2131 2174 2188 egressum
2224 2133 2238 2170 :
2289 2129 2420 2186 pars
2467 2115 2606 2171 citra
2653 2124 2870 2183 manet,
2930 2115 3000 2173 de
3058 2117 3258 2188 opibus

1659 2207 1860 2266 Crach.
1894 2221 1950 2266 et
1989 2208 2291 2280 Raphania
2320 2208 2673 2280 oppidorum,
2704 2223 2772 2264 ac
2799 2208 3030 2279 reliqua
3057 2208 3256 2280 huius-

1659 2301 1810 2358 modi
1865 2299 2141 2358 citerioris
2170 2299 2386 2356 vicinia
2425 2298 2644 2356 facilius
2684 2299 2898 2358 alenda.
2937 2297 3257 2356 Tancredus

1659 2397 1716 2453 in
1743 2397 1941 2468 primis
1963 2394 2459 2454 transmeatoribus
2471 2395 2671 2450 emicat
2689 2409 3041 2464 summopere
3065 2394 3256 2449 exsul-

1661 2497 1804 2557 tans,
1835 2489 1984 2560 quod
2013 2486 2308 2544 desiderati
2333 2485 2487 2558 regni
2507 2500 2662 2541 oram
2691 2485 2904 2558 ingredi
2927 2484 3253 2541 meruisset:

1658 2597 1798 2655 pons
1844 2592 2028 2638 tamen
2085 2596 2286 2638 saxeus
2359 2579 2586 2653 antiqua
2637 2577 2846 2634 fabrica
2898 2577 3261 2634 continuabat

1658 2681 1981 2741 exercitum,
2017 2681 2080 2730 ut
2115 2672 2275 2728 facile
2301 2672 2374 2728 ab
2413 2671 2500 2728 his
2536 2670 2606 2727 ad
2632 2671 2754 2728 illos
2778 2677 2967 2742 posset
2999 2669 3259 2726 transmi—

1659 2767 1827 2838 grari.
1859 2765 2004 2838 Ergo
2041 2766 2135 2821 ubi
2165 2763 2336 2820 armis
2368 2759 2568 2821 clausa
2596 2769 2729 2820 sunt
2767 2764 3009 2820 claustra
3030 2760 3259 2830 pfortia

1658 2857 1914 2926 fortibus,
1941 2857 2162 2930 gentilia
2183 2855 2554 2924 Christianis,
2569 2855 2848 2927 principes
2867 2855 2935 2911 de
2956 2855 3113 2910 more
3137 2861 3256 2909 tor-

1655 2957 1845 3004 menta
1894 2947 2129 3002 muralia
2169 2954 2392 3003 struunt
2437 2963 2451 3000 :
2505 2945 2708 3017 singuli
2761 2945 3006 3017 singula,
3079 2960 3256 3001 unum

1661 3055 1848 3098 comes
1893 3038 2276 3107 Normannus,
2327 3039 2560 3095 alterum
2620 3038 2986 3106 Raimundus,
3034 3038 3256 3095 tertium

1663 3131 1982 3189 Tancredus
2019 3151 2034 3187 :
2072 3147 2201 3188 nam
2246 3131 2604 3188 Boamundus
2631 3129 2812 3186 Marra
2833 3129 3256 3188 eversa-Antio-

1662 3226 1844 3282 chiam
1869 3225 2124 3292 redierat,
2165 3225 2258 3281 ubi
2288 3225 2452 3280 etiam
2476 3223 2589 3280 dux
2619 3223 2948 3282 Godefridus
2985 3234 3040 3280 et
3069 3239 3256 3281 comes

1660 3316 2016 3374 Flandrensis
2049 3317 2230 3373 adhuc
2273 3316 2610 3372 hiemabant.
2662 3314 2948 3388 Hugonem
2991 3332 3255 3389 magnum

1661 3413 1730 3468 ad
1772 3411 2024 3468 Ciliciam
2078 3419 2432 3467 revocaverat
2471 3411 2713 3479 bellum,
2762 3412 2818 3466 in
2877 3425 2990 3481 quo
3030 3411 3256 3468 saucius

1660 3504 1841 3561 femur
1886 3499 2172 3560 Tharsum‘
2209 3502 2386 3559 fertur
2431 3497 2730 3571 curandus,
2774 3504 2886 3558 imo
2915 3503 3250 3560 humandus.

1662 3595 1806 3652 Solis
1845 3596 2014 3667 igitur
2063 3595 2242 3651 tribus
2289 3595 2676 3666 suprascriptis
2722 3595 3062 3667 principibus
3103 3595 3255 3652 obsi-

1659 3687 1840 3744 dionis
1893 3687 2047 3743 labor
2093 3687 2388 3753 incumbit,
2421 3695 2738 3759 oppugnant
2787 3687 3163 3755 incessanter,
3196 3695 3256 3743 et

1658 3779 1859 3836 acriter
1881 3785 2282 3851 expugnantur.
2313 3777 2453 3834 Dum
2480 3779 2562 3834 sic
2586 3787 2768 3834 autem
2795 3787 3059 3848 certatur,
3096 3779 3254 3852 quid-

1657 3873 1784 3928 dam
1839 3873 2069 3944 contigit
2095 3871 2242 3942 quod
2293 3872 2573 3942 praterirc
2608 3873 2861 3929 socordia
2893 3881 3006 3942 est,
3036 3889 3251 3932 memo-

1657 3981 1782 4022 rare
1813 3964 1946 4021 utile
1975 3974 2029 4021 et
2053 3965 2368 4019 honestum.

1657 4077 1791 4133 CVI.
1811 4111 1883 4118 —
1905 4076 2174 4133 Mirabilis
2202 4079 2336 4133 visio
2365 4077 2570 4132 Anselli
2592 4067 2852 4150 proxima:~
2875 4081 3060 4135 mortis
3108 4096 3252 4152 prte-

2376 4166 2528 4221 saga.
2703 4183 2706 4185 λ
2865 4183 2868 4186 ~

1727 4240 1860 4297 Erat
1884 4241 1939 4296 in
1965 4241 2207 4297 exercitu
2230 4251 2421 4299 nostro
2449 4243 2614 4298 heros
2630 4241 2852 4309 nobilis,
2871 4241 2960 4298 cui
2986 4259 3252 4316 magnum

1657 4348 1858 4389 nomen
1893 4325 2241 4390 contulerant
2270 4334 2400 4390 hinc
2433 4334 2704 4404 probitas,
2729 4335 2855 4390 inde
2871 4319 3068 4407 genus,
3088 4335 3253 4392 tertia

1656 4424 1938 4490 honestas,
1964 4433 2196 4496 quartus
2219 4425 2384 4482 Ribot
2403 4441 2564 4482 mons
2587 4425 2880 4482 hareditas
2905 4428 3128 4498 propria
3151 4428 3251 4484 mi.

1653 4517 1785 4574 litia
1815 4516 1993 4574 fetura
2017 4518 2295 4589 praclara
2345 4518 2709 4596 notissimus.
2731 4516 3077 4576 Vocabulum
3103 4520 3252 4577 illius

1655 4610 1757 4666 viri
1790 4610 2048 4668 Ansellus
2069 4611 2184 4683 regi
2209 4609 2476 4680 Francia,
2513 4611 2626 4668 imo
2649 4621 2819 4669 ternae
2852 4613 3042 4670 Gallia
3065 4615 3252 4671 curias

1655 4703 1868 4760 celebre
1900 4704 2250 4775 personabat.
2277 4702 2330 4760 ls
2351 4703 2406 4758 in
2435 4704 2682 4772 meridie,
2707 4713 2770 4760 ut
2793 4713 2878 4760 est
2898 4705 3089 4780 moris,
3121 4720 3254 4761 cum

1655 4797 1833 4853 lassos
1870 4813 2099 4853 somnus
2126 4797 2332 4852 ocellos
2364 4797 2736 4864 submisisset,
2775 4797 3054 4853 somnium
3089 4796 3250 4866 vidit,

1656 4890 1804 4962 quod
1832 4899 2184 4960 experrectus
2211 4889 2360 4945 adito
2407 4889 2641 4961 sapienti
2663 4888 2783 4944 viro
2806 4888 3096 4944 indicatori
3123 4905 3252 4946 meo

1656 4980 1890 5038 Arnulfo
1922 4980 2204 5037 indicavit.
2233 4998 2253 5032 ι
2288 4979 2551 5048 Videbar,
2581 4979 2782 5050 inquit,
2816 4978 2954 5034 mihi
2985 4993 3083 5050 per
3105 4995 3254 5036 som-

1657 5075 1812 5131 nium
1859 5089 2026 5145 super
2067 5072 2201 5130 cani
2243 5071 2553 5144 congeriem
2601 5079 2768 5138 stare,
2798 5070 2944 5127 unde
2984 5073 3250 5142 palatium

1656 5167 2024 5239 suspiciebam
2061 5152 2366 5232 excelsum,
2410 5163 2570 5234 cuius
2614 5178 2782 5235 quam
2817 5157 3057 5220 maxime
3082 5165 3252 5222 simul

1653 5257 1840 5316 omnia
1887 5270 2236 5313 communem
2285 5270 2451 5310 usum
2499 5253 2876 5310 excellebant:
2907 5255 3249 5335 spatiositas,

1655 5350 2220 5419 celsitudo,materia,
2243 5347 2444 5415 forma,
2469 5347 2738 5424 soliditas,
2767 5342 3019 5404 ornatus.
3041 5347 3249 5408 Pedem

1653 5443 1776 5515 eius
1795 5456 2060 5510 marmor,
2082 5442 2239 5507 ebur,
2265 5446 2555 5512 argentum
2586 5437 2930 5507 formabant;
2966 5437 3245 5512 reliquum

1652 5549 1855 5606 corpus
1901 5549 2097 5590 aurum
2143 5547 2371 5605 prorsus
2411 5539 2469 5588 et
2519 5532 2786 5603 gemma.
2811 5527 3247 5587 Deambulabant

1652 5641 1752 5700 per
1794 5628 2042 5699 porticus
2092 5626 2146 5682 in
2198 5625 2418 5682 excelso
2483 5638 2737 5697 persona
2789 5623 3242 5692 innumerabiles,

1653 5718 1888 5793 quarum
1935 5720 2180 5792 singulas
2210 5719 2349 5775 tanti
2390 5717 2604 5776 adificii
2640 5733 2888 5796 censura
2915 5717 3241 5773 decuisset:

1658 5814 1796 5871 adeo
1837 5813 2093 5884 speciosi,
2123 5813 2260 5870 adeo
2299 5809 2534 5886 proceri,
2563 5811 2700 5868 adeo
2731 5809 2933 5878 ornati,
2970 5809 3107 5865 adeo
3143 5821 3242 5881 per
