3808 6306
61 413 144 473 εει
1329 407 1559 468 casu
1601 407 1965 504 TANCREbL
2555 475 2558 478 ,
3187 415 3292 472 sos
3333 399 3342 406 ’

59 532 152 587 lum
175 529 404 584 dextram
447 527 760 584 extenderet
785 546 798 580 :
833 527 935 582 bos
965 541 1133 598 penes
1152 538 1291 584 auos
1307 528 1399 599 jus
1429 527 1602 583 fabri-
1629 529 1680 592 Α
1707 527 1836 584 dato
1868 527 2139 584 metandis
2166 526 2363 583 castris
2393 526 2592 594 edicto,
2625 526 2739 597 ipse
2766 528 2956 598 procul
2987 526 3136 584 squs
3176 532 3292 585 sine

57 639 121 680 σεε
148 621 490 696 consistebat,l
521 621 714 691 reliqui
755 636 948 678 omnes
967 621 1335 678 oblationibus
1384 621 1606 679 insiste—
1708 620 1882 687 socio,
1912 620 2032 676 sine
2085 619 2358 690 armigero
2385 628 2626 675 montem
2667 619 3006 688 conscendit,
3036 623 3179 678 unde
3224 626 3291 678 ad

57 719 181 770 bant.
213 713 390 784 Itaque
444 715 597 769 brevi
639 731 780 786 opus
838 732 1100 788 magnum
1161 727 1600 787 consummatur,
1705 719 1917 782 patrem
1937 712 2219 768 Christum
2241 711 2536 784 Deigenam
2575 712 2887 768 ascendisse
2909 713 3192 770 didicerat.
3213 713 3292 770 Eu

53 808 174 878 quod
200 806 298 862 nisi
322 806 512 861 sedula
560 808 870 864 excudisset
906 809 1188 876 instantia,
1215 827 1400 867 massa
1426 810 1600 868 infor-
1703 805 2008 870 temeritas,
2057 819 2128 860 en
2168 819 2374 860 novum
2428 803 2738 860 obsidionis
2783 819 2975 876 genus.
3023 803 3292 864 Occasum

53 900 139 953 mis
160 898 446 953 Jerusalem
475 899 845 969 perferretur:
874 917 1001 956 nam
1035 903 1182 958 tertii
1227 903 1344 973 jam
1389 903 1602 960 mensis
1707 895 1922 952 obsidet
1948 894 2217 950 Tancredi
2241 894 2417 962 miles,
2460 905 2644 950 ortum
2694 893 3010 952 Tancredus
3039 915 3052 952 :
3082 906 3293 968 partem

51 990 178 1046 labor
227 989 280 1044 in
301 1000 560 1060 quartum
609 991 836 1058 exierat,
875 1009 1002 1050 cum
1034 995 1263 1064 pmnitet
1316 1011 1599 1052 morai-nm
1707 989 1873 1052 aliam
1918 987 2102 1058 pauci,
2156 987 2320 1044 aliam
2353 987 2721 1044 unuszaliam
2770 988 2889 1043 sine
2921 988 3060 1045 duce
3077 989 3293 1056 militia,

50 1082 308 1153 principes,
337 1082 503 1152 pudet
533 1099 752 1154 quoque
777 1084 924 1142 circa
958 1087 1276 1158 oppidulum
1310 1088 1394 1144 via
1425 1088 1601 1145 interr
1707 1081 1870 1140 aliam
1925 1081 2045 1137 sine
2089 1080 2284 1136 militia
2325 1081 2434 1136 dux
2463 1098 2478 1136 :
2549 1082 2798 1137 neutrius
2862 1091 3089 1154 uterque
3118 1124 3134 1148 ,
3183 1084 3295 1138 imo

49 1173 205 1240 missa,
223 1173 402 1230 tandiu
426 1175 748 1233 excubasse.
1707 1175 1911 1232 nullius
1963 1173 2172 1232 auxilio
2221 1174 2483 1230 conﬁsus.
2512 1174 2606 1231 llle
2660 1175 2899 1231 maxime
2947 1177 3043 1248 qui
3085 1184 3296 1247 quanto

257 1263 390 1320 CXI.
418 1296 477 1306 —
511 1265 811 1324 Jerusalem
847 1279 1020 1341 pergit
1062 1273 1346 1327 exercitus.
1703 1269 1849 1324 ortui
1876 1267 2124 1338 propior,
2148 1276 2303 1323 tanto
2335 1282 2368 1324 a
2391 1265 2731 1324 Francorum
2753 1267 3000 1324 subsidio
3029 1269 3295 1326 remotior

102 1355 420 1427 Quapmpter
455 1373 626 1429 opera
678 1360 859 1416 inutili
905 1362 1134 1419 dimissa
1201 1372 1329 1420 ante
1375 1366 1598 1422 urbium
1703 1368 1860 1426 erat;
1893 1376 2122 1416 suorum
2152 1361 2313 1431 longe
2339 1360 2394 1414 in
2421 1375 2620 1417 occasu
2649 1361 2994 1427 metantium,
3018 1361 3295 1416 exercitus

46 1456 200 1516 portas
247 1447 504 1520 Tripolis,
544 1450 785 1519 Gibleth,
846 1453 1083 1522 Baruth,
1137 1455 1393 1524 Sidonis,
1447 1457 1597 1529 Tyri,
1703 1450 1987 1522 sequentis
2021 1450 2178 1506 valde
2202 1451 2470 1508 remotius
2519 1451 2574 1506 in
2621 1467 2822 1521 occasu
2870 1451 3141 1524 sequenti.
3174 1449 3295 1522 Ipse

46 1537 223 1605 Achon,
261 1536 524 1608 Caipbas,
543 1539 798 1598 Ccsarea:
839 1541 1069 1600 feliciter
1093 1545 1386 1602 transitur:
1415 1547 1485 1602 ab
1513 1547 1599 1605 bis
1701 1540 1868 1612 igitur
1919 1555 2110 1611 eques,
2141 1541 2258 1611 ipse
2289 1539 2476 1612 pedes,
2503 1540 2619 1611 ipse
2641 1539 2866 1611 signifer
2892 1540 3233 1606 Tancredus,
3257 1557 3294 1593 'a

45 1629 268 1686 omnibus
317 1645 394 1686 κε
421 1632 633 1702 grande
671 1641 727 1688 et
775 1633 1094 1692 victualium
1135 1636 1292 1707 copia
1340 1639 1600 1711 audacter
1703 1643 1894 1690 monte
1916 1631 2196 1690 Olivarum
2221 1633 2280 1688 in
2303 1633 2578 1690 civitatem
2617 1634 2871 1689 obtutum
2918 1633 3132 1699 ﬁxerat,
3176 1631 3298 1687 solo

42 1721 263 1792 exigitur,
311 1714 698 1780 incunctanter
751 1725 1017 1794 redditur,
1066 1729 1364 1786 liberaliter
1403 1747 1601 1803 eroga—
1699 1727 1856 1783 vallis
1877 1727 2140 1797 Josapbat
2165 1727 2453 1804 intervallo
2477 1727 2771 1782 abscisam.
2805 1723 3293 1796 lnspiciebatenim

47 1823 141 1880 tur;
166 1828 280 1868 nam
304 1827 496 1871 omnes
544 1816 628 1871 ba:
663 1817 871 1873 littusa
905 1819 1073 1892 borea
1101 1821 1155 1875 in
1185 1830 1439 1877 austrum
1473 1839 1598 1878 ver-
1699 1819 1963 1890 populum
2004 1819 2424 1886 discurrentem,
2482 1828 2661 1874 turres
2713 1826 2956 1872 armatas
2982 1858 2998 1884 ,
3039 1816 3292 1872 militiam

45 1920 172 1975 gens.
196 1905 434 1963 turribus
456 1907 592 1964 altis
615 1911 872 1966 muniunt
905 1912 1096 1967 ordine
1127 1915 1412 1983 pmmisso
1440 1931 1598 1985 pere-
1628 1907 1673 1968 B
1704 1910 2024 1966 frementem
2051 1929 2066 1978 ;
2105 1910 2254 1965 viros
2277 1910 2348 1965 ad
2373 1925 2550 1977 arma,
2577 1925 2752 1964 nurus
2778 1909 2846 1964 ad
2869 1909 3164 1981 lacrymas,
3205 1923 3295 1962 sa-

45 1997 346 2067 grinantibus
391 1999 595 2056 obvim.
635 2001 707 2057 At
755 2003 849 2058 ubi
887 2003 1117 2060 dimisso
1165 2005 1349 2062 littore
1379 2022 1410 2062 a
1447 2015 1602 2078 tergo
1703 2002 1952 2070 cerdotes
1980 2001 2048 2058 ad
2077 2011 2200 2058 vota
2223 2017 2559 2068 conversos;
2591 2002 2820 2071 ejulatu,
2846 2001 3098 2072 strepitu,
3141 2001 3294 2054 clan-

45 2087 294 2145 llamulam
311 2092 560 2166 venitur,
590 2093 906 2153 Tancredus
933 2113 1162 2168 pernox,
1186 2107 1369 2155 castra
1397 2110 1598 2167 movet,
1704 2109 1854 2163 gere,
1887 2092 2102 2148 hinnitu
2129 2094 2248 2150 vias
2270 2093 2607 2149 intonantes.
2654 2091 2922 2162 Stupebat
2961 2090 3292 2162 templorum

47 2191 145 2238 ante
179 2181 398 2240 lucanus
422 2185 614 2242 socios
639 2189 928 2257 praevenit,
963 2189 1302 2247 Hierusalem
1333 2192 1600 2262 pervenit,
1704 2183 1974 2240 Dominici
2007 2185 2212 2240 aeriam
2245 2184 2659 2250 rotunditatem,
2683 2181 3056 2238 Salomoniaci
3101 2181 3295 2238 insoli~<

47 2291 201 2331 muros
226 2277 614 2334 circumvenit.
647 2279 729 2352 (5)
755 2279 1018 2350 (Veniens
1049 2265 1254 2351 tamen,
1284 2283 1602 2340 Bethlehein
1705 2286 1816 2333 tam
1847 2276 2263 2348 longitudinem.
2287 2276 2544 2346 spatiosa?
2565 2275 2811 2345 porlicus
2862 2290 3058 2347 gyrum
3083 2315 3098 2341 .
3132 2273 3294 2344 quasi

46 2367 101 2421 ab
119 2367 599 2437 hostibusliberat,
624 2387 748 2442 qua:
767 2373 995 2429 obsessa
1022 2375 1090 2430 ad
1117 2390 1241 2430 eum
1281 2376 1460 2448 pridie
1481 2376 1600 2432 ela-
1703 2370 1933 2428 alteram
1969 2370 2025 2426 in
2057 2369 2192 2426 urbe
2213 2369 2428 2426 urbem.
2453 2366 2664 2439 Saepius
2703 2383 2833 2424 vero
2880 2366 2949 2422 ad
2979 2365 3295 2422 Calvariam

43 2469 250 2516 maverat
285 2477 382 2531 per
424 2462 722 2535 legatum.)
787 2463 1015 2521 Eminus
1045 2474 1230 2522 tamen
1279 2466 1385 2522 sub
1419 2467 1602 2538 primo
1703 2462 2050 2533 sepulcrique
2095 2462 2360 2531 templum
2410 2461 2676 2517 dominici
2713 2461 2902 2518 oculos
2955 2459 3290 2526 reducebat;

44 2561 229 2623 aspectu
255 2554 428 2610 visam
458 2554 771 2612 Jerusalem
819 2558 1045 2624 salutat,
1077 2573 1256 2629 genua
1280 2558 1450 2618 humo
1480 2558 1600 2618 am—
1704 2555 2078 2626 spectaculum
2111 2555 2333 2626 quidem
2359 2555 2648 2622 remotius,
2663 2553 2758 2611 sed
2773 2553 3045 2610 arduitate
3076 2568 3176 2610 sua
3191 2567 3293 2625 pa-

47 2659 144 2712 xus,
170 2646 346 2702 oculos
378 2647 535 2714 urbi,
565 2662 664 2704 cor
685 2648 826 2704 crdo
847 2690 865 2716 ,
894 2649 1058 2720 cuius
1106 2649 1359 2708 videlicet
1402 2648 1601 2728 salutis
1703 2649 2035 2722 tulum,ipse
2064 2657 2248 2708 tamen
2272 2651 2396 2708 loco
2419 2651 2726 2708 sublimior.
2743 2650 2826 2706 Ad
2849 2649 2965 2707 hac
2983 2648 3294 2720 suspirans,

45 2733 193 2808 “"380
218 2747 448 2794 ωθῑτυω
469 2748 564 2795 εει
589 2755 853 2810 Ρηεθηδο
1699 2743 1774 2800 ad
1803 2743 1922 2801 haec
1945 2743 2371 2815 conquiniscens
2397 2761 2412 2810 ;
2437 2743 2528 2798 illa
2555 2757 2731 2798 aevum
2767 2758 2868 2813 pro
2922 2742 3046 2798 luce
3089 2739 3299 2812 pascici

157 2829 302 2886 Salve
329 2830 702 2902 Hierusalem,
727 2833 902 2906 gloria
932 2835 1142 2904 mundi,
1701 2851 1922 2908 cupere,
1953 2837 2001 2894 si
2027 2837 2252 2908 quando
2279 2836 2440 2907 cuius
2460 2835 2849 2906 prospectabat
2889 2832 3110 2906 fastigia
3133 2833 3299 2896 liceat

156 2920 210 2977 In
234 2939 337 2993 qua
365 2932 568 2980 nostra
591 2926 762 2993 salus,
792 2928 980 2997 passio
1003 2928 1210 2984 Christi
1565 2983 1568 2986 .
1701 2925 1811 2986 sibi
1838 2927 2106 2988 Calvaria:
2127 2927 2366 2986 osculari
2401 2927 2652 3000 vestigia.

156 3011 364 3070 Probris
381 3013 642 3072 Judaicis
659 3016 936 3074 ludiﬁcata
1561 3093 1565 3096 _
1675 3057 1680 3062 ι
2021 3019 2208 3078 CXIII.
2235 3051 2308 3061 —
2330 3019 2431 3076 Cui
2466 3020 2696 3075 occurrit
2723 3020 2965 3076 eremita.

157 3103 296 3160 Caelo
317 3107 430 3162 sole
451 3107 580 3164 solo
603 3108 842 3165 testibus
871 3109 1038 3176 alma,
1677 3131 1682 3136 ·
1770 3112 2057 3170 Obtulerat
2087 3121 2270 3170 autem
2293 3111 2343 3168 ei
2367 3108 2481 3168 fors
2525 3111 2596 3168 ad
2639 3111 2758 3168 haec
2785 3108 3150 3168 discernenda
3199 3124 3300 3182 op-

157 3194 375 3253 Humani
413 3201 642 3271 generis
663 3201 822 3258 hoste
841 3211 1152 3274 perempto,
1628 3255 1673 3276 η
1704 3215 2004 3276 portunum
2059 3203 2342 3260 doctorem
2392 3201 2739 3259 Turricolam
2806 3203 3126 3260 consultum
3190 3199 3300 3256 sibi

157 3255 687 3348 lmmunesusceleris
709 3255 882 3348 traxit
909 3294 980 3350 ab
999 3255 1152 3360 orco:
1547 3351 1550 3354 ,
1625 3255 1676 3319 C
1703 3255 2012 3363 eremitain,
2041 3297 2136 3368 qui
2158 3297 2337 3368 ipsum
2385 3295 2478 3352 ubi
2532 3295 2850 3366 pratorium
2897 3294 3140 3366 Caiphae,
3197 3292 3295 3349 ubi

161 3379 211 3434 In
234 3391 282 3437 te
312 3399 474 3454 passa
511 3399 731 3440 crucem
763 3386 949 3442 clausa
976 3387 1230 3458 sepulcro
1559 3427 1562 3430 ~
1699 3390 2064 3462 suspendium
2089 3387 2263 3456 Judm,
2289 3403 2418 3460 quae
2436 3397 2720 3459 portarum
2742 3387 2956 3456 Aurea,
3003 3403 3129 3459 quae
3155 3383 3298 3457 Spe-

160 3471 264 3528 Lux
289 3474 354 3530 de
377 3477 531 3544 luce,
563 3475 660 3533 Dei
683 3477 772 3533 dia
799 3494 1074 3552 propago,
1703 3481 1876 3546 ciosa,
1909 3478 2056 3535 unde
2075 3478 2315 3534 Iacobus
2339 3478 2396 3533 in
2441 3494 2686 3549 praeceps
2718 3477 2988 3548 dejectus,
3016 3493 3128 3548 qua
3175 3474 3300 3534 Stc-

157 3561 416 3624 lnfernum
449 3578 754 3640 penetrans
783 3571 910 3627 inde
937 3571 1152 3628 reduxit
1701 3575 1920 3648 phanus
1947 3573 2015 3628 ad
2064 3571 2274 3642 lapides
2315 3571 2546 3641 ejectus,
2592 3579 2650 3626 et
2701 3571 3020 3641 huiusmodi
3064 3585 3299 3640 prorsus

157 3654 294 3722 Quos
319 3661 592 3716 seductus
630 3662 805 3718 Adam
837 3663 942 3719 sub
978 3661 1144 3737 Styga
1172 3665 1380 3720 mersit.
1703 3681 1957 3738 quaenam
2019 3664 2154 3731 haec,
2198 3677 2453 3734 quanam
2487 3663 2580 3718 illa
2628 3661 2811 3718 forent
2871 3661 3196 3716 instruebat.
3251 3662 3299 3713 Α

159 3745 220 3802 At
251 3765 372 3806 mox
390 3752 591 3808 docuit
612 3763 728 3808 tum
767 3755 1070 3810 redivivam
1702 3771 1816 3827 quo
1843 3764 1898 3810 et
1923 3755 2040 3825 ipse
2083 3762 2278 3808 mutuo
2305 3753 2465 3822 cuius
2493 3761 2640 3808 esset
2674 3761 2856 3818 sectae,
2915 3750 3144 3822 patriae,
3163 3750 3298 3806 stir-

160 3837 468 3901 Surrexisse
494 3845 612 3901 dies
634 3847 831 3902 tertius
860 3847 1030 3902 illam.
1709 3849 1818 3920 pis,
1851 3846 2091 3904 nominis
2113 3853 2361 3918 rogatus,
2389 3844 2769 3901 Christianum
2794 3859 2854 3901 se
2900 3843 3300 3916 Normaunige-

157 3931 275 3990 Post
300 3937 413 3994 haec
436 3937 709 3995 aethereas
730 3941 944 3997 scandit
972 3941 1041 3997 ad
1075 3944 1241 4012 aedes,
1711 3957 1841 3997 nam
1863 3939 2271 3997 Wiscardidam
2303 3937 2648 3994 Tancredum
2699 3937 3005 4009 respondit.
3047 3934 3154 3994 Sed
3199 3952 3300 3990 au-

160 4023 283 4082 Nam
310 4029 559 4102 suscepit
579 4047 705 4088 eum
727 4033 1009 4103 splendida
1039 4037 1234 4106 nubes,
1437 4053 1440 4056 '
1704 4032 1820 4088 dita
1855 4030 2128 4088 Wiscardi
2158 4029 2368 4098 sobole,
2411 4038 2641 4101 stupens
2686 4028 2778 4086 ille
2809 4044 2878 4086 ac
2922 4027 3298 4101 perspicacius

160 4116 319 4185 Quem
341 4137 476 4178 cum
505 4123 808 4193 suspiceret
830 4141 965 4197 gens
995 4126 1238 4198 Galilaea,
1707 4125 1930 4180 intuens
1954 4123 2066 4179 ait:
2099 4142 2118 4176 ι
2150 4122 2306 4180 Tune
2328 4123 2476 4180 illius
2503 4121 2730 4194 sanguis
2751 4137 2813 4180 es
2845 4123 3022 4191 ducis,
3048 4137 3161 4194 quo
3185 4120 3304 4178 ful-

162 4210 342 4301 audit:
372 4215 458 4272 sic
481 4214 663 4270 veniet
683 4231 779 4272 seu
806 4219 944 4288 petit
968 4229 1139 4276 astra.
1709 4221 1974 4284 minante,
2025 4217 2230 4273 totiens
2271 4215 2484 4272 Gracia
2550 4216 2818 4283 tremuit;
2866 4231 2978 4288 quo
3038 4215 3298 4301 bellante,

163 4297 277 4359 liae
303 4305 410 4362 scis
446 4305 594 4363 dicto
616 4321 772 4366 sacer
794 4324 956 4367 mons
977 4310 1047 4367 ab
1074 4310 1264 4382 Olivis,
1487 4347 1489 4349 ι
1709 4307 1935 4364 Alexius
1980 4305 2150 4380 fugit;
2197 4322 2310 4378 quo
2346 4305 2652 4374 obsidente,
2687 4305 3048 4378 Dyrrachium
3084 4297 3297 4377 patuit;

165 4388 312 4449 Salve
338 4404 624 4465 praeterea,
661 4397 812 4469 regia
845 4395 1002 4467 Sion,
1711 4400 1872 4470 cujus
1903 4398 2131 4470 imperio
2177 4408 2290 4455 tota
2337 4415 2515 4470 usque
2542 4398 2742 4456 Bardal
2793 4397 3050 4471 Bulgaria
3070 4398 3296 4470 paruit;

164 4480 217 4540 In
237 4502 340 4558 qua
367 4488 694 4561 discipulos,
713 4490 877 4564 Kyrie
898 4492 1106 4550 eleison
1712 4507 1824 4547 non
1849 4491 2094 4563 loqueris
2121 4491 2344 4564 ignaro:
2371 4507 2552 4562 neque
2577 4491 2726 4548 enim
2765 4507 2854 4548 me
2896 4499 3080 4548 tantus
3107 4490 3302 4563 patria:

164 4573 488 4649 Clamantes,
511 4583 698 4639 sonitu
723 4585 830 4640 sub
855 4584 1185 4652 vehementi,
1636 4599 1686 4660 υ
1711 4599 1850 4640 ωδε
1882 4581 2075 4640 fefellit
2099 4585 2412 4655 populator.
2445 4582 2632 4641 Hostis
2658 4584 2748 4641 hic
2796 4583 3081 4655 quondam
3137 4599 3302 4640 meus

167 4663 404 4728 Demisso
425 4673 594 4729 veluti
622 4675 839 4732 turbine
864 4678 1010 4744 cteli,
1707 4692 1857 4733 nunc
1891 4677 2136 4750 demum,
2165 4684 2220 4732 te
2241 4677 2436 4744 misso,
2466 4676 2683 4734 oblatas
2713 4676 2848 4732 mihi
2897 4676 3132 4748 injurias
3161 4675 3300 4750 deli-

168 4757 424 4832 Replestis
451 4765 658 4833 subito,
694 4764 930 4838 Spiritus
959 4769 1124 4836 alme,
1703 4767 1861 4823 nivit.
1897 4749 2045 4824 Vivit
2069 4768 2126 4823 in
2149 4775 2200 4824 te
2228 4767 2432 4836 adhuc,
2463 4767 2597 4824 vivit
2621 4767 2713 4824 ille
2745 4765 3076 4824 formidatus
3124 4749 3300 4838 popu-

170 4847 223 4906 ln
252 4854 450 4928 linguis
474 4859 702 4915 veniens
725 4867 906 4915 terror
933 4869 988 4916 et
1011 4862 1156 4934 igne,
1703 4861 1794 4927 lis,
1825 4860 2072 4917 audaciae
2109 4860 2464 4917 avuncularis
2484 4862 2660 4931 vigor,
2693 4858 2860 4930 cuius
2896 4857 3117 4930 pristini
3155 4873 3301 4915 nova

173 4940 320 5002 Salve
349 4950 502 5005 stella
531 4952 722 5018 maris,
741 4953 913 5022 janua
933 4956 1080 5022 caeli,
1570 4941 1574 4944 ’
1689 4955 1836 5011 .mibi
1867 4954 2042 5012 refers
2075 4955 2311 5027 insignia
2337 4973 2350 5010 :
2376 4954 2664 5026 stupebam
2699 4951 3105 5026 primobostem
3127 4950 3298 5010 adve-

169 5031 350 5094 Partus
376 5041 607 5110 psalma,
639 5051 748 5098 tua:
770 5043 880 5100 lilia
906 5045 1098 5116 prolis,
1709 5062 1838 5102 nam
1863 5055 2052 5117 spreto
2081 5054 2338 5102 consorte
2369 5044 2676 5115 solivagum
2725 5057 3041 5110 occursare,
3083 5051 3299 5099 tantum

175 5124 386 5200 Semper
413 5133 566 5205 virgo
590 5149 820 5191 manens
850 5144 974 5207 post
999 5137 1054 5191 in
1083 5144 1138 5192 et
1161 5144 1286 5192 ante
1707 5141 1880 5196 armis
1901 5148 1957 5195 et
1982 5154 2128 5210 equo
2165 5137 2468 5206 confisum,
2499 5136 2680 5194 socias
2731 5135 2890 5208 sequi
2945 5144 3044 5194 aut
3073 5145 3298 5196 antece-

174 5215 402 5292 Partum,
433 5227 514 5281 vel
537 5228 778 5283 minima:
802 5230 987 5285 nescia
1011 5229 1239 5285 menda.
1709 5231 1840 5287 dere
1867 5231 2159 5302 sperabam
2188 5229 2466 5286 cohortes.
2497 5227 2751 5300 Stuporis
2789 5243 2956 5286 causa
2987 5229 3300 5300 ignorantia

175 5305 216 5363 0
236 5328 324 5381 per
353 5317 639 5374 circuitum
667 5319 912 5387 flumina,
938 5321 1090 5392 ripae,
1711 5341 1835 5380 mea
1861 5333 1982 5380 erat
2003 5366 2018 5392 ,
2060 5338 2186 5380 cum
2218 5338 2328 5395 qua
2361 5331 2419 5378 et
2442 5322 2622 5394 ipsum
2654 5339 2686 5378 a
2713 5338 2803 5379 me
2845 5323 3117 5394 repulisti.
3175 5322 3300 5382 Jam

65 5391 200 5466 Fons,
224 5418 423 5474 nemus,
455 5410 781 5480 urbs,‘casa,
809 5391 1003 5481 mons,
1024 5414 1202 5481 vallis,
1239 5423 1414 5470 avete.
1709 5417 1876 5473 simul
1918 5391 2055 5472 mihi
2079 5391 2299 5474 creatus
2323 5430 2407 5482 es,
2435 5391 2492 5471 et
2511 5414 2582 5471 de
2615 5415 2805 5488 ignoto
2847 5391 3128 5488 cognitus,
3153 5426 3208 5472 et
3233 5417 3310 5470 «ιο

68 5503 198 5566 CXII.
228 5546 288 5556 —-
321 5519 615 5580 Tancredus
652 5527 795 5581 solus
844 5545 871 5582 e
900 5539 1074 5583 monte
1115 5527 1393 5584 Oliuarum
1429 5531 1572 5584 urbe:

1803 5509 2006 5566 terario
2031 5518 2315 5578 strenuus,
2345 5517 2402 5565 et
2421 5508 2490 5565 de
2513 5509 2672 5565 hoste
2694 5509 2862 5566 veteri
2889 5508 3059 5566 frater
3097 5499 3307 5564 novus.

645 5597 966 5653 considerat.
1709 5597 1832 5655 Jam
1867 5607 1920 5655 te
1955 5599 2216 5670 deinceps
2238 5613 2348 5655 non
2377 5599 2646 5671 stupebo,,
2669 5599 2721 5657 si
2751 5598 2950 5660 feceris
2971 5597 3240 5669 stupenda
3282 5614 3297 5651 :

101 5669 349 5768 “Cumque
387 5686 560 5744 vicina
589 5689 727 5745 turri
781 5687 1051 5747 Davidicae
1111 5691 1268 5764 signa
1314 5691 1606 5761 aﬂixisset,
1713 5691 1828 5749 imo
1849 5693 2101 5765 stupebo,
2129 5669 2180 5750 si
2207 5669 2612 5765 stupenda‘non
2635 5690 2959 5760 feceris;ex
2993 5689 3087 5750 illa
3111 5697 3300 5745 ortum

132 5851 197 5922 (ὅ)
229 5854 420 5920 Inclusa
437 5867 757 5938 parenthesi
788 5878 953 5932 erant.
985 5868 1042 5925 in
1089 5870 1338 5940 margine
1383 5869 1589 5936 addita,
1622 5871 1767 5928 unde
1795 5887 1912 5928 non
1936 5869 2071 5928 adeo
2107 5871 2284 5932 oratio
2306 5869 2674 5928 connectitur.
2745 5947 2750 5952 θ
