3838 6306
539 426 648 483 565

1107 427 1199 482 AD
1236 422 1684 484 GODEFRIDUM
1721 421 2009 478 APPEND.
2053 419 2117 477 II.
2155 429 2223 460 -'-
2256 417 2528 477 MONUM.
2571 418 2661 473 DE
2685 416 2909 473 BELLO
2944 413 3187 474 SACRO.
3669 417 3747 476 56I

540 540 750 598 familia
773 557 1115 598 communem
1135 541 1418 595 hominum
1443 540 1584 592 viam
1610 546 1784 592 terere
1804 552 1910 591 non
1935 535 2107 591 decet:
2139 537 2189 594 Α
2213 531 2497 586 Dominica
2523 537 2863 586 monstratur
2892 528 3088 584 oratio.
3138 526 3312 582 Porro
3338 534 3401 580 ut
3439 539 3550 580 rem
3595 526 3749 584 ordine

539 642 780 688 attamen
809 649 960 698 cave,
987 648 1116 687 cave
1147 631 1251 695 ﬁli,
1283 647 1408 686 ecce
1439 629 1629 683 hostis.
1664 647 1683 679 ι

612 722 799 779 CXIV.
818 755 891 765 ——
913 725 1179 778 lrruentes
1209 723 1273 776 ab
1305 722 1430 776 urbe
1457 720 1652 774 milites
1678 719 1822 773 solus
1845 717 2042 788 fundit.

615 815 752 870 Ecce
779 824 934 884 porta
967 815 1167 869 milites
1188 811 1435 877 ell‘undit,
1463 825 1585 881 qua:
1626 810 1785 876 tunc,
1809 816 1872 864 ut
1899 808 1966 863 ad
1988 821 2115 862 eum

543 908 992 972 conscenderent,
1028 907 1082 959 in
1113 904 1306 959 vallem
1333 902 1598 972 Josaphat
1647 901 1890 972 quinque
1915 899 2114 955 demit-

543 1000 692 1054 tebat
726 1017 740 1052 :
772 998 848 1052 illi
881 1005 1030 1052 tanto
1055 995 1360 1050 ﬁducialius
1381 993 1769 1060 adventabant,
1804 1006 1915 1062 quo
1943 991 2118 1046 abun-

543 1091 764 1144 dantius
790 1097 1009 1158 superat
1041 1087 1296 1142 comitem
1343 1085 1474 1153 dux,
1504 1084 1792 1156 quinarius
1828 1084 2112 1138 unitatem.

543 1179 686 1247 Ergo
709 1179 801 1231 alii
826 1179 962 1241 alios
986 1177 1220 1246 quisque
1249 1176 1494 1246 reliquos
1523 1175 1590 1230 ad
1615 1174 1921 1244 diripienda
1944 1171 2117 1243 spolia

541 1285 874 1339 przecurrere
922 1268 1256 1324 festinabant
1290 1289 1302 1324 :
1337 1281 1392 1324 at
1426 1267 1798 1323 Wiscardides
1820 1267 1942 1322 vale
1965 1265 2114 1331 dato,

539 1362 874 1432 colloquium
921 1362 1174 1428 dimittit,
1203 1362 1269 1416 ad
1301 1361 1585 1416 incursum
1614 1376 1698 1426 os,
1730 1359 1998 1424 animum,
2025 1373 2111 1413 so-

539 1452 813 1522 nipedcm,
838 1451 1114 1506 fraxinum
1145 1450 1434 1517 convertit,
1465 1456 1520 1504 et
1548 1465 1710 1519 quem
1751 1449 1989 1519 primum
2027 1462 2117 1502 re-

536 1543 680 1611 perit
705 1543 758 1596 in
785 1551 1024 1597 montem
1052 1541 1358 1608 advolasse,
1381 1541 1542 1612 primi
1567 1541 1712 1610 cogit
1737 1538 1988 1610 spiritum
2015 1539 2118 1595 sub

541 1633 730 1704 Styga,
763 1648 966 1703 corpus
1011 1633 1066 1686 in
1116 1633 1314 1686 vallem
1367 1645 1644 1686 corruere.
1689 1628 1831 1684 Idem
1863 1629 2118 1684 manebat

539 1726 841 1779 secundum
865 1738 1028 1780 casus
1059 1743 1071 1778 :
1102 1723 1196 1778 sed
1225 1723 1517 1778 damnatus
1549 1721 1722 1775 ruinae
1747 1734 1924 1790 equus
1956 1720 2116 1789 equi-

541 1827 650 1871 tem
687 1816 914 1874 salvavit
950 1836 962 1870 :
999 1815 1174 1880 illum,
1222 1815 1472 1884 inquam,
1523 1813 1762 1883 equitem
1815 1810 2116 1866 infortunio

2211 638 2540 696 prosequar,
2583 623 2656 678 ibi
2680 621 2990 693 pyramides
3019 621 3162 686 duae,
3193 617 3447 689 superior
3470 617 3604 687 regis
3622 615 3749 675 Josa-

2217 718 2350 787 phat
2380 714 2638 780 rotunda,
2671 712 2898 768 inferior
2927 727 3060 768 vero
3082 711 3248 778 beati,
3297 717 3358 765 ut
3385 707 3574 777 fertur,
3599 707 3750 768 Jacobi

2216 808 2519 880 quadrata:
2547 805 2691 862 infra
2743 804 2909 871 Siloe,
2939 803 3080 859 infra
3130 811 3330 874 puteus
3356 800 3556 866 Jacob,
3582 801 3751 856 circum

2217 899 2364 954 circa
2390 897 2460 952 ab
2521 904 2758 966 utroque
2796 895 2955 950 vallis
3007 895 3173 950 latere
3217 891 3516 948 eremitalis
3555 891 3753 961 plurima

2218 995 2458 1065 crepido.
2512 993 2644 1050 Item
2700 1009 2731 1047 a
2787 992 3016 1048 meridie
3061 993 3219 1048 vallis
3244 999 3487 1047 montem
3535 988 3651 1044 Sion
3699 992 3754 1048 ab

2217 1085 2604 1141 Acheldemach
2625 1084 2971 1140 disterminat
2987 1103 3002 1152 ;
3011 1084 3166 1154 juxta
3181 1092 3404 1155 puteum
3418 1082 3755 1154 praescriptum

2219 1195 2251 1234 a
2276 1179 2413 1234 valle
2435 1178 2700 1248 Josaphat
2719 1179 2910 1233 exiens
2929 1220 2945 1244 ,
2969 1187 3023 1233 et
3059 1191 3234 1246 usque
3261 1175 3365 1231 sub
3404 1173 3592 1228 turrim
3618 1172 3758 1229 David

2219 1287 2409 1342 gyrum
2433 1270 2664 1337 ducens,
2693 1270 2823 1325 huic
2848 1268 3016 1324 fronti
3055 1268 3200 1322 latus
3231 1265 3438 1338 praebet
3477 1266 3757 1320 continuum

2219 1363 2552 1418 monticulus
2572 1363 2626 1416 in
2650 1362 2803 1418 urbis
2827 1377 2996 1417 cornu
3033 1376 3064 1415 a
3126 1359 3374 1429 Zephyro
3415 1356 3756 1424 descendens,

2221 1456 2275 1509 in
2307 1455 2500 1510 dextro
2523 1454 2694 1509 latere
2716 1453 2882 1524 paulo
2921 1451 3182 1518 erectior,
3229 1450 3285 1504 in
3333 1449 3556 1505 sinistro
3579 1448 3762 1504 vicinia

2219 1546 2412 1601 humili
2435 1545 2549 1601 fere
2585 1545 2914 1615 coaequalis:
2945 1543 3039 1599 sed
3065 1543 3181 1598 hac
3214 1541 3415 1598 vicinia
3445 1555 3608 1610 usque
3625 1538 3762 1595 Josa-

2218 1638 2350 1708 phat
2378 1644 2635 1707 quartum
2689 1634 2864 1691 sociat
2900 1633 3044 1689 latus
3091 1631 3288 1715 castris
3336 1628 3672 1686 accommoda
3709 1628 3765 1683 li-

2219 1731 2428 1803 gendis.

2555 1819 2741 1876 CXVI.
2772 1848 2845 1859 --
2869 1818 3162 1889 Dispositio
3182 1815 3468 1871 exercitus.

542 1909 882 1965 fortunatum
903 1952 917 1976 ,
951 1910 1109 1980 cujus
1137 1907 1292 1963 frons
1321 1907 1549 1962 humum
1579 1907 1710 1961 dum
1756 1906 1958 1976 remrit
1980 1945 1996 1971 ,
2027 1919 2118 1960 cu—
2149 1877 2192 1932 Β
2290 1911 2460 1986 Igitur
2486 1914 2716 1968 comites
2736 1877 3086 1966 Normannus
3109 1917 3165 1964 et
3193 1904 3544 1962 Flandrensis
3585 1905 3678 1960 hac
3717 1905 3768 1959 in

544 1999 688 2068 spidi
709 1999 883 2055 obvia:
908 2009 1096 2068 pectus
1122 2013 1231 2052 non
1266 2005 1352 2052 est
1373 2004 1687 2066 repertum;
1729 1995 1979 2066 praecidit
2013 1994 2118 2049 ita-

542 2106 650 2160 que
686 2091 908 2145 ruinam-
928 2091 1386 2166 ruinaysperatam
1414 2089 1687 2158 insperata
1714 2103 1837 2158 quas
1861 2098 2114 2144 tamen...

542 2184 694 2238 dium
746 2183 875 2239 facit
907 2185 1083 2254 magis
1135 2183 1418 2253 dejeeturo
1470 2197 1636 2252 quam
1667 2181 1976 2252 dejiciendo
1999 2181 2114 2236 si...

542 2277 609 2330 tit
642 2276 852 2331 odiosa.
877 2273 1013 2329 Nam
1041 2274 1166 2329 licet
1206 2272 1473 2328 ambobus
1498 2272 1646 2328 utilis
1681 2272 1828 2326 hunc
1853 2288 1882 2326 a
1907 2272 2116 2339 labore,

540 2368 693 2422 illum
718 2383 748 2424 a
773 2383 908 2424 nece
935 2367 1218 2432 liberaret;
1242 2364 1533 2419 damnatur
1557 2372 1738 2419 tamen
1769 2363 1997 2431 utilitas,
2025 2363 2119 2420 ubi

539 2461 805 2515 damnosa
841 2460 1126 2530 utriusque
1152 2457 1444 2528 impeditur
1481 2457 1758 2513 voluntas.
1785 2455 2004 2512 Tertius
2035 2471 2122 2512 ae-

540 2554 832 2622 celcrabat,
859 2563 912 2610 et
935 2556 1082 2611 hunc
1109 2570 1332 2626 quoque
1355 2553 1568 2610 felicem
1595 2551 1827 2608 dixerim
1844 2593 1859 2620 ,
1911 2550 1958 2606 si
2001 2550 2121 2621 ipse

537 2650 728 2718 jacens
770 2647 1043 2717 jacentem
1092 2664 1151 2704 se
1214 2648 1420 2719 pariter
1471 2649 1654 2720 lugeat
1702 2646 1996 2702 infelicem.
2050 2643 2122 2699 At

540 2738 654 2792 voti
678 2752 927 2808 compos,
961 2739 1220 2807 impotem
1267 2753 1326 2794 se
1351 2736 1513 2806 fecit,
1555 2738 1651 2808 qui
1699 2736 1829 2792 dum
1866 2735 1934 2791 ad
1982 2749 2119 2791 con-

541 2844 790 2899 gressum
813 2830 1029 2883 ruinam
1053 2829 1285 2896 distulit,
1317 2829 1372 2884 in
1401 2843 1701 2900 congressu
1727 2827 1920 2884 durius
1942 2836 1998 2883 et
2024 2827 2122 2883 mi-

542 2921 833 2976 serabilius
854 2921 985 2975 ruit.
1006 2919 1163 2976 ΙΙΙωεὶ
1188 2921 1466 2977 restabant
1487 2921 1596 2976 duo
1616 2936 1853 2991 quorum
1884 2920 2119 2977 stamina

543 3015 860 3082 rumpentes
889 3013 1114 3067 retinuit
1136 3011 1420 3082 parcas.ln
1451 3011 1779 3082 egrediendo
1803 3012 1982 3083 rumpi
2004 3026 2119 3069 etB-

542 3109 756 3174 perant,
803 3112 859 3158 at
903 3118 1030 3158 mox
1077 3101 1282 3173 refugis
1329 3102 1711 3174 redintegrata:
1751 3110 1882 3158 sunt
1911 3101 2065 3158 colus
2101 3116 2116 3156 :

540 3195 744 3264 quippe
778 3193 1043 3249 Taneredi
1063 3194 1352 3263 plusquam
1378 3193 1598 3250 leonino
1619 3195 1878 3250 attonitos
1898 3193 2120 3249 fremitu
2147 3207 2194 3273 ο
2223 3205 2337 3252 tata
2359 3204 2444 3253 est
2464 3197 2680 3252 obsidio
2711 3215 2724 3251 :
2752 3211 2783 3252 e
2817 3195 3072 3266 regione,
3110 3193 3326 3248 duabus
3375 3211 3389 3246 :

543 3285 614 3340 ad
642 3274 866 3354 portam
885 3284 1012 3356 fuga
1036 3283 1233 3339 celeris
1261 3285 1476 3341 reducit
1503 3303 1516 3340 :
1543 3287 1624 3341 sic
1645 3286 1924 3357 quondam
1953 3285 2122 3341 catuli

544 3375 686 3431 ovile
733 3383 1018 3446 repetunt,
1080 3375 1172 3430 ubi
1227 3377 1466 3432 claustra
1519 3374 1692 3430 feram
1751 3381 2118 3441 summovent,

547 3483 714 3539 quam
743 3469 798 3522 in
830 3468 980 3538 ipsos
1001 3475 1210 3524 tutores
1240 3466 1412 3524 fames
1444 3467 1557 3538 egit
1575 3466 1857 3538 jacerbior.
1879 3465 2064 3522 Victor
2088 3481 2121 3522 a

543 3560 824 3616 moenibus
850 3560 1102 3630 repulsus
1129 3575 1292 3630 super
1312 3560 1504 3630 spoliis
1524 3560 1601 3614 nil
1627 3567 1875 3615 movetur
1899 3557 2118 3625 oblatis,

545 3651 819 3720 equorum
855 3649 1112 3705 discursu
1136 3650 1330 3717 libero,
1353 3651 1642 3722 phalerato
1667 3661 1899 3717 ornatu,
1953 3650 2122 3707 divite

545 3755 856 3808 armorum,
884 3740 992 3794 huc
1013 3741 1142 3796 illuc
1173 3755 1514 3811 sparsorum,
1545 3755 1714 3796 aureo
1740 3740 1991 3812 fulgore;
2029 3754 2121 3796 re—

543 3833 626 3888 dit
653 3833 722 3888 ad
747 3846 882 3888 suos
922 3831 1200 3888 soluturus
1238 3832 1416 3888 reditu
1445 3833 1647 3902 quibus
1671 3832 1786 3904 jam
1811 3832 2119 3904 ingemina-

547 3923 642 3976 bat
670 3937 823 3977 mora
864 3922 1257 3978 desolationem
1297 3921 1558 3979 desolatis
1592 3923 1871 3979 abscessu.
1910 3921 2120 3978 Interea

542 4013 860 4085 frequentes
890 4014 1080 4084 copiae,
1111 4014 1419 4070 subsidium
1450 4014 1647 4082 libens,
1705 4015 1968 4086 juventus
2010 4012 2122 4070 fer-

545 4106 673 4161 vida
700 4106 1154 4174 adventavcrant;
1181 4107 1314 4178 quin
1342 4116 1400 4163 et
1425 4107 1944 4178 tenera,duriorque
1964 4117 2118 4176 aetas,

545 4213 716 4253 sexus
754 4213 974 4269 quoque
1003 4199 1243 4266 mollior,
1273 4214 1466 4255 omnes
1494 4199 1759 4254 aderant:
1787 4199 1925 4254 adeo
1945 4199 2120 4256 ﬁrmis

543 4289 795 4345 infirmos
814 4291 869 4345 in
891 4291 1268 4346 concurrendo
1281 4291 1533 4362 aequabat
1546 4305 1701 4362 aequa
1721 4291 1836 4348 sive
1856 4307 1965 4347 una
1985 4306 2118 4347 con-

543 4391 864 4440 currentum
888 4383 1127 4440 devotio.

657 4527 662 4534 .
899 4473 1062 4532 CXV.
1089 4506 1159 4516 —
1178 4477 1478 4547 Descriptio
1507 4477 1764 4532 civitatis.

616 4568 856 4640 Tempus
881 4569 1049 4626 estin
1088 4569 1431 4640 explanando
1473 4577 1678 4626 sancta
1721 4569 1961 4626 civitatis
2008 4571 2122 4627 situ.

541 4655 826 4735 paululum
857 4662 1127 4718 delectare
1158 4670 1249 4716 :ut
1275 4675 1511 4731 quorum
1537 4662 1729 4718 oculos
1758 4677 1985 4732 pascere
2006 4677 2116 4718 non

539 4758 686 4814 valet
697 4766 920 4828 propter
941 4753 1518 4821 remotionem,saltem
1540 4754 1923 4825 animosjuvet
1939 4765 2120 4811 trans-

542 4841 730 4906 missa
762 4849 830 4903 ad
863 4901 870 4906 _
909 4861 1105 4904 manus
1151 4853 1208 4900 et
1256 4844 1377 4901 fusa
1408 4859 1505 4916 per
1549 4861 1763 4901 aurem.
1789 4845 1964 4917 Hujus
1986 4861 2118 4918 ergo

483 4961 488 4964 ·
540 4943 719 4999 sancti
748 4936 1468 5010 ambitusquadrangularis
1495 4949 1579 4995 est
1601 4938 1776 4995 forma
1795 4981 1811 5007 ,
1839 4939 2118 5010 capacitas

540 5035 757 5106 ampla;
785 5033 898 5088 an
929 5031 1084 5088 frons
1108 5032 1282 5087 latr...
1315 5032 1536 5087 boreale
1560 5033 1790 5100 directa,
1830 5033 2001 5088 altera
2028 5048 2122 5088 ve-

541 5143 604 5182 ro
648 5134 706 5182 et
734 5119 967 5181 alterum
1004 5124 1229 5180 sinuosa
1275 5142 1288 5178 :
1319 5139 1446 5180 nam
1482 5125 1647 5180 medii
1695 5125 2120 5182 intervenientes

539 5215 791 5272 anfractu
852 5213 1081 5270 australi
1123 5213 1177 5267 in
1218 5211 1440 5269 Galilaea
1486 5213 1718 5270 occiduo
1766 5215 1914 5284 quod
1964 5215 2119 5272 frons

539 5308 800 5362 altera....
825 5314 1000 5361 tatum
1024 5306 1196 5361 estad
1221 5305 1416 5361 turrim
1460 5304 1633 5361 David
1685 5306 1951 5363 lateribus
1991 5321 2103 5362 nor-

539 5415 757 5454 mam...
775 5399 904 5454 dent
924 5400 1185 5455 linearem
1212 5418 1225 5454 :
1252 5399 1347 5478 sed
1377 5399 1448 5455 ab
1473 5414 1539 5456 eo
1561 5401 1706 5471 quod
1733 5401 1787 5455 in
1814 5400 2114 5457 Eurum....

535 5492 698 5550 vallis
721 5488 986 5561 Josaphat
1009 5502 1250 5549 montem
1277 5490 1471 5550 Oliveti
1493 5495 1845 5551 submovet...
1877 5493 1986 5550 situ
2017 5493 2120 5548 hu-

536 5582 726 5649 milis;
780 5590 1160 5639 contentorum
1216 5595 1400 5642 tamen
1443 5585 1707 5658 dignitate
1755 5582 2114 5655 p'ra:cellens:

535 5679 609 5734 ibi
642 5689 884 5745 namque
908 5673 1250 5744 Gessemani,
1277 5678 1352 5733 ibi
1379 5688 1597 5734 torrens
1625 5677 1863 5742 Cedron,
1904 5675 1980 5731 ibi
2020 5674 2116 5730 Dei

540 5771 677 5827 aula!
708 5767 852 5835 aula,
879 5768 1003 5824 caeli
1035 5769 1234 5840 reginae
1263 5769 1574 5840 sepulcrum
1601 5810 1618 5836 ,
1645 5767 1718 5822 ibi
1748 5775 2116 5838 protomarty-

536 5866 609 5923 ris
658 5861 925 5935 Stephani
958 5864 1215 5936 lapidatio
1281 5865 1353 5920 ibi
1393 5879 1517 5920 cum
1567 5863 1869 5934 sanguineo
1919 5860 2120 5916 sudore

2218 2013 2372 2076 parte
2397 2003 2668 2065 obsident,
2717 2003 2766 2058 ei
2821 2016 2945 2072 quae
2971 2001 3154 2056 adhuc
3202 1997 3261 2053 S.
3297 1995 3558 2066 Stephani
3592 1995 3770 2049 dicitur

2219 2111 2390 2172 porta:
2444 2099 2700 2170 oppositi.
2730 2097 2930 2153 Dexter
2967 2097 3038 2152 ab
3072 2095 3160 2150 his
3183 2093 3502 2150 Taneredus
3529 2091 3770 2156 imminet,

2220 2193 2267 2248 si
2303 2201 2483 2247 tamen
2509 2192 2576 2246 ad
2609 2190 2801 2246 thbi
2829 2199 3010 2246 ortum
3036 2198 3196 2244 terrae
3218 2188 3385 2244 situm
3408 2186 3630 2251 metiris,
3658 2193 3773 2238 tunc

2218 2281 2439 2354 quidem
2465 2279 2690 2336 inferior
2721 2299 2734 2336 .
2759 2281 2806 2335 si
2829 2296 2964 2340 vero
2979 2281 3046 2335 ad
3067 2279 3478 2350 depressionem
3499 2287 3772 2332 tumorem.

2219 2387 2327 2442 que
2351 2371 2474 2439 loci,
2499 2371 2662 2442 paulo
2688 2370 2956 2442 superior.
2981 2368 3091 2439 Ipsi
3110 2368 3489 2439 praescriptum
3510 2366 3636 2420 illud
3663 2381 3774 2420 cor-

2219 2479 2295 2518 nu
2330 2463 2752 2534 expugnandum
2785 2461 3072 2533 contingit,
3099 2460 3243 2517 unde
3270 2459 3451 2515 adhuc
3493 2468 3776 2529 expugnata

2219 2556 2410 2624 turris,
2443 2554 2712 2611 Taneredi
2745 2555 3067 2626 appellatur.
3119 2553 3192 2608 At
3241 2552 3400 2608 ducis
3433 2561 3612 2607 castra
3637 2550 3776 2604 vallis

2219 2656 2436 2720 opacat,
2466 2647 2626 2720 cujus
2649 2647 2804 2703 frons
2830 2646 3145 2717 supradicta
3166 2645 3496 2700 eminentem
3524 2642 3775 2698 Taneredi

2219 2740 2558 2813 pertingehat
2579 2739 2858 2796 viciniam.
2885 2737 3064 2794 Porro
3102 2752 3270 2793 mons
3313 2735 3442 2791 Sion
3487 2733 3775 2790 Raimundo

2220 2831 2421 2889 comite
2449 2840 2713 2888 metatore
2736 2830 2956 2902 gaudet,
2989 2829 3108 2885 solo
3130 2829 3276 2884 muri
3298 2827 3528 2882 humilis
3550 2826 3698 2880 obice
3721 2825 3777 2879 ad

2217 2923 2522 2981 Jerusalem
2559 2923 2882 2990 submotus;
2915 2936 3064 2976 nunc
3111 2919 3468 2986 suburbium,
3499 2917 3779 2988 antiquitus

2219 3031 2349 3086 pars
2371 3013 2543 3083 urbis,
2576 3014 2689 3070 imo
2719 3013 2872 3080 urbs,
2896 3028 3018 3068 eam
3039 3026 3163 3082 quae
3189 3026 3333 3066 nunc
3377 3019 3461 3065 est
3497 3007 3778 3064 Jerusalem

2221 3105 2544 3163 suburbium
2575 3105 2802 3161 habens.
2822 3103 3021 3160 Tribus
3044 3103 3226 3174 itaque
3239 3103 3414 3174 portis
3442 3111 3598 3156 terna
3627 3101 3777 3170 depu-

3437 3191 3608 3246 tertize
3633 3189 3682 3244 id
3709 3198 3779 3244 est

2223 3288 2567 3356 occidentali,
2593 3303 2660 3343 ex
2683 3288 2907 3358 obliquo
2933 3305 2946 3341 :
2978 3286 3120 3341 hanc
3163 3285 3408 3354 subjecta
3430 3283 3573 3338 valle
3596 3283 3664 3338 ab
3696 3298 3778 3338 oc-

2221 3379 2480 3437 cursibus
2509 3377 2742 3436 faciente
2774 3379 3028 3444 liberam,
3073 3376 3196 3432 illas
3217 3376 3398 3431 vicina
3442 3373 3667 3444 planitie
3705 3388 3779 3427 as-

2221 3472 2457 3528 sultibus
2479 3479 2844 3542 opportunas.
2870 3469 2941 3524 At
2961 3469 3118 3525 vallis
3141 3466 3404 3538 Josaphat
3430 3467 3645 3523 vaeavit
3668 3465 3781 3520 lihe-

2221 3579 2282 3618 ra
2309 3573 2424 3619 tum
2448 3564 2554 3618 loci
2579 3563 2708 3629 situ,
2736 3571 2852 3617 tum
2879 3560 3065 3632 populi
3105 3568 3252 3617 statu
3293 3559 3522 3614 liberata
3550 3577 3567 3615 :
3591 3558 3636 3614 si
3677 3557 3781 3627 qui-

2221 3654 2344 3711 dem
2372 3669 2500 3725 pars
2531 3653 2621 3708 illa
2651 3653 2804 3708 urbis
2825 3652 3018 3707 timere
3045 3649 3232 3707 nescia
3261 3649 3402 3704 valle
3425 3649 3678 3715 reducta,
3702 3663 3779 3717 ag—

2221 3761 2368 3818 gere,
2395 3745 2568 3800 arduo
2597 3760 2760 3800 muro
2791 3742 3200 3815 inexpugnabili
3226 3741 3492 3796 munitur.

2393 3834 2602 3890 CXVII.
2620 3834 3048 3889 -—Boamundus
3077 3833 3222 3888 abest
3250 3841 3301 3887 et
3323 3832 3422 3886 alii
3449 3831 3628 3885 duces.

2292 3926 2462 3984 Porro
2487 3927 2759 3985 exercitus
2781 3925 2990 3981 advena
3018 3925 3216 3996 partim
3248 3922 3406 3980 bellis
3431 3921 3632 3992 partim
3656 3933 3783 3974 mor-

2221 4021 2305 4076 bis
2330 4021 2575 4089 attritus,
2600 4019 2897 4090 praesertim
2927 4017 3208 4076 Gallorum
3230 4016 3501 4075 comitum
3541 4011 3781 4084 Stephani

2221 4112 2572 4184 IIugonisquc
2619 4111 3126 4178 absentationibus,
3184 4124 3285 4165 nec
3336 4123 3448 4164 non
3498 4105 3783 4162 Boamundi

2219 4207 2576 4279 principantis
2619 4207 2865 4264 absentia
2913 4207 3242 4274 minoratus,
3277 4220 3380 4262 nec
3414 4219 3577 4260 muro
3619 4202 3784 4259 humi—

2219 4300 2340 4355 liori
2367 4299 2666 4360 subiciebat
2694 4306 3056 4370 oppugnator,
3091 4297 3292 4354 nedum
3333 4296 3580 4353 munitas
3609 4305 3785 4352 natura

2221 4401 2400 4448 turres
2426 4392 2480 4447 in
2517 4400 2641 4447 ortu
2675 4407 2941 4447 occasuve
2981 4391 3199 4462 cingere
3227 4397 3502 4446 tentaret:
3547 4388 3644 4444 sed
3669 4387 3783 4442 duo-

2223 4501 2345 4541 rum
2383 4495 2663 4556 utcunque
2701 4486 2954 4550 laterum,
2987 4483 3277 4553 utriusque
3304 4491 3490 4536 autem
3533 4480 3692 4552 quasi
3729 4478 3786 4532 ad

2147 4547 2198 4609 D
2220 4576 2460 4632 medium
2483 4547 2820 4647 longitudine
2844 4547 3147 4642 obarmata,
3177 4547 3332 4629 tanto
3357 4547 3785 4628 acrius—Christi-

2219 4669 2338 4725 cola
2391 4669 2625 4739 populus
2667 4666 3083 4738 expergiscitur,
3139 4679 3251 4736 quo
3284 4663 3612 4734 ampliorem
3656 4662 3784 4716 inva-

2219 4771 2365 4818 serat
2395 4763 2606 4818 hostem
2650 4775 2910 4817 numerus
2940 4759 3148 4824 minor;
3198 4772 3310 4828 quo
3345 4755 3653 4827 augendam
3689 4752 3784 4807 fore

2220 4853 2510 4920 hostilem,
2565 4867 2721 4908 suam
2778 4852 3050 4907 minutum
3100 4850 3168 4904 iri
3225 4848 3444 4904 turbam
3499 4846 3790 4904 certissime

2221 4943 2536 5010 constabat;
2573 4957 2684 5013 quo
2717 4941 2954 4996 aridiore
2989 4938 3080 4997 siti
3109 4937 3316 4994 mensis
3337 4935 3538 4991 Junius
3563 4928 3785 4991 torrebat

2219 5045 2544 5092 castrenses.
2567 5034 2649 5090 Ad
2672 5034 2982 5101 interiores,
3005 5032 3220 5098 satiem,
3243 5029 3522 5096 umbram,
3544 5029 3784 5099 quietem,

2220 5129 2352 5196 otia,
2397 5142 2656 5194 somnos;
2693 5127 2762 5182 ab
2803 5124 3165 5182 exterioribus
3204 5121 3370 5189 fame,
3421 5121 3560 5189 sole,
3594 5121 3782 5185 labore,

2219 5221 2395 5288 bellis,
2425 5219 2625 5294 vigiliis
2652 5220 2868 5275 laceros
2889 5231 3109 5287 cogens.
3189 5268 3191 5270 .

2547 5306 2777 5364 CXVIII.
2811 5337 2874 5348 —
2897 5306 3166 5377 Aptantur
3199 5304 3480 5360 machina.

2291 5400 2460 5474 Igitur
2483 5400 2627 5458 avidi
2656 5399 2856 5471 quietis
2883 5397 3060 5456 labori
3087 5397 3371 5463 insistunt,
3408 5403 3670 5467 quaerunt
3689 5395 3784 5449 sol-

2218 5493 2352 5553 liciti
2382 5493 2684 5558 machinas,
2714 5491 2978 5562 proximae
3004 5503 3326 5561 parasceves
3347 5503 3614 5553 auroram
3635 5485 3784 5543 muris

2217 5585 2493 5641 destinant
2518 5581 2867 5641 scandendis.
2896 5581 2988 5641 Sic
3011 5580 3156 5640 enim
3185 5588 3646 5650 praememoratus
3669 5574 3784 5633 mihi

2218 5683 2619 5746 praemonuerat
2646 5675 2733 5730 ille
2761 5674 3016 5730 turricola
3043 5673 3372 5739 monachus,
3397 5670 3686 5728 Tauerc’lo
3710 5667 3783 5722 in-

2217 5769 2356 5835 dice,
2379 5768 2715 5824 nostratibus
2743 5781 2808 5822 ea
2829 5765 2918 5822 die
2937 5767 3204 5824 assultum
3234 5764 3511 5822 indicens.
3539 5763 3787 5819 Ceterum

2217 5860 2542 5928 pel-lustrata
2580 5859 3007 5930 circumquaque
3049 5857 3270 5923 vicinia,
3311 5856 3536 5922 nullum
3575 5844 3679 5918 fuit,
