3808 6306
58 350 152 459 ηδ’
649 397 658 404 ·
1221 427 1226 432 .
1341 385 1568 445 GESTA
1609 387 1611 405 ι

1793 385 1973 444 REDI.

3205 375 3316 449 $66.

57 525 182 576 nisi,
205 503 306 562 non
347 505 638 581 palatium,
682 521 790 561 non
845 505 1032 572 turris,
1065 519 1189 576 quae
1238 505 1306 559 ad
1341 477 1624 560 scalarum.
1645 514 1698 570 Α·
1719 501 1885 557 CXX.
1911 532 1980 540 -—
2006 499 2172 572 Ligna
2210 501 2468 581 obsidioni
2504 508 2639 581 apta_
2675 503 2877 572 [rustra
2905 483 3130 576 (μιαιεὶεᾶ
3157 502 3316 576 quasi

57 605 287 662 fabricam
318 601 531 674 lignum
559 601 856 656 mitterent.
886 598 1154 670 Memphis
1183 599 1253 654 ab
1275 596 1616 654 Hierusalem

56 683 348 752 Damascum
375 693 740 764 expultricem
773 708 928 748 suam
967 700 1205 748 veterem
1233 707 1378 747 nova
1408 690 1616 748 vecti-ix

52 789 320 861 expulerat,
349 786 474 842 ideo
506 800 698 842 recens
743 785 926 842 adhuc
964 784 1056 839 ille
1091 783 1360 856 Egyptiae
1390 781 1616 854 expedi-

53 881 191 937 tionis
207 895 382 935 annus
418 878 562 933 nihil
591 877 817 946 siccum,
844 876 984 932 nihil
1006 875 1180 934 viride
1208 875 1505 948 reliquerat
1532 874 1618 930 in-

51 981 326 1030 tentatum:
377 979 610 1026 secretae
647 977 831 1024 tamen
868 969 1092 1025 latebrae
1117 953 1428 1040 aliquantas
1467 969 1615 1025 cola-

50 1068 160 1120 bant
201 1062 410 1129 trabes,
454 1077 585 1133 quae
629 1061 886 1117 solertem
929 1060 1298 1132 nequiverunt
1346 1057 1622 1116 Tancredi'

50 1156 205 1210 fallere
245 1153 702 1210 sollicitudinem.
747 1154 1051 1210 Abstractae
1097 1152 1266 1224 igitur
1304 1159 1360 1208 et
1404 1152 1613 1222 allatae,

49 1263 186 1302 unam
212 1246 480 1302 duntaxat
500 1247 711 1302 scalam
742 1246 988 1319 implent,
1018 1246 1127 1303 hoc
1146 1245 1202 1301 in
1229 1253 1472 1317 tempore
1496 1259 1618 1300 om-

48 1354 148 1393 nem
185 1337 482 1394 removisse
527 1335 774 1410 inopiam
809 1337 1114 1405 aestimatae,
1147 1337 1338 1393 aderat
1376 1351 1618 1408 namque

46 1431 144 1486 dies
161 1430 430 1502 capiendis
459 1431 638 1488 armis
671 1431 959 1502 praeﬁnita,
994 1431 1132 1487 citra
1161 1446 1326 1499 quam
1361 1429 1618 1501 ultraque

47 1520 153 1575 hinc
179 1529 620 1591 coarctaverant,
662 1521 790 1578 inde
819 1521 1180 1578 imminebant
1216 1537 1410 1594 graves
1457 1529 1614 1577 utro-

45 1612 182 1684 bique
212 1614 479 1685 angustiae
509 1635 523 1669 :
559 1607 720 1683 citra,
761 1615 1024 1687 quoniam
1055 1615 1447 1687 investigandae
1488 1630 1613 1671 sea-

44 1703 192 1758 larum
231 1705 478 1761 matcria:
524 1714 716 1762 arctas
761 1716 1110 1763 concesserat
1155 1705 1406 1762 inducias
1452 1705 1616 1761 breve

46 1797 275 1854 biduum:
307 1799 476 1867 ultra,
518 1800 571 1856 si
623 1800 846 1872 quidem
894 1809 1021 1872 post
1057 1801 1232 1868 illum,
1284 1817 1386 1857 nec
1430 1801 1486 1855 in
1521 1799 1614 1855 illo

45 1886 114 1940 die
135 1889 338 1958 prazflxo
367 1905 570 1946 muros
604 1891 879 1959 invadere,
911 1892 1018 1948 hoc
1039 1900 1158 1947 erat
1184 1893 1372 1948 datum
1412 1908 1442 1946 a
1487 1907 1612 1947 mo-
1644 1873 1688 1929 Β

47 1979 190 2033 nacho
213 1980 497 2035 oraculum
522 1981 833 2037 annullare.
861 1981 1091 2054 Propter
1110 1983 1229 2038 haec
1251 1982 1417 2054 igitur
1441 1983 1610 2050 scala,

44 2081 84 2124 et
116 2086 208 2124 una
242 2087 348 2126 non
383 2073 588 2129 habuit
616 2075 822 2130 sociam
855 2084 910 2131 et
933 2076 1053 2132 sine
1079 2075 1227 2132 socia
1256 2075 1453 2148 gratati
1483 2081 1614 2132 sunt

48 2179 198 2217 unam.
231 2162 416 2234 Itaque
441 2182 613 2222 muro
640 2169 947 2238 applicatur
981 2169 1076 2240 qui
1117 2177 1297 2225 turres
1327 2169 1614 2225 continuat

45 2252 177 2306 latus
214 2251 506 2324 Tancredi,
546 2257 844 2313 secundam
872 2259 1082 2315 tertiae:
1132 2259 1364 2331 Jamque
1397 2261 1614 2317 astabat

45 2343 274 2414 sublimis,
296 2357 349 2404 et
369 2349 545 2420 quasi
566 2352 967 2423 sesquipedalia
991 2353 1107 2410 haec
1123 2354 1339 2425 jactans
1365 2375 1377 2410 :
1413 2375 1432 2407 ‹
1462 2353 1611 2422 Quu-

46 2438 163 2492 niam
195 2440 404 2510 quidem
461 2445 654 2500 socias
693 2460 820 2500 eum
857 2447 1221 2517 exspectarim
1252 2463 1365 2504 non
1410 2447 1606 2518 habeo,

47 2527 262 2604 deinceps
289 2544 348 2590 ut
379 2534 625 2592 habeam
661 2553 770 2594 non
809 2540 1167 2610 exspectabo.
1197 2559 1217 2594 ι

344 2679 547 2750 CXIX.
578 2724 650 2735 —-
687 2695 874 2752 Murus
903 2699 1293 2755 conscenditur.

101 2821 244 2894 Igitur
280 2827 512 2898 vicinia,
564 2829 830 2900 inventio,
869 2848 1028 2904 opus,
1070 2833 1382 2906 propinquo
1425 2852 1611 2906 reper-

50 2916 134 2970 tori
165 2919 342 2988 opifica
384 2922 456 2978 ad
501 2925 833 2993 reptandum
863 2927 918 2981 in
958 2943 1148 2983 muros
1178 2929 1438 2984 ducatum
1465 2928 1611 2984 Tan-

47 3011 179 3066 crcdo
217 3014 452 3072 dabant:
501 3034 670 3089 quem
717 3027 900 3075 tamen
942 3019 989 3076 si
1047 3020 1206 3091 cujus
1253 3022 1395 3078 alius
1438 3023 1607 3079 invita

50 3117 146 3157 sors
169 3106 428 3175 vertisset,
459 3109 689 3166 animus
728 3127 856 3167 acer
886 3113 1031 3168 hanc
1075 3113 1179 3168 sibi
1212 3122 1422 3170 tantam
1449 3129 1609 3170 arro-

50 3204 118 3261 get
149 3195 366 3254 laudem.
420 3199 620 3272 Itaque
658 3219 940 3260 morarum
983 3205 1222 3272 nescius,
1267 3206 1379 3276 jam
1414 3207 1609 3278 primis

53 3283 339 3345 innitebatur
366 3293 658 3364 gradibus,
683 3295 796 3366 jam
825 3297 1018 3352 stricto
1050 3314 1181 3352 ense
1212 3298 1402 3354 dextra
1431 3297 1609 3354 fulmi-

54 3379 200 3434 nabat.
250 3381 416 3441 Porro
465 3387 738 3458 majestas
775 3389 1020 3459 generis,
1063 3390 1304 3460 dignitas
1343 3391 1606 3458 nominis,

53 3473 190 3539 gratia
216 3477 411 3546 meriti,
449 3495 584 3549 spes
612 3481 856 3536 merendi
883 3501 896 3535 :
940 3482 1068 3537 hinc
1089 3483 1242 3553 plebs
1277 3485 1606 3552 reclamans,

53 3563 151 3617 inde
186 3568 427 3627 nobilitas
471 3572 776 3640 reluctans,
814 3574 1068 3645 inemptis
1110 3576 1362 3644 obviant;
1385 3576 1610 3648 jamque

52 3653 264 3715 ha’rcntis
286 3662 431 3721 laeva:
459 3665 715 3720 dextram
742 3677 1029 3723 exarmant
1057 3669 1474 3738 apprehensum.
1505 3668 1609 3724 Su-

53 3744 114 3800 bit
135 3755 348 3809 revocati
372 3755 559 3811 ofﬁcio
579 3756 820 3828 juvenis,
842 3767 898 3813 et
921 3758 1038 3829 ipse
1061 3759 1106 3814 si
1135 3758 1249 3816 fors
1266 3760 1440 3832 juvet,
1469 3777 1607 3832 gau-

53 3835 153 3894 dere
170 3841 350 3914 dignus
375 3867 390 3902 z
422 3848 472 3904 si
500 3849 762 3917 invideat,
790 3849 922 3906 ﬂere
951 3851 1190 3923 dignior.
1216 3851 1369 3909 Felix
1399 3853 1487 3910 ille
1512 3870 1610 3926 per

54 3945 209 3988 omnes
240 3937 307 3991 ab
352 3938 466 3996 imo
519 3940 588 3996 ad
642 3957 962 4012 supremum
1008 3944 1238 4013 gradus;
1292 3945 1348 4000 in
1393 3962 1609 4005 summa

54 4023 200 4089 operis
224 4025 423 4086 infelix.
466 4030 794 4104 Arripuerat
825 4034 972 4090 enim
1000 4035 1116 4107 jam
1158 4037 1291 4093 laava
1320 4054 1608 4097 murorum

57 4112 245 4182 apicem,
272 4136 394 4176 cum
419 4123 776 4182 adversarius
801 4127 953 4184 ensis
986 4127 1044 4183 in
1070 4143 1196 4184 eum
1223 4129 1524 4201 descendit,
1550 4135 1611 4191 ut

57 4204 128 4271 qui
161 4205 397 4271 bimanus
434 4223 495 4271 et
539 4215 840 4274 fulminans
867 4205 1031 4275 modo
1068 4223 1485 4291 conscenderat,
1519 4211 1609 4282 vix

59 4292 342 4359 descendere
370 4321 542 4362 ornus
572 4308 754 4380 g.adio
787 4296 842 4365 et
863 4325 1030 4366 manu
1061 4311 1165 4368 hac
1194 4313 1307 4370 fere
1333 4307 1426 4371 illo
1453 4317 1608 4386 peni-

57 4391 127 4442 tus
147 4395 411 4459 potuisset.
446 4397 704 4456 Refertur
738 4402 922 4473 itaque
952 4402 1007 4458 in
1045 4413 1227 4461 castra
1252 4397 1610 4466 medieandus

59 4481 212 4554 auriga
235 4501 422 4545 currus
451 4489 794 4562 Tancredici,
831 4510 994 4565 quem
1029 4496 1217 4553 Simon
1255 4501 1450 4568 tenuit,
1492 4518 1610 4557 ma—

2194 573 2449 628 dirim’tus
2473 574 2824 643 reperiuntur.
2877 631 2880 633 Α
2917 573 2926 576 ⁷
2965 629 2967 632 .

1787 687 2098 744 Coxisulunt
2136 689 2191 744 in
2219 685 2459 745 medium
2487 706 2743 761 proceres
2785 691 3020 748 scrutari
3051 692 3314 760 latebras,

1719 779 1836 834 vias
1879 789 2042 850 atque
2079 780 2224 835 invia
2250 797 2562 852 peragrare,
2607 782 2971 853 undecunque
3009 784 3154 855 ligna
3187 797 3314 840 cor-

1719 873 1912 929 rodere
1939 881 2209 940 statuunt,
2235 882 2299 929 ut
2323 875 2469 930 nulli
2492 875 2610 931 haec
2635 876 2913 948 indagatio
2937 884 3136 948 parcat
3154 877 3312 948 prin-

1717 963 1826 1034 cipi
1852 982 1874 1018 ε’
1917 980 2041 1019 mox
2093 965 2239 1035 quod
2281 966 2539 1021 statuitur
2582 967 2892 1038 impletur:
2935 969 3318 1026 laborantibus

1717 1057 1930 1114 caeteris
1963 1056 2191 1125 frustra,
2223 1055 2538 1116 Tancredus
2577 1060 2908 1116 adesiderio
2937 1077 3042 1117 suo
3078 1076 3188 1117 non
3225 1070 3313 1118 est

1719 1148 2026 1207 fraudatus.
2058 1149 2304 1206 Miraculi
2331 1152 2539 1221 species
2563 1161 2649 1208 est
2673 1153 2820 1224 quod
2850 1155 3110 1222 narrabo,
3133 1169 3318 1224 neque

1718 1251 1799 1311 tu,
1823 1244 2074 1314 quisquis
2097 1258 2214 1299 rem
2239 1244 2378 1300 bene
2406 1245 2748 1315 consideras,
2771 1255 2954 1302 actum
2976 1247 3192 1304 caelitus
3214 1264 3319 1305 πιθα-α

1718 1335 1892 1407 gabis.
3103 1355 3106 1358 ’

1791 1418 2148 1485 Τθιιοτοὰυω
2197 1429 2384 1502 gravis
2432 1429 2759 1487 dissenteria
2804 1431 3125 1504 torquebat,
3182 1448 3312 1488 eum

1717 1529 1899 1577 tamen
1929 1521 2045 1592 ipse
2074 1522 2181 1579 sibi
2217 1522 2518 1594 equitando
2562 1538 2672 1578 non
2715 1533 2983 1595 parceret.
3025 1523 3128 1579 Vix
3167 1540 3312 1596 equo

1718 1613 1983 1682 insidens,
2010 1615 2181 1687 pestis
2209 1616 2303 1671 illa
2334 1616 2530 1672 crebro
2551 1615 2904 1684 descendere,
2930 1617 3092 1689 longe
3115 1602 3310 1674 absce-

1715 1707 1864 1774 dere,
1896 1708 2408 1779 latehrasquaarere
2433 1709 2614 1764 virum
2640 1710 3019 1780 compellebat.
3051 1709 3314 1782 Saepenu-

1716 1815 1871 1856 mero
1902 1802 2007 1859 hac
2035 1802 2358 1858 molestatus
2379 1802 2656 1874 angustia,
2699 1817 2826 1857 cum
2853 1800 3098 1872 fatigatis
3120 1816 3185 1856 ex
3217 1801 3312 1857 iti-

1714 1910 1844 1949 nere
1881 1893 2162 1950 sodalibus
2195 1893 2312 1964 ipse
2341 1893 2516 1948 labori
2561 1893 2754 1948 cedere
2797 1891 3174 1962 ingloriusque
3221 1906 3312 1946 re-

1713 1985 1850 2040 verti
1900 1985 2258 2055 disponeret:
2309 1983 2471 2039 solita
2515 1991 2749 2055 augente
2796 1981 3071 2050 molestia,
3096 1980 3318 2052 gravari

1713 2077 1900 2146 coepit,
1947 2075 2244 2146 elongavit,
2287 2075 2591 2141 descendit,
2637 2074 2978 2131 descendens
3031 2072 3316 2130 sociorum

1711 2169 1901 2228 oculos
1940 2169 2184 2225 evasisse
2233 2168 2480 2240 putabat,
2525 2183 2654 2224 cum
2702 2167 3006 2238 respiciens
3045 2166 3317 2239 comperit

1712 2275 1823 2316 non
1856 2276 1982 2316 esse
2017 2273 2264 2315 evasum.
2315 2258 2562 2331 Longius
2597 2273 2729 2330 ergo
2757 2258 2998 2335 latebras
3035 2255 3316 2329 quarens,

1711 2352 1852 2409 alitis
1885 2353 2067 2409 denuo
2097 2353 2303 2423 passim
2333 2351 2529 2422 aspicit
2557 2359 2844 2422 vagantes,
2881 2350 2962 2406 sic
2980 2349 3098 2421 jam
3129 2349 3313 2416 tertio,

1713 2445 1796 2502 sic
1821 2453 2019 2516 quarto
2041 2445 2229 2500 sedem
2259 2453 2482 2500 mutans
2507 2461 2522 2498 :
2556 2442 2780 2498 demum
2807 2441 2863 2497 in
2893 2455 3119 2498 secessu
3147 2439 3318 2512 longo

1710 2536 1817 2592 sub
1856 2551 1992 2608 rupe
2033 2543 2246 2602 cavata,
2301 2535 2593 2591 arboribus
2638 2534 2829 2589 clausa
2887 2533 3097 2589 circum
3147 2540 3318 2604 atque

1712 2628 2068 2684 horrentibus
2106 2629 2346 2700 quietem
2385 2628 2613 2684 invenit.
2644 2625 2832 2697 Papae!
2877 2625 3004 2698 quis
3039 2633 3100 2680 ut
3129 2624 3316 2682 Deus?

1710 2735 1746 2777 ο
1769 2721 1862 2792 qui
1905 2721 1974 2776 de
2017 2729 2170 2791 petra
2213 2736 2409 2791 aquas,
2435 2721 2531 2793 qui
2561 2720 2628 2776 de
2657 2719 2816 2775 asino
2846 2713 3182 2785 sermonem,
3214 2717 3314 2790 qui

1710 2813 1780 2868 de
1801 2812 1975 2868 nihilo
2001 2813 2185 2868 omnia
2230 2812 2402 2880 eruit;
2435 2812 2554 2882 ipse
2587 2812 2655 2868 de
2684 2811 2920 2882 perculsi
2951 2810 3309 2880 vulneremi-

1711 2903 1824 2960 litis
1863 2905 2164 2986 exercitum
2212 2903 2448 2972 sanavit,
2488 2903 2556 2960 de
2597 2903 2912 2959 infirmitate
2958 2902 3215 2970 firmavit,
3246 2903 3317 2959 de

1711 2997 1870 3068 plaga
1897 2997 1990 3051 vili
2019 2996 2316 3067 pretiosius
2345 2996 2545 3068 quovis
2571 2995 2794 3052 metallo
2832 2994 3140 3051 antidotum
3171 3009 3310 3051 con-

1712 3085 1841 3141 fecit
1869 3104 1880 3140 :
1918 3101 2048 3142 nam
2071 3087 2203 3144 dum
2225 3087 2426 3143 ibidem
2453 3087 2629 3144 virtus
2653 3087 2936 3159 expulsiva
2965 3095 3308 3158 operaretur,

1713 3194 1871 3234 versa
1898 3180 1965 3235 ad
1994 3181 2258 3252 oppositae
2301 3180 2456 3252 rupis
2494 3181 2890 3238 concavitatem
2931 3179 3132 3247 fronte,
3164 3179 3315 3253 ligna

1638 3251 1682 3312 ε
1714 3283 1954 3344 quatuor
2001 3251 2147 3332 intro
2173 3251 2387 3346 patent,
2417 3275 2619 3346 quibus
2657 3276 2806 3332 nulla
2850 3274 3132 3346 proposito
3157 3251 3315 3345 operi

1711 3366 2010 3423 desiderari
2063 3377 2317 3439 poterant
2361 3369 2602 3440 aptiora;
2660 3369 2752 3424 illa
2789 3368 2907 3444 ipsa
2929 3411 2944 3436 ,
2997 3377 3058 3424 ut
3103 3366 3317 3434 fertur,

1711 3469 1875 3514 erant
1899 3476 2136 3531 quorum
2179 3475 2282 3532 ope
2316 3476 2417 3520 rex
2448 3460 2743 3534 Egyptius
2771 3459 3109 3516 Hierusalem
3135 3459 3312 3531 expué-

1715 3561 2003 3627 gnaverat;
2028 3554 2230 3624 quibus
2261 3553 2418 3623 visis,
2454 3555 2569 3627 ipse
2596 3555 2796 3623 adhuc,
2833 3562 2984 3610 tanta
3018 3560 3150 3610 sunt
3171 3568 3311 3624 gau-

1699 3643 1825 3710 ‘dia,
1852 3660 1953 3700 nec
1982 3646 2084 3701 sibi
2122 3646 2372 3712 credens,
2411 3662 2511 3702 nec
2539 3646 2736 3715 oculis,
2767 3646 2946 3719 surgit
2979 3654 3035 3702 et
3076 3645 3320 3713 accedit,
3346 3654 3350 3658 '

1714 3737 1919 3807 palpet,
1949 3753 2064 3792 rem
2093 3739 2374 3809 perspicit.
2406 3738 2551 3810 Ergo
2581 3740 2747 3795 heus!
2782 3739 2945 3794 heus!
2979 3754 3014 3794 ο
3044 3736 3308 3794 comites!

1713 3829 1844 3892 huc,
1896 3831 2004 3887 huc
2042 3841 2334 3900 accurrite,
2372 3832 2606 3901 clamat;
2639 3833 2767 3899 huc,
2809 3832 2938 3899 huc,
2987 3831 3314 3904 ingeminat,

1713 3919 1859 3977 Deus
1887 3937 1954 3977 en
1987 3923 2278 3994 plusquam
2309 3925 2545 3995 petimus
2572 3926 2666 3982 dat
2695 3945 2708 3981 :
2744 3925 3068 3997 quaesiimus
3096 3923 3310 3996 lignum

1711 4014 1866 4080 rude,
1895 4015 2198 4084 reperimus
2227 4013 2606 4072 fabrefactum.
2639 4013 2830 4074 Vocati
2865 4015 3067 4074 adsunt
3091 4025 3306 4072 extem-

1712 4107 1804 4178 plo
1833 4105 1993 4173 socii,
2039 4105 2188 4161 unde
2227 4115 2549 4179 gemuerant
2577 4107 2836 4180 gaudent,
2869 4105 2959 4162 ille
3000 4115 3312 4177 gementem

1695 4200 1892 4256 adhuc
1916 4199 2243 4268 exercitum,
2279 4198 2452 4256 misso
2495 4200 2711 4271 nuntio,
2754 4198 2979 4256 festinat
3007 4197 3311 4256 consolari.

1696 4291 2066 4362 Promulgato
2085 4307 2183 4362 per
2202 4291 2463 4363 populum
2493 4292 2716 4363 gaudio,
2749 4291 2956 4348 tollitur
2982 4307 3088 4348 vox
3109 4288 3315 4346 latitia

1711 4393 1766 4441 et
1792 4383 2178 4440 exsultationis
2213 4384 2269 4440 in
2301 4384 2672 4440 tabernaculis
2714 4381 3074 4451 Francorum,
3117 4395 3314 4456 proce-

1695 4476 1861 4531 ditur
1890 4475 2033 4532 sicut
2063 4476 2115 4530 in
2151 4475 2358 4532 litaniis
2383 4476 2660 4531 cantando
2690 4475 2930 4533 obviam.

60 4572 156 4638 ﬁnis
177 4583 340 4634 tamen
371 4583 578 4638 excidit
615 4585 787 4641 ausis.
824 4584 970 4642 Neve
997 4589 1164 4644 tacito
1189 4591 1411 4648 nomine
1436 4594 1608 4649 auda-
1645 4599 1690 4655 D
1714 4577 1988 4643 CXXIG—
2009 4587 2267 4642 Robcrtus
2321 4585 2689 4660 Flandrigena
2723 4589 2974 4660 opiﬁcum
3003 4597 3147 4644 tutor
3188 4605 3316 4644 con-

62 4660 174 4718 ciam
216 4669 394 4728 militis
424 4686 657 4730 meritus
687 4692 795 4731 non
827 4688 1146 4735 remuneret
1186 4683 1360 4750 favor,
1405 4699 1606 4740 nomen

61 4757 333 4853 eratjuveni
363 4764 683 4835 Raibaldus,
708 4767 939 4825 Francia
964 4771 1145 4840 tellus,
1178 4787 1448 4845 agnomen
1477 4775 1610 4832 Cre-

64 4850 221 4936 tnium,
248 4850 541 4914 Carnutum
573 4859 774 4915 nobilis
822 4870 1000 4929 ortus,
1038 4862 1186 4919 vires
1222 4871 1278 4919 et
1321 4865 1604 4936 probitas;

65 4933 130 4992 ha:
153 4956 356 5016 magnai,
397 4952 576 5023 major
622 4961 678 5008 at
721 4953 836 5022 illa,
878 4953 1115 5010 refertur
1141 4933 1383 5015 saucius.
1436 4933 1609 5019 Nemo

67 5040 213 5126 autem
239 5039 382 5097 relati
411 5045 542 5100 utile
569 5045 728 5100 duxit
760 5047 1013 5118 supplere
1053 5048 1222 5118 vices,
1262 5051 1463 5123 quippe
1489 5054 1606 5126 gla-
1654 5115 1660 5120 ,

69 5119 163 5179 dios
196 5143 371 5189 verens
405 5136 780 5207 descensores,
803 5138 964 5214 mille
992 5138 1047 5194 in
1091 5156 1262 5197 unum
1279 5119 1468 5200 iuni—us
1490 5119 1607 5202 vas-

69 5223 288 5281 cettsoris.
331 5227 483 5286 Illum
523 5232 670 5286 enim
711 5232 767 5287 in
815 5233 1078 5304 angulum
1123 5245 1234 5290 tota
1279 5245 1612 5294 convenerat

70 5320 217 5398 Pllgna
246 5316 475 5391 interior,
517 5340 644 5380 cum
677 5332 824 5381 totus
852 5325 1076 5398 reliquae
1103 5328 1339 5385 civitatis
1369 5330 1610 5387 ambitus

73 5395 124 5450 ab
147 5407 374 5464 exteriori
401 5424 616 5470 vacaret
647 5421 828 5486 sopito
858 5395 1076 5476 similis.
1110 5419 1317 5480 Videns
1357 5423 1610 5483 fraudata

75 5489 290 5590 sedulitas
325 5502 699 5566 defensoribus
740 5509 924 5568 favere
964 5511 1273 5583 fortunam,
1327 5511 1610 5590 Oppugna-

76 5582 244 5674 toribus
282 5605 449 5653 autem
496 5597 808 5672 adversari,
852 5605 1057 5662 scalam
1089 5582 1264 5664 refert
1295 5582 1417 5666 non
1445 5582 1608 5667 modo

80 5673 297 5775 inutilem,
321 5700 495 5744 verum
530 5699 586 5746 et
627 5693 951 5750 damnosam
981 5715 993 5751 :
1028 5697 1076 5754 si
1106 5705 1290 5757 tamen
1319 5701 1387 5758 ad
1415 5701 1606 5775 singu-

80 5755 296 5829 lnitatem
322 5792 629 5848 recurratur
657 5789 1047 5850 excusabilem.

2388 4661 2630 4714 stitutus.

1787 4768 1910 4826 Mox
1937 4777 2067 4827 tunc
2093 4771 2314 4844 eligitur
2343 4771 2495 4843 operi
2518 4771 2879 4844 Flandrigena
2905 4771 3180 4828 Robertus
3199 4772 3316 4842 Opi—

1681 4849 1686 4854 ’
1717 4861 1881 4918 ficum
1907 4872 2076 4931 tutor,
2097 4865 2227 4920 dum
2247 4865 2395 4937 ligna
2423 4875 2617 4922 caetera
2645 4865 2786 4920 fabri
2811 4866 3039 4937 quaesita
3076 4867 3314 4936 reperis-

1687 4964 1694 4971 '
1717 4965 1859 5022 sent,
1877 4965 2090 5026 reperta
2105 4957 2450 5025 incidissent,
2465 4957 2635 5013 incisa
2649 4937 2984 5013 rctillissent.
3003 4957 3316 5018 Lucuserat

1713 5047 1770 5102 in
1798 5049 2096 5116 montibus,
2118 5060 2174 5105 et
2197 5058 2414 5107 montes
2447 5050 2517 5106 ab
2541 5049 2879 5106 Hierusalem
2900 5051 3106 5107 remoti
3118 5044 3316 5124 etquae

1690 5139 1879 5220 modo
1931 5139 2214 5212 Neapolis,
2265 5142 2398 5197 olim
2451 5140 2701 5210 Sebasta,
2747 5151 2873 5199 ante
2919 5141 3125 5216 Sychar
3165 5145 3315 5203 dicta
3389 5141 3394 5145 ’

1711 5241 1815 5298 est,
1846 5233 2154 5303 propiores,
2183 5233 2363 5290 adhuc
2410 5233 2596 5306 ignota
2640 5236 2983 5294 nostratibus
3017 5237 3127 5306 via,
3165 5253 3315 5296 nunc

1713 5325 1943 5380 celebris
1982 5340 2053 5381 ae
2091 5323 2261 5380 ferme
2289 5325 2752 5396 peregrinantium
2793 5328 2980 5385 unica.
3010 5327 3145 5388 Illuc
3174 5347 3313 5403 pra:-

1705 5403 1895 5472 dictus
1942 5431 2132 5473 comes
2184 5415 2363 5473 solitis
2412 5419 2807 5476 comitantibus
2847 5409 3025 5494 quasi
3057 5423 3313 5482 ducentis

1714 5508 1941 5574 missus,
1965 5508 2270 5564 innumeris
2299 5509 2541 5566 hostium
2579 5510 2820 5569 millibus
2840 5501 3155 5585 exponitur,
3186 5525 3317 5571 ante

1716 5609 1769 5657 et
1805 5608 1975 5669 retro,
2007 5601 2359 5658 dextrorsum
2408 5610 2464 5658 et
2505 5603 2888 5661 sinistrorsum
2931 5599 3306 5663 circumfusis.

1715 5691 1837 5764 Ipse
1864 5710 1973 5749 non
2005 5710 2166 5764 secus
2193 5703 2402 5753 turmas
2423 5711 2488 5753 ae
2513 5697 2674 5753 tubas
2703 5713 2872 5769 quam
2899 5700 3132 5769 patriam
3156 5707 3210 5754 et
3235 5699 3305 5754 ti-

1716 5786 1863 5840 biam
1901 5786 2328 5857 perhorrescens
2373 5788 2495 5846 luce
2536 5790 2677 5844 inter
2707 5805 2803 5860 per
2840 5806 2896 5860 q.
2932 5830 2946 5844 .
2981 5830 2996 5844 .
3035 5786 3315 5846 fabrieam

1716 5875 2067 5949 jaculahatur-
2083 5878 2245 5952 feras,
2281 5890 2438 5938 nocte
2461 5898 2586 5941 cum
2627 5881 2800 5939 fabris
2823 5881 2884 5937 in
2911 5879 3084 5937 ferina
3111 5879 3318 5953 epulum
