3838 6306
512 377 630 440 εοτ

1087 377 1182 438 AD
1214 376 1667 437 GODEFRIDUM
1704 375 1997 437 APPEND.
2036 375 2101 433 li.
2138 405 2211 416 ——
2246 373 2519 433 HONUM.
2563 373 2653 431 DE
2692 373 2919 432 BELLO
2955 373 3199 434 SACRO.
3668 379 3747 439 563

511 489 697 547 Eatur.
725 487 916 560 Itaque
948 489 1103 547 labor
1131 490 1223 546 ille
1244 500 1299 547 et
1323 491 1549 547 domino
1576 497 1696 545 erat
1718 504 1845 546 eum
1868 489 2109 549 utilitate
2133 493 2183 554 Α
2211 486 2298 557 lat,
2338 495 2539 556 crates,
2589 503 2793 545 nexusI
2816 488 3132 556 inconnexi,
3174 488 3395 545 annecti
3433 497 3488 545 et
3523 491 3647 565 erigi
3679 498 3756 553 se:

510 582 787 652 voluptas,
834 591 888 638 et
916 583 1294 639 laborantibus
1337 583 1560 639 famulis
1585 591 1741 654 parta
1791 582 1911 639 sine
1955 592 2105 639 metu

512 673 762 749 refectio.
795 672 978 745 thue
1010 675 1147 731 satis
1171 675 1298 731 caesi
1341 673 1571 731 feliciter
1609 670 1871 742 nemoris,
1918 689 2106 732 comes

511 768 657 824 redit
684 768 961 839 sapienter
982 768 1127 823 viam
1167 768 1337 824 armis
1359 767 1753 840 praemuniens,
1787 768 1903 838 ipse
1929 766 2075 823 auda
2092 795 2105 807 -

514 871 631 919 cter
658 879 785 919 cum
809 862 1075 918 retroneis
1103 877 1339 932 sequens
1368 862 1566 933 vulgus
1590 861 1877 934 diligenter
1910 860 1967 915 in
1988 876 2108 917 me-

514 956 609 1015 dio
638 965 843 1024 tuetur,
868 970 965 1026 per
1002 971 1167 1012 arcus
1193 954 1468 1023 Damasci,
1498 970 1595 1026 per
1620 970 1829 1012 cannas
1864 954 2104 1023 Arabiae,

512 1066 610 1121 per
635 1050 744 1121 pila
766 1047 1060 1119 Ethiopiat
1098 1048 1374 1104 indemnis
1408 1056 1742 1115 transmeat;
1786 1046 1883 1102 sed
1918 1043 2107 1101 audita

513 1144 771 1200 comitem
813 1157 999 1198 comes
1057 1156 1329 1212 nusquam
1383 1141 1683 1198 descivisse
1735 1140 2106 1211 prosperitas;

509 1235 739 1290 exitum-
758 1233 993 1288 reditum
1024 1248 1245 1305 semper
1273 1243 1564 1304 prosecuta
1599 1233 1834 1305 hymnos
1860 1241 1918 1289 et
1943 1246 2106 1303 pom—

508 1343 658 1398 pam,
705 1344 736 1383 a
778 1327 1162 1398 complurimis
1204 1328 1461 1398 impetrat
1494 1326 1763 1393 favorem,
1788 1325 2004 1381 laudem
2034 1323 2108 1380 ab

509 1421 772 1477 ornatibus
798 1429 1060 1476 meretur.

1196 1510 1413 1568 CXXII.

581 1604 849 1662 Exstabat
870 1606 1114 1662 medium
1148 1606 1291 1662 inter
1313 1614 1522 1672 castra,
1545 1613 1601 1660 et
1620 1605 1812 1661 vallem
1843 1601 2109 1675 Josaphat

507 1697 843 1770 pomerium,
873 1715 987 1769 quo
1009 1699 1221 1754 nullum
1251 1700 1434 1769 aptius
1471 1708 1567 1753 aut
1600 1705 1788 1768 aptum
1828 1710 1983 1767 mque
2016 1711 2107 1752 as-

510 1793 750 1850 sultibus
780 1793 1047 1858 hostium,
1074 1791 1285 1846 nullum
1311 1791 1526 1847 civibus
1561 1788 1975 1846 formidolosius
2001 1788 2105 1844 im-

2208 580 2365 652 prius
2405 568 2692 636 transferri
2723 580 3060 653 indigebant.
3092 580 3178 636 Ad
3203 578 3633 637 transferendum
3651 600 3749 660 ergo

2207 688 2319 729 nox
2353 660 2593 745 eligitur,
2629 673 2748 729 dies
2778 674 3004 730 crastini
3025 673 3266 746 iacentia
3295 674 3480 746 erigit,
3503 690 3750 751 sparsaque

2207 764 2317 821 huc
2338 764 2468 821 illuc
2483 764 2731 821 membra
2745 765 2802 821 in
2824 780 2987 821 suum
3010 765 3344 838 redintegrat
3364 781 3578 837 corpus.
3592 765 3752 828 Trans-

2206 855 2348 913 latas
2394 871 2615 929 quoque
2652 855 2939 915 machinas
2989 872 3119 913 mox
3156 858 3517 930 transpositio
3555 864 3753 932 sequitur

2207 958 2539 1019 castrorum,
2573 949 2762 1022 utjam
2790 966 2899 1006 non
2927 952 3113 1008 minus
3137 951 3384 1008 obsessis
3420 968 3580 1023 quam
3601 955 3752 1013 obses-

2207 1041 2428 1098 soribus
2456 1042 2637 1113 palam
2669 1043 2843 1112 fieret,
2881 1044 3143 1116 quoniam
3168 1060 3365 1102 murus
3395 1045 3484 1101 ille
3514 1046 3641 1103 bello
3661 1048 3751 1106 fue-

2205 1137 2282 1194 rit
2322 1138 2652 1198 destinatus.
2698 1137 3039 1212 Ingravescit
3085 1140 3272 1213 itaque
3315 1139 3530 1197 civibus
3569 1142 3753 1212 malum,

2206 1232 2463 1290 turbatur
2482 1232 2730 1289 omnium
2759 1248 2920 1291 mens
2944 1233 3164 1290 consilii
3191 1234 3372 1306 inops,
3401 1250 3511 1307 qua
3539 1237 3754 1306 ιιι-θρίδαξ

2208 1324 2387 1382 fuerat
2412 1326 2732 1382 certaminis
2760 1341 3028 1384 occursus
3058 1345 3071 1383 :
3104 1325 3406 1399 fastigiosze
3440 1328 3603 1383 moles
3626 1329 3754 1387 timo-

2208 1435 2325 1476 rem
2361 1420 2731 1477 excluserant.
2768 1419 3039 1477 Praeterea
3079 1428 3291 1492 partem
3335 1419 3485 1475 illam
3513 1421 3664 1476 multo
3687 1439 3758 1478 ue-

2208 1529 2364 1570 more
2393 1514 2664 1571 sollicitus
2707 1513 2987 1571 munierat
3030 1514 3210 1580 labor,
3241 1513 3552 1570 balearibus
3589 1514 3758 1573 scilicet

2211 1608 2500 1665 tormentis
2527 1606 2595 1663 ad
2626 1607 2858 1664 hostiles
2882 1608 3129 1664 assultus
3158 1626 3171 1661 :
3204 1605 3414 1664 frustra
3443 1606 3555 1664 haec
3587 1616 3759 1677 autem,

2208 1700 2411 1772 quippe
2439 1710 2626 1755 amoto
2659 1699 2790 1756 hinc
2819 1707 2875 1755 et
2901 1700 3164 1756 aliorsum
3220 1698 3465 1765 admoto,
3496 1706 3552 1753 ut
3588 1698 3759 1756 dictum

2210 1802 2315 1859 est,
2356 1803 2528 1861 metu,
2552 1792 2701 1864 quod
2731 1801 2916 1849 tamen
2965 1793 3021 1849 in
3059 1792 3325 1849 extremis
3354 1792 3519 1848 rebus
3543 1793 3760 1851 solatium

511 1883 759 1939 minebat
787 1883 1027 1955 :quippe
1055 1883 1205 1939 illius
1223 1898 1396 1939 cornu
1438 1898 1631 1938 murus
1656 1881 1818 1951 paulo
1841 1880 2106 1936 humilior
2138 1881 2182 1940 Β
2207 1894 2398 1955 restat,
2437 1886 2697 1942 machina
2740 1886 2973 1942 interior
3003 1886 3463 1957 transplantatur,
3489 1885 3578 1941 ubi
3619 1900 3760 1958 oppo-

511 1985 652 2043 erat,
682 1976 852 2033 turris
880 1991 1026 2044 rara,
1059 1993 1310 2047 campus,
1357 1985 1418 2031 ut
1458 1975 1593 2041 dixi,
1619 1985 1773 2031 exter
1799 1974 2107 2035 extensior;

511 2083 640 2123 area
669 2068 787 2124 haec
814 2075 999 2124 tamen
1029 2068 1188 2124 hoste
1214 2069 1463 2135 vacabat,
1496 2076 1691 2138 stupor
1732 2067 2025 2139 indigenis,
2052 2078 2112 2125 at

508 2159 860 2232 providentia
899 2160 1107 2216 ducum
1151 2170 1363 2231 partem
1391 2160 1539 2234 illam
1567 2176 1827 2231 supremo
1855 2160 2003 2216 bello
2023 2177 2107 2215 re-

507 2255 788 2321 servabat,
829 2254 965 2310 dum
1016 2254 1189 2311 turris
1228 2253 1407 2326 lignea
1458 2263 1783 2321 strueretur,
1837 2254 1905 2311 de
1951 2255 2111 2326 cujus

509 2346 753 2402 culmine
788 2345 1130 2403 Francorum
1168 2346 1270 2402 alat
1316 2346 1370 2401 in
1404 2345 1608 2402 mtenia
1635 2346 1903 2401 volarent.
1940 2344 2112 2418 Igitur

504 2437 689 2501 allatae
713 2437 887 2505 abies,
928 2453 1245 2510 cypressus,
1271 2447 1326 2494 et
1355 2438 1521 2509 pinus
1545 2454 1707 2495 veras
1733 2438 2107 2507 dissimulant,

504 2528 668 2584 fictas
688 2543 825 2585 vero
844 2528 1181 2585 assimulant
1207 2530 1390 2586 minas
1414 2549 1431 2585 :
1463 2530 1694 2586 materia
1725 2531 1935 2588 scilicet
1955 2530 2112 2589 rudis

502 2621 748 2677 fortnam
777 2628 1060 2692 exspectat
1092 2621 1163 2679 ad
1186 2622 1497 2695 Zephyrum
1549 2632 1610 2680 ut
1644 2622 1879 2681 formata
1901 2623 1969 2680 ad
1996 2622 2108 2679 Eu-

504 2726 641 2769 rum.
662 2721 884 2786 pugnet.

506 2825 753 2885 CXXIII.
768 2857 840 2871 -—
851 2825 988 2885 Dira
1012 2829 1386 2885 obsidienlium
1406 2831 1572 2901 {antes
1586 2848 1613 2897 ς
1627 2831 1889 2886 machina:
1909 2838 2110 2901 optata

514 2946 519 2949 _
1000 2910 1051 2955 et
1077 2903 1333 2956 inanibus
1365 2902 1615 2960 admota.

584 2988 797 3047 Interea
832 3005 973 3048 vero
996 3000 1111 3048 tum
1146 2993 1349 3051 cereris
1384 3004 1499 3051 tum
1536 2994 1700 3051 unda:
1736 2994 1938 3065 inopia,
1968 2994 2108 3051 bella

2210 1978 2316 2036 sita
2351 1978 2663 2039 reverberet
2688 1978 3019 2035 exteriorem
3043 1987 3498 2050 transportatam.

2518 2069 2758 2128 CXXIV.
2782 2102 2855 2113 -—
2890 2072 3042 2127 Aries
3076 2071 3302 2143 impellit
3327 2082 3521 2128 turres.

2277 2162 2461 2220 Parati
2506 2179 2638 2236 ergo
2688 2165 2949 2235 utrinque
2986 2164 3056 2220 ad
3098 2180 3371 2237 pugnam;
3413 2165 3506 2221 alii
3548 2165 3767 2223 tremefa-

2209 2256 2368 2314 ciunt
2398 2271 2613 2324 muros,
2640 2257 2734 2313 alii
2759 2266 3003 2315 tuentur.
3025 2256 3186 2315 Aries
3211 2258 3480 2314 sutfossor
3500 2273 3531 2313 a
3556 2259 3679 2330 pede
3701 2268 3759 2315 te-

2210 2347 2443 2405 rchrans
2466 2356 2646 2404 turres
2673 2358 2921 2419 quassat,
2954 2364 3234 2406 marmora
3266 2350 3494 2406 arietem
3520 2350 3573 2405 in
3595 2351 3765 2406 collum

2210 2455 2377 2511 super
2406 2439 2579 2520 lapsa.
2612 2438 2808 2496 Turris
2854 2456 2962 2496 una
3007 2450 3063 2497 et
3093 2441 3213 2512 ipsa
3256 2441 3490 2512 lignum,
3516 2441 3633 2497 urbi
3661 2457 3767 2498 con-

2210 2534 2454 2605 greditur
2479 2552 2492 2588 :
2519 2534 2615 2591 sed
2636 2542 2694 2589 et
2718 2535 2909 2590 volens
2936 2534 3150 2602 invitae;
3177 2544 3383 2591 nutans
3405 2534 3608 2601 stabili,
3629 2535 3767 2592 altera

2209 2626 2451 2682 occurrit
2478 2627 2772 2695 immobili,
2802 2627 2973 2682 altera
2999 2635 3109 2683 stat
3131 2628 3200 2683 ad
3229 2637 3630 2683 occurrentem.
3651 2627 3710 2680 At
3730 2627 3768 2683 si

2210 2718 2392 2785 liceat,
2418 2719 2595 2775 cedat.
2622 2717 2680 2775 In
2696 2720 2859 2791 cujus
2874 2721 3176 2791 spectaculi
3203 2731 3431 2791 stupore
3445 2720 3663 2791 elephas
3674 2736 3768 2775 ,ηο-

2209 2810 2321 2866 rito
2344 2810 2669 2868 similaudus
2700 2820 2969 2878 recurrat,
2996 2828 3163 2883 quem
3208 2820 3440 2867 narrant
3487 2810 3674 2866 fabula:
3689 2813 3770 2865 sub

2210 2913 2431 2974 aspectu
2456 2903 2629 2959 muris
2659 2902 2949 2975 trepidare.
2977 2902 3190 2960 Interea
3218 2920 3328 2959 non
3364 2913 3548 2959 cessat
3574 2903 3767 2971 clamor,

2210 3007 2321 3048 non
2372 2992 2578 3066 fragor,
2636 3010 2748 3050 non
2795 2996 3036 3051 vulnus:
3095 3011 3250 3063 saxa,
3311 2994 3547 3067 spicula,
3595 2995 3770 3066 sagitta

506 3095 759 3153 quoque,
797 3083 948 3140 aliud
992 3086 1234 3153 minans,
1286 3086 1433 3143 aliud
1483 3086 1727 3154 instans;
1776 3088 1908 3144 illud
1956 3086 2110 3151 furor
2212 3084 2471 3156 utrinque
2491 3086 2922 3154 volantzscuta,
2954 3084 3141 3161 galeae.
3164 3096 3369 3155 crates,
3400 3085 3545 3142 muri
3568 3086 3630 3141 ad
3654 3086 3770 3142 ictus

504 3172 759 3251 ἀείδῃ)ίῂ
786 3176 893 3233 hoc
920 3175 1273 3249 Pahestinus,
1289 3179 1583 3248 Arabicus,
1607 3180 1977 3239 Damasceuus
1998 3181 2107 3236 im-
2142 3242 2175 3251 Α
2214 3177 2528 3249 remugiunt
2558 3196 2569 3233 :
2603 3194 2713 3248 prae
2742 3178 2927 3235 sonitu
2951 3188 3006 3234 et
3026 3177 3202 3249 jactu,
3227 3179 3375 3233 oculi
3398 3193 3667 3250 auresque
3684 3193 3769 3232 non

774 3271 1112 3339 animum;
1138 3242 1428 3343 jam'enim
1464 3242 1708 3330 frutieati
1734 3290 1832 3345 per
1851 3273 2108 3330 circumi-
2133 3242 2177 3301 θ
2210 3242 2398 3341 magis
2426 3242 2887 3328 suum-exercent
2921 3242 3081 3344 opus,
3125 3242 3292 3344 quam
3347 3242 3640 3328 alternum.
3679 3270 3773 3327 Cte-

509 3367 653 3429 tum,
678 3359 851 3419 hastis
880 3372 936 3419 et
964 3364 1152 3437 calybe
1180 3366 1297 3437 ipsa
1326 3383 1429 3424 sua
1458 3366 1614 3439 fruge
1639 3382 1806 3437 quam
1835 3367 2108 3437 germina—
2208 3373 2357 3432 ptam
2393 3375 2576 3419 tamen
2611 3364 2784 3421 moles
2818 3365 2995 3437 lignea
3032 3382 3141 3421 non
3176 3367 3359 3423 tardat
3389 3368 3559 3435 viam,
3599 3367 3771 3423 saltans

500 3462 710 3507 Norant
730 3451 1030 3512 horrebant
1052 3457 1253 3525 allies;
1282 3458 1428 3515 unde
1466 3458 1774 3527 rarissima,
1807 3458 1919 3513 imo
1941 3459 2107 3514 etiam
2208 3462 2431 3523 priestat
2458 3465 2518 3509 ut
2541 3464 2664 3524 post
2708 3456 2964 3512 obrutam
2994 3455 3152 3512 callis
3182 3456 3538 3513 barbicanam
3564 3458 3669 3529 jam
3694 3474 3772 3530 pa-

498 3544 668 3600 -nulla
683 3545 798 3616 jam
822 3549 1305 3606 casn‘ensiinedia
1328 3566 1484 3607 ceres
1502 3551 1713 3607 advena
1728 3550 2103 3608 succurrebat.
2204 3546 2359 3600 lebat
2391 3546 2633 3602 liberior.
2665 3546 2736 3603 At
2774 3547 2868 3604 ubi
2898 3564 2967 3604 eo
2993 3562 3169 3621 usque
3198 3551 3584 3622 appropiatum
3610 3559 3703 3616 est,
3729 3560 3775 3604 ut

500 3636 770 3705 Quaesitis
816 3648 1105 3712 utcunque
1158 3642 1332 3710 vesci,
1380 3644 1653 3700 vesccnda
1688 3659 1820 3701 vero
1861 3657 2109 3715 quaerere
2210 3640 2436 3697 alterna:
2464 3640 2709 3713 cuspidis
2739 3642 2963 3698 obvium
2988 3643 3102 3714 jam
3147 3644 3375 3700 tinniret
3398 3643 3627 3716 ferrum,
3659 3644 3773 3700 idem

502 3737 668 3784 extra
692 3738 874 3787 castra
905 3732 1136 3788 omnino
1179 3749 1288 3788 non
1316 3733 1552 3790 licebat:
1583 3744 1644 3790 ut
1675 3750 1800 3807 qua:
1825 3734 1976 3805 prior
2003 3733 2107 3789 οι)⁴
2209 3733 2303 3805 qui
2338 3733 2622 3790 obstacula
2668 3734 2823 3806 prius
2857 3736 3020 3807 quasi
3073 3753 3255 3810 praeco
3301 3736 3538 3796 Graecus
3563 3739 3776 3813 mylanys

494 3824 732 3891 sederat
749 3840 909 3897 gens,
932 3826 1048 3897 jam
1073 3829 1253 3886 multo
1273 3830 1480 3898 verius,
1499 3846 1667 3901 quam
1687 3829 1966 3898 obsidens,
1996 3828 2111 3886 dici
2210 3828 2458 3885 clamans
2495 3827 2719 3885 domine
2746 3829 3030 3900 sequentis
3071 3839 3403 3898 removerat,
3442 3831 3593 3888 aries
3615 3845 3776 3887 conse-

498 3926 703 3988 :pouset
743 3918 993 3977 obsessa.
1046 3918 1256 3977 Unicus
1302 3931 1359 3977 et
1419 3922 1714 3979 universus
1755 3921 1978 3978 errabat
2013 3936 2111 3992 per
2211 3929 2351 3978 cutat
2394 3919 2565 3977 modo.
2596 3920 2873 3978 turricula:
2918 3920 3116 3978 unicus
3171 3920 3448 3980 obstabat.
3503 3921 3776 3993 Procedere

508 4010 814 4067 exercitum
840 4011 1120 4082 planetes;
1165 4013 1372 4070 frustra
1408 4012 1688 4070 Romanis:
1716 4013 1876 4080 bella,
1900 4012 2108 4071 frustra
2210 4031 2497 4073 murorum
2531 4032 2640 4073 non
2670 4016 3017 4087 permittebat
3043 4016 3279 4087 obiectio
3309 4035 3324 4073 :
3363 4031 3645 4073 recurrere
3681 4031 3776 4070 ma-

498 4099 822 4159 :Antiochite
844 4102 1294 4172 famem,frustra
1316 4104 1560 4175 reliquos
1586 4104 1800 4161 labores
1822 4114 2110 4175 superatos
2212 4109 2374 4165 china
2404 4110 2728 4180 prohibebat
2756 4108 3085 4178 subsecuta;
3117 4109 3379 4165 dextram
3396 4108 3693 4182 [navamque
3713 4108 3779 4165 di-

496 4207 642 4249 .esse
670 4211 688 4248 :
742 4195 1191 4266 quandoquidem
1242 4205 1418 4254 totum
1473 4197 1589 4267 jam
1638 4196 1864 4267 pelagus
1914 4211 2107 4266 perva-

2214 4204 2478 4261 verticulo
2529 4203 2832 4277 gradientis
2884 4212 3082 4259 natura
3137 4203 3411 4276 negabat,
3467 4203 3601 4274 cuja.
3644 4200 3781 4258 refert

514 4284 681 4343 datos
711 4288 1042 4358 apprehensi
1085 4301 1252 4346 arena
1296 4288 1497 4345 littoris
1540 4286 1837 4358 naufragos
1874 4286 2105 4343 fecerit:

2214 4293 2519 4363 dumtaxat,
2550 4296 2715 4352 modo
2751 4294 2959 4367 egredi,
2982 4294 3194 4366 regredi
3224 4293 3408 4362 modo,
3433 4293 3643 4367 digredi
3667 4310 3781 4348 nun-

515 4372 755 4446 Iugubre
801 4376 1001 4450 igitur,
1046 4386 1429 4435 Verumtamen
1478 4379 1671 4449 pium,
1712 4390 1768 4433 et
1802 4377 1886 4435 vel
1934 4378 2108 4450 ipsius
2212 4403 2419 4460 quam:
2460 4388 2611 4444 dedit
2647 4402 2779 4459 ergo
2808 4402 3003 4459 pronas
3030 4384 3403 4442 Normannico
3445 4394 3594 4441 torre
3620 4384 3781 4441 ambo.

512 4466 771 4526 hostibus
807 4471 1120 4528 miserabile
1159 4471 1421 4529 solatium
1464 4485 1762 4527 cerneres:
1796 4486 1949 4537 cum.
1994 4471 2108 4527 Vlla
2212 4489 2333 4537 stus
2359 4480 2549 4545 latera,
2596 4479 2743 4551 quod
2770 4495 2806 4534 a
2842 4494 3016 4535 cornu
3060 4488 3288 4535 strenuo
3323 4478 3547 4550 ungula:
3581 4478 3783 4550 degene-

512 4576 713 4634 perosa
734 4604 752 4632 ,
820 4563 1022 4620 cohors
1085 4573 1316 4620 mortem
1367 4563 1514 4619 ultro
1576 4572 1853 4619 vocaret:
1926 4562 2107 4620 fuerat

2214 4572 2356 4627 ravit
2381 4570 2642 4642 segnities
2669 4590 2683 4627 ε
2716 4571 2768 4626 id
2804 4571 2983 4642 ipsum
3009 4571 3163 4641 prius
3184 4569 3415 4625 interior
3440 4570 3660 4627 flamma
3687 4578 3782 4623 ten-

513 4670 756 4727 namque
817 4656 917 4728 qui
943 4657 1236 4727 conjurato
1277 4657 1482 4726 impetu
1526 4664 1790 4725 tanquam
1833 4655 1902 4710 ad
1966 4671 2107 4711 uxo-

2214 4674 2443 4731 taverat,
2469 4663 2561 4721 sed
2587 4663 2814 4722 alllnens
2838 4664 3090 4720 incendio
3113 4663 3354 4720 occurrit
3377 4662 3524 4717 unda
3554 4661 3781 4725 exterior,

512 4748 632 4804 rios
673 4748 757 4805 sic
790 4749 859 4811 ad
897 4749 1140 4805 murales
1185 4756 1411 4805 ruerent
1445 4748 1751 4817 amplexus
1800 4748 1960 4819 quasi
1998 4763 2110 4803 una
2213 4757 2305 4813 ille
2327 4757 2531 4813 mansit
2556 4756 2781 4812 inlaesus.
2814 4754 2894 4810 En
2919 4756 3115 4811 iterum
3142 4763 3365 4826 sumpto
3391 4753 3626 4810 fulmine
3650 4752 3784 4809 Chri-

511 4855 674 4897 mens
721 4848 777 4896 et
828 4840 970 4897 ratio
1025 4840 1367 4912 singulorum
1420 4840 1536 4896 haec
1574 4838 1759 4895 foret:
1818 4837 2112 4896 Osculabor
2212 4849 2423 4905 sticolis
2466 4847 2845 4904 Mahumicolue
2902 4846 3126 4917 pluunt,
3168 4854 3227 4901 ut
3272 4845 3476 4901 stillata
3524 4855 3783 4902 nocentem

510 4933 873 4989 desideratam
919 4943 1092 4988 meum
1130 4931 1472 4988 Hierusalem
1521 4934 1833 5004 priusquam
1885 4934 2107 4988 moriar.
2213 4940 2478 5010 amphora
2527 4945 2696 5010 potet,
2725 4937 2823 5008 qui
2860 4938 3014 5008 prius
3048 4935 3202 4993 utilis
3225 4936 3348 5007 pice
3381 4946 3439 4991 et
3468 4934 3785 5007 sulphurea

509 5023 730 5082 Miseri!
764 5026 821 5081 in
848 5040 1085 5097 quorum
1109 5025 1299 5081 oscula
1323 5024 1487 5080 modo
1516 5041 1743 5093 tetrum,
1767 5026 1937 5082 modo
1955 5041 2109 5091 saxa,

510 5115 791 5173 interdum
845 5116 1017 5173 sudes
1072 5124 1326 5186 perustae
1380 5114 1566 5171 omnia
1618 5130 1807 5171 necem
1865 5116 2105 5172 subitam

511 5208 750 5265 osculati
798 5208 1060 5280 pluebant
1094 5207 1264 5264 muri.
1307 5207 1389 5263 Ae
1425 5222 1527 5263 nec
1556 5208 1638 5263 sic
1664 5208 1887 5278 quidem
1929 5216 2108 5278 coepta

514 5300 693 5358 semel
710 5300 887 5371 potuit
904 5300 1103 5358 terreri
1129 5301 1381 5358 devotio:
1411 5300 1544 5372 quin
1571 5300 1771 5370 saepius
1799 5300 2110 5371 saepiusque

498 5389 613 5471 alii
633 5390 693 5448 in
729 5401 906 5449 morte
934 5393 1172 5450 aliorum
1205 5394 1426 5452 eosdem
1454 5402 1760 5466 repeterent
1801 5393 2110 5465 amplexus.

513 5481 638 5541 Jam
686 5482 892 5541 exierat
918 5485 976 5540 in
1019 5484 1224 5541 Julium
1254 5486 1434 5554 labor,
1472 5502 1505 5542 a
1551 5486 1749 5543 diutini
1793 5486 2112 5543 certaminis

514 5575 748 5632 exordio
775 5576 1069 5650 quinquies
1097 5595 1197 5651 per
1221 5581 1593 5651 septenarium
1637 5581 1937 5636 revolutus.
1966 5577 2111 5636 Con-

514 5677 857 5725 summatum
881 5680 967 5727 est
987 5688 1149 5743 opus,
1173 5683 1446 5731 tormenta
1477 5672 1797 5740 fabrefacta,
1819 5679 2113 5729 exstructa:

516 5758 810 5831 machinae,
861 5774 1055 5833 parata
1110 5767 1296 5823 omnia
1351 5781 1474 5838 qua:
1523 5765 1809 5837 praesentis
1849 5764 2113 5822 instantia

518 5854 866 5913 necessitatis
893 5856 1205 5928 postulabat
1237 5877 1250 5927 ;
1284 5859 1462 5919 adhuc
1490 5871 1673 5916 tamen
1706 5869 1916 5930 postes,
1947 5857 2108 5912 tabu-

2215 5029 2332 5087 face
2364 5030 2543 5085 fuerat
2571 5028 2864 5085 ustul‘atus.
2906 5027 3177 5098 Expertus
3218 5036 3303 5083 est
3342 5027 3531 5099 itaque
3560 5026 3694 5083 idem
3719 5023 3785 5078 bis

2216 5119 2612 5187 inﬂammatus,
2651 5117 2737 5173 bis
2768 5126 3027 5188 aquatus,
3069 5115 3157 5172 bis
3202 5111 3549 5171 Mahummet
3586 5114 3783 5176 vietum,

2214 5210 2302 5269 bis
2347 5212 2611 5266 victorem
2660 5208 2987 5265 Christum:
3042 5219 3097 5265 et
3140 5208 3231 5264 hic
3276 5224 3502 5280 quoque
3547 5208 3786 5265 elementa

2217 5312 2457 5358 actorem
2485 5306 2864 5372 cognoverunt
2892 5312 3080 5366 suum,
3107 5297 3175 5353 ad
3200 5297 3323 5369 ejus
3356 5306 3581 5365 nutum,
3609 5296 3783 5352 alteru-

2217 5401 2365 5449 trum
2405 5390 2653 5448 victoria
2682 5390 3052 5461 permutantia
3106 5390 3286 5459 vices;
3315 5387 3606 5461 'patefacto
3638 5388 3782 5452 aditu,

2218 5483 2480 5541 machina
2527 5482 2804 5554 procedit,
2857 5482 3028 5539 semel
3083 5490 3249 5553 atque
3300 5480 3504 5537 iterum
3562 5478 3785 5538 saltando

2218 5576 2379 5646 felix,
2413 5574 2611 5633 flebilis
2635 5574 2821 5643 tertio,
2851 5570 2986 5630 silva
3018 5588 3213 5631 recens
3249 5573 3358 5630 sub
3386 5588 3560 5631 onere
3589 5569 3785 5637 fatiscit,

2214 5670 2483 5741 obsequio
2509 5669 2827 5724 immatura.

2217 5761 2887 5821 CXXV.—Machiuarum
2897 5761 3114 5832 eﬂ'ectus
3130 5761 3338 5815 artibus
3352 5760 3578 5816 eludunt
3595 5753 3785 5814 obsessi.

2290 5857 2424 5925 Quae
2466 5856 2626 5927 vulgo
2669 5853 2872 5921 soliva,
2903 5853 3061 5926 quasi
3091 5853 3221 5926 quia
3265 5868 3367 5927 per
3406 5856 3588 5912 solum
3627 5850 3788 5921 vadat.
