3806 6306
72 379 166 442 ωθ

1337 380 1568 440 GESTA
1602 382 1787 444 TANC
1796 385 1974 446 REDL

3215 393 3322 452 570

67 501 376 563 nuncupatur
397 490 549 550 trabs
575 489 697 547 fissa
718 490 864 548 latus
893 491 1126 550 alterum
1148 503 1394 562 enervat,
1417 495 1620 567 quippe
1649 501 1694 562 Α
1724 498 1910 556 Gloria
1943 502 2170 571 militiae,
2198 504 2412 574 generis
2436 481 2656 576 quoque
2679 505 2851 576 gloria
2872 505 3026 562 clari.

43 575 178 640 ἰωςο
219 582 401 654 parieti
448 598 550 654 pro
594 580 950 638 fundamento
994 585 1448 656 subjecta.,L:esa
1487 603 1620 658 ergo

51 667 224 746 pedem
260 674 484 729 alterum
523 671 774 729 machina
819 683 926 730 stat
965 675 1298 744 immobilis,
1322 678 1620 750 procedere

63 765 296 829 invalida,
347 767 689 824 retrocedere
733 767 1044 839 indignata,
1097 778 1281 824 astare
1337 778 1615 828 contenta.

62 857 176 913 Ecce
200 857 386 911 iterum
408 855 567 913 dolor
588 867 641 914 et
666 869 821 914 vetus
840 874 908 914 ex
940 874 1044 914 usu
1073 867 1126 916 et
1154 876 1330 915 novus
1351 876 1417 915 ex
1439 876 1571 918 casu
1600 879 1618 918 :

61 957 285 1004 renovata
319 958 401 1004 est
439 949 745 1018 desolatio,
785 951 1012 1007 cicatrix
1049 961 1224 1008 vetus.
1257 971 1276 1004 «
1322 953 1494 1022 Bene,
1527 954 1618 1010 in-

61 1043 257 1112 quiunt;
297 1058 420 1112 spes
461 1058 683 1114 quoque
725 1042 874 1100 lenta
920 1042 1059 1111 fuit;
1102 1044 1150 1101 si
1191 1044 1412 1116 quidem
1461 1044 1619 1102 inviti

61 1133 371 1202 credidimus,
394 1150 426 1189 a
453 1151 568 1206 quo
596 1148 722 1206 post
746 1136 1015 1192 creditum
1045 1136 1274 1192 laedendi
1300 1136 1616 1208 fueramus;

59 1242 112 1281 en
136 1226 298 1281 exitus
325 1242 490 1297 quem
522 1243 784 1300 praesaga:
828 1228 900 1284 ab
936 1229 1166 1286 exordio
1197 1239 1411 1286 mentes
1445 1246 1623 1303 augu-

57 1319 238 1374 rabant.
273 1339 293 1372 ›
331 1317 479 1376 Inter
509 1321 612 1377 hos
647 1327 830 1377 tamen
859 1322 1120 1393 gemitus,
1151 1321 1347 1381 falcata
1376 1323 1495 1379 acie
1529 1339 1622 1381 ar-

57 1421 207 1467 matur
229 1412 450 1482 pertica,
473 1413 546 1469 ad
571 1413 841 1472 secandus
864 1412 1024 1471 funes
1046 1415 1232 1488 calbe
1255 1416 1466 1484 ellicax,
1487 1433 1622 1488 quo-

55 1520 154 1559 rum
179 1503 399 1559 nexibus
429 1505 711 1576 implicitae
737 1507 806 1562 de
831 1507 1008 1564 muris
1029 1507 1384 1564 minabantur
1411 1509 1618 1564 trabes.

56 1593 229 1650 Horum
255 1596 417 1668 igitur
443 1598 809 1668 excisionem,
839 1598 1058 1654 illarum
1089 1615 1220 1655 mox
1241 1600 1500 1658 comitata
1535 1608 1622 1658 est

55 1687 252 1753 solutio,
281 1688 729 1761 solutionemque
757 1690 921 1748 ruina
960 1709 975 1746 :
1003 1691 1262 1749 dextimae
1303 1693 1621 1749 sinistimze-

54 1794 138 1849 que
169 1780 324 1835 turris
345 1781 618 1850 solatium
657 1783 942 1852 cessabat,
973 1799 1209 1856 quarum
1247 1786 1613 1842 remotiuscu-

53 1873 138 1928 lam
182 1873 492 1932 Taneredus
513 1916 534 1944 ,
577 1877 991 1949 propiusculam
1034 1894 1222 1937 comes
1265 1877 1619 1938 Normannus

52 1965 203 2023 funda:
244 1968 478 2026 balearis
523 1971 745 2027 turbine
789 1971 1183 2028 dissolvebant.
1218 1971 1423 2045 Suapte
1449 1990 1618 2032 causa

52 2060 256 2118 sollicitae
279 2063 681 2118 acclamantem
707 2078 819 2118 non
854 2064 1152 2121 audiebant
1176 2066 1456 2122 viciniam.
1480 2064 1623 2124 Prae-

52 2154 206 2211 sertim
241 2153 622 2212 Normannica
689 2165 802 2213 tam
852 2158 1140 2214 nocentior
1197 2175 1312 2231 quo
1373 2160 1618 2231 propior,

53 2246 247 2317 ideoque
284 2247 542 2304 odiosior
571 2247 734 2306 facile
777 2248 894 2319 jam
938 2249 1326 2306 succubuisset
1368 2251 1620 2323 impulsi-

51 2337 167 2393 bus:
197 2339 286 2394 sed
324 2340 566 2411 objectare
613 2349 889 2398 tormento
925 2342 1098 2413 paleae
1135 2343 1353 2398 ruinam
1398 2344 1620 2401 differe-

51 2428 185 2497 bant;
205 2431 440 2488 latebant
461 2433 620 2488 enim
647 2441 778 2505 post
803 2449 995 2490 saccos
1018 2435 1221 2490 muenia
1237 2475 1252 2504 ,
1279 2443 1338 2490 ut
1359 2435 1475 2505 jam
1507 2450 1619 2492 non

50 2530 307 2580 tremerent
343 2525 412 2580 ad
457 2541 712 2582 marmor
751 2526 968 2584 volans.
1011 2526 1185 2584 Erant
1233 2529 1418 2600 itaque
1466 2530 1622 2586 labor

53 2616 254 2698 multus,
278 2615 494 2674 fructus
536 2619 830 2686 minimus,
861 2620 1114 2692 planctus
1139 2621 1440 2692 plurimus,
1473 2623 1622 2680 risus

51 2707 220 2762 nullus.
269 2707 372 2766 Sed
407 2726 564 2782 quos
593 2710 661 2767 ad
703 2711 878 2767 risum
914 2712 1325 2785 laerymabilem
1361 2730 1470 2769 non
1498 2729 1622 2770 mo-

52 2810 150 2854 veat
175 2802 424 2876 sacerdos
465 2803 739 2872 bellicus,
775 2820 902 2861 cum
942 2804 1230 2862 fatiscente
1267 2807 1460 2862 militia
1483 2848 1498 2872 ,
1530 2807 1621 2862 ille

52 2890 280 2948 delicatus
319 2895 456 2950 ordo
519 2895 575 2950 in
617 2895 761 2953 albis
805 2905 861 2952 et
895 2897 1053 2954 stolis
1099 2897 1304 2953 scalam
1335 2897 1618 2964 vehentes,

51 2980 208 3039 flentes
231 2984 472 3041 vehendo
511 2995 825 3056 gemerent,
847 2985 1028 3042 ﬂendo
1058 2987 1387 3057 psallerent;
1412 2995 1467 3042 et
1501 2985 1621 3043 inec

53 3074 236 3144 quidem
272 3079 516 3148 gestatio
544 3086 600 3134 et
632 3094 772 3149 opus
803 3087 953 3146 erat,
981 3088 1038 3134 et
1065 3094 1278 3145 sermo,
1311 3077 1404 3133 sed
1437 3093 1619 3134 sermo

1719 591 2053 661 Bernardus,
2088 604 2139 650 te
2165 604 2353 652 sancte
2382 613 2588 652 vocans
2615 594 2861 652 Valerice
2888 607 3205 668 patronum,

1718 685 1761 739 A
1789 701 1900 756 quo
1925 696 1979 742 et
2003 703 2304 760 cognomen
2336 689 2522 756 simul,
2549 705 2930 762 agnomenque
2952 693 3233 750 trahebat:

1721 775 1831 833 Vos
1855 787 2035 833 tamen
2069 778 2122 834 in
2150 781 2324 837 muris
2351 782 2659 852 reperitque
2688 781 2942 853 doletque
2965 792 3212 855 repertos

1718 866 1910 924 Nobile
1933 885 2032 940 par
2059 869 2292 927 fratrum
2321 870 2628 939 Lettholde,
2661 881 2958 944 sccnteque
2985 873 3209 932 fratrem

1720 960 2045 1032 Engelberte
2077 972 2200 1018 ortu
2234 978 2548 1035 scansuque
2587 964 2824 1020 secunde
2854 965 3091 1035 priorem
3125 985 3140 1022 :

1714 1051 1872 1120 Quos
1902 1054 2051 1109 scala
2075 1054 2129 1109 in
2164 1071 2352 1111 muros
2385 1057 2438 1110 in
2475 1056 2681 1111 scalam
2714 1055 2970 1111 Flandria
3000 1058 3186 1114 misit:

1719 1145 1921 1204 Moenia
1951 1147 2136 1217 partiti
2171 1148 2509 1216 discurrunt,
2543 1148 2632 1204 ille
2660 1164 2758 1219 per
2780 1147 3011 1217 Eurum,

1719 1235 1942 1295 Fratres
1967 1255 2064 1310 per
2087 1238 2394 1312 Zephyrum
2423 1259 2435 1294 :
2465 1240 2672 1296 laniant
2705 1239 3019 1311 laniataque
3047 1241 3274 1297 trudunt
3303 1261 3318 1300 :

1719 1329 1966 1404 Corpora
1998 1349 2217 1404 quaque
2250 1325 2449 1400 ruunt,
2481 1332 2665 1405 fragor
2693 1333 2796 1389 hos
2826 1335 3105 1405 sequitur,
3137 1333 3323 1405 fragor

1808 1425 1812 1430 ’
3046 1425 3246 1500 [illum.

1719 1514 1905 1572 Prima
1931 1525 2115 1572 tamen
2149 1516 2333 1571 cervix
2369 1515 2631 1574 humeros
2658 1534 2781 1588 quae
2807 1533 2946 1574 caesa
2973 1518 3215 1590 reliquit,

1719 1607 2044 1666 Caediferam
2081 1608 2256 1665 sensit
2280 1609 2528 1665 dextram
2556 1628 2570 1664 :
2597 1627 2720 1681 qua:
2746 1611 2906 1666 tertia
2929 1611 3121 1680 repsit,

1723 1698 1916 1757 Stabat
1946 1701 2126 1757 adhuc
2153 1710 2384 1758 truncus
2406 1743 2421 1768 ,
2453 1718 2579 1760 cum
2603 1703 2716 1773 jam
2749 1703 2996 1773 galeatus
3024 1702 3093 1758 ad
3113 1703 3221 1760 ima

1723 1795 2010 1852 Deciderat
2037 1805 2224 1852 vertex
2256 1816 2270 1852 :
2297 1805 2355 1852 at
2383 1811 2512 1852 mox
2542 1798 2688 1854 hunc
2718 1797 2808 1852 ille
2829 1806 3074 1864 secutus,

1723 1886 1791 1942 Et
1823 1902 1999 1943 caesus
2019 1888 2224 1944 calcem
2249 1896 2334 1943 est
2357 1899 2636 1960 expertus,
2667 1899 2720 1945 et
2744 1889 2950 1960 integer
2978 1904 3166 1945 ensem
3245 1925 3248 1932 -

1724 1980 1830 2037 Sed
1852 1981 1967 2052 jam
1999 1982 2274 2038 crudescit
2303 1970 2529 2051 bellum,
2549 1983 2664 2054 jam
2689 1984 2934 2041 crebrior
2956 1998 3112 2040 arces

1721 2073 1981 2145 Irrumpit
2007 2074 2264 2146 populus,
2291 2084 2528 2130 veterem
2553 2075 2668 2146 jam
2699 2076 2903 2132 mtenia
2931 2077 3107 2131 civem

1720 2162 2007 2239 Indignata
2045 2182 2188 2222 novo
2221 2177 2536 2237 superante,
2561 2177 2782 2237 stupent
2809 2167 3132 2240 gravitatem

1721 2257 1927 2315 Plantae
1955 2259 2229 2325 victricis;
2256 2259 2405 2329 quod
2430 2259 2567 2316 dura
2591 2259 2738 2330 quod
2772 2259 3020 2328 improha
3052 2273 3252 2313 cursus

1720 2351 2024 2425 Praegravis
2054 2352 2319 2420 inculcet,
2351 2352 2540 2422 rapida
2576 2352 2798 2419 involet,
2833 2351 3053 2408 horrida
3085 2350 3284 2422 pulset.

2137 2482 2399 2540 CXXVII.
2428 2512 2500 2525 ——
2532 2481 2668 2538 Urbs
2696 2483 2927 2552 capitur.

1721 2619 1866 2693 Ergo
1892 2618 2074 2691 fugam
2103 2619 2297 2690 trepidi
2327 2620 2463 2676 satis
2493 2628 2787 2690 aspernata
2815 2617 2997 2674 coloni

1721 2711 2024 2768 Excutiunt
2053 2711 2316 2767 tremulas
2345 2721 2661 2767 transverso
2691 2712 2890 2766 vertice
2917 2711 3154 2782 plantas,

1722 2802 1931 2860 Victori
1957 2804 2260 2870 assultant;
2292 2803 2570 2860 admissus
2595 2802 2769 2858 victor
2791 2802 2968 2858 inerte

1721 2895 1883 2954 Plebe
1920 2897 2064 2953 levat
2089 2912 2340 2967 pressos;
2375 2895 2640 2960 assultus.
2673 2893 2918 2966 praemia,
2943 2909 3156 2963 mures,

1720 2989 2000 3047 Ascensus
2028 2989 2201 3046 avidae
2227 2989 2497 3062 graduum
2533 2989 2761 3060 penuria
2790 2989 2968 3060 gentis

1727 3081 1861 3139 Vota
1889 3083 2228 3150 morabatur,
2256 3081 2496 3136 vicinum
2521 3080 2685 3136 limen
2711 3081 2915 3147 aditur,

54 3167 214 3237 magis.
245 3167 518 3242 Tuncque
557 3186 671 3242 pra:
709 3171 897 3228 labore
935 3171 1194 3226 militaris
1234 3171 1483 3242 torpebat
1507 3169 1621 3227 vir-
1656 3239 1690 3246 _
1722 3174 2034 3246 Frangitur,
2072 3185 2237 3246 atque
2263 3173 2510 3229 humeris
2539 3175 2756 3244 pulsato
2781 3173 3003 3229 cardine
3023 3173 3153 3229 solis

55 3264 142 3324 tus,
168 3261 278 3316 visu
305 3239 540 3320 insolito
558 3239 904 3334 experrecta.
935 3263 1096 3319 Redit
1127 3263 1193 3318 ad
1225 3239 1436 3330 muros,
1468 3262 1618 3332 pium
1647 3239 1691 3302 θ
1722 3266 1846 3324 Mox
1870 3239 2219 3339 dosaphateze
2243 3239 2766 3338 patuerunt-robora
2796 3276 2987 3336 portae,

53 3345 161 3406 illud
199 3350 359 3424 Hyrie
388 3354 601 3410 eleison
636 3355 942 3423 comitans;
977 3357 1139 3422 illud,
1168 3356 1424 3428 inquam,
1463 3367 1517 3412 et
1551 3357 1622 3412 ab

53 3437 370 3512 hnopectore
409 3461 728 3520 egressum,
767 3458 822 3504 et
862 3449 932 3505 ad
975 3450 1176 3504 summi
1218 3467 1382 3506 aures
1419 3450 1622 3520 judicis

53 3530 304 3592 efficaciter
347 3553 737 3610 progressum.
797 3536 1094 3596 Exaudivit
1138 3541 1287 3596 enim
1355 3540 1622 3598 Dominus

54 3624 306 3683 c‘amorem
337 3629 712 3686 contritorum
735 3671 752 3698 ,
785 3641 966 3702 neque
995 3633 1138 3689 ultra
1165 3634 1430 3689 sustinuit
1458 3633 1621 3704 perfi-

53 3726 218 3774 utrum
239 3720 635 3794 blasphemias.
670 3721 775 3789 Qui
804 3722 988 3778 divisit
1021 3741 1167 3780 mare
1198 3725 1433 3780 Rubrum
1455 3726 1509 3780 in
1531 3725 1620 3780 di-

53 3809 272 3879 uisiones,
300 3823 348 3868 et
392 3814 590 3870 eduxit
634 3811 810 3870 Israel
851 3831 945 3885 per
982 3815 1215 3870 medium
1253 3816 1368 3886 ejus
1404 3833 1424 3873 :
1459 3817 1622 3871 modo

54 3901 230 3960 solatus
257 3914 340 3961 est
372 3905 660 3963 desolatas
685 3922 841 3975 suos,
864 3915 1030 3979 atque
1063 3909 1154 3964 ubi
1177 3908 1292 3980 jam
1316 3926 1442 3980 spes
1469 3909 1622 3966 exci-

54 3991 182 4050 derat
216 3997 365 4064 vitae,
403 3998 624 4054 aditum
671 4001 938 4058 reseravit
969 4000 1212 4058 victoriae
1247 4017 1260 4054 :
1289 4017 1416 4057 nam
1451 4002 1624 4058 multa

53 4089 258 4154 expertis
277 4131 292 4157 ,
321 4101 377 4146 at
401 4090 616 4146 frustra
651 4101 848 4148 caetera
878 4109 892 4148 :
916 4092 1144 4150 flumina
1174 4108 1395 4166 quoque
1419 4109 1529 4165 qua
1553 4093 1622 4148 li-

55 4188 124 4232 cet
145 4182 336 4250 placuit
374 4184 623 4253 imitari,
653 4193 718 4241 ut
761 4186 848 4242 vel
897 4187 981 4254 sic
1013 4187 1364 4244 clamidatam
1400 4196 1627 4258 possent

54 4287 210 4330 arcem
259 4292 486 4333 exuere.
519 4277 685 4334 Sitire
741 4295 994 4336 cruorem
1046 4281 1259 4336 arundo
1304 4281 1463 4336 solita
1508 4280 1624 4351 jam

55 4363 272 4427 ﬂammas
309 4372 520 4440 vomit,
564 4388 674 4428 non
710 4371 857 4444 jam,
912 4374 1170 4446 inquam,
1215 4374 1488 4446 exstingui
1531 4382 1627 4430 aut

55 4461 367 4533 exstinguere
394 4465 616 4533 sitiens,
643 4465 739 4522 sed
769 4466 1070 4522 accendere
1101 4466 1312 4535 furens,
1344 4467 1626 4523 emittente

1723 3357 1865 3431 Ergo
1894 3358 1986 3416 ubi
2025 3359 2265 3415 claustra
2298 3367 2512 3432 patent,
2535 3369 2732 3415 cuncta
2756 3359 3031 3430 aspirant,
3057 3355 3196 3413 nihil
3217 3355 3308 3413 ob-

3093 3449 3246 3522 [stat.

1723 3541 1864 3614 Huc,
1895 3545 2044 3614 illuc,
2072 3546 2286 3614 dextra,
2313 3547 2469 3614 laeva,
2500 3564 2720 3604 sursum
2743 3557 2906 3616 atque
2931 3545 3220 3607 deorsum;

1722 3635 1826 3693 Per
1855 3646 1995 3704 sata,
2025 3653 2121 3709 per
2145 3638 2366 3706 dumos,
2398 3656 2496 3710 per
2517 3649 2680 3705 tecta,
2712 3655 2808 3711 per
2834 3653 2984 3702 arva,
3014 3651 3109 3706 per
3131 3634 3322 3692 hortos

1723 3727 2031 3796 Dissiliunt,
2058 3730 2412 3797 interficiunt,
2444 3731 2684 3801 rapiunt,
2718 3728 3067 3800 populantur.

1724 3813 1824 3873 Hic
1859 3833 2056 3890 pecus,
2085 3817 2174 3873 ille
2209 3817 2468 3888 domum;
2497 3835 2626 3890 pars
2662 3832 2890 3884 aurum,
2928 3832 3054 3888 pars
3083 3813 3320 3871 orichal-

3077 3907 3249 3982 [cum,
3311 3897 3316 3900 ’

1725 4000 1886 4058 Falsa
1910 4001 2121 4073 decepti
2151 4002 2354 4074 specie,
2381 4001 2642 4074 fulvoque
2670 4003 2884 4070 nitore;

1725 4092 2004 4151 Plurimus
2037 4104 2346 4167 argentum,
2379 4096 2602 4168 quidam
2630 4111 2896 4168 gemmas,
2919 4093 3012 4150 alii
3039 4103 3286 4160 ostrum;

1728 4185 1928 4243 Servos
1951 4187 2224 4256 nonnulli,
2255 4189 2460 4245 cursim
2491 4193 2676 4245 omnia
2703 4198 2758 4245 et
2790 4188 2976 4244 omnia
3011 4187 3236 4258 raptim.

1728 4278 1798 4336 Ut
1821 4291 2004 4336 tamen
2033 4281 2088 4336 in
2117 4281 2281 4354 vulgo
2305 4280 2409 4339 fert
2439 4281 2644 4351 fabula,
2673 4297 2782 4354 qua
2809 4296 2907 4338 sua
2931 4280 3134 4351 cuique

1726 4371 1823 4429 Est
1851 4377 2077 4448 prurigo
2101 4377 2304 4448 gravis,
2330 4377 2480 4446 prior
2504 4375 2632 4432 illuc
2651 4374 2858 4430 involat
2889 4373 3108 4445 unguis.

1729 4465 1820 4524 Sic
1848 4468 2013 4524 modo
2041 4469 2365 4540 posthabitis
2403 4467 2692 4524 ornatibus
2725 4464 3057 4530 ambitiosis,

56 4566 201 4646 cornu
233 4560 442 4630 spicula
465 4601 482 4627 ,
512 4561 763 4617 tellurem
800 4569 962 4632 putes
997 4576 1157 4618 versa
1185 4562 1301 4618 vice
1341 4562 1394 4616 in
1424 4562 1624 4618 crelum
1657 4591 1703 4646 ι)
1729 4559 1850 4627 Quo
1873 4576 1970 4614 sua
1996 4575 2274 4632 quemque
2303 4561 2446 4630 rapit
2466 4559 2716 4630 penuria,
2754 4557 2969 4614 sistitur
2998 4556 3108 4612 illic
3137 4573 3161 4615 ἱ

56 4642 353 4708 fulminare:
381 4653 508 4710 ideo
533 4651 740 4709 ferrum
769 4654 1014 4712 candens
1047 4669 1174 4710 aera
1199 4654 1271 4709 ab
1306 4653 1418 4709 imo
1443 4655 1496 4708 in
1527 4670 1624 4710 su-

57 4736 198 4799 blime
240 4745 508 4815 dissecat,
549 4747 682 4804 dum
725 4763 921 4818 penna:
965 4747 1352 4819 subsequentis
1398 4747 1622 4819 remigio

58 4834 215 4904 adiuta
249 4838 620 4896 llammivoma
651 4839 841 4910 cuspis
879 4840 1065 4910 paleas
1108 4840 1274 4896 simul
1310 4840 1544 4910 perfodit
1569 4849 1625 4896 et

58 4931 304 4999 accendit,
334 4932 496 5004 cujus
534 4931 775 4988 incendii
813 4931 959 4988 vires
998 4931 1246 5003 ejusdem
1285 4931 1422 4987 artis
1455 4931 1620 4987 tutela

59 5031 152 5074 non
189 5020 363 5080 ferens
403 5067 421 5080 .
465 5024 668 5080 cedunt
699 5022 938 5080 ﬂammis
976 5025 1072 5096 qui
1117 5039 1218 5079 nec
1259 5023 1461 5094 jaculis
1497 5032 1625 5080 ante

60 5124 330 5192 cessarant,
353 5133 458 5173 nec
476 5116 710 5174 balistis.
737 5115 956 5174 Vacuos
981 5117 1150 5187 igitur
1169 5116 1382 5172 civibus
1411 5132 1623 5184 muros,

61 5202 198 5258 scalae
230 5206 476 5266 hostibus
504 5224 632 5266 mox
659 5208 874 5279 replent
891 5208 1213 5279 applicatus:
1241 5208 1336 5263 sed
1358 5216 1412 5263 et
1433 5207 1626 5278 pontis

63 5289 213 5350 instar
262 5300 483 5370 trajecta
535 5301 750 5372 palma,
807 5300 956 5358 cives
1009 5301 1264 5358 hostibus
1316 5303 1623 5370 continuat,

63 5382 242 5454 lignum
273 5394 440 5460 saxis,
468 5411 688 5450 murum
718 5395 989 5452 machina
1020 5414 1036 5450 :
1060 5395 1166 5452 hac
1192 5411 1412 5466 quoque
1437 5411 1539 5467 ope
1569 5395 1624 5451 in

65 5478 234 5537 ttrbem
255 5486 392 5556 repit
411 5487 673 5558 juventus
711 5488 872 5544 avida
907 5489 1163 5546 manibus
1189 5489 1419 5560 pedibus
1441 5506 1472 5546 a
1499 5507 1627 5561 pro-

65 5569 197 5628 cellis
215 5575 266 5630 in
291 5589 503 5648 portum
527 5589 782 5638 tranans.

67 5679 678 5748 CXX\’l.—Brrnardus
716 5692 904 5748 Sancti
953 5693 1208 5761 Valerici,
1242 5694 1552 5753 Lettholdus
1576 5707 1626 5752 et

418 5763 766 5836 Engetbertus
792 5781 970 5820 mures
997 5765 1221 5820 subeam

71 5838 260 5905 Primus
280 5850 331 5908 in
355 5852 434 5912 his
461 5855 654 5913 stricto
671 5855 890 5928 juvenis
921 5855 1276 5928 praefulgurat
1293 5873 1444 5924 ense,

1730 4651 1994 4710 Esuriens
2021 4653 2184 4711 furno
2219 4669 2328 4709 non
2359 4654 2534 4710 esurit
2563 4669 2714 4710 arma
2741 4660 2982 4723 reperto,

1728 4741 1841 4800 Nec
1862 4745 2054 4800 sitiens
2085 4745 2229 4800 unda
2252 4745 2366 4802 sitit
2385 4761 2493 4802 atra
2516 4761 2751 4816 pecusve
2776 4753 3016 4814 reperta.

1732 4834 1894 4892 Tecta
1924 4837 2068 4892 subit
2091 4837 2278 4904 Iasus,
2303 4837 2415 4892 ruit
2435 4850 2504 4892 an
2530 4835 2795 4891 velamina
2823 4835 3040 4901 nudus;

1733 4929 1812 4986 Ad
1839 4931 2040 4987 calices
2069 4932 2320 4998 bibulus,
2345 4932 2412 4986 ad
2436 4947 2568 5001 opes
2597 4931 2820 4988 festinat
2843 4945 3063 4985 avarus.

1735 5021 1990 5078 Sternere
2007 5023 2284 5091 nobilitas,
2305 5023 2502 5095 vulgus
2528 5023 2762 5093 spoliare
2788 5023 3000 5080 laborat
3024 5039 3040 5078 :

1727 5113 1881 5172 Miles
1902 5117 2048 5172 caule
2069 5117 2246 5180 rubet,
2273 5116 2382 5171 dux
2414 5116 2737 5171 exhortatur
2755 5122 2807 5169 et
2831 5123 3006 5184 urget.

1730 5206 1869 5264 Hinc
1897 5209 2060 5264 ambo
2087 5209 2272 5276 validi,
2310 5208 2540 5264 comites
2575 5207 2759 5272 ambo,
2789 5206 2954 5264 ambo
2984 5205 3234 5275 Roberti,

1729 5300 1828 5358 Hic
1848 5300 2291 5358 Normannorum
2317 5316 2524 5368 comes,
2553 5300 2642 5356 ille
2671 5298 3182 5372 Fland-rigenarum,

1731 5395 1960 5466 Duxque
1993 5393 2324 5450 Godefridus
2348 5393 2490 5450 bello
2525 5393 2879 5450 celeberrima
2914 5393 3114 5462 virtus,

1727 5485 1882 5544 illinc
1908 5487 2297 5558 magnanimus
2319 5486 2493 5541 sancti
2520 5502 2708 5543 comes
2733 5485 3064 5558 Egidianus

1728 5579 1772 5633 E
1801 5579 2024 5652 regione
2060 5595 2228 5635 ruens
2254 5578 2466 5636 vicinas
2487 5579 2783 5638 scanderat
2806 5595 2983 5647 arces,

1727 5671 1796 5727 Et
1821 5687 1989 5743 quam
2026 5669 2340 5728 Davidicam
2372 5679 2536 5728 vocat
2565 5669 2769 5739 incola,
2799 5671 3050 5731 cinxerat
3072 5668 3268 5738 armis.

1727 5763 1847 5818 Non
1875 5763 1994 5820 sine
2022 5763 2320 5819 multorum
2349 5781 2484 5822 nece
2508 5764 2775 5838 prarcipiti
2805 5761 3144 5833 refugarum,

1730 5859 1886 5926 Quos
1906 5855 2034 5930 fuga
2057 5856 2122 5916 dc
2149 5857 2324 5916 muris
2346 5857 2411 5916 ad
2441 5858 2658 5934 asylum
2680 5866 2917 5922 traxerat
2945 5855 3109 5916 arcis.
