3838 6306
1687 283 1718 300 δ
1733 289 1740 297 μ
1753 283 1936 301 αι’-*γαρ

501 423 601 484 671
705 375 708 378 ”

927 537 1210 596 CXXVIII.
1235 570 1305 579 —
1332 537 1653 593 Tancredus.

496 635 569 690 At
587 631 902 691 Tancredus
922 631 1111 698 homo,
1136 631 1232 700 qui
1260 646 1369 686 non
1405 628 1590 692 homo,
1618 623 1711 679 sed
1734 625 1839 690 leo,
1871 621 1967 679 sed
1989 635 2089 677 nec

495 723 574 780 Os
595 725 851 780 oculosve
879 721 983 788 leo,
1013 721 1147 792 quin
1183 719 1294 774 imo
1319 734 1416 773 cor
1437 717 1551 788 ipse
1575 715 1770 782 leonis,

499 815 580 870 Ad
609 815 818 886 majora
843 812 1003 880 furit;
1033 817 1225 865 neuter
1245 809 1391 880 quod
1423 806 1659 864 somniet
1678 805 1838 876 Ajax,

498 905 617 963 Non
649 905 865 972 Hector,
889 919 998 960 non
1031 901 1331 957 Hectoreus
1360 904 1649 969 superator
1675 895 1917 953 Achilles

499 998 709 1054 Audeat
740 1017 752 1052 :
778 999 882 1052 hoc
902 994 1061 1050 facile
1081 1002 1135 1050 et
1156 1007 1392 1064 pronum
1423 987 1769 1046 Wiscardida
1792 985 1950 1042 ducis

497 1091 664 1146 Curia
689 1088 1034 1158 templorum,
1063 1101 1210 1140 nunc
1237 1083 1404 1139 unius
1438 1091 1563 1138 ante
1587 1080 1844 1146 duorum,

498 1181 654 1238 Nunc
676 1189 886 1236 tantum
909 1177 1139 1244 domini,
1162 1176 1317 1248 prius
1335 1183 1392 1231 et
1411 1175 1621 1232 domini
1649 1182 1702 1228 et
1732 1171 2045 1228 Salomonis
2072 1188 2087 1226 :

497 1271 611 1327 [Ioc
639 1271 858 1342 quidem
894 1269 1074 1325 adhuc
1107 1275 1265 1342 gyrat
1300 1267 1474 1336 latus,
1512 1265 1646 1322 illud
1674 1273 1728 1320 et
1760 1271 1949 1319 auster
1987 1263 2090 1318 ha-

1814 1354 2018 1428 [bebat,

493 1451 620 1508 llaec
640 1453 884 1523 spatiosa
915 1467 1089 1522 capax
1114 1451 1453 1508 circumdata
1481 1449 1758 1506 mcenibus
1780 1448 1926 1514 altis,

491 1542 730 1598 Cardine
755 1551 868 1596 tam
893 1542 1112 1613 gemino
1140 1540 1343 1596 ferrata
1372 1538 1556 1612 fugam
1584 1549 1748 1610 atque
1778 1539 2051 1605 timorem,

493 1632 810 1702 Ilorrorem,
841 1642 896 1688 et
923 1633 1128 1689 bellum
1150 1641 1321 1690 totam
1344 1632 1456 1689 imo
1479 1641 1760 1703 receperat
1780 1631 1971 1686 urbem
2001 1647 2014 1684 :

493 1724 610 1782 Hoc
630 1727 858 1782 adamas
888 1725 1096 1781 ferrum
1117 1768 1132 1794 ,
1163 1725 1363 1781 durum
1393 1724 1519 1793 hoc,
1548 1724 1643 1780 sed
1671 1724 1862 1780 durior
1892 1723 1982 1780 ille

492 1817 814 1874 Tancredus
842 1819 1045 1889 pulsat,
1077 1817 1392 1889 confringit,
1418 1815 1671 1883 conterit,
1703 1815 1869 1870 intrat
1902 1834 1915 1870 :

491 1910 666 1980 Cujus
687 1908 756 1964 ad
786 1909 1072 1965 introitum
1097 1908 1234 1981 fugit
1255 1909 1608 1965 irrevocabile
1629 1909 1826 1978 vulgus

494 2001 562 2056 Et
588 2000 984 2058 Salomoniaca:
1006 2001 1453 2073 quindeniforum
1475 2002 1619 2056 latus
1642 2000 1782 2056 aulae

493 2092 841 2162 lraumpunt;
873 2094 1024 2166 piger
1053 2109 1184 2150 ense
1205 2093 1370 2161 cadit,
1396 2093 1541 2149 celer
1565 2092 1754 2164 eﬂugit
1781 2107 1993 2160 ensem,

491 2183 733 2254 Compos
766 2172 949 2255 eﬂ‘ugii
988 2195 1202 2256 portam
1232 2187 1471 2254 obserat,
1497 2185 1654 2242 obice
1675 2184 1850 2252 fulcit,

489 2274 598 2329 Aut
620 2275 743 2331 vitae
772 2277 984 2333 stabilis
1013 2293 1167 2349 spes;
1196 2289 1293 2334 aut
1320 2294 1473 2334 mora
1503 2278 1765 2350 quantula
1786 2277 1982 2334 mortis

487 2365 571 2422 Ad
599 2359 814 2423 Domini
844 2371 1106 2441 templum
1132 2373 1296 2427 vertit
1321 2388 1382 2428 se
1403 2373 1586 2439 vertit,
1611 2381 1665 2428 et
1687 2387 1814 2428 ecce

489 2455 705 2513 Limina
728 2459 994 2530 signifero
1025 2461 1309 2531 patefiunt,
1336 2463 1576 2518 culmina
1604 2465 1781 2535 signo.

849 2550 1089 2606 CXXIX.
1112 2583 1181 2593 —
1205 2551 1476 2624 Templum
1506 2554 1723 2625 spoliat.

490 2637 681 2695 Stabat
704 2641 759 2696 in
782 2643 1000 2698 excelso
1032 2644 1391 2700 simulacrum
1417 2645 1579 2702 fusile
1603 2648 1822 2715 throno,

488 2731 712 2788 Scilicet
736 2743 1021 2807 argentum
1054 2753 1238 2807 grave,
1265 2737 1355 2793 cui
1377 2738 1468 2793 vix
1493 2754 1622 2794 sena
1653 2739 1879 2796 ferendo

485 2822 719 2879 Dextera
745 2825 976 2881 sufﬁciat
1009 2825 1197 2894 fortis,
1225 2829 1312 2882 vix
1346 2828 1484 2883 dena
1510 2829 1759 2885 levando.

488 2913 604 2969 Hoc
629 2915 716 2969 ubi
743 2914 1058 2973 Tancredus
1087 2928 1418 2990 prospectat,
1439 2938 1458 2970 ι
1487 2918 1631 2974 Proh
1657 2920 2080 2992 pudorlinquit,

488 3005 631 3072 Quid
659 3007 760 3062 sibi
787 3009 902 3064 vult
923 3026 1186 3080 praesens,
1211 3028 1332 3082 quae
1352 3021 1461 3067 stat
1485 3012 1735 3070 sublimis
1761 3013 1978 3086 imago?

486 3097 630 3165 Quid
671 3099 776 3155 sibi
815 3101 932 3156 vult
968 3103 1084 3158 haec
1114 3103 1353 3174 elligies?
1385 3104 1517 3174 quid
1555 3106 1802 3176 gemma?
1829 3105 1959 3176 quid
1985 3122 2084 3160 au-

1105 422 1200 479 AD
1235 415 1689 482 GODEFRIDUM
1728 406 2022 468 APPBND.
2055 404 2120 461 Il.
2161 433 2230 443 —-
2267 397 2544 458 MONUM.
2583 397 2672 452 DE
2708 395 2934 454 δεῖ,ιο
2975 393 3224 452 SACI'IO.

2118 524 2169 586 Α
2195 515 2336 572 Hinc
2367 514 2646 572 revestivit
2668 511 2871 579 nudos,
2894 521 2948 567 et
2986 511 3136 583 pavit
3157 515 3380 581 egentes

3650 393 3734 450 5T!

2194 607 2334 665 Hinc
2358 621 2578 679 quoque
2600 604 2808 660 militiae
2829 618 3120 660 numerum
3143 615 3312 673 quam
3332 599 3447 656 sola
3468 597 3682 670 voluptas

2194 701 2382 768 Auxit,
2412 709 2466 756 et
2493 698 2738 756 externis
2778 712 2876 753 sua
2905 695 3059 752 fulsit
3083 695 3240 766 signa
3263 689 3534 762 maniplis.

2196 793 2312 849 Sub
2337 791 2573 865 gemmis
2607 790 2810 862 paries,
2835 789 2940 844 sub
2966 788 3200 860 gemmis
3232 785 3405 840 multa
3433 783 3678 853 columna,

2193 883 2364 940 Multa
2394 884 2498 940 sub
2520 891 2749 954 argento
2773 881 2997 948 latebat,
3028 879 3202 934 multa
3229 876 3336 933 sub
3361 888 3515 930 auro.

2193 975 2434 1048 Insignis
2461 974 2683 1031 fabrica:
2711 974 2906 1042 decus,
2938 987 3032 1028 ars
3058 967 3387 1027 celebranda
3423 981 3517 1039 per
3536 967 3713 1036 orbem,

2193 1063 2450 1121 Materies
2479 1063 2655 1120 oculis
2677 1063 2923 1118 solamen
2947 1058 3244 1116 deliciosis.

2193 1153 2481 1227 Tanquam
2504 1163 2862 1226 conspectum
2903 1152 3140 1226 fugiens,
3173 1151 3463 1219 lucemque
3490 1163 3664 1218 perosa

2194 1246 2421 1304 Talibus
2447 1245 2746 1304 involucris
2767 1245 3024 1312 obducta,
3055 1243 3160 1301 sub
3187 1257 3296 1298 nare
3327 1241 3544 1297 latebat.

2195 1338 2451 1396 Reddidit
2479 1356 2612 1414 ergo
2634 1340 2802 1406 diem,
2834 1339 3001 1410 longo
3021 1336 3136 1409 jam
3171 1350 3396 1392 carcere
3421 1334 3629 1401 clausis,

2193 1430 2262 1487 Et
2293 1433 2549 1489 tenebras
2576 1431 2758 1504 passis
2779 1430 3047 1487 Tancredi
3073 1429 3251 1502 gratia
3285 1426 3460 1501 signis
3491 1447 3504 1482 :

2088 1506 2094 1514 ’
2193 1523 2363 1596 Inque
2395 1540 2598 1581 vacans
2634 1539 2832 1579 aurum
2863 1522 3115 1581 esuriens
3137 1521 3346 1577 laxavit
3370 1528 3638 1592 egentum;

2194 1611 2470 1670 Marmora
2505 1613 2812 1679 desudans,
2855 1619 2911 1667 et
2939 1609 3146 1666 Christi
3178 1609 3433 1666 membra
3460 1609 3728 1665 reformans

2205 1715 2210 1719 ’
2607 1702 2847 1760 CXXXI.
2881 1734 2954 1745 ——
2979 1701 3173 1758 Hostes
3202 1701 3406 1771 fundit.

2195 1795 2368 1853 Porro
2392 1796 2678 1868 dispositis
2707 1813 2832 1867 quae
2858 1795 3200 1868 disponenda
3227 1794 3471 1864 fuerunt,

2123 1878 2167 1940 Β
2195 1887 2324 1945 Post
2353 1889 2551 1944 mirata
2587 1889 2727 1946 sacri
2756 1904 3024 1962 gemmas,
3047 1904 3145 1957 ωε,
3171 1903 3452 1943 marmora
3485 1889 3654 1960 templi
3680 1908 3690 1942 :

2194 1980 2240 2037 Α
2269 1996 2430 2052 prece
2458 1982 2654 2037 devota
2687 1980 3006 2038 Tancredus
3036 1982 3271 2039 suscitat
3296 1996 3474 2048 arma,

2192 2073 2407 2130 Invenit
2434 2075 2722 2137 obstantes
2750 2095 2762 2130 ε
2796 2075 2891 2132 sed
2925 2090 2993 2131 eo
3017 2083 3340 2146 penetrante
3373 2083 3634 2140 catervas,

2191 2167 2302 2222 Aut
2327 2167 2458 2233 ruit,
2487 2175 2582 2222 aut
2606 2165 2830 2236 refugit,
2855 2167 3096 2222 medium
3123 2182 3235 2223 non
3259 2166 3489 2232 invenit,
3521 2167 3678 2222 hostis

2188 2257 2309 2312 Jam
2338 2266 2498 2313 vacat
2518 2258 2780 2325 exterior,
2813 2274 2914 2314 nec
2937 2259 3102 2315 sentit
3126 2259 3314 2330 praelia
3334 2272 3560 2328 campus
3588 2272 3602 2308 :

2189 2350 2466 2418 Curritur,
2496 2359 2550 2406 et
2572 2351 2774 2407 caedem
2795 2361 3113 2423 penetratur
3131 2351 3201 2407 ad
3221 2350 3534 2406 interiorem
3552 2391 3568 2417 ,

2191 2441 2371 2514 thue
2397 2453 2581 2514 patent
2603 2443 2805 2512 aditus,
2821 2455 2951 2500 tunc
2969 2444 3102 2515 quid
3129 2443 3434 2510 Tancrede,
3448 2441 3580 2513 quid
3597 2439 3748 2496 ensis?

2189 2536 2331 2604 Quid
2358 2536 2605 2605 probitas
2631 2552 2843 2609 posses,
2873 2537 3187 2593 docuerunt
3211 2543 3408 2608 stagna
3434 2533 3675 2591 cruoris:

2187 2628 2289 2685 Cui
2325 2648 2553 2688 narrare
2586 2638 2742 2686 vacet
2770 2645 2868 2700 per
2899 2629 3117 2701 singula
3144 2629 3260 2686 sive
3285 2635 3600 2700 peremptae,

2191 2721 2317 2778 Sive
2344 2723 2726 2794 peremptricis
2749 2722 2952 2790 luctus,
2979 2737 3045 2777 ac
3074 2720 3273 2794 gaudia
3296 2720 3512 2778 turbae:
3547 2773 3558 2784 ,

2189 2817 2474 2889 Tantaque
2505 2819 2573 2875 de
2595 2818 2764 2875 tantis
2793 2818 3029 2874 orientia
3056 2817 3347 2873 commoda
3375 2816 3606 2873 damnis.

2188 2909 2335 2964 Mille
2362 2910 2562 2977 modis,
2587 2918 2641 2965 et
2672 2910 2820 2966 mille
2845 2910 2972 2978 viis,
3003 2919 3056 2965 et
3081 2909 3230 2964 mille
3257 2909 3457 2965 ruinis.

2187 3001 2333 3058 Mars
2373 3000 2555 3058 fremit
2589 3022 2603 3058 :
2642 3004 2721 3058 ira
2767 3002 2922 3071 furit,
2967 3001 3182 3075 gladius
3212 3011 3391 3071 vorat,
3418 3000 3643 3058 occubat
3669 3001 3728 3055 ho

3560 3093 3691 3167 latis.

1831 3196 2013 3269 [l-uln?
2111 3225 2154 3286 ο
2187 3185 2307 3256 Eia,
2344 3197 2532 3244 sancte
2555 3186 2731 3253 furor,
2758 3202 2916 3244 sacer
2941 3188 3112 3254 ensis,
3146 3195 3335 3244 sancta
3367 3202 3602 3258 vorago;

486 3283 628 3350 Quid
669 3283 773 3340 sibi
802 3285 918 3340 vult
943 3288 1189 3342 ostrum?
1217 3303 1342 3342 nam
1374 3287 1603 3360 gemmis
1633 3296 1781 3344 totus
1810 3298 1864 3343 et
1893 3297 2044 3344 ostro

488 3375 766 3432 Mahumet
790 3378 1073 3440 redimitus
1095 3391 1232 3446 erat,
1267 3381 1517 3436 radiabat
1551 3390 1606 3436 et
1633 3397 1788 3448 auro,

487 3468 740 3524 Forsitan
767 3471 869 3526 hoc
899 3471 1088 3528 Martis
1111 3515 1125 3539 ,
1156 3475 1242 3528 vel
1272 3473 1541 3544 Apollinis
1569 3483 1653 3530 est
1677 3476 2034 3532 simulacrum
2062 3495 2075 3531 :

484 3556 740 3631 Nunquid
767 3562 913 3617 enim
935 3563 1228 3619 Christus?
1253 3581 1362 3620 non
1388 3566 1476 3620 hic
1500 3565 1734 3638 insignia
1761 3567 1984 3634 Christi,

483 3649 604 3708 Non
638 3669 804 3723 crux,
836 3671 946 3712 non
986 3663 1190 3713 sertum
1212 3699 1227 3721 ,
1260 3674 1371 3714 non
1411 3657 1583 3726 clavi,
1617 3675 1725 3714 non
1757 3659 1901 3715 latus
1943 3660 2080 3716 hau-

1785 3751 1954 3825 [δίων.
1985 3772 1999 3807 :

485 3831 628 3907 Ergo
647 3849 821 3907 neque
835 3836 925 3893 hic
939 3835 1211 3905 Christus,
1237 3839 1371 3910 quin
1393 3840 1657 3912 pristinus
1681 3840 2076 3912 Antichristus,

483 3924 821 3984 Mahummet
842 3945 1063 4000 pravus,
1087 3930 1424 3989 Mahummet
1449 3935 1794 4004 perniciosus
1819 3953 1834 3990 :

481 4016 528 4073 Ο
559 4017 604 4073 si
639 4019 802 4089 hujus
825 4022 1009 4078 socius
1039 4038 1187 4079 nunc
1213 4023 1425 4093 afforet,
1451 4025 1541 4080 ille
1569 4024 1790 4082 futurus

481 4107 601 4163 1am
625 4116 781 4167 meus
808 4113 897 4169 hic
926 4115 1118 4172 ambos
1141 4132 1236 4186 pes
1275 4119 1581 4188 supprimat
1610 4117 2000 4176 Antichristos.

481 4198 627 4256 Proh
654 4203 853 4271 pudor!
880 4220 1004 4261 arce
1037 4205 1129 4261 Dei
1151 4208 1358 4277 potitur
1379 4208 1608 4264 conviva
1630 4208 1897 4278 barathri,

483 4291 774 4366 Vernaque
787 4295 1074 4365 Halanis,
1101 4298 1247 4355 Deus
1271 4308 1354 4355 est
1385 4301 1534 4370 operi
1557 4299 1894 4358 Salomonis.

479 4380 716 4439 Corruat
743 4401 872 4456 ergo
901 4388 1063 4455 citus,
1087 4387 1201 4458 jam
1231 4389 1436 4444 dudum
1464 4399 1689 4446 corruat
1725 4391 1856 4458 iste;

2190 3279 2460 3352 Spargite,
2494 3280 2817 3352 spargimini
2844 3295 2978 3352 gens
3007 3296 3196 3352 prava,
3221 3279 3326 3334 viri
3357 3279 3624 3344 scelerati,

2188 3370 2486 3443 Sanguinis
2517 3371 2752 3427 insontis
2781 3370 2957 3439 fusor,
2986 3386 3120 3428 sons
3144 3370 3377 3427 fundere
3398 3371 3622 3443 sanguis
3650 3386 3662 3401 '

2183 3462 2288 3531 Qui
2313 3464 2594 3519 Christum
2629 3465 2827 3520 totiens
2858 3464 2912 3519 in
2943 3464 3207 3520 membris
3233 3463 3570 3532 dilacerasti,

2185 3557 2387 3629 Excipe
2408 3557 2656 3614 membra
2689 3557 2837 3615 vices
2866 3557 2964 3614 tibi
2995 3573 3134 3629 quas
3169 3557 3404 3615 reddunt
3431 3559 3594 3615 modo
3612 3557 3746 3613 Chri-

3588 3647 3690 3722 [sti.

2252 3761 2591 3818 CXXXII.—
2615 3761 2774 3819 Urbis
2795 3763 3113 3889 poprllatio‘;
3141 3764 3317 3820 hostes
3339 3765 3470 3820 victi
3504 3765 3693 3819 animos

2837 3851 2897 3888 co
2945 3851 3072 3889 iauu
3101 3876 3116 3889 .

2837 3851 3116 3890 comauut.

2837 3851 2961 3888 com
3001 3851 3116 3890 unt.

2181 3921 2394 3979 Interea
2428 3923 2556 3979 belli
2589 3923 2811 3981 fremitu
2834 3852 3130 3981 resogante
3158 3941 3258 3996 per
3277 3926 3495 3995 urbem,

2106 4057 2108 4059 ›
2180 4013 2528 4071 Conveniunt
2548 4016 2677 4072 illuc
2703 4032 2798 4086 spe
2829 4015 2997 4073 caedis
3027 4017 3138 4086 hic,
3171 4018 3260 4074 ille
3281 4018 3464 4074 lucelli
3498 4038 3512 4072 :

2181 4103 2307 4160 Mox
2330 4105 2469 4162 alios
2493 4107 2632 4163 alios
2655 4106 2882 4178 rapiunt
2901 4123 3004 4163 sua
3029 4124 3304 4180 quemque
3325 4109 3597 4180 voluptas.

2178 4195 2324 4269 Ergo
2363 4198 2569 4271 calybs,
2622 4198 2866 4267 ferrum,
2907 4200 3127 4270 cedrus,
3179 4217 3276 4270 κε,
3324 4201 3747 4272 cupressus,ch

3482 4295 3690 4368 [ctrum,

2178 4379 2369 4438 Robur
2399 4393 2703 4455 portarum,
2728 4384 2915 4455 decor,
2944 4397 2999 4442 et
3025 4369 3544 4446 Saldmouiacarum

482 4476 672 4532 Statue
707 4481 977 4551 superbus
1009 4482 1191 4538 adhuc
1225 4483 1385 4553 quasi
1419 4499 1522 4540 nos
1556 4499 1776 4555 quoque
1811 4485 2076 4554 sorpserit
2180 4474 2376 4533 Fracta
2410 4487 2599 4547 ruunt,
2624 4479 2863 4536 latebras
2885 4481 3144 4551 produnt,
3170 4481 3313 4537 bello
3337 4483 3636 4553 pateﬁunt:

776 4589 778 4591 ν
1776 4574 1952 4646 [ἱρερῖ
1981 4595 1998 4627 ι
2104 4568 2153 4630 D
2179 4568 2322 4636 Quid
2344 4569 2590 4626 latitasse
2626 4572 2721 4627 tibi
2752 4571 2960 4628 Christi
2982 4573 3248 4629 scelerate
3271 4585 3523 4647 negator,

485 4656 580 4713 Vix
600 4659 814 4730 jussum
842 4661 1042 4730 fuerat,
1066 4663 1252 4719 videas
1265 4663 1381 4735 jam
1405 4675 1553 4720 stare
1573 4675 1854 4736 peractum

479 4747 650 4805 Milite
678 4752 752 4806 nil
771 4753 930 4822 jusso
957 4755 1267 4824 complente
1301 4754 1558 4811 libentius
1589 4756 1712 4812 isto.

477 4842 777 4913 Abripitur,
801 4845 1066 4913 trahitur,
1096 4847 1446 4918 dirumpitur,
1473 4849 1851 4905 obtruncatur.

476 4932 701 4990 Materia
724 4951 936 5004 carum,
964 4937 1060 4993 sed
1090 4936 1266 4993 forma
1295 4940 1400 4996 vile
1423 4941 1724 5009 metallum,

475 5022 619 5098 Ergo
641 5026 879 5084 diffictus
902 5016 970 5084 de
988 5028 1084 5083 vili
1113 5028 1175 5084 fit
1195 5031 1498 5100 preciosus.

723 5119 1029 5176 CXXX.——
1050 5119 1235 5192 Spolia
1272 5125 1546 5179 distribuit
1578 5125 1808 5180 militiw.

474 5206 709 5264 Interior
731 5211 914 5278 paries
939 5225 1036 5282 per
1061 5212 1350 5270 circuitum
1378 5216 1645 5283 radiabat,

473 5297 703 5369 Argenti
730 5299 933 5356 lamma
956 5317 1080 5372 quae
1100 5303 1209 5360 lata
1241 5306 1352 5362 fere
1378 5307 1653 5375 cubitalis,

472 5382 558 5444 Ad
601 5389 842 5460 spatium
881 5393 1108 5466 longum
1146 5397 1316 5454 densa
1361 5399 1431 5455 ad
1479 5400 1639 5471 quasi
1684 5399 1901 5471 pollicis
1947 5417 2067 5455 am-

1787 5485 1960 5562 [plum
1982 5531 1998 5559 ,

475 5567 724 5656 Ducebat
753 5569 946 5643 longos
971 5574 1194 5636 sinuosa
1218 5595 1314 5654 per
1337 5581 1477 5638 atria
1504 5597 1666 5656 gyros
1682 5625 1697 5651 ,

479 5655 708 5714 P'ondus
741 5669 860 5716 erat
880 5662 1094 5748 lamina:
1115 5672 1274 5741 quasi
1307 5681 1514 5744 septem
1555 5673 1727 5728 millia
1760 5689 1991 5740 marem;

476 5748 594 5803 lloc
616 5750 778 5818 quasi
798 5767 968 5824 segne
999 5755 1190 5827 jacens
1220 5772 1275 5819 et
1301 5763 1492 5820 inutile
1521 5765 1688 5821 traxit
1713 5765 1773 5821 in’
1805 5781 1966 5820 usum

479 5839 575 5895 Vir
610 5841 869 5909 sapiens:
909 5846 1033 5906 hinc
1054 5859 1108 5907 et
1133 5851 1368 5917 famulos
1405 5857 1638 5915 armavit
1661 5857 1922 5926 inermes.

2178 4661 2321 4728 Quid
2349 4664 2573 4734 prodest
2597 4664 2707 4720 divi
2734 4673 2922 4736 portas
2943 4666 3212 4723 clausisse
3235 4669 3462 4738 palatii?

2177 4753 2323 4809 Mille
2353 4755 2480 4810 licet
2509 4755 2735 4812 claudas
2763 4756 2966 4824 aditus,
2992 4757 3274 4829 lateasque
3300 4759 3408 4816 sub
3431 4761 3562 4832 ipsis

2176 4842 2323 4899 Mille
2347 4853 2530 4900 tamen
2550 4844 2780 4913 clausis,
2811 4846 2996 4902 aditus
3017 4863 3117 4918 per
3138 4848 3288 4905 mille
3314 4849 3590 4906 traheris:

2176 4936 2318 4993 Ecce
2343 4937 2528 5009 fugam
2560 4940 2829 5011 probitas,
2861 4942 3092 4998 audacia
3113 4951 3276 4999 nacta
3300 4943 3590 5013 timorem;

2172 5023 2299 5094 Quo
2337 5043 2507 5098 pecus
2533 5043 2629 5086 ore
2655 5031 2768 5101 lupi
2789 5029 2965 5087 fracto
2985 5032 3324 5103 populantur
3347 5035 3502 5103 ovili,

2173 5117 2368 5191 Strage
2399 5121 2518 5190 pari
2544 5132 2760 5194 gentem
2786 5123 3114 5193 patefactam
3143 5125 3388 5184 Gallicus
3408 5129 3582 5198 ensis,

2171 5210 2346 5267 Exilis
2370 5229 2633 5270 numerus
2667 5229 2818 5271 secat
2839 5216 3241 5275 innumerabile
3261 5220 3486 5292 vulgus,

2172 5299 2270 5357 His
2293 5302 2553 5374 jugulare
2575 5321 2757 5373 senes,
2784 5306 2894 5362 illis
2919 5309 3154 5365 avellere
3181 5305 3408 5381 parvos,

2170 5393 2354 5449 Multis
2384 5411 2516 5451 cura
2549 5395 2671 5463 fuit,
2708 5409 3012 5469 gemmatas
3039 5415 3243 5458 exuere
3278 5419 3464 5461 aures.

2171 5485 2333 5542 Crede
2361 5499 2544 5543 tamen
2566 5489 2708 5556 visa,
2728 5492 3030 5548 caesoribus
3059 5494 3279 5550 advolat
3299 5497 3470 5565 ultor,

2173 5574 2299 5635 \on
2362 5595 2585 5650 quoque
2635 5580 2928 5639 caedendus
2976 5600 2989 5637 :
3039 5600 3273 5643 numero
3307 5587 3433 5643 sine
3476 5597 3531 5644 et
3573 5587 3742 5642 ordine

3514 5679 3684 5752 [miles

2171 5757 2348 5815 Instar
2379 5757 2448 5815 ab
2477 5762 2694 5819 occulto
2721 5765 2924 5821 conciti
2957 5767 3232 5825 examinis
3259 5779 3455 5838 antro;

2168 5851 2326 5920 Quod
2355 5855 2438 5913 vel
2467 5859 2608 5927 aqua
2644 5865 2853 5929 pastor,
2875 5859 2966 5922 vel
2985 5859 3139 5920 fumo
3160 5860 3518 5939 exire‘coegit
