3838 6306
521 387 630 445 675

1095 389 1188 446 Μ)
1228 391 1678 449 GODEFIUDUM
1714 393 2008 452 APPEND.
2046 393 2112 450 ll.
2147 423 2218 436 -
2254 392 2525 452 NONUM.
2567 394 2656 450 DE
2693 394 2924 452 δεῖ,ιο
2963 395 3208 452 SACRO.
3659 404 3734 460 5'16

523 510 700 554 torem
749 501 973 556 damnat
1007 520 1019 556 :
1053 504 1316 572 scriptum
1350 513 1434 559 est
1461 505 1606 560 enim
1637 522 1649 559 :
1683 504 1788 568 Qui
1818 505 2001 558 temnit
2031 503 2107 558 le-
2133 506 2182 566 Α
2205 513 2260 560 et
2286 505 2483 575 prioris
2513 506 2733 575 quidem
2784 506 2930 560 illius
2963 506 3102 577 fugae
3139 508 3360 562 modum
3416 505 3569 564 Ital-ui
3593 510 3735 584 dispa-

523 608 659 661 gem,
696 595 895 663 spernit
944 611 1129 664 regem.
1157 594 1270 649 Cur
1304 605 1484 650 autem
1527 611 1626 650 vos
1662 612 1770 650 non
1805 605 2104 666 sperneret,

525 682 620 750 qui
676 682 848 740 Deum
887 685 1130 756 spernit?
1155 701 1256 741 cur
1279 686 1434 742 vobis
1459 695 1694 756 pareret,
1732 689 1827 757 qui
1864 689 1974 744 aris
1995 703 2108 744 non

527 775 748 842 parcit?
791 792 889 830 cur
919 791 1016 832 vos
1055 777 1258 846 patitur
1294 777 1564 846 palliatos,
1599 777 1693 848 qui
1721 778 1978 848 templum
2002 778 2109 836 Do-

534 866 668 920 mini
691 868 1060 922 excrustavit?
1098 867 1382 937 templum,
1436 867 1681 937 inquam,
1733 868 1970 937 Domini,
1997 885 2108 927 non

535 957 604 1010 ab
636 957 751 1012 heri
780 966 833 1011 et
855 957 1052 1012 nudius
1086 957 1280 1012 tertius
1307 966 1704 1025 constructum,
1745 974 1846 1015 nec
1869 958 2110 1028 quolibet

533 1048 884 1118 dispensante
908 1048 1322 1114 circumactum,
1355 1063 1464 1102 non
1507 1048 1707 1116 ubivis,
1734 1065 1842 1106 non
1865 1049 2106 1122 quando,

535 1153 642 1190 non
693 1137 986 1207 quomodo,
1039 1153 1147 1192 non
1180 1153 1212 1192 a
1250 1139 1445 1208 quovis
1497 1138 1823 1195 fundatum:
1861 1145 1978 1198 hac
2027 1151 2112 1198 est

533 1228 677 1282 enim
701 1229 896 1283 domus
920 1227 1132 1282 Domini
1153 1229 1381 1284 ﬁrmiter
1401 1220 1686 1298 aedificata;
1711 1231 1826 1302 ipse
1847 1232 2112 1290 Dominus

533 1317 785 1374 fundavit
829 1335 972 1376 eam.
1018 1319 1120 1377 Hic
1152 1322 1241 1376 ille
1270 1333 1354 1379 est
1388 1323 1544 1381 locus
1570 1316 1634 1379 in»
1657 1340 1768 1396 quo
1803 1326 2110 1396 patriarcha

529 1409 698 1466 Jacob
727 1428 851 1468 vere
893 1413 1184 1470 Dominum
1227 1430 1350 1472 esse
1370 1417 1627 1484 asseruit,
1682 1433 1846 1489 quem
1897 1428 2112 1489 portam

532 1503 656 1558 coeli
680 1505 912 1572 vocavit,
937 1507 1028 1561 ubi
1053 1507 1256 1562 scalam
1282 1508 1454 1565 ctelos
1483 1515 1793 1580 tangentem
1809 1518 1863 1565 et
1889 1511 2112 1581 angelos

532 1594 894 1650 ascendentes
931 1604 985 1650 et
1014 1596 1405 1654 descendentes
1451 1597 1606 1654 vidit.
1660 1597 1818 1656 Hunc
1859 1599 2113 1656 Christus

535 1683 805 1742 Dominus
844 1695 898 1741 et
927 1689 1348 1758 praesentatione
1391 1689 1476 1745 sui
1505 1689 1796 1746 illustravit
1828 1689 2030 1758 infans,
2060 1699 2117 1746 et

535 1779 854 1834 reverentia:
882 1781 998 1835 zelo
1027 1781 1398 1838 mercimoniis
1418 1781 1606 1853 ejectis
1643 1782 1724 1839 sic
1755 1782 1947 1838 extulit
1977 1781 2113 1839 ado-

534 1867 782 1923 lescens:
813 1868 1080 1940 Scriptum
1113 1881 1209 1939 est,
1257 1873 1442 1926 domus
1480 1889 1616 1939 mea,
1639 1873 1827 1928 domus
1853 1875 2112 1929 orationis

533 1958 828 2013 vocabitur.
881 1959 1126 2032 Longum
1183 1971 1266 2018 est
1316 1979 1639 2020 enumerare
1665 1963 1866 2036 quibus
1905 1965 2116 2036 paginae

534 2050 740 2105 veteris
775 2060 870 2106 aut
903 2067 1056 2108 novre
1092 2053 1344 2110 laudibus
1369 2055 1534 2124 hujus
1559 2065 1762 2113 sancta:
1785 2056 1984 2114 domus
2013 2073 2112 2114 cu-

536 2141 777 2195 mulatur
830 2143 1110 2212 majestas.
1140 2143 1293 2210 Quod
1343 2147 1388 2201 si
1410 2147 1567 2215 satis,
1601 2161 1636 2202 0
1655 2146 2005 2216 Marchisida,
2029 2157 2115 2204 at-

535 2234 827 2300 tendisses,
870 2235 1000 2290 huic
1047 2236 1238 2292 saltem
1287 2241 1648 2309 pepercisses,
1683 2242 1842 2312 quasi
1877 2242 2118 2300 interris

531 2324 678 2379 caelo
705 2343 717 2378 :
745 2325 893 2392 huic,
953 2327 1196 2398 inquam,
1232 2331 1395 2388 unico
1423 2331 1477 2386 in
1513 2334 1692 2400 terris,
1725 2335 1772 2388 si
1801 2334 1930 2404 quid
1973 2344 2116 2390 terra

533 2416 692 2471 c-rlis
731 2417 908 2472 simile
949 2419 1426 2486 habet,»c(elorum
1465 2423 1768 2480 simillimo.
1807 2424 1878 2480 At
1932 2425 2117 2480 indul-

535 2507 772 2578 gendum
805 2519 890 2565 est
934 2509 1330 2569 Wiscardidaa:
1365 2524 1586 2570 secutus
1610 2524 1696 2570 est
1721 2515 1868 2572 enim
1901 2526 2118 2586 patrum

535 2613 764 2653 suorum
798 2601 1044 2673 vestigia.
1070 2601 1206 2668 Quis
1235 2603 1375 2658 inter
1419 2607 1722 2676 amplexus,
1765 2606 1908 2660 inter
1929 2607 2118 2662 oscula

526 2701 874 2760 compatrem
923 2709 1084 2748 suum
1121 2711 1151 2749 a
1186 2696 1462 2752 mtenibus
1507 2706 1625 2752 rota
1653 2698 1880 2767 dejecit?
1925 2713 2119 2768 nempe

539 2782 900 2840 Wiscardus?
923 2786 1048 2856 quis
1073 2787 1231 2844 vivus
1268 2806 1368 2859 pro
1398 2799 1636 2857 mortuo,
1682 2791 1973 2846 incolumis
2017 2807 2119 2861 pro

539 2875 864 2930 tumulando
897 2878 951 2931 in
979 2887 1219 2935 montem
1253 2881 1544 2937 Cassinum
1578 2883 1819 2952 perlatus
1843 2884 1970 2938 est?
1995 2883 2117 2938 Uti-

539 2981 648 3035 que
685 2966 1040 3026 Wiscardus:
1093 2970 1228 3038 Quis
1274 2983 1524 3044 nepotem
1565 2991 1726 3030 suum
1776 2977 1842 3031 ad
1889 2993 2119 3032 concor-

539 3055 688 3111 diam
739 3058 1002 3126 elicitum,
1038 3061 1191 3130 prius
1231 3063 1427 3128 calida,
1461 3079 1584 3119 mox
1626 3066 1798 3135 gelida
1841 3066 2120 3136 perfudit?

2208 611 2345 664 rem,
2391 607 2445 651 at
2470 607 2671 652 metum
2703 599 2975 652 eumdem.
3007 597 3066 653 ln
3097 615 3205 668 qua
3241 598 3402 653 linter
3427 600 3575 656 exilis
3610 619 3736 676 prope

2209 686 2432 754 moenia,
2499 696 2695 757 praeter
2746 687 2980 752 navalia,
3027 689 3167 742 intra
3237 689 3424 744 littora
3468 689 3736 764 Maracheaa,

2209 775 2514 845 Tertuosze,
2545 777 2806 846 Valonite,
2836 779 3054 844 Gibelli,
3105 780 3320 834 tandem
3355 779 3648 838 Laodiciam
3675 803 3740 843 me

2208 869 2480 940 pervexit;
2509 870 2602 926 ubi
2646 871 2737 926 vix
2782 872 3066 940 expositus
3101 887 3196 941 per
3239 872 3386 926 mille
3414 873 3635 942 pericula
3657 877 3740 930 An-

2209 961 2470 1016 tiochiam
2516 961 2645 1027 adii,
2695 977 2881 1017 moras
2924 962 3124 1016 ducum
3178 963 3441 1033 increpui.
3490 962 3534 1018 0
3569 967 3739 1024 adduci

2210 1053 2489 1122 proceres!
2519 1068 2616 1108 vos
2638 1060 2804 1108 testes
2827 1052 3024 1118 habeo,
3042 1069 3139 1108 vos
3161 1054 3384 1108 adduxi.
3411 1053 3585 1110 Exillo
3609 1072 3742 1127 usque

2211 1142 2267 1196 in
2293 1158 2554 1212 praesens,
2586 1159 2763 1214 neque
2801 1141 2938 1199 vidit
2977 1145 3148 1198 otium
3179 1160 3362 1198 meum
3413 1143 3650 1212 thbus,
3671 1165 3742 1204 ne-

2213 1247 2320 1302 que
2345 1233 2764 1287 somnolentiam
2797 1231 3020 1300 Phoebe,
3051 1249 3226 1303 neque
3263 1233 3456 1289 faciem
3486 1250 3652 1290 mensa
3672 1254 3744 1293 ne-

2213 1338 2320 1394 que
2345 1323 2562 1380 animus
2587 1324 2845 1394 quietem,
2877 1325 3008 1380 dum
3033 1325 3346 1394 reipublicae
3372 1325 3618 1392 inservio,
3639 1327 3744 1380 invi-

2211 1415 2342 1488 gilo,
2373 1415 2679 1483 insenesco,
2707 1415 3010 1471 immorior.
3052 1415 3220 1470 Multo
3240 1426 3423 1471 autem
3464 1417 3607 1487 plura
3637 1434 3745 1489 pra-

2213 1505 2399 1561 missis
2420 1505 2738 1562 subditurus
2747 1521 2917 1572 eram,
2937 1521 2970 1560 o
2984 1515 3185 1576 patres,
3218 1506 3314 1561 sed
3343 1522 3454 1576 pra:
3475 1509 3747 1577 compendio

2213 1597 2440 1654 dimissa
2468 1606 2662 1654 cmtera
2696 1597 2840 1652 diem
2870 1598 3183 1653 adversario
3211 1597 3538 1668 relinquam.
3569 1617 3587 1650 ι

2492 1687 2777 1744 CXXXVI.
2801 1718 2871 1728 —
2897 1688 3190 1759 Respondet
3225 1688 3546 1744 Tancredus.

2284 1779 2368 1835 Ab
2391 1779 2480 1837 his
2530 1780 2708 1853 surgit
2729 1780 3039 1851 ambiguus,
3068 1781 3246 1850 primo
3270 1789 3457 1835 utrum
3480 1789 3747 1850 sequeretur

2216 1872 2409 1928 ducem
2439 1871 2708 1929 fervorem
2754 1873 2943 1939 animi,
2988 1888 3058 1927 an
3084 1872 3286 1942 judicis
3332 1869 3606 1926 favorem:
3651 1887 3750 1942 ergo

2215 1964 2297 2020 sic
2326 1962 2517 2034 incipit
2566 1961 2731 2035 [deest
2789 1962 3172 2034 Tancredus]:
3230 1982 3249 2014 ι
3283 1961 3470 2029 Scitis,
3517 1977 3748 2032 proceres,

2219 2053 2462 2110 studium
2497 2069 2678 2114 meum
2705 2069 2718 2105 :
2752 2053 2945 2108 militia
2969 2051 3090 2120 fuit,
3124 2069 3234 2107 non
3257 2051 3540 2124 persuasio
3559 2068 3650 2107 nec
3674 2055 3751 2108 lin-

2216 2145 2462 2216 guositas
2488 2161 2574 2200 me
2604 2144 2895 2216 promovit,
2926 2145 3020 2200 sed
3047 2145 3198 2200 ensis
3227 2153 3283 2199 et
3310 2145 3534 2199 lancea:
3564 2146 3754 2216 proinde

2203 2236 2608 2307 indulgendum
2648 2236 2785 2291 mihi
2830 2235 2944 2291 fore
2972 2236 3212 2306 postulo,
3244 2235 3292 2291 si
3327 2243 3530 2291 tractus
3554 2236 3620 2290 ad
3642 2236 3752 2300 lites,

2216 2327 2350 2382 artis
2376 2327 2573 2398 ignota:
2611 2341 2898 2382 excessero
2943 2326 3224 2382 rationes:
3263 2326 3313 2382 si
3353 2335 3474 2398 tyro
3514 2327 3656 2382 rudis
3686 2336 3757 2381 aut

2216 2419 2353 2474 citra
2400 2429 2598 2474 metam
2649 2433 2900 2489 pressero
2942 2427 3040 2474 aut
3071 2419 3214 2474 ultra
3250 2419 3504 2474 laxavero
3529 2419 3753 2475 habenas.

2217 2509 2274 2565 1d
2305 2511 2500 2581 opinor
2533 2510 2898 2567 consideravit
2927 2510 3279 2568 adversarius
3309 2531 3324 2567 :
3370 2512 3499 2566 hinc
3533 2527 3617 2566 me
3656 2527 3756 2581 pro-

2217 2603 2448 2658 vocandi
2487 2603 2722 2673 sumpsit
2769 2602 3078 2670 audaciam,
3120 2604 3215 2674 qui
3270 2604 3418 2659 sicut
3456 2605 3687 2674 scorpius
3703 2603 3756 2664 .in

2219 2695 2415 2762 cauda,
2444 2693 2518 2749 ita
2555 2709 2775 2750 omnem
2821 2693 2986 2749 habet
3033 2709 3190 2750 suam
3222 2694 3471 2750 militiam
3495 2695 3548 2748 in
3572 2695 3756 2764 lingua:

2218 2803 2319 2853 ναξ,
2350 2787 2595 2857 inquam,
2618 2800 2700 2841 vae
2727 2785 2910 2857 lingua
2937 2804 2951 2840 :
2984 2801 3016 2841 a
3051 2787 3222 2844 cauda
3252 2795 3338 2843 est
3359 2787 3577 2858 scorpii.
3623 2787 3759 2841 Audi-

2219 2879 2320 2934 stis
2344 2878 2469 2949 ipsi,
2499 2894 2608 2934 non
2636 2886 2721 2934 est
2747 2886 2975 2934 externo
3004 2893 3143 2949 opus
3166 2887 3322 2946 teste,
3345 2895 3455 2950 qua
3480 2895 3529 2933 γι
3568 2894 3756 2949 persua-

2219 2969 2378 3026 dente
2399 2985 2570 3040 genus
2591 2984 2773 3024 meum
2796 2969 3108 3024 corroserit.
3140 2969 3430 3025 Wiscardo
3458 2968 3693 3025 secunda:
3707 2969 3759 3024 ab

2219 3060 2528 3118 Alexandro
2551 3060 2792 3116 audaciae
2817 3061 3072 3127 detraxit,
3099 3070 3248 3116 tanto
3277 3062 3511 3132 principi
3543 3062 3690 3116 homo
3709 3061 3760 3115 de

538 3145 689 3241 idem
743 3147 1061 3206 Wiscardus
1099 3169 1113 3206 :
1155 3153 1250 3222 qui
1298 3162 1477 3210 tamen
1540 3155 1712 3210 fertur
1759 3158 2115 3212 ecclesiarum
2147 3179 2191 3241 ο
2222 3153 2380 3226 cujus
2409 3154 2595 3212 sobole
2616 3153 2888 3226 quispiam
2909 3153 3209 3224 principem
3235 3169 3344 3209 non
3358 3153 3509 3209 vidit.
3529 3152 3760 3210 Wiseardi

541 3237 820 3307 fundator,
856 3256 963 3296 non
1009 3243 1339 3298 subversor:
1389 3259 1491 3300 nec
1527 3245 1850 3313 denudasse,
1896 3259 1952 3302 at
1981 3249 2122 3303 mul-

542 3335 628 3383 tas
661 3343 905 3385 ornasse.
951 3330 1147 3402 Papae!
1202 3349 1235 3388 ο
1283 3333 1657 3403 Wiscardida,
1708 3339 1989 3394 nesciebas
2036 3357 2123 3395 me

539 3420 738 3477 domus
777 3421 873 3478 Dei
919 3424 1262 3481 ministrum!
1313 3442 1382 3482 an
1433 3429 1690 3497 prudens,
1743 3431 1945 3499 sciens,
1990 3446 2124 3486 con-

541 3519 748 3580 tempto
799 3529 888 3568 me
941 3515 1261 3571 conculcata
1293 3517 1437 3586 jure,
1493 3519 1704 3586 prolato
1741 3521 1944 3575 scelere
1989 3537 2122 3576 san-

543 3605 811 3658 ctuarium
849 3605 1189 3674 profanasti?
1225 3608 1272 3662 si
1311 3607 1624 3678 ignoranter
1669 3617 1949 3679 peccatum
2001 3620 2119 3679 est;

540 3710 642 3749 cur
694 3705 819 3765 post
867 3697 1116 3752 notitiam
1168 3714 1279 3753 non
1314 3710 1401 3754 est
1427 3699 1494 3754 ad
1541 3701 1752 3756 veniam
1795 3704 2124 3757 recursum?

541 3784 698 3852 Quod
719 3787 767 3843 si
791 3789 1036 3856 peccavit
1060 3789 1330 3844 industria
1358 3807 1372 3856 ;
1404 3806 1506 3846 cur
1537 3791 1650 3861 jam
1683 3801 1861 3847 cessat
1893 3793 2123 3862 rapina?

541 3876 737 3933 Adhuc
764 3887 972 3934 restant
989 3881 1252 3947 ecclesiae,
1283 3882 1461 3937 adhuc
1485 3883 1538 3938 in
1569 3883 1832 3940 altaribus
1862 3899 2118 3954 gemmae;

543 3969 698 4041 quin,
749 3969 916 4036 irrue,
965 3987 1114 4041 rape,
1139 3971 1276 4042 ejice
1311 3973 1613 4042 ministros,
1665 3976 1894 4031 succede
1914 3977 2120 4048 ejectis,

545 4059 702 4114 sileat
730 4060 1014 4128 Amulius,
1039 4063 1266 4119 suadeat
1295 4063 1631 4122 Taneredus.
1685 4068 1756 4121 At
1794 4085 1910 4134 vos,
1941 4084 1974 4121 ο
1998 4084 2124 4139 pro-

545 4165 700 4209 ceres
724 4153 737 4206 l
767 4153 814 4208 si
845 4154 976 4223 quid
1001 4154 1138 4210 bene
1163 4156 1361 4224 merui,
1393 4157 1676 4214 vobiscum
1701 4159 1962 4224 laboravi,
1991 4175 2127 4214 nun-

543 4259 711 4313 quam
737 4244 974 4301 deserui.
1016 4246 1100 4301 Ab
1125 4246 1244 4318 ipso
1287 4247 1556 4304 bellorum
1598 4250 1900 4319 primordio
1945 4249 2124 4305 Nicaea

546 4338 880 4410 vigilantiam
910 4356 1089 4396 meam
1118 4341 1311 4409 sensit,
1336 4342 1449 4408 ubi,
1474 4357 1561 4397 me
1606 4343 1920 4411 increpante
1955 4342 2124 4413 pigri—
2171 4351 2187 4375 ο

548 4431 702 4496 tiam,
725 4432 1018 4487 strenuitas
1054 4431 1336 4499 fervebat;
1375 4433 1628 4489 hortante
1662 4433 1914 4502 juvenes,
1966 4449 2124 4489 sene-

2224 3255 2346 3302 acta
2391 3255 2517 3302 nota
2558 3255 2688 3302 sunt
2709 3246 2850 3311 orbi,
2895 3261 3005 3299 non
3031 3255 3116 3300 est
3135 3245 3229 3314 qui
3274 3245 3448 3314 possit
3495 3244 3760 3308 detrahere,

2224 3339 2330 3394 nisi
2354 3339 2449 3409 qui
2480 3353 2694 3410 semper
2719 3337 2932 3394 studuit
2962 3336 3253 3392 candidum
3281 3337 3337 3390 in
3384 3337 3560 3407 nigra,
3584 3337 3761 3405 nigrum

2223 3431 2280 3486 in
2301 3432 2532 3486 candida
2559 3432 2806 3487 colorare
2831 3447 2846 3484 :
2873 3429 3006 3499 quid
3028 3428 3178 3499 quod
3211 3428 3265 3482 in
3293 3428 3492 3498 Opibus
3523 3427 3762 3498 opitulari,

2222 3531 2276 3578 et
2298 3530 2685 3593 postponet-ent
2719 3520 3031 3582 necessitati
3082 3519 3325 3587 delicias,
3347 3535 3486 3575 auro
3522 3520 3677 3574 vitam
3703 3534 3765 3571 m-

2223 3615 2450 3681 dimere,
2483 3613 2710 3684 gemmis
2731 3611 3056 3667 conculcare
3094 3611 3323 3666 hostes?
3362 3611 3430 3665 de
3453 3620 3666 3682 argento
3687 3609 3766 3662 mi.

2223 3705 2345 3761 lites
2369 3719 2554 3760 creare
2583 3703 2685 3758 iste
2706 3700 3065 3773 pervertendo
3087 3709 3143 3755 et
3169 3699 3518 3771 depravando
3536 3707 3680 3754 vocat
3697 3713 3766 3753 ee-

2223 3797 2420 3853 clesias
2445 3803 2761 3850 excrustare
2783 3794 2806 3847 ?
2827 3791 3016 3847 Nonne
3059 3791 3147 3847 hic
3179 3801 3282 3858 est,
3311 3791 3407 3862 qui
3450 3787 3765 3847 sermocinari

2225 3905 2324 3960 per
2372 3887 2662 3958 parochias
2691 3885 2848 3952 solet,
2875 3885 3121 3940 clamans
3146 3903 3158 3938 :
3193 3882 3387 3951 Dicite,
3411 3883 3702 3953 pontiﬁces,
3726 3882 3767 3934 in

2225 3990 2416 4036 sancto
2434 3979 2563 4050 quid
2587 3976 2751 4033 faciat
2781 3992 2979 4032 aurum
3001 3975 3024 4029 ?
3053 3991 3247 4045 nempe
3268 3975 3339 4030 ob
3383 3974 3681 4045 reipublicae
3703 3981 3767 4026 tn-

2227 4073 2411 4138 telam,
2438 4071 2507 4125 ob
2550 4067 2921 4124 infidelitatem
2965 4063 3364 4130 debellandum,
3408 4073 3631 4135 urgente
3656 4062 3768 4132 peri-

2224 4162 2369 4226 culo,
2395 4161 2633 4215 instante
2663 4157 2824 4222 bello,
2859 4154 3184 4210 necessitate
3223 4161 3470 4218 coactus,
3510 4168 3585 4208 aes
3606 4165 3769 4206 vacans

2224 4263 2279 4309 et
2301 4252 2458 4323 quasi
2483 4249 2761 4305 dormiens
2797 4245 3050 4312 excitavi,
3078 4253 3137 4299 ut
3158 4244 3253 4315 qui
3277 4243 3548 4299 servierat
3571 4242 3767 4313 fulgens,

2224 4345 2400 4400 eidem
2431 4341 2628 4398 melius
2648 4339 2877 4396 serviret
2905 4337 3146 4403 bellans;
3175 4351 3284 4392 non
3314 4335 3442 4391 inde
3471 4334 3596 4392 cudi
3621 4348 3770 4388 mure-

2227 4437 2387 4492 nulas
2408 4434 2658 4505 neptibus
2687 4431 2825 4488 meis
2853 4430 3146 4502 gratiosus,
3183 4444 3274 4484 res
3296 4435 3508 4483 tantum
3534 4421 3770 4483 transtuli,

547 4529 668 4589 ctus
688 4521 1090 4591 juvenebatur;
1118 4522 1327 4592 sepitas
1360 4523 1634 4579 excitante
1672 4521 1889 4588 fundas,
1922 4525 2122 4579 mmnia
2158 4526 2200 4582 D
2227 4544 2336 4582 non
2358 4523 2696 4594 consumpsi.
2740 4519 2995 4576 Promovi
3037 4528 3100 4574 ut
3140 4517 3381 4572 fructum
3428 4515 3770 4586 multiplicent.

549 4615 869 4671 tremebant.
903 4614 1027 4670 Mox
1055 4616 1111 4670 in
1140 4616 1280 4672 valle
1315 4615 1528 4670 Dorecit
1559 4615 1906 4685 circumsepti
1933 4617 2000 4670 ab
2023 4617 2124 4671 ho-

549 4707 745 4774 Stibus,
772 4715 1001 4762 mortem
1026 4718 1150 4764 ante
1179 4708 1369 4763 oculos
1393 4706 1663 4774 videntes,
1695 4707 1762 4762 de
1796 4707 1903 4761 vita
1931 4707 2116 4764 difﬁde

549 4798 746 4856 bamus
770 4817 785 4867 ;
813 4801 907 4857 ubi
944 4809 1127 4856 tamen
1167 4815 1344 4870 neque
1383 4807 1619 4855 mentem
1666 4799 1914 4854 confudit
1941 4799 2124 4866 timor,

549 4908 728 4963 neque
781 4893 934 4948 fraus
979 4892 1211 4950 consilio
1257 4891 1450 4957 adfuit,
1508 4907 1683 4963 neque
1734 4890 1909 4947 abfuit
1953 4892 2130 4947 labori

551 4985 794 5042 effectus.
825 4985 1146 5041 Mittendum
1173 4999 1296 5040 esse
1316 4985 1385 5039 ad
1407 4984 1606 5049 socios,
1635 4984 1838 5055 ignaris
1868 4983 2130 5038 nuntian-

551 5073 704 5137 dum,
736 5071 966 5126 diffusos
993 5070 1367 5143 aggregandos
1404 5069 1628 5126 memini
1658 5086 1672 5135 ;
1705 5084 1807 5141 ego
1852 5068 2125 5134 consului,

539 5177 655 5234 ego
701 5161 940 5233 impleri.
1007 5160 1128 5219 Non
1181 5161 1555 5219 fraudulenter
1607 5161 1816 5218 alienos
1871 5160 2132 5215 humeros

553 5269 719 5309 onere
742 5254 958 5325 gravavi
977 5296 994 5323 ,
1032 5255 1179 5326 quod
1200 5255 1306 5310 mei
1335 5263 1672 5320 recusarent,
1703 5270 1814 5310 uno
1837 5255 2128 5310 comitatus

552 5345 780 5411 Achate,
813 5355 867 5400 et
896 5345 1014 5416 ipso
1044 5347 1187 5403 sicut
1215 5347 1419 5404 imbelli
1455 5347 1537 5402 sic
1563 5346 1778 5402 inermi.
1825 5343 1928 5400 Per
1957 5345 2127 5400 millia

554 5436 796 5497 hostium
817 5435 1024 5507 aufugi,
1049 5439 1273 5494 infinitis
1295 5439 1649 5510 sequentibus
1677 5438 1846 5503 evasi,
1870 5445 2126 5492 eventum

557 5528 826 5595 nuntiavi,
848 5530 1130 5586 victoriam
1147 5531 1366 5598 adduxi,
1392 5531 1518 5586 vici.
1543 5529 1846 5588 Antiochia:
1865 5528 1990 5598 quis
2016 5527 2131 5583 fue-

558 5624 687 5690 rim,
724 5623 878 5678 testis
902 5634 988 5680 est
1027 5627 1214 5682 hostis.
1248 5627 1526 5681 Diutinum
1560 5641 1789 5698 agonem
1834 5625 1984 5679 illum
2014 5623 2132 5678 hac

551 5731 686 5772 .uon
719 5715 951 5786 explicet
987 5718 1140 5777 dies:
1187 5728 1246 5774 ut
1291 5719 1560 5774 dc~Marra
1597 5734 1816 5788 quoque
1841 5733 2007 5788 prope
2039 5731 2128 5770 re-

559 5807 778 5866 dempta
801 5806 1009 5871 sileam,
1045 5809 1228 5868 redeat
1255 5812 1306 5864 in
1333 5811 1646 5867 memoriam
1679 5811 1870 5864 saltem
1899 5809 2130 5871 Archas,

2226 4621 2383 4692 quasi
2427 4635 2536 4673 non
2579 4615 2882 4672 sensissent
2915 4621 3148 4679 motum,
3173 4626 3282 4665 non
3311 4617 3597 4680 surgerent
3626 4607 3676 4660 in
3697 4619 3773 4658 au-

2227 4723 2526 4786 gmentum.
2555 4709 2832 4765 Seminavi
2855 4715 2914 4761 ut
2947 4713 3172 4771 metam,
3209 4709 3335 4772 post
3371 4716 3604 4757 messem
3629 4697 3772 4754 credi-

2227 4803 2333 4858 tori
2360 4817 2480 4857 meo
2505 4800 2794 4870 decuplum
2823 4796 3152 4868 persolvam.
3197 4791 3402 4847 Verum
3447 4807 3549 4847 nec
3568 4792 3664 4847 erit
3693 4788 3774 4842 Ar-

2229 4893 2436 4960 nult'us,
2461 4909 2560 4948 nec
2590 4893 2683 4962 qui
2712 4899 2792 4946 tot
2827 4889 3060 4944 redimat
3099 4894 3290 4956 neptes
3330 4885 3519 4954 templi
3549 4883 3771 4952 claviger,

2227 5004 2354 5044 cum
2381 4987 2668 5042 thesauros
2699 4983 2819 5053 ejus
2844 4980 2993 5053 gazis
3015 4977 3306 5034 cumulabo
3334 4993 3347 5030 :
3389 4974 3772 5030 interimetiam

2230 5093 2442 5150 ungues
2465 5077 2684 5132 tentabo
2705 5088 2911 5139 arcere,
2940 5085 3116 5140 neque
3137 5069 3267 5123 dum
3292 5064 3678 5137 Hierosolymis
3700 5063 3776 5116 mi-

2228 5171 2407 5227 litabit
2431 5166 2768 5232 Tancredus,
2796 5163 3057 5233 templum
3086 5159 3304 5216 Domini
3330 5159 3589 5230 spoliabit
3607 5153 3775 5210 Armil-

2227 5262 2336 5317 fus.
2365 5256 2809 5323 Animadvertite,
2835 5270 2870 5310 o
2894 5253 3179 5324 proceres!
3207 5265 3462 5320 quamam
3493 5258 3599 5314 est,
3629 5247 3773 5303 sinon

2229 5353 2346 5408 haec
2372 5349 2591 5421 injuria.
2618 5345 2786 5403 Nobis
2808 5345 2989 5402 adhuc
3009 5342 3318 5398 forinsecus
3333 5340 3641 5396 extorrihns
3659 5337 3774 5393 hunc

2231 5445 2410 5516 ipsum
2433 5441 2675 5514 iudicem
2705 5438 2864 5511 elegi,
2892 5451 3058 5508 super
3079 5435 3185 5491 hac
3201 5435 3507 5506 quaestione
3535 5427 3774 5491 consului.

2231 5547 2393 5589 suum
2425 5548 2493 5588 ne
2527 5531 2865 5602 singulorum
2895 5526 3042 5598 quod
3074 5525 3309 5597 quisque
3343 5531 3650 5594 occuparet,
3685 5519 3776 5574 sire

2233 5624 2428 5680 domus
2440 5623 2553 5679 sive
2574 5621 2726 5677 curia
2754 5619 2918 5675 foret:
2935 5617 3005 5673 ab
3021 5617 3357 5686 interrogato
3375 5614 3458 5670 sic
3476 5611 3672 5682 accepi.
3693 5608 3775 5661 De.

2233 5723 2438 5770 cretum
2451 5722 2552 5780 est,
2565 5713 2760 5784 inquit,
2773 5720 2934 5782 atque
2945 5705 3623 5770 universalitersancitum,
3638 5701 3682 5755 id
3695 5713 3774 5753 suo

2233 5805 2340 5873 iuri
2356 5805 2570 5876 cuique,
2584 5803 2946 5876 quodcunque
2960 5801 3049 5868 sit,
3072 5798 3488 5870 relinquendum
3506 5791 3773 5864 fore,wjus
