  <div class='ocr_page' id='page_1' title='image "/cluster/home/n/w/nwhite01/storage/ocr_20150623/155/hvd.32044015473838/294.png"; bbox 0 0 3806 6306; ppageno 0'>
   <div class='ocr_carea' id='block_1_1' title="bbox 75 345 168 406">
    <p class='ocr_par' dir='ltr' id='par_1_1' title="bbox 75 345 168 406">
     <span class='ocr_line' id='line_1_1' title="bbox 75 345 168 406; baseline -0.043 0"><span class='ocrx_word' id='word_1_1' title='bbox 75 345 168 406; x_wconf 70' lang='grc' dir='ltr'><strong>δη</strong></span> 
     </span>
    </p>
   </div>
   <div class='ocr_carea' id='block_1_2' title="bbox 1340 338 1996 408">
    <p class='ocr_par' dir='ltr' id='par_1_2' title="bbox 1340 338 1996 408">
     <span class='ocr_line' id='line_1_2' title="bbox 1340 338 1996 408; baseline -0.002 0"><span class='ocrx_word' id='word_1_2' title='bbox 1340 338 1588 408; x_wconf 64' lang='grc' dir='ltr'><strong>ὈΕΒΤᾹ</strong></span> <span class='ocrx_word' id='word_1_3' title='bbox 1627 347 1996 407; x_wconf 78' lang='lat' dir='ltr'><strong>TANCREDI.</strong></span> 
     </span>
    </p>
   </div>
   <div class='ocr_carea' id='block_1_3' title="bbox 3209 341 3334 412">
    <p class='ocr_par' dir='ltr' id='par_1_3' title="bbox 3209 341 3334 412">
     <span class='ocr_line' id='line_1_3' title="bbox 3209 341 3334 412; baseline -0.008 -1"><span class='ocrx_word' id='word_1_4' title='bbox 3209 389 3212 392; x_wconf 71' lang='lat'><strong><em>~</em></strong></span> <span class='ocrx_word' id='word_1_5' title='bbox 3228 341 3334 412; x_wconf 69' lang='lat'><strong>578</strong></span> 
     </span>
    </p>
   </div>
   <div class='ocr_carea' id='block_1_4' title="bbox 74 459 3337 538">
    <p class='ocr_par' dir='ltr' id='par_1_4' title="bbox 74 459 3337 538">
     <span class='ocr_line' id='line_1_4' title="bbox 74 459 3337 538; baseline 0.002 -18"><span class='ocrx_word' id='word_1_6' title='bbox 74 474 176 535; x_wconf 85' lang='lat' dir='ltr'><strong>post</strong></span> <span class='ocrx_word' id='word_1_7' title='bbox 200 462 506 532; x_wconf 80' lang='lat' dir='ltr'><strong>ingressum</strong></span> <span class='ocrx_word' id='word_1_8' title='bbox 538 461 685 518; x_wconf 84' lang='lat' dir='ltr'><strong>urbis</strong></span> <span class='ocrx_word' id='word_1_9' title='bbox 705 462 921 534; x_wconf 83' lang='lat' dir='ltr'><strong>primus</strong></span> <span class='ocrx_word' id='word_1_10' title='bbox 961 462 1117 519; x_wconf 75' lang='lat' dir='ltr'><strong>ﬂeret</strong></span> <span class='ocrx_word' id='word_1_11' title='bbox 1145 470 1464 533; x_wconf 88' lang='lat' dir='ltr'><strong>occupator.</strong></span> <span class='ocrx_word' id='word_1_12' title='bbox 1508 460 1636 518; x_wconf 81' lang='lat' dir='ltr'><strong>Haec</strong></span> <span class='ocrx_word' id='word_1_13' title='bbox 1662 463 1710 526; x_wconf 73' lang='grc' dir='ltr'><strong>Α</strong></span> <span class='ocrx_word' id='word_1_14' title='bbox 1743 464 1876 520; x_wconf 86' lang='lat' dir='ltr'><strong>vidit</strong></span> <span class='ocrx_word' id='word_1_15' title='bbox 1903 464 2163 520; x_wconf 76' lang='lat' dir='ltr'><strong>victores.</strong></span> <span class='ocrx_word' id='word_1_16' title='bbox 2215 459 2556 523; x_wconf 73' lang='lat' dir='ltr'><strong>Turbaverat</strong></span> <span class='ocrx_word' id='word_1_17' title='bbox 2614 465 2761 524; x_wconf 78' lang='lat' dir='ltr'><strong>enim</strong></span> <span class='ocrx_word' id='word_1_18' title='bbox 2805 480 2985 538; x_wconf 83' lang='lat' dir='ltr'><strong>regem</strong></span> <span class='ocrx_word' id='word_1_19' title='bbox 3030 463 3337 538; x_wconf 81' lang='lat' dir='ltr'><strong>Mcmpbios</strong></span> 
     </span>
    </p>
   </div>
   <div class='ocr_carea' id='block_1_5' title="bbox 72 549 1629 627">
    <p class='ocr_par' dir='ltr' id='par_1_5' title="bbox 72 549 1629 627">
     <span class='ocr_line' id='line_1_5' title="bbox 72 549 1629 627; baseline -0.001 -17"><span class='ocrx_word' id='word_1_20' title='bbox 72 549 272 612; x_wconf 84' lang='lat' dir='ltr'><strong>forsitan</strong></span> <span class='ocrx_word' id='word_1_21' title='bbox 299 554 416 624; x_wconf 89' lang='lat' dir='ltr'><strong>ipse</strong></span> <span class='ocrx_word' id='word_1_22' title='bbox 441 555 771 624; x_wconf 75' lang='lat' dir='ltr'><strong>praeteriisse</strong></span> <span class='ocrx_word' id='word_1_23' title='bbox 787 564 972 627; x_wconf 88' lang='lat' dir='ltr'><strong>putat:</strong></span> <span class='ocrx_word' id='word_1_24' title='bbox 993 570 1095 627; x_wconf 89' lang='lat' dir='ltr'><strong>ego</strong></span> <span class='ocrx_word' id='word_1_25' title='bbox 1118 555 1410 626; x_wconf 73' lang='lat' dir='ltr'><strong>praesentia</strong></span> <span class='ocrx_word' id='word_1_26' title='bbox 1433 555 1629 623; x_wconf 84' lang='lat' dir='ltr'><strong>habeo,</strong></span> 
     </span>
    </p>
   </div>
   <div class='ocr_carea' id='block_1_6' title="bbox 73 648 1633 720">
    <p class='ocr_par' dir='ltr' id='par_1_6' title="bbox 73 648 1633 720">
     <span class='ocr_line' id='line_1_6' title="bbox 73 648 1633 720; baseline -0.001 -15"><span class='ocrx_word' id='word_1_27' title='bbox 73 667 164 706; x_wconf 89' lang='lat' dir='ltr'><strong>non</strong></span> <span class='ocrx_word' id='word_1_28' title='bbox 199 648 540 716; x_wconf 66' lang='lat' dir='ltr'><strong>exciderunt,</strong></span> <span class='ocrx_word' id='word_1_29' title='bbox 582 657 731 705; x_wconf 86' lang='lat' dir='ltr'><strong>stant</strong></span> <span class='ocrx_word' id='word_1_30' title='bbox 751 649 880 705; x_wconf 82' lang='lat' dir='ltr'><strong>fixa.</strong></span> <span class='ocrx_word' id='word_1_31' title='bbox 912 649 1121 705; x_wconf 87' lang='lat' dir='ltr'><strong>Pudeat</strong></span> <span class='ocrx_word' id='word_1_32' title='bbox 1150 649 1391 720; x_wconf 89' lang='lat' dir='ltr'><strong>judicem</strong></span> <span class='ocrx_word' id='word_1_33' title='bbox 1423 649 1480 703; x_wconf 91' lang='lat' dir='ltr'><strong>in</strong></span> <span class='ocrx_word' id='word_1_34' title='bbox 1514 648 1633 704; x_wconf 87' lang='lat' dir='ltr'><strong>dies</strong></span> 
     </span>
    </p>
   </div>
   <div class='ocr_carea' id='block_1_7' title="bbox 71 739 1632 814">
    <p class='ocr_par' dir='ltr' id='par_1_7' title="bbox 71 739 1632 814">
     <span class='ocr_line' id='line_1_7' title="bbox 71 739 1632 814; baseline -0.001 -18"><span class='ocrx_word' id='word_1_35' title='bbox 71 751 256 796; x_wconf 86' lang='lat' dir='ltr'><strong>mutare</strong></span> <span class='ocrx_word' id='word_1_36' title='bbox 276 742 602 807; x_wconf 89' lang='lat' dir='ltr'><strong>sententias,</strong></span> <span class='ocrx_word' id='word_1_37' title='bbox 626 742 831 798; x_wconf 84' lang='lat' dir='ltr'><strong>nedum</strong></span> <span class='ocrx_word' id='word_1_38' title='bbox 853 741 1002 814; x_wconf 91' lang='lat' dir='ltr'><strong>quod</strong></span> <span class='ocrx_word' id='word_1_39' title='bbox 1024 741 1143 798; x_wconf 85' lang='lat' dir='ltr'><strong>heri</strong></span> <span class='ocrx_word' id='word_1_40' title='bbox 1176 741 1441 807; x_wconf 83' lang='lat' dir='ltr'><strong>sanxerit,</strong></span> <span class='ocrx_word' id='word_1_41' title='bbox 1467 739 1632 795; x_wconf 87' lang='lat' dir='ltr'><strong>hodie</strong></span> 
     </span>
    </p>
   </div>
   <div class='ocr_carea' id='block_1_8' title="bbox 70 830 1632 904">
    <p class='ocr_par' dir='ltr' id='par_1_8' title="bbox 70 830 1632 904">
     <span class='ocr_line' id='line_1_8' title="bbox 70 830 1632 904; baseline -0.002 -15"><span class='ocrx_word' id='word_1_42' title='bbox 70 841 221 904; x_wconf 82' lang='lat' dir='ltr'><strong>neget,</strong></span> <span class='ocrx_word' id='word_1_43' title='bbox 243 839 294 888; x_wconf 88' lang='lat' dir='ltr'><strong>et</strong></span> <span class='ocrx_word' id='word_1_44' title='bbox 315 833 485 903; x_wconf 80' lang='lat' dir='ltr'><strong>angui</strong></span> <span class='ocrx_word' id='word_1_45' title='bbox 511 834 725 890; x_wconf 91' lang='lat' dir='ltr'><strong>lubrico</strong></span> <span class='ocrx_word' id='word_1_46' title='bbox 749 834 1127 891; x_wconf 88' lang='lat' dir='ltr'><strong>conformetur</strong></span> <span class='ocrx_word' id='word_1_47' title='bbox 1138 832 1462 890; x_wconf 90' lang='lat' dir='ltr'><strong>etProtheo.</strong></span> <span class='ocrx_word' id='word_1_48' title='bbox 1493 830 1632 886; x_wconf 86' lang='lat' dir='ltr'><strong>Nam</strong></span> 
     </span>
    </p>
   </div>
   <div class='ocr_carea' id='block_1_9' title="bbox 68 920 1631 992">
    <p class='ocr_par' dir='ltr' id='par_1_9' title="bbox 68 920 1631 992">
     <span class='ocr_line' id='line_1_9' title="bbox 68 920 1631 992; baseline 0.001 -17"><span class='ocrx_word' id='word_1_49' title='bbox 68 939 159 992; x_wconf 89' lang='lat' dir='ltr'><strong>quo</strong></span> <span class='ocrx_word' id='word_1_50' title='bbox 189 931 397 977; x_wconf 86' lang='lat' dir='ltr'><strong>teneam</strong></span> <span class='ocrx_word' id='word_1_51' title='bbox 425 923 594 978; x_wconf 87' lang='lat' dir='ltr'><strong>modo</strong></span> <span class='ocrx_word' id='word_1_52' title='bbox 618 932 922 980; x_wconf 88' lang='lat' dir='ltr'><strong>mutantem</strong></span> <span class='ocrx_word' id='word_1_53' title='bbox 968 923 1204 979; x_wconf 86' lang='lat' dir='ltr'><strong>Prothea</strong></span> <span class='ocrx_word' id='word_1_54' title='bbox 1231 923 1432 978; x_wconf 84' lang='lat' dir='ltr'><strong>vultus.</strong></span> <span class='ocrx_word' id='word_1_55' title='bbox 1474 920 1631 990; x_wconf 85' lang='lat' dir='ltr'><strong>Quod</strong></span> 
     </span>
    </p>
   </div>
   <div class='ocr_carea' id='block_1_10' title="bbox 67 1015 1634 1088">
    <p class='ocr_par' dir='ltr' id='par_1_10' title="bbox 67 1015 1634 1088">
     <span class='ocr_line' id='line_1_10' title="bbox 67 1015 1634 1088; baseline -0.001 -17"><span class='ocrx_word' id='word_1_56' title='bbox 67 1017 106 1071; x_wconf 88' lang='lat' dir='ltr'><strong>si</strong></span> <span class='ocrx_word' id='word_1_57' title='bbox 131 1015 350 1071; x_wconf 89' lang='lat' dir='ltr'><strong>fortasse</strong></span> <span class='ocrx_word' id='word_1_58' title='bbox 370 1015 584 1086; x_wconf 91' lang='lat' dir='ltr'><strong>primos</strong></span> <span class='ocrx_word' id='word_1_59' title='bbox 627 1017 808 1074; x_wconf 89' lang='lat' dir='ltr'><strong>aditus</strong></span> <span class='ocrx_word' id='word_1_60' title='bbox 851 1017 960 1074; x_wconf 91' lang='lat' dir='ltr'><strong>sibi</strong></span> <span class='ocrx_word' id='word_1_61' title='bbox 985 1026 1240 1088; x_wconf 87' lang='lat' dir='ltr'><strong>usurpat,</strong></span> <span class='ocrx_word' id='word_1_62' title='bbox 1281 1015 1338 1070; x_wconf 91' lang='lat' dir='ltr'><strong>in</strong></span> <span class='ocrx_word' id='word_1_63' title='bbox 1368 1016 1471 1071; x_wconf 89' lang='lat' dir='ltr'><strong>hac</strong></span> <span class='ocrx_word' id='word_1_64' title='bbox 1495 1031 1634 1086; x_wconf 85' lang='lat' dir='ltr'><strong>quo-</strong></span> 
     </span>
    </p>
   </div>
   <div class='ocr_carea' id='block_1_11' title="bbox 66 1106 1630 1176">
    <p class='ocr_par' dir='ltr' id='par_1_11' title="bbox 66 1106 1630 1176">
     <span class='ocr_line' id='line_1_11' title="bbox 66 1106 1630 1176; baseline 0.002 -17"><span class='ocrx_word' id='word_1_65' title='bbox 66 1121 156 1176; x_wconf 81' lang='lat' dir='ltr'><strong>que</strong></span> <span class='ocrx_word' id='word_1_66' title='bbox 175 1114 320 1176; x_wconf 89' lang='lat' dir='ltr'><strong>parte</strong></span> <span class='ocrx_word' id='word_1_67' title='bbox 339 1106 525 1163; x_wconf 89' lang='lat' dir='ltr'><strong>victus</strong></span> <span class='ocrx_word' id='word_1_68' title='bbox 548 1109 895 1176; x_wconf 87' lang='lat' dir='ltr'><strong>succumbit;</strong></span> <span class='ocrx_word' id='word_1_69' title='bbox 927 1118 1158 1165; x_wconf 83' lang='lat' dir='ltr'><strong>testatur</strong></span> <span class='ocrx_word' id='word_1_70' title='bbox 1183 1107 1232 1165; x_wconf 91' lang='lat' dir='ltr'><strong>ei</strong></span> <span class='ocrx_word' id='word_1_71' title='bbox 1269 1107 1498 1164; x_wconf 79' lang='lat' dir='ltr'><strong>forsitan</strong></span> <span class='ocrx_word' id='word_1_72' title='bbox 1525 1107 1630 1163; x_wconf 92' lang='lat' dir='ltr'><strong>mi-</strong></span> 
     </span>
    </p>
   </div>
   <div class='ocr_carea' id='block_1_12' title="bbox 68 1197 1634 1273">
    <p class='ocr_par' dir='ltr' id='par_1_12' title="bbox 68 1197 1634 1273">
     <span class='ocr_line' id='line_1_12' title="bbox 68 1197 1634 1273; baseline 0.001 -19"><span class='ocrx_word' id='word_1_73' title='bbox 68 1197 296 1266; x_wconf 86' lang='lat' dir='ltr'><strong>lesunus,</strong></span> <span class='ocrx_word' id='word_1_74' title='bbox 308 1197 404 1254; x_wconf 88' lang='lat' dir='ltr'><strong>sed</strong></span> <span class='ocrx_word' id='word_1_75' title='bbox 415 1201 697 1256; x_wconf 85' lang='lat' dir='ltr'><strong>exercitus</strong></span> <span class='ocrx_word' id='word_1_76' title='bbox 711 1201 846 1256; x_wconf 88' lang='lat' dir='ltr'><strong>mihi</strong></span> <span class='ocrx_word' id='word_1_77' title='bbox 863 1221 876 1256; x_wconf 91' lang='lat'><strong>:</strong></span> <span class='ocrx_word' id='word_1_78' title='bbox 891 1202 986 1273; x_wconf 87' lang='lat' dir='ltr'><strong>qui</strong></span> <span class='ocrx_word' id='word_1_79' title='bbox 1002 1201 1256 1267; x_wconf 87' lang='lat' dir='ltr'><strong>audierit,</strong></span> <span class='ocrx_word' id='word_1_80' title='bbox 1271 1201 1363 1257; x_wconf 89' lang='lat' dir='ltr'><strong>sed</strong></span> <span class='ocrx_word' id='word_1_81' title='bbox 1379 1199 1526 1256; x_wconf 91' lang='lat' dir='ltr'><strong>mille</strong></span> <span class='ocrx_word' id='word_1_82' title='bbox 1537 1197 1634 1270; x_wconf 89' lang='lat' dir='ltr'><strong>qui</strong></span> 
     </span>
    </p>
   </div>
   <div class='ocr_carea' id='block_1_13' title="bbox 65 1290 1635 1367">
    <p class='ocr_par' dir='ltr' id='par_1_13' title="bbox 65 1290 1635 1367">
     <span class='ocr_line' id='line_1_13' title="bbox 65 1290 1635 1367; baseline 0.003 -21"><span class='ocrx_word' id='word_1_83' title='bbox 65 1291 306 1348; x_wconf 81' lang='lat' dir='ltr'><strong>viderunt.</strong></span> <span class='ocrx_word' id='word_1_84' title='bbox 334 1290 451 1364; x_wconf 86' lang='lat' dir='ltr'><strong>Ego</strong></span> <span class='ocrx_word' id='word_1_85' title='bbox 471 1293 690 1363; x_wconf 87' lang='lat' dir='ltr'><strong>primus</strong></span> <span class='ocrx_word' id='word_1_86' title='bbox 713 1294 867 1360; x_wconf 89' lang='lat' dir='ltr'><strong>irrui,</strong></span> <span class='ocrx_word' id='word_1_87' title='bbox 888 1296 1100 1366; x_wconf 91' lang='lat' dir='ltr'><strong>primus</strong></span> <span class='ocrx_word' id='word_1_88' title='bbox 1131 1303 1318 1367; x_wconf 89' lang='lat' dir='ltr'><strong>portas</strong></span> <span class='ocrx_word' id='word_1_89' title='bbox 1343 1293 1502 1366; x_wconf 78' lang='lat' dir='ltr'><strong>fregi,</strong></span> <span class='ocrx_word' id='word_1_90' title='bbox 1524 1309 1635 1365; x_wconf 89' lang='lat' dir='ltr'><strong>quo</strong></span> 
     </span>
    </p>
   </div>
   <div class='ocr_carea' id='block_1_14' title="bbox 66 1383 1635 1459">
    <p class='ocr_par' dir='ltr' id='par_1_14' title="bbox 66 1383 1635 1459">
     <span class='ocr_line' id='line_1_14' title="bbox 66 1383 1635 1459; baseline 0.003 -19"><span class='ocrx_word' id='word_1_91' title='bbox 66 1383 197 1456; x_wconf 83' lang='lat' dir='ltr'><strong>sequi</strong></span> <span class='ocrx_word' id='word_1_92' title='bbox 222 1399 330 1440; x_wconf 90' lang='lat' dir='ltr'><strong>non</strong></span> <span class='ocrx_word' id='word_1_93' title='bbox 365 1385 619 1452; x_wconf 84' lang='lat' dir='ltr'><strong>auderet,</strong></span> <span class='ocrx_word' id='word_1_94' title='bbox 655 1402 758 1458; x_wconf 92' lang='lat' dir='ltr'><strong>ego</strong></span> <span class='ocrx_word' id='word_1_95' title='bbox 787 1387 1066 1458; x_wconf 76' lang='lat' dir='ltr'><strong>praecessi,</strong></span> <span class='ocrx_word' id='word_1_96' title='bbox 1106 1404 1246 1459; x_wconf 87' lang='lat' dir='ltr'><strong>quos</strong></span> <span class='ocrx_word' id='word_1_97' title='bbox 1285 1403 1386 1444; x_wconf 89' lang='lat' dir='ltr'><strong>nec</strong></span> <span class='ocrx_word' id='word_1_98' title='bbox 1414 1404 1444 1443; x_wconf 91' lang='lat' dir='ltr'><strong>a</strong></span> <span class='ocrx_word' id='word_1_99' title='bbox 1481 1397 1635 1459; x_wconf 88' lang='lat' dir='ltr'><strong>tergo</strong></span> 
     </span>
    </p>
   </div>
   <div class='ocr_carea' id='block_1_15' title="bbox 65 1476 1636 1552">
    <p class='ocr_par' dir='ltr' id='par_1_15' title="bbox 65 1476 1636 1552">
     <span class='ocr_line' id='line_1_15' title="bbox 65 1476 1636 1552; baseline 0.004 -22"><span class='ocrx_word' id='word_1_100' title='bbox 65 1485 304 1546; x_wconf 85' lang='lat' dir='ltr'><strong>spectare,</strong></span> <span class='ocrx_word' id='word_1_101' title='bbox 338 1492 442 1548; x_wconf 88' lang='lat' dir='ltr'><strong>ego</strong></span> <span class='ocrx_word' id='word_1_102' title='bbox 465 1493 498 1532; x_wconf 91' lang='lat' dir='ltr'><strong>a</strong></span> <span class='ocrx_word' id='word_1_103' title='bbox 529 1476 709 1534; x_wconf 87' lang='lat' dir='ltr'><strong>fronte</strong></span> <span class='ocrx_word' id='word_1_104' title='bbox 741 1479 1025 1535; x_wconf 85' lang='lat' dir='ltr'><strong>debellavi.</strong></span> <span class='ocrx_word' id='word_1_105' title='bbox 1051 1479 1120 1535; x_wconf 88' lang='lat' dir='ltr'><strong>At</strong></span> <span class='ocrx_word' id='word_1_106' title='bbox 1141 1479 1298 1552; x_wconf 88' lang='lat' dir='ltr'><strong>fugas</strong></span> <span class='ocrx_word' id='word_1_107' title='bbox 1321 1495 1451 1537; x_wconf 88' lang='lat' dir='ltr'><strong>suas</strong></span> <span class='ocrx_word' id='word_1_108' title='bbox 1476 1481 1636 1537; x_wconf 89' lang='lat' dir='ltr'><strong>nobis</strong></span> 
     </span>
    </p>
   </div>
   <div class='ocr_carea' id='block_1_16' title="bbox 63 1566 1634 1644">
    <p class='ocr_par' dir='ltr' id='par_1_16' title="bbox 63 1566 1634 1644">
     <span class='ocr_line' id='line_1_16' title="bbox 63 1566 1634 1644; baseline 0.004 -21"><span class='ocrx_word' id='word_1_109' title='bbox 63 1566 224 1638; x_wconf 84' lang='lat' dir='ltr'><strong>iactat,</strong></span> <span class='ocrx_word' id='word_1_110' title='bbox 254 1568 520 1639; x_wconf 84' lang='lat' dir='ltr'><strong>periculis</strong></span> <span class='ocrx_word' id='word_1_111' title='bbox 554 1570 923 1638; x_wconf 88' lang='lat' dir='ltr'><strong>consuluisse,</strong></span> <span class='ocrx_word' id='word_1_112' title='bbox 949 1573 1288 1644; x_wconf 88' lang='lat' dir='ltr'><strong>suggessisse</strong></span> <span class='ocrx_word' id='word_1_113' title='bbox 1323 1573 1390 1628; x_wconf 89' lang='lat' dir='ltr'><strong>de</strong></span> <span class='ocrx_word' id='word_1_114' title='bbox 1420 1573 1634 1640; x_wconf 90' lang='lat' dir='ltr'><strong>nuntio,</strong></span> 
     </span>
    </p>
   </div>
   <div class='ocr_carea' id='block_1_17' title="bbox 65 1651 1640 1734">
    <p class='ocr_par' dir='ltr' id='par_1_17' title="bbox 65 1651 1640 1734">
     <span class='ocr_line' id='line_1_17' title="bbox 65 1651 1640 1734; baseline 0.004 -20"><span class='ocrx_word' id='word_1_115' title='bbox 65 1659 255 1714; x_wconf 89' lang='lat' dir='ltr'><strong>demum</strong></span> <span class='ocrx_word' id='word_1_116' title='bbox 273 1661 585 1718; x_wconf 85' lang='lat' dir='ltr'><strong>nuntiasse.</strong></span> <span class='ocrx_word' id='word_1_117' title='bbox 605 1662 742 1730; x_wconf 87' lang='lat' dir='ltr'><strong>Quis</strong></span> <span class='ocrx_word' id='word_1_118' title='bbox 767 1664 904 1720; x_wconf 88' lang='lat' dir='ltr'><strong>adeo</strong></span> <span class='ocrx_word' id='word_1_119' title='bbox 919 1651 1172 1731; x_wconf 86' lang='lat' dir='ltr'><strong>stolidus,</strong></span> <span class='ocrx_word' id='word_1_120' title='bbox 1198 1680 1231 1718; x_wconf 86' lang='grc' dir='ltr'>ο</span> <span class='ocrx_word' id='word_1_121' title='bbox 1253 1679 1510 1734; x_wconf 89' lang='lat' dir='ltr'><strong>proceres</strong></span> <span class='ocrx_word' id='word_1_122' title='bbox 1535 1665 1547 1718; x_wconf 87' lang='lat'><strong>!</strong></span> <span class='ocrx_word' id='word_1_123' title='bbox 1577 1671 1640 1720; x_wconf 88' lang='lat' dir='ltr'><strong>ut</strong></span> 
     </span>
    </p>
   </div>
   <div class='ocr_carea' id='block_1_18' title="bbox 66 1751 1636 1828">
    <p class='ocr_par' dir='ltr' id='par_1_18' title="bbox 66 1751 1636 1828">
     <span class='ocr_line' id='line_1_18' title="bbox 66 1751 1636 1828; baseline 0.004 -23"><span class='ocrx_word' id='word_1_124' title='bbox 66 1765 118 1806; x_wconf 76' lang='lat' dir='ltr'><strong>ex</strong></span> <span class='ocrx_word' id='word_1_125' title='bbox 139 1752 216 1807; x_wconf 90' lang='lat' dir='ltr'><strong>his</strong></span> <span class='ocrx_word' id='word_1_126' title='bbox 235 1751 354 1823; x_wconf 88' lang='lat' dir='ltr'><strong>ejus</strong></span> <span class='ocrx_word' id='word_1_127' title='bbox 379 1752 740 1811; x_wconf 91' lang='lat' dir='ltr'><strong>formidinem</strong></span> <span class='ocrx_word' id='word_1_128' title='bbox 764 1771 872 1812; x_wconf 91' lang='lat' dir='ltr'><strong>non</strong></span> <span class='ocrx_word' id='word_1_129' title='bbox 895 1757 1236 1828; x_wconf 86' lang='lat' dir='ltr'><strong>perpendat?</strong></span> <span class='ocrx_word' id='word_1_130' title='bbox 1257 1755 1462 1828; x_wconf 87' lang='lat' dir='ltr'><strong>Nempe</strong></span> <span class='ocrx_word' id='word_1_131' title='bbox 1491 1773 1521 1811; x_wconf 89' lang='lat' dir='ltr'><strong>a</strong></span> <span class='ocrx_word' id='word_1_132' title='bbox 1545 1771 1636 1828; x_wconf 91' lang='lat' dir='ltr'><strong>pe-</strong></span> 
     </span>
    </p>
   </div>
   <div class='ocr_carea' id='block_1_19' title="bbox 1739 554 3336 640">
    <p class='ocr_par' dir='ltr' id='par_1_19' title="bbox 1739 554 3336 640">
     <span class='ocr_line' id='line_1_19' title="bbox 1739 554 3336 640; baseline 0.005 -30"><span class='ocrx_word' id='word_1_133' title='bbox 1739 554 2084 612; x_wconf 83' lang='lat' dir='ltr'><strong>Hierusalem</strong></span> <span class='ocrx_word' id='word_1_134' title='bbox 2116 567 2296 628; x_wconf 89' lang='lat' dir='ltr'><strong>capta,</strong></span> <span class='ocrx_word' id='word_1_135' title='bbox 2324 559 2452 615; x_wconf 88' lang='lat' dir='ltr'><strong>hinc</strong></span> <span class='ocrx_word' id='word_1_136' title='bbox 2473 567 2586 615; x_wconf 89' lang='lat' dir='ltr'><strong>tota</strong></span> <span class='ocrx_word' id='word_1_137' title='bbox 2614 559 2858 616; x_wconf 87' lang='lat' dir='ltr'><strong>fremens</strong></span> <span class='ocrx_word' id='word_1_138' title='bbox 2885 559 3152 632; x_wconf 67' lang='lat' dir='ltr'><strong>Egyptus</strong></span> <span class='ocrx_word' id='word_1_139' title='bbox 3180 561 3336 640; x_wconf 85' lang='lat' dir='ltr'><strong>equi-</strong></span> 
     </span>
    </p>
   </div>
   <div class='ocr_carea' id='block_1_20' title="bbox 1736 649 3335 726">
    <p class='ocr_par' dir='ltr' id='par_1_20' title="bbox 1736 649 3335 726">
     <span class='ocr_line' id='line_1_20' title="bbox 1736 649 3335 726; baseline 0.005 -23"><span class='ocrx_word' id='word_1_140' title='bbox 1736 656 1854 704; x_wconf 89' lang='lat' dir='ltr'><strong>tum</strong></span> <span class='ocrx_word' id='word_1_141' title='bbox 1887 650 2148 707; x_wconf 88' lang='lat' dir='ltr'><strong>trecentis</strong></span> <span class='ocrx_word' id='word_1_142' title='bbox 2195 649 2444 708; x_wconf 89' lang='lat' dir='ltr'><strong>millibus</strong></span> <span class='ocrx_word' id='word_1_143' title='bbox 2493 658 2765 726; x_wconf 76' lang='lat' dir='ltr'><strong>Sexagena</strong></span> <span class='ocrx_word' id='word_1_144' title='bbox 2794 655 3192 723; x_wconf 81' lang='lat' dir='ltr'><strong>cumulaverat,</strong></span> <span class='ocrx_word' id='word_1_145' title='bbox 3226 657 3335 711; x_wconf 89' lang='lat' dir='ltr'><strong>mi-</strong></span> 
     </span>
    </p>
   </div>
   <div class='ocr_carea' id='block_1_21' title="bbox 1738 743 3338 815">
    <p class='ocr_par' dir='ltr' id='par_1_21' title="bbox 1738 743 3338 815">
     <span class='ocr_line' id='line_1_21' title="bbox 1738 743 3338 815; baseline 0.006 -20"><span class='ocrx_word' id='word_1_146' title='bbox 1738 751 1995 813; x_wconf 83' lang='lat' dir='ltr'><strong>seratque</strong></span> <span class='ocrx_word' id='word_1_147' title='bbox 2039 743 2302 800; x_wconf 86' lang='lat' dir='ltr'><strong>bellatum</strong></span> <span class='ocrx_word' id='word_1_148' title='bbox 2363 745 2608 815; x_wconf 90' lang='lat' dir='ltr'><strong>peditum</strong></span> <span class='ocrx_word' id='word_1_149' title='bbox 2654 763 2920 804; x_wconf 89' lang='lat' dir='ltr'><strong>numerus</strong></span> <span class='ocrx_word' id='word_1_150' title='bbox 2967 748 3111 805; x_wconf 91' lang='lat' dir='ltr'><strong>sicut</strong></span> <span class='ocrx_word' id='word_1_151' title='bbox 3165 749 3338 806; x_wconf 90' lang='lat' dir='ltr'><strong>maris</strong></span> 
     </span>
    </p>
   </div>
   <div class='ocr_carea' id='block_1_22' title="bbox 1735 834 3339 909">
    <p class='ocr_par' dir='ltr' id='par_1_22' title="bbox 1735 834 3339 909">
     <span class='ocr_line' id='line_1_22' title="bbox 1735 834 3339 909; baseline 0.005 -21"><span class='ocrx_word' id='word_1_152' title='bbox 1735 847 1920 888; x_wconf 84' lang='lat' dir='ltr'><strong>arena.</strong></span> <span class='ocrx_word' id='word_1_153' title='bbox 1974 834 2045 889; x_wconf 82' lang='lat' dir='ltr'><strong>At</strong></span> <span class='ocrx_word' id='word_1_154' title='bbox 2087 835 2180 891; x_wconf 90' lang='lat' dir='ltr'><strong>ubi</strong></span> <span class='ocrx_word' id='word_1_155' title='bbox 2210 836 2278 892; x_wconf 92' lang='lat' dir='ltr'><strong>de</strong></span> <span class='ocrx_word' id='word_1_156' title='bbox 2300 837 2534 893; x_wconf 76' lang='lat' dir='ltr'><strong>adventu</strong></span> <span class='ocrx_word' id='word_1_157' title='bbox 2588 838 2853 894; x_wconf 87' lang='lat' dir='ltr'><strong>bellorum</strong></span> <span class='ocrx_word' id='word_1_158' title='bbox 2895 841 3204 896; x_wconf 85' lang='lat' dir='ltr'><strong>nuntiatum</strong></span> <span class='ocrx_word' id='word_1_159' title='bbox 3254 857 3339 909; x_wconf 56' lang='lat' dir='ltr'><strong>est</strong></span> 
     </span>
    </p>
   </div>
   <div class='ocr_carea' id='block_1_23' title="bbox 1734 919 3338 1001">
    <p class='ocr_par' dir='ltr' id='par_1_23' title="bbox 1734 919 3338 1001">
     <span class='ocr_line' id='line_1_23' title="bbox 1734 919 3338 1001; baseline 0.006 -24"><span class='ocrx_word' id='word_1_160' title='bbox 1734 919 2002 991; x_wconf 84' lang='lat' dir='ltr'><strong>Francis;</strong></span> <span class='ocrx_word' id='word_1_161' title='bbox 2033 925 2111 980; x_wconf 86' lang='lat' dir='ltr'><strong>illi</strong></span> <span class='ocrx_word' id='word_1_162' title='bbox 2143 927 2296 982; x_wconf 86' lang='lat' dir='ltr'><strong>velut</strong></span> <span class='ocrx_word' id='word_1_163' title='bbox 2318 943 2347 982; x_wconf 94' lang='lat' dir='ltr'><strong>a</strong></span> <span class='ocrx_word' id='word_1_164' title='bbox 2375 926 2520 984; x_wconf 92' lang='lat' dir='ltr'><strong>fame</strong></span> <span class='ocrx_word' id='word_1_165' title='bbox 2545 929 2614 985; x_wconf 88' lang='lat' dir='ltr'><strong>ad</strong></span> <span class='ocrx_word' id='word_1_166' title='bbox 2646 931 2836 1001; x_wconf 90' lang='lat' dir='ltr'><strong>epulas</strong></span> <span class='ocrx_word' id='word_1_167' title='bbox 2869 941 3188 1000; x_wconf 90' lang='lat' dir='ltr'><strong>occurrunt,</strong></span> <span class='ocrx_word' id='word_1_168' title='bbox 3212 931 3338 987; x_wconf 88' lang='lat' dir='ltr'><strong>fun-</strong></span> 
     </span>
    </p>
   </div>
   <div class='ocr_carea' id='block_1_24' title="bbox 1734 1015 3335 1094">
    <p class='ocr_par' dir='ltr' id='par_1_24' title="bbox 1734 1015 3335 1094">
     <span class='ocr_line' id='line_1_24' title="bbox 1734 1015 3335 1094; baseline 0.007 -24"><span class='ocrx_word' id='word_1_169' title='bbox 1734 1015 1871 1071; x_wconf 87' lang='lat' dir='ltr'><strong>dunt</strong></span> <span class='ocrx_word' id='word_1_170' title='bbox 1900 1016 2074 1072; x_wconf 88' lang='lat' dir='ltr'><strong>nostri</strong></span> <span class='ocrx_word' id='word_1_171' title='bbox 2124 1019 2273 1089; x_wconf 91' lang='lat' dir='ltr'><strong>quod</strong></span> <span class='ocrx_word' id='word_1_172' title='bbox 2320 1019 2535 1077; x_wconf 88' lang='lat' dir='ltr'><strong>dictum</strong></span> <span class='ocrx_word' id='word_1_173' title='bbox 2580 1030 2682 1090; x_wconf 90' lang='lat' dir='ltr'><strong>est,</strong></span> <span class='ocrx_word' id='word_1_174' title='bbox 2731 1031 2787 1078; x_wconf 91' lang='lat' dir='ltr'><strong>et</strong></span> <span class='ocrx_word' id='word_1_175' title='bbox 2833 1023 2924 1079; x_wconf 90' lang='lat' dir='ltr'><strong>ubi</strong></span> <span class='ocrx_word' id='word_1_176' title='bbox 2974 1024 3182 1080; x_wconf 91' lang='lat' dir='ltr'><strong>dictum</strong></span> <span class='ocrx_word' id='word_1_177' title='bbox 3229 1033 3335 1094; x_wconf 90' lang='lat' dir='ltr'><strong>est,</strong></span> 
     </span>
    </p>
   </div>
   <div class='ocr_carea' id='block_1_25' title="bbox 1734 1108 3336 1190">
    <p class='ocr_par' dir='ltr' id='par_1_25' title="bbox 1734 1108 3336 1190">
     <span class='ocr_line' id='line_1_25' title="bbox 1734 1108 3336 1190; baseline 0.008 -28"><span class='ocrx_word' id='word_1_178' title='bbox 1734 1108 1896 1178; x_wconf 91' lang='lat' dir='ltr'><strong>pauci</strong></span> <span class='ocrx_word' id='word_1_179' title='bbox 1979 1109 2184 1165; x_wconf 89' lang='lat' dir='ltr'><strong>multos</strong></span> <span class='ocrx_word' id='word_1_180' title='bbox 2256 1129 2271 1165; x_wconf 87' lang='lat'><strong>:</strong></span> <span class='ocrx_word' id='word_1_181' title='bbox 2346 1127 2458 1182; x_wconf 91' lang='lat' dir='ltr'><strong>quo</strong></span> <span class='ocrx_word' id='word_1_182' title='bbox 2563 1120 2744 1168; x_wconf 86' lang='lat' dir='ltr'><strong>autem</strong></span> <span class='ocrx_word' id='word_1_183' title='bbox 2831 1115 3021 1170; x_wconf 89' lang='lat' dir='ltr'><strong>ordine</strong></span> <span class='ocrx_word' id='word_1_184' title='bbox 3052 1158 3066 1183; x_wconf 95' lang='lat'><strong>,</strong></span> <span class='ocrx_word' id='word_1_185' title='bbox 3132 1131 3336 1190; x_wconf 85' lang='lat' dir='ltr'><strong>urgens</strong></span> 
     </span>
    </p>
   </div>
   <div class='ocr_carea' id='block_1_26' title="bbox 1729 1198 3337 1278">
    <p class='ocr_par' dir='ltr' id='par_1_26' title="bbox 1729 1198 3337 1278">
     <span class='ocr_line' id='line_1_26' title="bbox 1729 1198 3337 1278; baseline 0.007 -25"><span class='ocrx_word' id='word_1_186' title='bbox 1729 1198 1888 1269; x_wconf 88' lang='lat' dir='ltr'><strong>jubet</strong></span> <span class='ocrx_word' id='word_1_187' title='bbox 1938 1201 2205 1271; x_wconf 74' lang='lat' dir='ltr'><strong>pneteriri</strong></span> <span class='ocrx_word' id='word_1_188' title='bbox 2252 1200 2619 1260; x_wconf 89' lang='lat' dir='ltr'><strong>Tancredus:</strong></span> <span class='ocrx_word' id='word_1_189' title='bbox 2669 1205 2912 1278; x_wconf 84' lang='lat' dir='ltr'><strong>indulget</strong></span> <span class='ocrx_word' id='word_1_190' title='bbox 2960 1215 3138 1262; x_wconf 89' lang='lat' dir='ltr'><strong>tamen</strong></span> <span class='ocrx_word' id='word_1_191' title='bbox 3165 1207 3337 1264; x_wconf 79' lang='lat' dir='ltr'><strong>Asca-</strong></span> 
     </span>
    </p>
   </div>
   <div class='ocr_carea' id='block_1_27' title="bbox 1735 1289 3335 1364">
    <p class='ocr_par' dir='ltr' id='par_1_27' title="bbox 1735 1289 3335 1364">
     <span class='ocr_line' id='line_1_27' title="bbox 1735 1289 3335 1364; baseline 0.007 -18"><span class='ocrx_word' id='word_1_192' title='bbox 1735 1289 1938 1348; x_wconf 91' lang='lat' dir='ltr'><strong>lonitas</strong></span> <span class='ocrx_word' id='word_1_193' title='bbox 2013 1303 2139 1364; x_wconf 93' lang='lat' dir='ltr'><strong>post</strong></span> <span class='ocrx_word' id='word_1_194' title='bbox 2185 1295 2470 1351; x_wconf 80' lang='lat' dir='ltr'><strong>victoriam</strong></span> <span class='ocrx_word' id='word_1_195' title='bbox 2518 1297 2716 1354; x_wconf 82' lang='lat' dir='ltr'><strong>vexillo</strong></span> <span class='ocrx_word' id='word_1_196' title='bbox 2777 1299 2994 1355; x_wconf 89' lang='lat' dir='ltr'><strong>comitis</strong></span> <span class='ocrx_word' id='word_1_197' title='bbox 3039 1298 3335 1357; x_wconf 83' lang='lat' dir='ltr'><strong>Raimundi</strong></span> 
     </span>
    </p>
   </div>
   <div class='ocr_carea' id='block_1_28' title="bbox 1735 1384 3332 1463">
    <p class='ocr_par' dir='ltr' id='par_1_28' title="bbox 1735 1384 3332 1463">
     <span class='ocr_line' id='line_1_28' title="bbox 1735 1384 3332 1463; baseline 0.005 -23"><span class='ocrx_word' id='word_1_198' title='bbox 1735 1384 1901 1452; x_wconf 87' lang='lat' dir='ltr'><strong>elato,</strong></span> <span class='ocrx_word' id='word_1_199' title='bbox 1931 1401 2098 1456; x_wconf 90' lang='lat' dir='ltr'><strong>seque</strong></span> <span class='ocrx_word' id='word_1_200' title='bbox 2121 1403 2362 1458; x_wconf 85' lang='lat' dir='ltr'><strong>suasque</strong></span> <span class='ocrx_word' id='word_1_201' title='bbox 2378 1397 2555 1447; x_wconf 90' lang='lat' dir='ltr'><strong>turres</strong></span> <span class='ocrx_word' id='word_1_202' title='bbox 2569 1391 2941 1463; x_wconf 85' lang='lat' dir='ltr'><strong>substringere</strong></span> <span class='ocrx_word' id='word_1_203' title='bbox 2955 1392 3134 1447; x_wconf 91' lang='lat' dir='ltr'><strong>manci</strong></span> <span class='ocrx_word' id='word_1_204' title='bbox 3141 1401 3296 1463; x_wconf 90' lang='lat' dir='ltr'><strong>patos</strong></span> <span class='ocrx_word' id='word_1_205' title='bbox 3315 1411 3332 1462; x_wconf 92' lang='lat'><strong>;</strong></span> 
     </span>
    </p>
   </div>
   <div class='ocr_carea' id='block_1_29' title="bbox 1737 1479 3333 1548">
    <p class='ocr_par' dir='ltr' id='par_1_29' title="bbox 1737 1479 3333 1548">
     <span class='ocr_line' id='line_1_29' title="bbox 1737 1479 3333 1548; baseline 0.007 -17"><span class='ocrx_word' id='word_1_206' title='bbox 1737 1491 1802 1532; x_wconf 92' lang='lat' dir='ltr'><strong>eo</strong></span> <span class='ocrx_word' id='word_1_207' title='bbox 1829 1493 2068 1548; x_wconf 85' lang='lat' dir='ltr'><strong>namque</strong></span> <span class='ocrx_word' id='word_1_208' title='bbox 2091 1480 2345 1548; x_wconf 60' lang='lat' dir='ltr'><strong>praeside,</strong></span> <span class='ocrx_word' id='word_1_209' title='bbox 2382 1479 2642 1538; x_wconf 88' lang='lat' dir='ltr'><strong>Davidica</strong></span> <span class='ocrx_word' id='word_1_210' title='bbox 2673 1491 2881 1539; x_wconf 89' lang='lat' dir='ltr'><strong>tutores</strong></span> <span class='ocrx_word' id='word_1_211' title='bbox 2915 1498 3046 1540; x_wconf 87' lang='lat' dir='ltr'><strong>suos</strong></span> <span class='ocrx_word' id='word_1_212' title='bbox 3084 1483 3333 1541; x_wconf 90' lang='lat' dir='ltr'><strong>immise-</strong></span> 
     </span>
    </p>
   </div>
   <div class='ocr_carea' id='block_1_30' title="bbox 1737 1569 3334 1648">
    <p class='ocr_par' dir='ltr' id='par_1_30' title="bbox 1737 1569 3334 1648">
     <span class='ocr_line' id='line_1_30' title="bbox 1737 1569 3334 1648; baseline 0.006 -26"><span class='ocrx_word' id='word_1_213' title='bbox 1737 1576 1823 1624; x_wconf 87' lang='lat' dir='ltr'><strong>rat</strong></span> <span class='ocrx_word' id='word_1_214' title='bbox 1870 1569 2094 1636; x_wconf 74' lang='lat' dir='ltr'><strong>illaesos,</strong></span> <span class='ocrx_word' id='word_1_215' title='bbox 2135 1587 2199 1627; x_wconf 84' lang='lat' dir='ltr'><strong>ex</strong></span> <span class='ocrx_word' id='word_1_216' title='bbox 2227 1587 2341 1642; x_wconf 92' lang='lat' dir='ltr'><strong>quo</strong></span> <span class='ocrx_word' id='word_1_217' title='bbox 2385 1573 2552 1644; x_wconf 87' lang='lat' dir='ltr'><strong>hujus</strong></span> <span class='ocrx_word' id='word_1_218' title='bbox 2586 1575 2684 1629; x_wconf 90' lang='lat' dir='ltr'><strong>viri</strong></span> <span class='ocrx_word' id='word_1_219' title='bbox 2727 1575 2858 1631; x_wconf 88' lang='lat' dir='ltr'><strong>fides</strong></span> <span class='ocrx_word' id='word_1_220' title='bbox 2909 1576 2964 1630; x_wconf 89' lang='lat' dir='ltr'><strong>in</strong></span> <span class='ocrx_word' id='word_1_221' title='bbox 3005 1576 3207 1648; x_wconf 90' lang='lat' dir='ltr'><strong>populo</strong></span> <span class='ocrx_word' id='word_1_222' title='bbox 3239 1577 3334 1632; x_wconf 92' lang='lat' dir='ltr'><strong>illo</strong></span> 
     </span>
    </p>
   </div>
   <div class='ocr_carea' id='block_1_31' title="bbox 1737 1661 3334 1738">
    <p class='ocr_par' dir='ltr' id='par_1_31' title="bbox 1737 1661 3334 1738">
     <span class='ocr_line' id='line_1_31' title="bbox 1737 1661 3334 1738; baseline 0.006 -24"><span class='ocrx_word' id='word_1_223' title='bbox 1737 1675 1938 1731; x_wconf 88' lang='lat' dir='ltr'><strong>magna</strong></span> <span class='ocrx_word' id='word_1_224' title='bbox 1959 1661 2357 1718; x_wconf 85' lang='lat' dir='ltr'><strong>celebrabatur.</strong></span> <span class='ocrx_word' id='word_1_225' title='bbox 2415 1662 2520 1720; x_wconf 90' lang='lat' dir='ltr'><strong>Sed</strong></span> <span class='ocrx_word' id='word_1_226' title='bbox 2559 1673 2748 1720; x_wconf 75' lang='lat' dir='ltr'><strong>exorta</strong></span> <span class='ocrx_word' id='word_1_227' title='bbox 2797 1665 2852 1720; x_wconf 90' lang='lat' dir='ltr'><strong>in</strong></span> <span class='ocrx_word' id='word_1_228' title='bbox 2895 1667 3217 1738; x_wconf 89' lang='lat' dir='ltr'><strong>magistratu</strong></span> <span class='ocrx_word' id='word_1_229' title='bbox 3263 1666 3334 1724; x_wconf 86' lang='lat' dir='ltr'><strong>de</strong></span> 
     </span>
    </p>
   </div>
   <div class='ocr_carea' id='block_1_32' title="bbox 1737 1755 3334 1830">
    <p class='ocr_par' dir='ltr' id='par_1_32' title="bbox 1737 1755 3334 1830">
     <span class='ocr_line' id='line_1_32' title="bbox 1737 1755 3334 1830; baseline 0.006 -23"><span class='ocrx_word' id='word_1_230' title='bbox 1737 1762 2063 1825; x_wconf 77' lang='lat' dir='ltr'><strong>magistratu</strong></span> <span class='ocrx_word' id='word_1_231' title='bbox 2108 1755 2240 1822; x_wconf 87' lang='lat' dir='ltr'><strong>lite;</strong></span> <span class='ocrx_word' id='word_1_232' title='bbox 2300 1757 2448 1827; x_wconf 85' lang='lat' dir='ltr'><strong>quod</strong></span> <span class='ocrx_word' id='word_1_233' title='bbox 2501 1758 2700 1813; x_wconf 91' lang='lat' dir='ltr'><strong>sortito</strong></span> <span class='ocrx_word' id='word_1_234' title='bbox 2758 1773 2984 1830; x_wconf 87' lang='lat' dir='ltr'><strong>regnum</strong></span> <span class='ocrx_word' id='word_1_235' title='bbox 3040 1759 3334 1817; x_wconf 88' lang='lat' dir='ltr'><strong>Godefrido</strong></span> 
     </span>
    </p>
   </div>
   <div class='ocr_carea' id='block_1_33' title="bbox 67 1822 3333 1924">
    <p class='ocr_par' dir='ltr' id='par_1_33' title="bbox 67 1822 3333 1924">
     <span class='ocr_line' id='line_1_33' title="bbox 67 1822 3333 1924; baseline 0.003 -26"><span class='ocrx_word' id='word_1_236' title='bbox 67 1844 214 1900; x_wconf 89' lang='lat' dir='ltr'><strong>riculo</strong></span> <span class='ocrx_word' id='word_1_237' title='bbox 233 1822 449 1916; x_wconf 87' lang='lat' dir='ltr'><strong>uspiam</strong></span> <span class='ocrx_word' id='word_1_238' title='bbox 474 1849 644 1916; x_wconf 88' lang='lat' dir='ltr'><strong>mitti,</strong></span> <span class='ocrx_word' id='word_1_239' title='bbox 672 1850 777 1906; x_wconf 91' lang='lat' dir='ltr'><strong>hoc</strong></span> <span class='ocrx_word' id='word_1_240' title='bbox 797 1859 879 1907; x_wconf 90' lang='lat' dir='ltr'><strong>est</strong></span> <span class='ocrx_word' id='word_1_241' title='bbox 898 1822 1095 1907; x_wconf 80' lang='lat' dir='ltr'><strong>abesse</strong></span> <span class='ocrx_word' id='word_1_242' title='bbox 1112 1867 1142 1906; x_wconf 90' lang='lat' dir='ltr'><strong>a</strong></span> <span class='ocrx_word' id='word_1_243' title='bbox 1169 1822 1416 1922; x_wconf 77' lang='lat' dir='ltr'><strong>periculo</strong></span> <span class='ocrx_word' id='word_1_244' title='bbox 1437 1858 1492 1906; x_wconf 86' lang='lat' dir='ltr'><strong>et</strong></span> <span class='ocrx_word' id='word_1_245' title='bbox 1507 1822 1637 1906; x_wconf 82' lang='lat' dir='ltr'><strong>libe-</strong></span> <span class='ocrx_word' id='word_1_246' title='bbox 1663 1822 1710 1884; x_wconf 72' lang='grc' dir='ltr'><strong>Β</strong></span> <span class='ocrx_word' id='word_1_247' title='bbox 1742 1822 2088 1903; x_wconf 40' lang='lat' dir='ltr'><strong>Bai—mundus</strong></span> <span class='ocrx_word' id='word_1_248' title='bbox 2116 1848 2283 1904; x_wconf 85' lang='lat' dir='ltr'><strong>nollet</strong></span> <span class='ocrx_word' id='word_1_249' title='bbox 2306 1822 2594 1921; x_wconf 71' lang='lat' dir='ltr'><strong>suffragari</strong></span> <span class='ocrx_word' id='word_1_250' title='bbox 2621 1851 2787 1907; x_wconf 88' lang='lat' dir='ltr'><strong>:urbs</strong></span> <span class='ocrx_word' id='word_1_251' title='bbox 2814 1822 3086 1924; x_wconf 70' lang='lat' dir='ltr'><strong>neophyta</strong></span> <span class='ocrx_word' id='word_1_252' title='bbox 3120 1851 3189 1906; x_wconf 91' lang='lat' dir='ltr'><strong>ad</strong></span> <span class='ocrx_word' id='word_1_253' title='bbox 3211 1851 3333 1908; x_wconf 83' lang='lat' dir='ltr'><strong>ido-</strong></span> 
     </span>
    </p>
   </div>
   <div class='ocr_carea' id='block_1_34' title="bbox 64 1935 1638 2015">
    <p class='ocr_par' dir='ltr' id='par_1_34' title="bbox 64 1935 1638 2015">
     <span class='ocr_line' id='line_1_34' title="bbox 64 1935 1638 2015; baseline 0.006 -25"><span class='ocrx_word' id='word_1_254' title='bbox 64 1936 174 1991; x_wconf 86' lang='lat' dir='ltr'><strong>rari.</strong></span> <span class='ocrx_word' id='word_1_255' title='bbox 201 1935 338 2005; x_wconf 83' lang='lat' dir='ltr'><strong>Quid</strong></span> <span class='ocrx_word' id='word_1_256' title='bbox 371 1940 531 2011; x_wconf 90' lang='lat' dir='ltr'><strong>quod</strong></span> <span class='ocrx_word' id='word_1_257' title='bbox 563 1949 618 1997; x_wconf 87' lang='lat' dir='ltr'><strong>et</strong></span> <span class='ocrx_word' id='word_1_258' title='bbox 643 1935 937 2014; x_wconf 86' lang='lat' dir='ltr'><strong>persuasit,</strong></span> <span class='ocrx_word' id='word_1_259' title='bbox 970 1953 1026 1999; x_wconf 93' lang='lat' dir='ltr'><strong>et</strong></span> <span class='ocrx_word' id='word_1_260' title='bbox 1057 1959 1117 2000; x_wconf 94' lang='lat' dir='ltr'><strong>se</strong></span> <span class='ocrx_word' id='word_1_261' title='bbox 1143 1943 1394 2015; x_wconf 82' lang='lat' dir='ltr'><strong>ingessit,</strong></span> <span class='ocrx_word' id='word_1_262' title='bbox 1416 1951 1470 1999; x_wconf 91' lang='lat' dir='ltr'><strong>et</strong></span> <span class='ocrx_word' id='word_1_263' title='bbox 1492 1944 1638 2000; x_wconf 89' lang='lat' dir='ltr'><strong>ultro</strong></span> 
     </span>
    </p>
   </div>
   <div class='ocr_carea' id='block_1_35' title="bbox 68 2029 1633 2110">
    <p class='ocr_par' dir='ltr' id='par_1_35' title="bbox 68 2029 1633 2110">
     <span class='ocr_line' id='line_1_35' title="bbox 68 2029 1633 2110; baseline 0.004 -25"><span class='ocrx_word' id='word_1_264' title='bbox 68 2029 345 2086; x_wconf 76' lang='lat' dir='ltr'><strong>abscessit?</strong></span> <span class='ocrx_word' id='word_1_265' title='bbox 367 2031 650 2090; x_wconf 82' lang='lat' dir='ltr'><strong>Nimirum</strong></span> <span class='ocrx_word' id='word_1_266' title='bbox 686 2051 754 2090; x_wconf 78' lang='lat' dir='ltr'><strong>ex</strong></span> <span class='ocrx_word' id='word_1_267' title='bbox 777 2035 864 2092; x_wconf 89' lang='lat' dir='ltr'><strong>his</strong></span> <span class='ocrx_word' id='word_1_268' title='bbox 893 2036 1168 2108; x_wconf 89' lang='lat' dir='ltr'><strong>colligitur</strong></span> <span class='ocrx_word' id='word_1_269' title='bbox 1207 2037 1352 2110; x_wconf 90' lang='lat' dir='ltr'><strong>quod</strong></span> <span class='ocrx_word' id='word_1_270' title='bbox 1383 2035 1633 2109; x_wconf 88' lang='lat' dir='ltr'><strong>aufugit:</strong></span> 
     </span>
    </p>
   </div>
   <div class='ocr_carea' id='block_1_36' title="bbox 67 2112 1636 2201">
    <p class='ocr_par' dir='ltr' id='par_1_36' title="bbox 67 2112 1636 2201">
     <span class='ocr_line' id='line_1_36' title="bbox 67 2112 1636 2201; baseline 0.006 -26"><span class='ocrx_word' id='word_1_271' title='bbox 67 2130 217 2192; x_wconf 80' lang='lat' dir='ltr'><strong>neque</strong></span> <span class='ocrx_word' id='word_1_272' title='bbox 255 2123 400 2179; x_wconf 91' lang='lat' dir='ltr'><strong>enim</strong></span> <span class='ocrx_word' id='word_1_273' title='bbox 454 2125 580 2182; x_wconf 63' lang='lat' dir='ltr'><strong>haec</strong></span> <span class='ocrx_word' id='word_1_274' title='bbox 618 2112 933 2194; x_wconf 80' lang='lat' dir='ltr'><strong>abscessio,</strong></span> <span class='ocrx_word' id='word_1_275' title='bbox 969 2129 1063 2183; x_wconf 88' lang='lat' dir='ltr'><strong>sed</strong></span> <span class='ocrx_word' id='word_1_276' title='bbox 1099 2144 1228 2183; x_wconf 90' lang='lat' dir='ltr'><strong>vero</strong></span> <span class='ocrx_word' id='word_1_277' title='bbox 1254 2129 1476 2184; x_wconf 86' lang='lat' dir='ltr'><strong>nomine</strong></span> <span class='ocrx_word' id='word_1_278' title='bbox 1508 2129 1636 2201; x_wconf 87' lang='lat' dir='ltr'><strong>fuga</strong></span> 
     </span>
    </p>
   </div>
   <div class='ocr_carea' id='block_1_37' title="bbox 67 2210 1638 2290">
    <p class='ocr_par' dir='ltr' id='par_1_37' title="bbox 67 2210 1638 2290">
     <span class='ocr_line' id='line_1_37' title="bbox 67 2210 1638 2290; baseline 0.006 -24"><span class='ocrx_word' id='word_1_279' title='bbox 67 2210 260 2270; x_wconf 81' lang='lat' dir='ltr'><strong>dicenda</strong></span> <span class='ocrx_word' id='word_1_280' title='bbox 280 2223 383 2271; x_wconf 89' lang='lat' dir='ltr'><strong>est.</strong></span> <span class='ocrx_word' id='word_1_281' title='bbox 417 2215 581 2274; x_wconf 85' lang='lat' dir='ltr'><strong>Juste</strong></span> <span class='ocrx_word' id='word_1_282' title='bbox 603 2219 709 2275; x_wconf 89' lang='lat' dir='ltr'><strong>hoc</strong></span> <span class='ocrx_word' id='word_1_283' title='bbox 743 2219 1072 2275; x_wconf 81' lang='lat' dir='ltr'><strong>vocabulum</strong></span> <span class='ocrx_word' id='word_1_284' title='bbox 1111 2220 1390 2290; x_wconf 66' lang='lat' dir='ltr'><strong>jactantiie</strong></span> <span class='ocrx_word' id='word_1_285' title='bbox 1409 2221 1529 2290; x_wconf 83' lang='lat' dir='ltr'><strong>ejus</strong></span> <span class='ocrx_word' id='word_1_286' title='bbox 1553 2221 1638 2275; x_wconf 88' lang='lat' dir='ltr'><strong>in-</strong></span> 
     </span>
    </p>
   </div>
   <div class='ocr_carea' id='block_1_38' title="bbox 67 2304 1637 2378">
    <p class='ocr_par' dir='ltr' id='par_1_38' title="bbox 67 2304 1637 2378">
     <span class='ocr_line' id='line_1_38' title="bbox 67 2304 1637 2378; baseline 0.008 -22"><span class='ocrx_word' id='word_1_287' title='bbox 67 2304 249 2359; x_wconf 86' lang='lat' dir='ltr'><strong>tercidit</strong></span> <span class='ocrx_word' id='word_1_288' title='bbox 269 2323 283 2371; x_wconf 92' lang='lat'><strong>;</strong></span> <span class='ocrx_word' id='word_1_289' title='bbox 307 2307 469 2378; x_wconf 91' lang='lat' dir='ltr'><strong>cujus</strong></span> <span class='ocrx_word' id='word_1_290' title='bbox 509 2317 628 2364; x_wconf 88' lang='lat' dir='ltr'><strong>tota</strong></span> <span class='ocrx_word' id='word_1_291' title='bbox 654 2309 904 2376; x_wconf 90' lang='lat' dir='ltr'><strong>intentio,</strong></span> <span class='ocrx_word' id='word_1_292' title='bbox 929 2311 1094 2366; x_wconf 89' lang='lat' dir='ltr'><strong>ardor</strong></span> <span class='ocrx_word' id='word_1_293' title='bbox 1123 2312 1339 2378; x_wconf 90' lang='lat' dir='ltr'><strong>unicus,</strong></span> <span class='ocrx_word' id='word_1_294' title='bbox 1369 2313 1482 2368; x_wconf 90' lang='lat' dir='ltr'><strong>sola</strong></span> <span class='ocrx_word' id='word_1_295' title='bbox 1515 2311 1637 2369; x_wconf 91' lang='lat' dir='ltr'><strong>sitis</strong></span> 
     </span>
    </p>
   </div>
   <div class='ocr_carea' id='block_1_39' title="bbox 68 2393 1636 2476">
    <p class='ocr_par' dir='ltr' id='par_1_39' title="bbox 68 2393 1636 2476">
     <span class='ocr_line' id='line_1_39' title="bbox 68 2393 1636 2476; baseline 0.01 -29"><span class='ocrx_word' id='word_1_296' title='bbox 68 2393 170 2465; x_wconf 87' lang='lat' dir='ltr'><strong>fuga</strong></span> <span class='ocrx_word' id='word_1_297' title='bbox 207 2394 384 2454; x_wconf 88' lang='lat' dir='ltr'><strong>fuerit.</strong></span> <span class='ocrx_word' id='word_1_298' title='bbox 443 2397 559 2456; x_wconf 86' lang='lat' dir='ltr'><strong>Sed</strong></span> <span class='ocrx_word' id='word_1_299' title='bbox 605 2411 902 2459; x_wconf 82' lang='lat' dir='ltr'><strong>excusatus</strong></span> <span class='ocrx_word' id='word_1_300' title='bbox 950 2401 1064 2459; x_wconf 86' lang='lat' dir='ltr'><strong>abit</strong></span> <span class='ocrx_word' id='word_1_301' title='bbox 1093 2413 1315 2476; x_wconf 88' lang='lat' dir='ltr'><strong>propter</strong></span> <span class='ocrx_word' id='word_1_302' title='bbox 1341 2421 1472 2462; x_wconf 87' lang='lat' dir='ltr'><strong>suos</strong></span> <span class='ocrx_word' id='word_1_303' title='bbox 1495 2422 1636 2476; x_wconf 90' lang='lat' dir='ltr'><strong>quos</strong></span> 
     </span>
    </p>
   </div>
   <div class='ocr_carea' id='block_1_40' title="bbox 67 2493 1636 2568">
    <p class='ocr_par' dir='ltr' id='par_1_40' title="bbox 67 2493 1636 2568">
     <span class='ocr_line' id='line_1_40' title="bbox 67 2493 1636 2568; baseline 0.01 -29"><span class='ocrx_word' id='word_1_304' title='bbox 67 2499 336 2556; x_wconf 79' lang='lat' dir='ltr'><strong>enumerat,</strong></span> <span class='ocrx_word' id='word_1_305' title='bbox 386 2493 600 2563; x_wconf 89' lang='lat' dir='ltr'><strong>quibus</strong></span> <span class='ocrx_word' id='word_1_306' title='bbox 653 2495 894 2550; x_wconf 89' lang='lat' dir='ltr'><strong>occurrit</strong></span> <span class='ocrx_word' id='word_1_307' title='bbox 945 2505 1162 2552; x_wconf 89' lang='lat' dir='ltr'><strong>metus:</strong></span> <span class='ocrx_word' id='word_1_308' title='bbox 1207 2497 1451 2552; x_wconf 90' lang='lat' dir='ltr'><strong>attendat</strong></span> <span class='ocrx_word' id='word_1_309' title='bbox 1502 2497 1636 2568; x_wconf 85' lang='lat' dir='ltr'><strong>quid</strong></span> 
     </span>
    </p>
   </div>
   <div class='ocr_carea' id='block_1_41' title="bbox 69 2575 1636 2663">
    <p class='ocr_par' dir='ltr' id='par_1_41' title="bbox 69 2575 1636 2663">
     <span class='ocr_line' id='line_1_41' title="bbox 69 2575 1636 2663; baseline 0.006 -28"><span class='ocrx_word' id='word_1_310' title='bbox 69 2581 152 2637; x_wconf 84' lang='lat' dir='ltr'><strong>ista</strong></span> <span class='ocrx_word' id='word_1_311' title='bbox 191 2591 420 2652; x_wconf 90' lang='lat' dir='ltr'><strong>sonant;</strong></span> <span class='ocrx_word' id='word_1_312' title='bbox 467 2586 626 2642; x_wconf 92' lang='lat' dir='ltr'><strong>mille</strong></span> <span class='ocrx_word' id='word_1_313' title='bbox 670 2588 864 2644; x_wconf 92' lang='lat' dir='ltr'><strong>modos</strong></span> <span class='ocrx_word' id='word_1_314' title='bbox 905 2575 1047 2644; x_wconf 78' lang='lat' dir='ltr'><strong>inter</strong></span> <span class='ocrx_word' id='word_1_315' title='bbox 1081 2589 1212 2644; x_wconf 89' lang='lat' dir='ltr'><strong>lethi</strong></span> <span class='ocrx_word' id='word_1_316' title='bbox 1257 2605 1408 2647; x_wconf 87' lang='lat' dir='ltr'><strong>mors</strong></span> <span class='ocrx_word' id='word_1_317' title='bbox 1452 2591 1543 2646; x_wconf 90' lang='lat' dir='ltr'><strong>illa</strong></span> <span class='ocrx_word' id='word_1_318' title='bbox 1567 2591 1636 2663; x_wconf 32' lang='lat' dir='ltr'><strong>ne</strong></span> 
     </span>
    </p>
   </div>
   <div class='ocr_carea' id='block_1_42' title="bbox 69 2675 1632 2754">
    <p class='ocr_par' dir='ltr' id='par_1_42' title="bbox 69 2675 1632 2754">
     <span class='ocr_line' id='line_1_42' title="bbox 69 2675 1632 2754; baseline 0.008 -27"><span class='ocrx_word' id='word_1_319' title='bbox 69 2675 180 2729; x_wconf 91' lang='lat' dir='ltr'><strong>mori</strong></span> <span class='ocrx_word' id='word_1_320' title='bbox 202 2693 300 2747; x_wconf 89' lang='lat' dir='ltr'><strong>qua</strong></span> <span class='ocrx_word' id='word_1_321' title='bbox 324 2679 508 2735; x_wconf 89' lang='lat' dir='ltr'><strong>timidi</strong></span> <span class='ocrx_word' id='word_1_322' title='bbox 559 2695 776 2752; x_wconf 62' lang='lat' dir='ltr'><strong>coepere</strong></span> <span class='ocrx_word' id='word_1_323' title='bbox 823 2681 987 2737; x_wconf 90' lang='lat' dir='ltr'><strong>mori.</strong></span> <span class='ocrx_word' id='word_1_324' title='bbox 1035 2679 1210 2737; x_wconf 90' lang='lat' dir='ltr'><strong>Pudet</strong></span> <span class='ocrx_word' id='word_1_325' title='bbox 1231 2697 1339 2750; x_wconf 91' lang='lat' dir='ltr'><strong>me,</strong></span> <span class='ocrx_word' id='word_1_326' title='bbox 1367 2699 1401 2738; x_wconf 92' lang='grc' dir='ltr'>ο</span> <span class='ocrx_word' id='word_1_327' title='bbox 1427 2693 1632 2754; x_wconf 88' lang='lat' dir='ltr'><strong>patres,</strong></span> 
     </span>
    </p>
   </div>
   <div class='ocr_carea' id='block_1_43' title="bbox 69 2763 1632 2846">
    <p class='ocr_par' dir='ltr' id='par_1_43' title="bbox 69 2763 1632 2846">
     <span class='ocr_line' id='line_1_43' title="bbox 69 2763 1632 2846; baseline 0.01 -30"><span class='ocrx_word' id='word_1_328' title='bbox 69 2763 206 2834; x_wconf 86' lang='lat' dir='ltr'><strong>hujus</strong></span> <span class='ocrx_word' id='word_1_329' title='bbox 233 2771 594 2836; x_wconf 89' lang='lat' dir='ltr'><strong>certaminis;</strong></span> <span class='ocrx_word' id='word_1_330' title='bbox 622 2771 691 2829; x_wconf 88' lang='lat' dir='ltr'><strong>ad</strong></span> <span class='ocrx_word' id='word_1_331' title='bbox 718 2771 867 2843; x_wconf 89' lang='lat' dir='ltr'><strong>quod</strong></span> <span class='ocrx_word' id='word_1_332' title='bbox 908 2782 1115 2841; x_wconf 88' lang='lat' dir='ltr'><strong>tamen,</strong></span> <span class='ocrx_word' id='word_1_333' title='bbox 1152 2790 1221 2830; x_wconf 92' lang='lat' dir='ltr'><strong>ne</strong></span> <span class='ocrx_word' id='word_1_334' title='bbox 1255 2774 1359 2831; x_wconf 93' lang='lat' dir='ltr'><strong>sibi</strong></span> <span class='ocrx_word' id='word_1_335' title='bbox 1383 2776 1632 2846; x_wconf 87' lang='lat' dir='ltr'><strong>imputet,</strong></span> 
     </span>
    </p>
   </div>
   <div class='ocr_carea' id='block_1_44' title="bbox 68 2863 1637 2934">
    <p class='ocr_par' dir='ltr' id='par_1_44' title="bbox 68 2863 1637 2934">
     <span class='ocr_line' id='line_1_44' title="bbox 68 2863 1637 2934; baseline 0.01 -25"><span class='ocrx_word' id='word_1_336' title='bbox 68 2871 155 2911; x_wconf 88' lang='lat' dir='ltr'><strong>non</strong></span> <span class='ocrx_word' id='word_1_337' title='bbox 176 2875 253 2914; x_wconf 90' lang='lat' dir='ltr'><strong>me</strong></span> <span class='ocrx_word' id='word_1_338' title='bbox 274 2863 453 2934; x_wconf 86' lang='lat' dir='ltr'><strong>coegit</strong></span> <span class='ocrx_word' id='word_1_339' title='bbox 485 2864 876 2930; x_wconf 87' lang='lat' dir='ltr'><strong>adversarius;</strong></span> <span class='ocrx_word' id='word_1_340' title='bbox 903 2867 1222 2922; x_wconf 86' lang='lat' dir='ltr'><strong>reverentiae</strong></span> <span class='ocrx_word' id='word_1_341' title='bbox 1245 2876 1442 2923; x_wconf 69' lang='lat' dir='ltr'><strong>vestra:</strong></span> <span class='ocrx_word' id='word_1_342' title='bbox 1468 2869 1637 2924; x_wconf 89' lang='lat' dir='ltr'><strong>ascri-</strong></span> 
     </span>
    </p>
   </div>
   <div class='ocr_carea' id='block_1_45' title="bbox 70 2948 1632 3032">
    <p class='ocr_par' dir='ltr' id='par_1_45' title="bbox 70 2948 1632 3032">
     <span class='ocr_line' id='line_1_45' title="bbox 70 2948 1632 3032; baseline 0.01 -29"><span class='ocrx_word' id='word_1_343' title='bbox 70 2948 159 3014; x_wconf 82' lang='lat' dir='ltr'><strong>bat,</strong></span> <span class='ocrx_word' id='word_1_344' title='bbox 187 2968 244 3008; x_wconf 90' lang='lat' dir='ltr'><strong>ea</strong></span> <span class='ocrx_word' id='word_1_345' title='bbox 272 2971 356 3011; x_wconf 91' lang='lat' dir='ltr'><strong>me</strong></span> <span class='ocrx_word' id='word_1_346' title='bbox 395 2957 643 3028; x_wconf 78' lang='lat' dir='ltr'><strong>impulit.</strong></span> <span class='ocrx_word' id='word_1_347' title='bbox 672 2956 796 3013; x_wconf 81' lang='lat' dir='ltr'><strong>1am</strong></span> <span class='ocrx_word' id='word_1_348' title='bbox 822 2973 954 3031; x_wconf 88' lang='lat' dir='ltr'><strong>ergo</strong></span> <span class='ocrx_word' id='word_1_349' title='bbox 997 2957 1270 3015; x_wconf 88' lang='lat' dir='ltr'><strong>fatiscenti</strong></span> <span class='ocrx_word' id='word_1_350' title='bbox 1321 2976 1466 3032; x_wconf 92' lang='lat' dir='ltr'><strong>equo</strong></span> <span class='ocrx_word' id='word_1_351' title='bbox 1515 2963 1632 3018; x_wconf 88' lang='lat' dir='ltr'><strong>lora</strong></span> 
     </span>
    </p>
   </div>
   <div class='ocr_carea' id='block_1_46' title="bbox 69 3049 1634 3122">
    <p class='ocr_par' dir='ltr' id='par_1_46' title="bbox 69 3049 1634 3122">
     <span class='ocr_line' id='line_1_46' title="bbox 69 3049 1634 3122; baseline 0.012 -27"><span class='ocrx_word' id='word_1_352' title='bbox 69 3049 396 3116; x_wconf 80' lang='lat' dir='ltr'><strong>supprimam;</strong></span> <span class='ocrx_word' id='word_1_353' title='bbox 436 3049 580 3120; x_wconf 75' lang='lat' dir='ltr'><strong>quid</strong></span> <span class='ocrx_word' id='word_1_354' title='bbox 621 3049 690 3106; x_wconf 91' lang='lat' dir='ltr'><strong>de</strong></span> <span class='ocrx_word' id='word_1_355' title='bbox 728 3063 954 3122; x_wconf 90' lang='lat' dir='ltr'><strong>peracto</strong></span> <span class='ocrx_word' id='word_1_356' title='bbox 1001 3067 1172 3110; x_wconf 87' lang='lat' dir='ltr'><strong>cursu</strong></span> <span class='ocrx_word' id='word_1_357' title='bbox 1215 3053 1500 3122; x_wconf 82' lang='lat' dir='ltr'><strong>debeatur,</strong></span> <span class='ocrx_word' id='word_1_358' title='bbox 1534 3069 1634 3113; x_wconf 90' lang='lat' dir='ltr'><strong>vos</strong></span> 
     </span>
    </p>
   </div>
   <div class='ocr_carea' id='block_1_47' title="bbox 69 3131 400 3196">
    <p class='ocr_par' dir='ltr' id='par_1_47' title="bbox 69 3131 400 3196">
     <span class='ocr_line' id='line_1_47' title="bbox 69 3131 400 3196; baseline 0.018 -10"><span class='ocrx_word' id='word_1_359' title='bbox 69 3131 338 3196; x_wconf 78' lang='lat' dir='ltr'><strong>discernite.</strong></span> <span class='ocrx_word' id='word_1_360' title='bbox 380 3158 400 3192; x_wconf 75' lang='grc' dir='ltr'><strong><em>ι</em></strong></span> 
     </span>
    </p>
   </div>
   <div class='ocr_carea' id='block_1_48' title="bbox 311 3231 1350 3308">
    <p class='ocr_par' dir='ltr' id='par_1_48' title="bbox 311 3231 1350 3308">
     <span class='ocr_line' id='line_1_48' title="bbox 311 3231 1350 3308; baseline 0.006 -20"><span class='ocrx_word' id='word_1_361' title='bbox 311 3231 635 3289; x_wconf 75' lang='lat' dir='ltr'><strong>CXXXVII.</strong></span> <span class='ocrx_word' id='word_1_362' title='bbox 650 3265 721 3276; x_wconf 90' lang='lat'><strong><em>—</em></strong></span> <span class='ocrx_word' id='word_1_363' title='bbox 749 3234 1026 3292; x_wconf 82' lang='lat' dir='ltr'><strong>Sententia</strong></span> <span class='ocrx_word' id='word_1_364' title='bbox 1049 3253 1350 3308; x_wconf 80' lang='lat' dir='ltr'><strong>procerum.</strong></span> 
     </span>
    </p>
   </div>
   <div class='ocr_carea' id='block_1_49' title="bbox 123 3317 1636 3404">
    <p class='ocr_par' dir='ltr' id='par_1_49' title="bbox 123 3317 1636 3404">
     <span class='ocr_line' id='line_1_49' title="bbox 123 3317 1636 3404; baseline 0.011 -30"><span class='ocrx_word' id='word_1_365' title='bbox 123 3317 347 3394; x_wconf 87' lang='lat' dir='ltr'><strong>Cumque</strong></span> <span class='ocrx_word' id='word_1_366' title='bbox 373 3325 500 3382; x_wconf 66' lang='lat' dir='ltr'><strong>haec</strong></span> <span class='ocrx_word' id='word_1_367' title='bbox 520 3327 814 3384; x_wconf 86' lang='lat' dir='ltr'><strong>verborum</strong></span> <span class='ocrx_word' id='word_1_368' title='bbox 838 3329 894 3386; x_wconf 90' lang='lat' dir='ltr'><strong>in</strong></span> <span class='ocrx_word' id='word_1_369' title='bbox 915 3330 1145 3387; x_wconf 92' lang='lat' dir='ltr'><strong>auribus</strong></span> <span class='ocrx_word' id='word_1_370' title='bbox 1170 3331 1478 3404; x_wconf 88' lang='lat' dir='ltr'><strong>principum</strong></span> <span class='ocrx_word' id='word_1_371' title='bbox 1501 3348 1636 3390; x_wconf 85' lang='lat' dir='ltr'><strong>con-</strong></span> 
     </span>
    </p>
   </div>
   <div class='ocr_carea' id='block_1_50' title="bbox 71 3413 1634 3492">
    <p class='ocr_par' dir='ltr' id='par_1_50' title="bbox 71 3413 1634 3492">
     <span class='ocr_line' id='line_1_50' title="bbox 71 3413 1634 3492; baseline 0.01 -28"><span class='ocrx_word' id='word_1_372' title='bbox 71 3413 307 3470; x_wconf 85' lang='lat' dir='ltr'><strong>sonuissct</strong></span> <span class='ocrx_word' id='word_1_373' title='bbox 337 3417 727 3474; x_wconf 86' lang='lat' dir='ltr'><strong>dissonantia:</strong></span> <span class='ocrx_word' id='word_1_374' title='bbox 771 3419 877 3491; x_wconf 92' lang='lat' dir='ltr'><strong>ipsi</strong></span> <span class='ocrx_word' id='word_1_375' title='bbox 903 3419 1019 3490; x_wconf 89' lang='lat' dir='ltr'><strong>jam</strong></span> <span class='ocrx_word' id='word_1_376' title='bbox 1067 3421 1136 3476; x_wconf 86' lang='lat' dir='ltr'><strong>ad</strong></span> <span class='ocrx_word' id='word_1_377' title='bbox 1182 3421 1498 3492; x_wconf 68' lang='lat' dir='ltr'><strong>aequitatem</strong></span> <span class='ocrx_word' id='word_1_378' title='bbox 1543 3439 1634 3478; x_wconf 91' lang='lat' dir='ltr'><strong>re-</strong></span> 
     </span>
    </p>
   </div>
   <div class='ocr_carea' id='block_1_51' title="bbox 71 3504 1636 3584">
    <p class='ocr_par' dir='ltr' id='par_1_51' title="bbox 71 3504 1636 3584">
     <span class='ocr_line' id='line_1_51' title="bbox 71 3504 1636 3584; baseline 0.009 -28"><span class='ocrx_word' id='word_1_379' title='bbox 71 3504 348 3571; x_wconf 82' lang='lat' dir='ltr'><strong>spondentis</strong></span> <span class='ocrx_word' id='word_1_380' title='bbox 391 3510 740 3580; x_wconf 75' lang='lat' dir='ltr'><strong>:equanimes</strong></span> <span class='ocrx_word' id='word_1_381' title='bbox 778 3511 1017 3579; x_wconf 84' lang='lat' dir='ltr'><strong>redditi;</strong></span> <span class='ocrx_word' id='word_1_382' title='bbox 1073 3511 1250 3584; x_wconf 89' lang='lat' dir='ltr'><strong>sopita</strong></span> <span class='ocrx_word' id='word_1_383' title='bbox 1300 3513 1636 3584; x_wconf 89' lang='lat' dir='ltr'><strong>invidia,ju-</strong></span> 
     </span>
    </p>
   </div>
   <div class='ocr_carea' id='block_1_52' title="bbox 73 3589 1632 3676">
    <p class='ocr_par' dir='ltr' id='par_1_52' title="bbox 73 3589 1632 3676">
     <span class='ocr_line' id='line_1_52' title="bbox 73 3589 1632 3676; baseline 0.011 -31"><span class='ocrx_word' id='word_1_384' title='bbox 73 3595 240 3651; x_wconf 79' lang='lat' dir='ltr'><strong>stitiam</strong></span> <span class='ocrx_word' id='word_1_385' title='bbox 301 3610 650 3657; x_wconf 81' lang='lat' dir='ltr'><strong>scrutantur.</strong></span> <span class='ocrx_word' id='word_1_386' title='bbox 715 3601 952 3659; x_wconf 83' lang='lat' dir='ltr'><strong>Medium</strong></span> <span class='ocrx_word' id='word_1_387' title='bbox 993 3589 1268 3675; x_wconf 76' lang='lat' dir='ltr'><strong>quoddam</strong></span> <span class='ocrx_word' id='word_1_388' title='bbox 1326 3605 1632 3676; x_wconf 89' lang='lat' dir='ltr'><strong>inveniunt,</strong></span> 
     </span>
    </p>
   </div>
   <div class='ocr_carea' id='block_1_53' title="bbox 71 3690 1633 3771">
    <p class='ocr_par' dir='ltr' id='par_1_53' title="bbox 71 3690 1633 3771">
     <span class='ocr_line' id='line_1_53' title="bbox 71 3690 1633 3771; baseline 0.012 -32"><span class='ocrx_word' id='word_1_389' title='bbox 71 3699 160 3754; x_wconf 89' lang='lat' dir='ltr'><strong>quo</strong></span> <span class='ocrx_word' id='word_1_390' title='bbox 179 3705 270 3746; x_wconf 84' lang='lat' dir='ltr'><strong>nec</strong></span> <span class='ocrx_word' id='word_1_391' title='bbox 297 3690 510 3750; x_wconf 71' lang='lat' dir='ltr'><strong>frustra</strong></span> <span class='ocrx_word' id='word_1_392' title='bbox 537 3695 930 3754; x_wconf 88' lang='lat' dir='ltr'><strong>declamaverit</strong></span> <span class='ocrx_word' id='word_1_393' title='bbox 972 3696 1313 3769; x_wconf 78' lang='lat' dir='ltr'><strong>Arnulphus,</strong></span> <span class='ocrx_word' id='word_1_394' title='bbox 1338 3715 1438 3756; x_wconf 91' lang='lat' dir='ltr'><strong>nec</strong></span> <span class='ocrx_word' id='word_1_395' title='bbox 1469 3715 1633 3771; x_wconf 85' lang='lat' dir='ltr'><strong>para-</strong></span> 
     </span>
    </p>
   </div>
   <div class='ocr_carea' id='block_1_54' title="bbox 73 3777 1630 3858">
    <p class='ocr_par' dir='ltr' id='par_1_54' title="bbox 73 3777 1630 3858">
     <span class='ocr_line' id='line_1_54' title="bbox 73 3777 1630 3858; baseline 0.011 -27"><span class='ocrx_word' id='word_1_396' title='bbox 73 3777 128 3830; x_wconf 88' lang='lat' dir='ltr'><strong>tis</strong></span> <span class='ocrx_word' id='word_1_397' title='bbox 154 3784 357 3852; x_wconf 89' lang='lat' dir='ltr'><strong>proprio</strong></span> <span class='ocrx_word' id='word_1_398' title='bbox 392 3787 670 3858; x_wconf 85' lang='lat' dir='ltr'><strong>sanguine</strong></span> <span class='ocrx_word' id='word_1_399' title='bbox 709 3789 907 3858; x_wconf 91' lang='lat' dir='ltr'><strong>opibus</strong></span> <span class='ocrx_word' id='word_1_400' title='bbox 943 3787 1245 3846; x_wconf 88' lang='lat' dir='ltr'><strong>frustretur</strong></span> <span class='ocrx_word' id='word_1_401' title='bbox 1291 3789 1630 3848; x_wconf 87' lang='lat' dir='ltr'><strong>Tancredus.</strong></span> 
     </span>
    </p>
   </div>
   <div class='ocr_carea' id='block_1_55' title="bbox 73 3866 1635 3955">
    <p class='ocr_par' dir='ltr' id='par_1_55' title="bbox 73 3866 1635 3955">
     <span class='ocr_line' id='line_1_55' title="bbox 73 3866 1635 3955; baseline 0.012 -33"><span class='ocrx_word' id='word_1_402' title='bbox 73 3866 289 3930; x_wconf 71' lang='lat' dir='ltr'><strong>Indicant</strong></span> <span class='ocrx_word' id='word_1_403' title='bbox 309 3877 482 3934; x_wconf 84' lang='lat' dir='ltr'><strong>ubera</strong></span> <span class='ocrx_word' id='word_1_404' title='bbox 517 3895 626 3936; x_wconf 90' lang='lat' dir='ltr'><strong>non</strong></span> <span class='ocrx_word' id='word_1_405' title='bbox 650 3880 847 3936; x_wconf 88' lang='lat' dir='ltr'><strong>debere</strong></span> <span class='ocrx_word' id='word_1_406' title='bbox 878 3881 1114 3952; x_wconf 90' lang='lat' dir='ltr'><strong>relinqui</strong></span> <span class='ocrx_word' id='word_1_407' title='bbox 1147 3881 1322 3950; x_wconf 89' lang='lat' dir='ltr'><strong>arida,</strong></span> <span class='ocrx_word' id='word_1_408' title='bbox 1363 3899 1486 3955; x_wconf 70' lang='lat' dir='ltr'><strong>qua:</strong></span> <span class='ocrx_word' id='word_1_409' title='bbox 1512 3892 1635 3940; x_wconf 89' lang='lat' dir='ltr'><strong>tan-</strong></span> 
     </span>
    </p>
   </div>
   <div class='ocr_carea' id='block_1_56' title="bbox 75 3963 1632 4042">
    <p class='ocr_par' dir='ltr' id='par_1_56' title="bbox 75 3963 1632 4042">
     <span class='ocr_line' id='line_1_56' title="bbox 75 3963 1632 4042; baseline 0.012 -29"><span class='ocrx_word' id='word_1_410' title='bbox 75 3967 166 4016; x_wconf 84' lang='lat' dir='ltr'><strong>tum</strong></span> <span class='ocrx_word' id='word_1_411' title='bbox 192 3963 338 4024; x_wconf 87' lang='lat' dir='ltr'><strong>lactis</strong></span> <span class='ocrx_word' id='word_1_412' title='bbox 360 3968 678 4037; x_wconf 83' lang='lat' dir='ltr'><strong>etl&#39;uderint,</strong></span> <span class='ocrx_word' id='word_1_413' title='bbox 705 3987 830 4027; x_wconf 92' lang='lat' dir='ltr'><strong>cum</strong></span> <span class='ocrx_word' id='word_1_414' title='bbox 855 3972 1161 4042; x_wconf 64' lang='lat' dir='ltr'><strong>praesertim</strong></span> <span class='ocrx_word' id='word_1_415' title='bbox 1186 3971 1455 4030; x_wconf 89' lang='lat' dir='ltr'><strong>Tancredi</strong></span> <span class='ocrx_word' id='word_1_416' title='bbox 1493 3974 1632 4030; x_wconf 89' lang='lat' dir='ltr'><strong>libe-</strong></span> 
     </span>
    </p>
   </div>
   <div class='ocr_carea' id='block_1_57' title="bbox 73 4053 1634 4138">
    <p class='ocr_par' dir='ltr' id='par_1_57' title="bbox 73 4053 1634 4138">
     <span class='ocr_line' id='line_1_57' title="bbox 73 4053 1634 4138; baseline 0.013 -33"><span class='ocrx_word' id='word_1_417' title='bbox 73 4053 232 4112; x_wconf 85' lang='lat' dir='ltr'><strong>ralitas</strong></span> <span class='ocrx_word' id='word_1_418' title='bbox 258 4057 376 4115; x_wconf 90' lang='lat' dir='ltr'><strong>aliis</strong></span> <span class='ocrx_word' id='word_1_419' title='bbox 401 4077 518 4116; x_wconf 85' lang='lat' dir='ltr'><strong>non</strong></span> <span class='ocrx_word' id='word_1_420' title='bbox 540 4061 681 4118; x_wconf 89' lang='lat' dir='ltr'><strong>desit</strong></span> <span class='ocrx_word' id='word_1_421' title='bbox 704 4063 954 4120; x_wconf 89' lang='lat' dir='ltr'><strong>ecclesiis</strong></span> <span class='ocrx_word' id='word_1_422' title='bbox 983 4083 994 4119; x_wconf 95' lang='lat'>:</span> <span class='ocrx_word' id='word_1_423' title='bbox 1025 4064 1170 4121; x_wconf 88' lang='lat' dir='ltr'><strong>hanc</strong></span> <span class='ocrx_word' id='word_1_424' title='bbox 1213 4067 1490 4137; x_wconf 85' lang='lat' dir='ltr'><strong>praecipue</strong></span> <span class='ocrx_word' id='word_1_425' title='bbox 1510 4082 1634 4138; x_wconf 59' lang='lat' dir='ltr'><strong>quat</strong></span> 
     </span>
    </p>
   </div>
   <div class='ocr_carea' id='block_1_58' title="bbox 77 4143 1633 4234">
    <p class='ocr_par' dir='ltr' id='par_1_58' title="bbox 77 4143 1633 4234">
     <span class='ocr_line' id='line_1_58' title="bbox 77 4143 1633 4234; baseline 0.01 -36"><span class='ocrx_word' id='word_1_426' title='bbox 77 4143 322 4234; x_wconf 85' lang='lat' dir='ltr'><strong>indignum</strong></span> <span class='ocrx_word' id='word_1_427' title='bbox 348 4153 567 4221; x_wconf 84' lang='lat' dir='ltr'><strong>ditavit,</strong></span> <span class='ocrx_word' id='word_1_428' title='bbox 597 4153 758 4211; x_wconf 85' lang='lat' dir='ltr'><strong>d’ebet</strong></span> <span class='ocrx_word' id='word_1_429' title='bbox 779 4166 833 4212; x_wconf 87' lang='lat' dir='ltr'><strong>et</strong></span> <span class='ocrx_word' id='word_1_430' title='bbox 868 4156 982 4227; x_wconf 90' lang='lat' dir='ltr'><strong>ipse</strong></span> <span class='ocrx_word' id='word_1_431' title='bbox 1006 4172 1167 4212; x_wconf 89' lang='lat' dir='ltr'><strong>versa</strong></span> <span class='ocrx_word' id='word_1_432' title='bbox 1193 4157 1314 4213; x_wconf 90' lang='lat' dir='ltr'><strong>vice</strong></span> <span class='ocrx_word' id='word_1_433' title='bbox 1340 4157 1526 4234; x_wconf 73' lang='lat' dir='ltr'><strong>fovere</strong></span> <span class='ocrx_word' id='word_1_434' title='bbox 1547 4157 1633 4213; x_wconf 90' lang='lat' dir='ltr'><strong>in-</strong></span> 
     </span>
    </p>
   </div>
   <div class='ocr_carea' id='block_1_59' title="bbox 76 4233 1635 4320">
    <p class='ocr_par' dir='ltr' id='par_1_59' title="bbox 76 4233 1635 4320">
     <span class='ocr_line' id='line_1_59' title="bbox 76 4233 1635 4320; baseline 0.008 -29"><span class='ocrx_word' id='word_1_435' title='bbox 76 4233 283 4307; x_wconf 82' lang='lat' dir='ltr'><strong>dignam.</strong></span> <span class='ocrx_word' id='word_1_436' title='bbox 318 4240 462 4309; x_wconf 85' lang='lat' dir='ltr'><strong>Quid</strong></span> <span class='ocrx_word' id='word_1_437' title='bbox 500 4245 693 4315; x_wconf 88' lang='lat' dir='ltr'><strong>plura?</strong></span> <span class='ocrx_word' id='word_1_438' title='bbox 716 4247 1074 4318; x_wconf 85' lang='lat' dir='ltr'><strong>septingentis</strong></span> <span class='ocrx_word' id='word_1_439' title='bbox 1115 4248 1378 4320; x_wconf 90' lang='lat' dir='ltr'><strong>templum</strong></span> <span class='ocrx_word' id='word_1_440' title='bbox 1405 4249 1635 4305; x_wconf 89' lang='lat' dir='ltr'><strong>redouat</strong></span> 
     </span>
    </p>
   </div>
   <div class='ocr_carea' id='block_1_60' title="bbox 77 4329 1632 4408">
    <p class='ocr_par' dir='ltr' id='par_1_60' title="bbox 77 4329 1632 4408">
     <span class='ocr_line' id='line_1_60' title="bbox 77 4329 1632 4408; baseline 0.011 -30"><span class='ocrx_word' id='word_1_441' title='bbox 77 4329 282 4386; x_wconf 83' lang='lat' dir='ltr'><strong>marchis</strong></span> <span class='ocrx_word' id='word_1_442' title='bbox 304 4333 541 4390; x_wconf 86' lang='lat' dir='ltr'><strong>consilio</strong></span> <span class='ocrx_word' id='word_1_443' title='bbox 561 4336 870 4408; x_wconf 89' lang='lat' dir='ltr'><strong>principum</strong></span> <span class='ocrx_word' id='word_1_444' title='bbox 913 4337 1294 4406; x_wconf 85' lang='lat' dir='ltr'><strong>Marchisides,</strong></span> <span class='ocrx_word' id='word_1_445' title='bbox 1330 4355 1440 4395; x_wconf 92' lang='lat' dir='ltr'><strong>non</strong></span> <span class='ocrx_word' id='word_1_446' title='bbox 1490 4339 1632 4395; x_wconf 90' lang='lat' dir='ltr'><strong>invi-</strong></span> 
     </span>
    </p>
   </div>
   <div class='ocr_carea' id='block_1_61' title="bbox 78 4421 1688 4503">
    <p class='ocr_par' dir='ltr' id='par_1_61' title="bbox 78 4421 1688 4503">
     <span class='ocr_line' id='line_1_61' title="bbox 78 4421 1688 4503; baseline 0.01 -33"><span class='ocrx_word' id='word_1_447' title='bbox 78 4421 296 4480; x_wconf 75' lang='lat' dir='ltr'><strong>tuszboc</strong></span> <span class='ocrx_word' id='word_1_448' title='bbox 324 4428 507 4482; x_wconf 90' lang='lat' dir='ltr'><strong>medio</strong></span> <span class='ocrx_word' id='word_1_449' title='bbox 557 4428 969 4502; x_wconf 89' lang='lat' dir='ltr'><strong>conjunguntur</strong></span> <span class='ocrx_word' id='word_1_450' title='bbox 1020 4432 1114 4503; x_wconf 90' lang='lat' dir='ltr'><strong>qui</strong></span> <span class='ocrx_word' id='word_1_451' title='bbox 1146 4431 1389 4503; x_wconf 86' lang='lat' dir='ltr'><strong>abjuncti</strong></span> <span class='ocrx_word' id='word_1_452' title='bbox 1416 4431 1634 4489; x_wconf 86' lang='lat' dir='ltr'><strong>fuerant</strong></span> <span class='ocrx_word' id='word_1_453' title='bbox 1682 4482 1688 4486; x_wconf 83' lang='lat'><strong>.</strong></span> 
     </span>
    </p>
   </div>
   <div class='ocr_carea' id='block_1_62' title="bbox 1740 1939 3335 2018">
    <p class='ocr_par' dir='ltr' id='par_1_62' title="bbox 1740 1939 3335 2018">
     <span class='ocr_line' id='line_1_62' title="bbox 1740 1939 3335 2018; baseline 0.004 -24"><span class='ocrx_word' id='word_1_454' title='bbox 1740 1939 1958 1995; x_wconf 89' lang='lat' dir='ltr'><strong>latriam</strong></span> <span class='ocrx_word' id='word_1_455' title='bbox 1999 1941 2160 2009; x_wconf 86' lang='lat' dir='ltr'><strong>redit,</strong></span> <span class='ocrx_word' id='word_1_456' title='bbox 2188 1942 2388 2012; x_wconf 89' lang='lat' dir='ltr'><strong>spretis</strong></span> <span class='ocrx_word' id='word_1_457' title='bbox 2433 1943 2622 1999; x_wconf 87' lang='lat' dir='ltr'><strong>comiti</strong></span> <span class='ocrx_word' id='word_1_458' title='bbox 2666 1945 2832 2000; x_wconf 90' lang='lat' dir='ltr'><strong>simul</strong></span> <span class='ocrx_word' id='word_1_459' title='bbox 2878 1944 3084 2016; x_wconf 89' lang='lat' dir='ltr'><strong>etjugo</strong></span> <span class='ocrx_word' id='word_1_460' title='bbox 3113 1945 3256 2018; x_wconf 90' lang='lat' dir='ltr'><strong>regis</strong></span> <span class='ocrx_word' id='word_1_461' title='bbox 3278 1952 3335 2001; x_wconf 88' lang='lat' dir='ltr'><strong>et</strong></span> 
     </span>
    </p>
   </div>
   <div class='ocr_carea' id='block_1_63' title="bbox 1741 2029 3337 2106">
    <p class='ocr_par' dir='ltr' id='par_1_63' title="bbox 1741 2029 3337 2106">
     <span class='ocr_line' id='line_1_63' title="bbox 1741 2029 3337 2106; baseline 0.002 -20"><span class='ocrx_word' id='word_1_462' title='bbox 1741 2029 2157 2102; x_wconf 87' lang='lat' dir='ltr'><strong>subjugatorum</strong></span> <span class='ocrx_word' id='word_1_463' title='bbox 2202 2032 2453 2100; x_wconf 87' lang='lat' dir='ltr'><strong>habenis,</strong></span> <span class='ocrx_word' id='word_1_464' title='bbox 2485 2035 2631 2103; x_wconf 87' lang='lat' dir='ltr'><strong>quod</strong></span> <span class='ocrx_word' id='word_1_465' title='bbox 2679 2033 2834 2090; x_wconf 87' lang='lat' dir='ltr'><strong>nefas</strong></span> <span class='ocrx_word' id='word_1_466' title='bbox 2875 2035 3095 2106; x_wconf 87' lang='lat' dir='ltr'><strong>quidem</strong></span> <span class='ocrx_word' id='word_1_467' title='bbox 3122 2033 3337 2106; x_wconf 80' lang='lat' dir='ltr'><strong>expiari</strong></span> 
     </span>
    </p>
   </div>
   <div class='ocr_carea' id='block_1_64' title="bbox 1739 2123 3338 2197">
    <p class='ocr_par' dir='ltr' id='par_1_64' title="bbox 1739 2123 3338 2197">
     <span class='ocr_line' id='line_1_64' title="bbox 1739 2123 3338 2197; baseline 0.006 -21"><span class='ocrx_word' id='word_1_468' title='bbox 1739 2137 1847 2176; x_wconf 91' lang='lat' dir='ltr'><strong>non</strong></span> <span class='ocrx_word' id='word_1_469' title='bbox 1902 2123 2100 2190; x_wconf 87' lang='lat' dir='ltr'><strong>habet;</strong></span> <span class='ocrx_word' id='word_1_470' title='bbox 2153 2124 2278 2179; x_wconf 88' lang='lat' dir='ltr'><strong>licet</strong></span> <span class='ocrx_word' id='word_1_471' title='bbox 2323 2125 2576 2180; x_wconf 86' lang='lat' dir='ltr'><strong>eumdem</strong></span> <span class='ocrx_word' id='word_1_472' title='bbox 2640 2129 2814 2181; x_wconf 75' lang='lat' dir='ltr'><strong>mima</strong></span> <span class='ocrx_word' id='word_1_473' title='bbox 2875 2142 2988 2197; x_wconf 68' lang='lat' dir='ltr'><strong>1am</strong></span> <span class='ocrx_word' id='word_1_474' title='bbox 3033 2126 3338 2185; x_wconf 77' lang='lat' dir='ltr'><strong>clariticent</strong></span> 
     </span>
    </p>
   </div>
   <div class='ocr_carea' id='block_1_65' title="bbox 1736 2214 3337 2290">
    <p class='ocr_par' dir='ltr' id='par_1_65' title="bbox 1736 2214 3337 2290">
     <span class='ocr_line' id='line_1_65' title="bbox 1736 2214 3337 2290; baseline 0.004 -23"><span class='ocrx_word' id='word_1_475' title='bbox 1736 2214 1904 2284; x_wconf 86' lang='lat' dir='ltr'><strong>probe</strong></span> <span class='ocrx_word' id='word_1_476' title='bbox 1926 2225 2097 2286; x_wconf 84' lang='lat' dir='ltr'><strong>gesta,</strong></span> <span class='ocrx_word' id='word_1_477' title='bbox 2128 2224 2184 2270; x_wconf 88' lang='lat' dir='ltr'><strong>ct</strong></span> <span class='ocrx_word' id='word_1_478' title='bbox 2222 2225 2480 2272; x_wconf 88' lang='lat' dir='ltr'><strong>maneant</strong></span> <span class='ocrx_word' id='word_1_479' title='bbox 2509 2217 2742 2274; x_wconf 88' lang='lat' dir='ltr'><strong>clariora</strong></span> <span class='ocrx_word' id='word_1_480' title='bbox 2769 2236 2784 2286; x_wconf 92' lang='lat'><strong>;</strong></span> <span class='ocrx_word' id='word_1_481' title='bbox 2824 2218 3058 2289; x_wconf 88' lang='lat' dir='ltr'><strong>superba</strong></span> <span class='ocrx_word' id='word_1_482' title='bbox 3083 2231 3337 2290; x_wconf 82' lang='lat' dir='ltr'><strong>vanaque</strong></span> 
     </span>
    </p>
   </div>
   <div class='ocr_carea' id='block_1_66' title="bbox 1739 2307 3336 2381">
    <p class='ocr_par' dir='ltr' id='par_1_66' title="bbox 1739 2307 3336 2381">
     <span class='ocr_line' id='line_1_66' title="bbox 1739 2307 3336 2381; baseline 0.004 -20"><span class='ocrx_word' id='word_1_483' title='bbox 1739 2307 2101 2378; x_wconf 88' lang='lat' dir='ltr'><strong>indignatoris</strong></span> <span class='ocrx_word' id='word_1_484' title='bbox 2133 2309 2468 2380; x_wconf 86' lang='lat' dir='ltr'><strong>contemptio</strong></span> <span class='ocrx_word' id='word_1_485' title='bbox 2493 2325 2733 2380; x_wconf 72' lang='lat' dir='ltr'><strong>przcscns</strong></span> <span class='ocrx_word' id='word_1_486' title='bbox 2763 2319 2937 2366; x_wconf 85' lang='lat' dir='ltr'><strong>totum</strong></span> <span class='ocrx_word' id='word_1_487' title='bbox 2959 2311 3214 2381; x_wconf 87' lang='lat' dir='ltr'><strong>deturpat</strong></span> <span class='ocrx_word' id='word_1_488' title='bbox 3240 2326 3336 2367; x_wconf 90' lang='lat' dir='ltr'><strong>co-</strong></span> 
     </span>
    </p>
   </div>
   <div class='ocr_carea' id='block_1_67' title="bbox 1737 2400 3333 2472">
    <p class='ocr_par' dir='ltr' id='par_1_67' title="bbox 1737 2400 3333 2472">
     <span class='ocr_line' id='line_1_67' title="bbox 1737 2400 3333 2472; baseline 0.003 -18"><span class='ocrx_word' id='word_1_489' title='bbox 1737 2400 1924 2455; x_wconf 88' lang='lat' dir='ltr'><strong>mitem</strong></span> <span class='ocrx_word' id='word_1_490' title='bbox 1949 2409 2004 2455; x_wconf 92' lang='lat' dir='ltr'><strong>et</strong></span> <span class='ocrx_word' id='word_1_491' title='bbox 2032 2401 2364 2471; x_wconf 77' lang='lat' dir='ltr'><strong>przetcritum</strong></span> <span class='ocrx_word' id='word_1_492' title='bbox 2393 2411 2449 2457; x_wconf 92' lang='lat' dir='ltr'><strong>et</strong></span> <span class='ocrx_word' id='word_1_493' title='bbox 2471 2401 2740 2458; x_wconf 86' lang='lat' dir='ltr'><strong>futurum.</strong></span> <span class='ocrx_word' id='word_1_494' title='bbox 2771 2401 2888 2460; x_wconf 89' lang='lat' dir='ltr'><strong>l-lcu</strong></span> <span class='ocrx_word' id='word_1_495' title='bbox 2914 2403 3107 2460; x_wconf 88' lang='lat' dir='ltr'><strong>miser!</strong></span> <span class='ocrx_word' id='word_1_496' title='bbox 3128 2403 3333 2472; x_wconf 91' lang='lat' dir='ltr'><strong>nescis,</strong></span> 
     </span>
    </p>
   </div>
   <div class='ocr_carea' id='block_1_68' title="bbox 1737 2491 3335 2568">
    <p class='ocr_par' dir='ltr' id='par_1_68' title="bbox 1737 2491 3335 2568">
     <span class='ocr_line' id='line_1_68' title="bbox 1737 2491 3335 2568; baseline 0.003 -21"><span class='ocrx_word' id='word_1_497' title='bbox 1737 2491 1843 2547; x_wconf 88' lang='lat' dir='ltr'><strong>heu</strong></span> <span class='ocrx_word' id='word_1_498' title='bbox 1872 2492 2076 2548; x_wconf 87' lang='lat' dir='ltr'><strong>miser!</strong></span> <span class='ocrx_word' id='word_1_499' title='bbox 2126 2509 2249 2565; x_wconf 76' lang='lat' dir='ltr'><strong>qua:</strong></span> <span class='ocrx_word' id='word_1_500' title='bbox 2288 2493 2530 2564; x_wconf 87' lang='lat' dir='ltr'><strong>vincula,</strong></span> <span class='ocrx_word' id='word_1_501' title='bbox 2565 2509 2704 2565; x_wconf 87' lang='lat' dir='ltr'><strong>quas</strong></span> <span class='ocrx_word' id='word_1_502' title='bbox 2750 2505 2962 2568; x_wconf 83' lang='lat' dir='ltr'><strong>strages</strong></span> <span class='ocrx_word' id='word_1_503' title='bbox 3006 2495 3335 2552; x_wconf 62' lang='lat' dir='ltr'><strong>innocentia!</strong></span> 
     </span>
    </p>
   </div>
   <div class='ocr_carea' id='block_1_69' title="bbox 1738 2583 3333 2661">
    <p class='ocr_par' dir='ltr' id='par_1_69' title="bbox 1738 2583 3333 2661">
     <span class='ocr_line' id='line_1_69' title="bbox 1738 2583 3333 2661; baseline 0.004 -21"><span class='ocrx_word' id='word_1_504' title='bbox 1738 2583 1927 2651; x_wconf 75' lang='lat' dir='ltr'><strong>Struis,</strong></span> <span class='ocrx_word' id='word_1_505' title='bbox 1951 2585 2083 2641; x_wconf 90' lang='lat' dir='ltr'><strong>dum</strong></span> <span class='ocrx_word' id='word_1_506' title='bbox 2133 2587 2333 2659; x_wconf 90' lang='lat' dir='ltr'><strong>stragis</strong></span> <span class='ocrx_word' id='word_1_507' title='bbox 2391 2589 2849 2661; x_wconf 87' lang='lat' dir='ltr'><strong>vinculorumquc</strong></span> <span class='ocrx_word' id='word_1_508' title='bbox 2903 2590 3333 2647; x_wconf 88' lang='lat' dir='ltr'><strong>instrumentum</strong></span> 
     </span>
    </p>
   </div>
   <div class='ocr_carea' id='block_1_70' title="bbox 1735 2677 3334 2754">
    <p class='ocr_par' dir='ltr' id='par_1_70' title="bbox 1735 2677 3334 2754">
     <span class='ocr_line' id='line_1_70' title="bbox 1735 2677 3334 2754; baseline 0.004 -23"><span class='ocrx_word' id='word_1_509' title='bbox 1735 2677 2064 2733; x_wconf 89' lang='lat' dir='ltr'><strong>Ascalonam</strong></span> <span class='ocrx_word' id='word_1_510' title='bbox 2091 2679 2282 2747; x_wconf 84' lang='lat' dir='ltr'><strong>solvis,</strong></span> <span class='ocrx_word' id='word_1_511' title='bbox 2311 2690 2594 2736; x_wconf 89' lang='lat' dir='ltr'><strong>nocentem</strong></span> <span class='ocrx_word' id='word_1_512' title='bbox 2628 2695 2737 2736; x_wconf 91' lang='lat' dir='ltr'><strong>non</strong></span> <span class='ocrx_word' id='word_1_513' title='bbox 2771 2681 2996 2751; x_wconf 88' lang='lat' dir='ltr'><strong>premis,</strong></span> <span class='ocrx_word' id='word_1_514' title='bbox 3025 2681 3334 2754; x_wconf 87' lang='lat' dir='ltr'><strong>jugumde—</strong></span> 
     </span>
    </p>
   </div>
   <div class='ocr_carea' id='block_1_71' title="bbox 1737 2765 3333 2842">
    <p class='ocr_par' dir='ltr' id='par_1_71' title="bbox 1737 2765 3333 2842">
     <span class='ocr_line' id='line_1_71' title="bbox 1737 2765 3333 2842; baseline 0.004 -22"><span class='ocrx_word' id='word_1_515' title='bbox 1737 2767 1932 2822; x_wconf 88' lang='lat' dir='ltr'><strong>trahis.</strong></span> <span class='ocrx_word' id='word_1_516' title='bbox 1960 2765 2312 2824; x_wconf 76' lang='lat' dir='ltr'><strong>Moestissima</strong></span> <span class='ocrx_word' id='word_1_517' title='bbox 2349 2769 2464 2824; x_wconf 64' lang='lat' dir='ltr'><strong>hac</strong></span> <span class='ocrx_word' id='word_1_518' title='bbox 2513 2777 2618 2825; x_wconf 76' lang='lat' dir='ltr'><strong>tua:</strong></span> <span class='ocrx_word' id='word_1_519' title='bbox 2649 2769 3044 2842; x_wconf 85' lang='lat' dir='ltr'><strong>indignationis</strong></span> <span class='ocrx_word' id='word_1_520' title='bbox 3065 2771 3184 2828; x_wconf 92' lang='lat' dir='ltr'><strong>dies</strong></span> <span class='ocrx_word' id='word_1_521' title='bbox 3207 2767 3333 2826; x_wconf 82' lang='lat' dir='ltr'><strong>inti-</strong></span> 
     </span>
    </p>
   </div>
   <div class='ocr_carea' id='block_1_72' title="bbox 1735 2856 2975 2929">
    <p class='ocr_par' dir='ltr' id='par_1_72' title="bbox 1735 2856 2975 2929">
     <span class='ocr_line' id='line_1_72' title="bbox 1735 2856 2975 2929; baseline 0.002 -17"><span class='ocrx_word' id='word_1_522' title='bbox 1735 2857 1907 2912; x_wconf 91' lang='lat' dir='ltr'><strong>nitam</strong></span> <span class='ocrx_word' id='word_1_523' title='bbox 1931 2856 2000 2912; x_wconf 91' lang='lat' dir='ltr'><strong>ad</strong></span> <span class='ocrx_word' id='word_1_524' title='bbox 2032 2867 2282 2929; x_wconf 89' lang='lat' dir='ltr'><strong>posteros</strong></span> <span class='ocrx_word' id='word_1_525' title='bbox 2304 2859 2600 2929; x_wconf 88' lang='lat' dir='ltr'><strong>perniciem</strong></span> <span class='ocrx_word' id='word_1_526' title='bbox 2633 2859 2975 2916; x_wconf 81' lang='lat' dir='ltr'><strong>transmittit.</strong></span> 
     </span>
    </p>
   </div>
   <div class='ocr_carea' id='block_1_73' title="bbox 1806 2947 3258 3023">
    <p class='ocr_par' dir='ltr' id='par_1_73' title="bbox 1806 2947 3258 3023">
     <span class='ocr_line' id='line_1_73' title="bbox 1806 2947 3258 3023; baseline 0.002 -18"><span class='ocrx_word' id='word_1_527' title='bbox 1806 2947 2096 3005; x_wconf 73' lang='lat' dir='ltr'><strong>CXXXIX.</strong></span> <span class='ocrx_word' id='word_1_528' title='bbox 2132 2982 2202 2993; x_wconf 90' lang='lat'><strong><em>—</em></strong></span> <span class='ocrx_word' id='word_1_529' title='bbox 2229 2949 2532 3006; x_wconf 78' lang='lat' dir='ltr'><strong>Taucredus</strong></span> <span class='ocrx_word' id='word_1_530' title='bbox 2561 2952 2813 3023; x_wconf 78' lang='lat' dir='ltr'><strong>oppidum</strong></span> <span class='ocrx_word' id='word_1_531' title='bbox 2847 2952 3028 3008; x_wconf 69' lang='grc' dir='ltr'><em>Βειαη</em></span> <span class='ocrx_word' id='word_1_532' title='bbox 3064 2952 3258 3008; x_wconf 81' lang='lat' dir='ltr'><strong>munit.</strong></span> 
     </span>
    </p>
   </div>
   <div class='ocr_carea' id='block_1_74' title="bbox 1807 3041 3332 3118">
    <p class='ocr_par' dir='ltr' id='par_1_74' title="bbox 1807 3041 3332 3118">
     <span class='ocr_line' id='line_1_74' title="bbox 1807 3041 3332 3118; baseline 0.003 -21"><span class='ocrx_word' id='word_1_533' title='bbox 1807 3043 1879 3098; x_wconf 88' lang='lat' dir='ltr'><strong>At</strong></span> <span class='ocrx_word' id='word_1_534' title='bbox 1921 3041 2238 3100; x_wconf 88' lang='lat' dir='ltr'><strong>Tancredus</strong></span> <span class='ocrx_word' id='word_1_535' title='bbox 2284 3060 2498 3116; x_wconf 88' lang='lat' dir='ltr'><strong>semper</strong></span> <span class='ocrx_word' id='word_1_536' title='bbox 2547 3061 2607 3101; x_wconf 91' lang='lat' dir='ltr'><strong>se</strong></span> <span class='ocrx_word' id='word_1_537' title='bbox 2665 3045 2961 3115; x_wconf 80' lang='lat' dir='ltr'><strong>transiens,</strong></span> <span class='ocrx_word' id='word_1_538' title='bbox 3014 3046 3332 3118; x_wconf 86' lang='lat' dir='ltr'><strong>semperde</strong></span> 
     </span>
    </p>
   </div>
   <div class='ocr_carea' id='block_1_75' title="bbox 1661 3135 3328 3230">
    <p class='ocr_par' dir='ltr' id='par_1_75' title="bbox 1661 3135 3328 3230">
     <span class='ocr_line' id='line_1_75' title="bbox 1661 3135 3328 3230; baseline 0.002 -36"><span class='ocrx_word' id='word_1_539' title='bbox 1661 3167 1704 3230; x_wconf 68' lang='grc' dir='ltr'>ο</span> <span class='ocrx_word' id='word_1_540' title='bbox 1735 3135 1884 3194; x_wconf 91' lang='lat' dir='ltr'><strong>bono</strong></span> <span class='ocrx_word' id='word_1_541' title='bbox 1935 3137 2151 3205; x_wconf 90' lang='lat' dir='ltr'><strong>melior,</strong></span> <span class='ocrx_word' id='word_1_542' title='bbox 2196 3153 2412 3209; x_wconf 89' lang='lat' dir='ltr'><strong>semper</strong></span> <span class='ocrx_word' id='word_1_543' title='bbox 2475 3137 2588 3194; x_wconf 89' lang='lat' dir='ltr'><strong>Deo</strong></span> <span class='ocrx_word' id='word_1_544' title='bbox 2653 3138 2986 3195; x_wconf 87' lang='lat' dir='ltr'><strong>sublimante</strong></span> <span class='ocrx_word' id='word_1_545' title='bbox 3027 3139 3328 3197; x_wconf 89' lang='lat' dir='ltr'><strong>humilior:</strong></span> 
     </span>
    </p>
   </div>
   <div class='ocr_carea' id='block_1_76' title="bbox 1735 3231 3331 3303">
    <p class='ocr_par' dir='ltr' id='par_1_76' title="bbox 1735 3231 3331 3303">
     <span class='ocr_line' id='line_1_76' title="bbox 1735 3231 3331 3303; baseline 0.003 -17"><span class='ocrx_word' id='word_1_546' title='bbox 1735 3232 1990 3302; x_wconf 88' lang='lat' dir='ltr'><strong>quamvis</strong></span> <span class='ocrx_word' id='word_1_547' title='bbox 2024 3246 2192 3303; x_wconf 91' lang='lat' dir='ltr'><strong>opum</strong></span> <span class='ocrx_word' id='word_1_548' title='bbox 2244 3231 2533 3302; x_wconf 89' lang='lat' dir='ltr'><strong>adeptione</strong></span> <span class='ocrx_word' id='word_1_549' title='bbox 2583 3233 2919 3298; x_wconf 82' lang='lat' dir='ltr'><strong>templalium</strong></span> <span class='ocrx_word' id='word_1_550' title='bbox 2961 3247 3076 3299; x_wconf 66' lang='lat' dir='ltr'><strong>prae</strong></span> <span class='ocrx_word' id='word_1_551' title='bbox 3116 3234 3331 3292; x_wconf 77' lang='lat' dir='ltr'><strong>caeteris</strong></span> 
     </span>
    </p>
   </div>
   <div class='ocr_carea' id='block_1_77' title="bbox 1735 3321 3328 3400">
    <p class='ocr_par' dir='ltr' id='par_1_77' title="bbox 1735 3321 3328 3400">
     <span class='ocr_line' id='line_1_77' title="bbox 1735 3321 3328 3400; baseline 0.004 -23"><span class='ocrx_word' id='word_1_552' title='bbox 1735 3321 2004 3392; x_wconf 90' lang='lat' dir='ltr'><strong>abundet;</strong></span> <span class='ocrx_word' id='word_1_553' title='bbox 2038 3324 2143 3380; x_wconf 92' lang='lat' dir='ltr'><strong>sub</strong></span> <span class='ocrx_word' id='word_1_554' title='bbox 2179 3339 2308 3395; x_wconf 87' lang='lat' dir='ltr'><strong>rege</strong></span> <span class='ocrx_word' id='word_1_555' title='bbox 2356 3335 2538 3380; x_wconf 89' lang='lat' dir='ltr'><strong>tamen</strong></span> <span class='ocrx_word' id='word_1_556' title='bbox 2575 3340 2718 3382; x_wconf 87' lang='lat' dir='ltr'><strong>novo</strong></span> <span class='ocrx_word' id='word_1_557' title='bbox 2757 3325 2974 3392; x_wconf 88' lang='lat' dir='ltr'><strong>militat,</strong></span> <span class='ocrx_word' id='word_1_558' title='bbox 3012 3341 3114 3383; x_wconf 88' lang='lat' dir='ltr'><strong>nec</strong></span> <span class='ocrx_word' id='word_1_559' title='bbox 3134 3327 3328 3400; x_wconf 88' lang='lat' dir='ltr'><strong>jugum</strong></span> 
     </span>
    </p>
   </div>
   <div class='ocr_carea' id='block_1_78' title="bbox 1735 3415 3330 3488">
    <p class='ocr_par' dir='ltr' id='par_1_78' title="bbox 1735 3415 3330 3488">
     <span class='ocr_line' id='line_1_78' title="bbox 1735 3415 3330 3488; baseline 0.004 -20"><span class='ocrx_word' id='word_1_560' title='bbox 1735 3415 2048 3487; x_wconf 87' lang='lat' dir='ltr'><strong>indignans,</strong></span> <span class='ocrx_word' id='word_1_561' title='bbox 2073 3431 2175 3472; x_wconf 89' lang='lat' dir='ltr'><strong>nec</strong></span> <span class='ocrx_word' id='word_1_562' title='bbox 2199 3417 2548 3473; x_wconf 86' lang='lat' dir='ltr'><strong>solitudinem</strong></span> <span class='ocrx_word' id='word_1_563' title='bbox 2577 3433 2947 3488; x_wconf 80' lang='lat' dir='ltr'><strong>expavescens</strong></span> <span class='ocrx_word' id='word_1_564' title='bbox 2973 3435 2986 3472; x_wconf 91' lang='lat'>:</span> <span class='ocrx_word' id='word_1_565' title='bbox 3008 3418 3064 3473; x_wconf 93' lang='lat' dir='ltr'><strong>in</strong></span> <span class='ocrx_word' id='word_1_566' title='bbox 3105 3418 3158 3473; x_wconf 90' lang='lat' dir='ltr'><strong>id</strong></span> <span class='ocrx_word' id='word_1_567' title='bbox 3181 3419 3330 3474; x_wconf 89' lang='lat' dir='ltr'><strong>enim</strong></span> 
     </span>
    </p>
   </div>
   <div class='ocr_carea' id='block_1_79' title="bbox 1734 3509 3327 3580">
    <p class='ocr_par' dir='ltr' id='par_1_79' title="bbox 1734 3509 3327 3580">
     <span class='ocr_line' id='line_1_79' title="bbox 1734 3509 3327 3580; baseline 0.003 -18"><span class='ocrx_word' id='word_1_568' title='bbox 1734 3523 1950 3563; x_wconf 91' lang='lat' dir='ltr'><strong>summe</strong></span> <span class='ocrx_word' id='word_1_569' title='bbox 1977 3509 2134 3564; x_wconf 89' lang='lat' dir='ltr'><strong>miles</strong></span> <span class='ocrx_word' id='word_1_570' title='bbox 2178 3509 2405 3563; x_wconf 90' lang='lat' dir='ltr'><strong>militem</strong></span> <span class='ocrx_word' id='word_1_571' title='bbox 2440 3509 2722 3580; x_wconf 89' lang='lat' dir='ltr'><strong>redegerat</strong></span> <span class='ocrx_word' id='word_1_572' title='bbox 2760 3510 3056 3565; x_wconf 74' lang='lat' dir='ltr'><strong>haerentem</strong></span> <span class='ocrx_word' id='word_1_573' title='bbox 3097 3509 3327 3579; x_wconf 90' lang='lat' dir='ltr'><strong>abiens;</strong></span> 
     </span>
    </p>
   </div>
   <div class='ocr_carea' id='block_1_80' title="bbox 1733 3598 3330 3672">
    <p class='ocr_par' dir='ltr' id='par_1_80' title="bbox 1733 3598 3330 3672">
     <span class='ocr_line' id='line_1_80' title="bbox 1733 3598 3330 3672; baseline 0 -17"><span class='ocrx_word' id='word_1_574' title='bbox 1733 3609 1794 3656; x_wconf 92' lang='lat' dir='ltr'><strong>ut</strong></span> <span class='ocrx_word' id='word_1_575' title='bbox 1824 3599 2170 3672; x_wconf 88' lang='lat' dir='ltr'><strong>congregatis</strong></span> <span class='ocrx_word' id='word_1_576' title='bbox 2191 3600 2470 3667; x_wconf 90' lang='lat' dir='ltr'><strong>omnibus,</strong></span> <span class='ocrx_word' id='word_1_577' title='bbox 2502 3600 2592 3654; x_wconf 76' lang='lat' dir='ltr'><strong>vix</strong></span> <span class='ocrx_word' id='word_1_578' title='bbox 2625 3599 2874 3655; x_wconf 63' lang='lat' dir='ltr'><strong>ducentae</strong></span> <span class='ocrx_word' id='word_1_579' title='bbox 2919 3600 3105 3656; x_wconf 68' lang='lat' dir='ltr'><strong>lorica:</strong></span> <span class='ocrx_word' id='word_1_580' title='bbox 3130 3598 3330 3656; x_wconf 85' lang='lat' dir='ltr'><strong>Hieru-</strong></span> 
     </span>
    </p>
   </div>
   <div class='ocr_carea' id='block_1_81' title="bbox 1733 3690 3332 3763">
    <p class='ocr_par' dir='ltr' id='par_1_81' title="bbox 1733 3690 3332 3763">
     <span class='ocr_line' id='line_1_81' title="bbox 1733 3690 3332 3763; baseline 0.001 -15"><span class='ocrx_word' id='word_1_581' title='bbox 1733 3693 1904 3748; x_wconf 86' lang='lat' dir='ltr'><strong>salem</strong></span> <span class='ocrx_word' id='word_1_582' title='bbox 1974 3701 2276 3754; x_wconf 81' lang='lat' dir='ltr'><strong>tuerentur.</strong></span> <span class='ocrx_word' id='word_1_583' title='bbox 2328 3691 2372 3745; x_wconf 87' lang='lat' dir='ltr'><strong>E</strong></span> <span class='ocrx_word' id='word_1_584' title='bbox 2416 3692 2618 3763; x_wconf 89' lang='lat' dir='ltr'><strong>quibus</strong></span> <span class='ocrx_word' id='word_1_585' title='bbox 2685 3690 3059 3748; x_wconf 79' lang='lat' dir='ltr'><strong>Wiscardides</strong></span> <span class='ocrx_word' id='word_1_586' title='bbox 3109 3693 3332 3750; x_wconf 81' lang='lat' dir='ltr'><strong>circiter</strong></span> 
     </span>
    </p>
   </div>
   <div class='ocr_carea' id='block_1_82' title="bbox 1733 3783 3330 3857">
    <p class='ocr_par' dir='ltr' id='par_1_82' title="bbox 1733 3783 3330 3857">
     <span class='ocr_line' id='line_1_82' title="bbox 1733 3783 3330 3857; baseline 0.002 -17"><span class='ocrx_word' id='word_1_587' title='bbox 1733 3785 2010 3857; x_wconf 88' lang='lat' dir='ltr'><strong>octoginta</strong></span> <span class='ocrx_word' id='word_1_588' title='bbox 2038 3783 2141 3839; x_wconf 88' lang='lat' dir='ltr'><strong>sibi</strong></span> <span class='ocrx_word' id='word_1_589' title='bbox 2190 3784 2380 3840; x_wconf 88' lang='lat' dir='ltr'><strong>ascitis</strong></span> <span class='ocrx_word' id='word_1_590' title='bbox 2403 3825 2420 3852; x_wconf 92' lang='lat'><strong>,</strong></span> <span class='ocrx_word' id='word_1_591' title='bbox 2459 3785 2658 3840; x_wconf 89' lang='lat' dir='ltr'><strong>uberes</strong></span> <span class='ocrx_word' id='word_1_592' title='bbox 2679 3785 2892 3855; x_wconf 49' lang='lat' dir='ltr'><strong>praedas</strong></span> <span class='ocrx_word' id='word_1_593' title='bbox 2931 3793 2986 3840; x_wconf 91' lang='lat' dir='ltr'><strong>et</strong></span> <span class='ocrx_word' id='word_1_594' title='bbox 3012 3784 3330 3856; x_wconf 84' lang='lat' dir='ltr'><strong>frequentes</strong></span> 
     </span>
    </p>
   </div>
   <div class='ocr_carea' id='block_1_83' title="bbox 1732 3875 3330 3949">
    <p class='ocr_par' dir='ltr' id='par_1_83' title="bbox 1732 3875 3330 3949">
     <span class='ocr_line' id='line_1_83' title="bbox 1732 3875 3330 3949; baseline 0.001 -17"><span class='ocrx_word' id='word_1_595' title='bbox 1732 3877 1976 3947; x_wconf 91' lang='lat' dir='ltr'><strong>undique</strong></span> <span class='ocrx_word' id='word_1_596' title='bbox 2019 3875 2366 3944; x_wconf 86' lang='lat' dir='ltr'><strong>corradebat,</strong></span> <span class='ocrx_word' id='word_1_597' title='bbox 2419 3876 2702 3948; x_wconf 66' lang='lat' dir='ltr'><strong>praedones</strong></span> <span class='ocrx_word' id='word_1_598' title='bbox 2751 3877 2822 3932; x_wconf 90' lang='lat' dir='ltr'><strong>ab</strong></span> <span class='ocrx_word' id='word_1_599' title='bbox 2871 3878 3004 3933; x_wconf 92' lang='lat' dir='ltr'><strong>urbe</strong></span> <span class='ocrx_word' id='word_1_600' title='bbox 3039 3877 3330 3949; x_wconf 86' lang='lat' dir='ltr'><strong>vigilanter</strong></span> 
     </span>
    </p>
   </div>
   <div class='ocr_carea' id='block_1_84' title="bbox 1731 3967 3330 4039">
    <p class='ocr_par' dir='ltr' id='par_1_84' title="bbox 1731 3967 3330 4039">
     <span class='ocr_line' id='line_1_84' title="bbox 1731 3967 3330 4039; baseline 0.001 -16"><span class='ocrx_word' id='word_1_601' title='bbox 1731 3967 1974 4035; x_wconf 84' lang='lat' dir='ltr'><strong>arcebat,</strong></span> <span class='ocrx_word' id='word_1_602' title='bbox 1997 3967 2200 4023; x_wconf 88' lang='lat' dir='ltr'><strong>dilator</strong></span> <span class='ocrx_word' id='word_1_603' title='bbox 2235 3967 2460 4034; x_wconf 90' lang='lat' dir='ltr'><strong>civium,</strong></span> <span class='ocrx_word' id='word_1_604' title='bbox 2493 3967 2735 4022; x_wconf 88' lang='lat' dir='ltr'><strong>hostium</strong></span> <span class='ocrx_word' id='word_1_605' title='bbox 2760 3976 3109 4039; x_wconf 88' lang='lat' dir='ltr'><strong>pauperator.</strong></span> <span class='ocrx_word' id='word_1_606' title='bbox 3137 3967 3214 4024; x_wconf 86' lang='lat' dir='ltr'><strong>Ea</strong></span> <span class='ocrx_word' id='word_1_607' title='bbox 3238 3969 3330 4024; x_wconf 80' lang='lat' dir='ltr'><strong>ni-</strong></span> 
     </span>
    </p>
   </div>
   <div class='ocr_carea' id='block_1_85' title="bbox 1731 4058 3331 4133">
    <p class='ocr_par' dir='ltr' id='par_1_85' title="bbox 1731 4058 3331 4133">
     <span class='ocr_line' id='line_1_85' title="bbox 1731 4058 3331 4133; baseline -0.001 -17"><span class='ocrx_word' id='word_1_608' title='bbox 1731 4060 1937 4116; x_wconf 88' lang='lat' dir='ltr'><strong>mirum</strong></span> <span class='ocrx_word' id='word_1_609' title='bbox 1991 4059 2303 4116; x_wconf 86' lang='lat' dir='ltr'><strong>sollicitudo</strong></span> <span class='ocrx_word' id='word_1_610' title='bbox 2333 4060 2509 4115; x_wconf 90' lang='lat' dir='ltr'><strong>virum</strong></span> <span class='ocrx_word' id='word_1_611' title='bbox 2560 4058 2776 4129; x_wconf 89' lang='lat' dir='ltr'><strong>impulit</strong></span> <span class='ocrx_word' id='word_1_612' title='bbox 2803 4059 2871 4115; x_wconf 89' lang='lat' dir='ltr'><strong>ad</strong></span> <span class='ocrx_word' id='word_1_613' title='bbox 2906 4060 3186 4115; x_wconf 87' lang='lat' dir='ltr'><strong>munimen</strong></span> <span class='ocrx_word' id='word_1_614' title='bbox 3229 4076 3331 4133; x_wconf 89' lang='lat' dir='ltr'><strong>op-</strong></span> 
     </span>
    </p>
   </div>
   <div class='ocr_carea' id='block_1_86' title="bbox 1730 4152 3329 4227">
    <p class='ocr_par' dir='ltr' id='par_1_86' title="bbox 1730 4152 3329 4227">
     <span class='ocr_line' id='line_1_86' title="bbox 1730 4152 3329 4227; baseline -0.001 -18"><span class='ocrx_word' id='word_1_615' title='bbox 1730 4155 1843 4227; x_wconf 89' lang='lat' dir='ltr'><strong>pidi</strong></span> <span class='ocrx_word' id='word_1_616' title='bbox 1881 4154 2028 4226; x_wconf 88' lang='lat' dir='ltr'><strong>quod</strong></span> <span class='ocrx_word' id='word_1_617' title='bbox 2055 4170 2202 4210; x_wconf 91' lang='lat' dir='ltr'><strong>nunc</strong></span> <span class='ocrx_word' id='word_1_618' title='bbox 2222 4153 2424 4221; x_wconf 80' lang='lat' dir='ltr'><strong>Bezan,</strong></span> <span class='ocrx_word' id='word_1_619' title='bbox 2452 4153 2582 4210; x_wconf 91' lang='lat' dir='ltr'><strong>olim</strong></span> <span class='ocrx_word' id='word_1_620' title='bbox 2603 4152 2854 4210; x_wconf 87' lang='lat' dir='ltr'><strong>Bezamis</strong></span> <span class='ocrx_word' id='word_1_621' title='bbox 2883 4153 3117 4226; x_wconf 89' lang='lat' dir='ltr'><strong>legimus</strong></span> <span class='ocrx_word' id='word_1_622' title='bbox 3141 4156 3329 4225; x_wconf 81' lang='lat' dir='ltr'><strong>appel-</strong></span> 
     </span>
    </p>
   </div>
   <div class='ocr_carea' id='block_1_87' title="bbox 1729 4241 3326 4315">
    <p class='ocr_par' dir='ltr' id='par_1_87' title="bbox 1729 4241 3326 4315">
     <span class='ocr_line' id='line_1_87' title="bbox 1729 4241 3326 4315; baseline 0 -15"><span class='ocrx_word' id='word_1_623' title='bbox 1729 4245 1924 4302; x_wconf 89' lang='lat' dir='ltr'><strong>latum.</strong></span> <span class='ocrx_word' id='word_1_624' title='bbox 1961 4244 2142 4302; x_wconf 92' lang='lat' dir='ltr'><strong>Locus</strong></span> <span class='ocrx_word' id='word_1_625' title='bbox 2169 4245 2261 4301; x_wconf 90' lang='lat' dir='ltr'><strong>ille</strong></span> <span class='ocrx_word' id='word_1_626' title='bbox 2288 4245 2358 4300; x_wconf 91' lang='lat' dir='ltr'><strong>ab</strong></span> <span class='ocrx_word' id='word_1_627' title='bbox 2382 4241 2723 4300; x_wconf 84' lang='lat' dir='ltr'><strong>Hierusalem</strong></span> <span class='ocrx_word' id='word_1_628' title='bbox 2751 4255 3016 4312; x_wconf 90' lang='lat' dir='ltr'><strong>remotus,</strong></span> <span class='ocrx_word' id='word_1_629' title='bbox 3043 4259 3153 4299; x_wconf 89' lang='lat' dir='ltr'><strong>non</strong></span> <span class='ocrx_word' id='word_1_630' title='bbox 3170 4260 3326 4315; x_wconf 79' lang='lat' dir='ltr'><strong>saxo,</strong></span> 
     </span>
    </p>
   </div>
   <div class='ocr_carea' id='block_1_88' title="bbox 1730 4337 3329 4410">
    <p class='ocr_par' dir='ltr' id='par_1_88' title="bbox 1730 4337 3329 4410">
     <span class='ocr_line' id='line_1_88' title="bbox 1730 4337 3329 4410; baseline -0.001 -16"><span class='ocrx_word' id='word_1_631' title='bbox 1730 4353 1842 4394; x_wconf 91' lang='lat' dir='ltr'><strong>non</strong></span> <span class='ocrx_word' id='word_1_632' title='bbox 1865 4338 2010 4409; x_wconf 90' lang='lat' dir='ltr'><strong>palo,</strong></span> <span class='ocrx_word' id='word_1_633' title='bbox 2052 4354 2161 4394; x_wconf 90' lang='lat' dir='ltr'><strong>non</strong></span> <span class='ocrx_word' id='word_1_634' title='bbox 2215 4353 2412 4410; x_wconf 85' lang='lat' dir='ltr'><strong>aggere</strong></span> <span class='ocrx_word' id='word_1_635' title='bbox 2453 4337 2741 4393; x_wconf 90' lang='lat' dir='ltr'><strong>munitus:</strong></span> <span class='ocrx_word' id='word_1_636' title='bbox 2781 4337 3040 4408; x_wconf 86' lang='lat' dir='ltr'><strong>squalore</strong></span> <span class='ocrx_word' id='word_1_637' title='bbox 3081 4353 3184 4392; x_wconf 88' lang='lat' dir='ltr'><strong>suo</strong></span> <span class='ocrx_word' id='word_1_638' title='bbox 3219 4345 3329 4392; x_wconf 88' lang='lat' dir='ltr'><strong>ter-</strong></span> 
     </span>
    </p>
   </div>
   <div class='ocr_carea' id='block_1_89' title="bbox 1729 4427 3329 4504">
    <p class='ocr_par' dir='ltr' id='par_1_89' title="bbox 1729 4427 3329 4504">
     <span class='ocr_line' id='line_1_89' title="bbox 1729 4427 3329 4504; baseline -0.001 -18"><span class='ocrx_word' id='word_1_639' title='bbox 1729 4431 1888 4487; x_wconf 89' lang='lat' dir='ltr'><strong>rebat</strong></span> <span class='ocrx_word' id='word_1_640' title='bbox 1913 4431 2221 4504; x_wconf 86' lang='lat' dir='ltr'><strong>indigenas,</strong></span> <span class='ocrx_word' id='word_1_641' title='bbox 2247 4430 2471 4486; x_wconf 89' lang='lat' dir='ltr'><strong>advenis</strong></span> <span class='ocrx_word' id='word_1_642' title='bbox 2505 4429 2644 4486; x_wconf 89' lang='lat' dir='ltr'><strong>nihil</strong></span> <span class='ocrx_word' id='word_1_643' title='bbox 2684 4429 2938 4485; x_wconf 90' lang='lat' dir='ltr'><strong>blandus.</strong></span> <span class='ocrx_word' id='word_1_644' title='bbox 2973 4427 3109 4484; x_wconf 86' lang='lat' dir='ltr'><strong>Nam</strong></span> <span class='ocrx_word' id='word_1_645' title='bbox 3131 4437 3329 4500; x_wconf 62' lang='lat' dir='ltr'><strong>praeter</strong></span> 
     </span>
    </p>
   </div>
   <div class='ocr_carea' id='block_1_90' title="bbox 77 4509 3331 4596">
    <p class='ocr_par' dir='ltr' id='par_1_90' title="bbox 77 4509 3331 4596">
     <span class='ocr_line' id='line_1_90' title="bbox 77 4509 3331 4596; baseline 0.004 -32"><span class='ocrx_word' id='word_1_646' title='bbox 77 4509 372 4574; x_wconf 79' lang='lat' dir='ltr'><strong>virizambo</strong></span> <span class='ocrx_word' id='word_1_647' title='bbox 415 4520 725 4590; x_wconf 89' lang='lat' dir='ltr'><strong>conspicui,</strong></span> <span class='ocrx_word' id='word_1_648' title='bbox 776 4523 939 4579; x_wconf 90' lang='lat' dir='ltr'><strong>ambo</strong></span> <span class='ocrx_word' id='word_1_649' title='bbox 995 4524 1066 4579; x_wconf 90' lang='lat' dir='ltr'><strong>ab</strong></span> <span class='ocrx_word' id='word_1_650' title='bbox 1112 4523 1306 4579; x_wconf 90' lang='lat' dir='ltr'><strong>humili</strong></span> <span class='ocrx_word' id='word_1_651' title='bbox 1353 4533 1627 4596; x_wconf 88' lang='lat' dir='ltr'><strong>potentes,</strong></span> <span class='ocrx_word' id='word_1_652' title='bbox 1661 4526 1948 4590; x_wconf 82' lang='lat' dir='ltr'><strong>Deaetera,</strong></span> <span class='ocrx_word' id='word_1_653' title='bbox 1972 4522 2159 4594; x_wconf 92' lang='lat' dir='ltr'><strong>populi</strong></span> <span class='ocrx_word' id='word_1_654' title='bbox 2186 4521 2494 4593; x_wconf 83' lang='lat' dir='ltr'><strong>frequentia</strong></span> <span class='ocrx_word' id='word_1_655' title='bbox 2542 4513 2864 4578; x_wconf 87' lang='lat' dir='ltr'><strong>circumfusi</strong></span> <span class='ocrx_word' id='word_1_656' title='bbox 2896 4520 3010 4592; x_wconf 92' lang='lat' dir='ltr'><strong>jam</strong></span> <span class='ocrx_word' id='word_1_657' title='bbox 3047 4520 3331 4576; x_wconf 86' lang='lat' dir='ltr'><strong>obsidebat</strong></span> 
     </span>
    </p>
   </div>
   <div class='ocr_carea' id='block_1_91' title="bbox 80 4604 1626 4682">
    <p class='ocr_par' dir='ltr' id='par_1_91' title="bbox 80 4604 1626 4682">
     <span class='ocr_line' id='line_1_91' title="bbox 80 4604 1626 4682; baseline 0.014 -27"><span class='ocrx_word' id='word_1_658' title='bbox 80 4604 214 4660; x_wconf 85' lang='lat' dir='ltr'><strong>ambo</strong></span> <span class='ocrx_word' id='word_1_659' title='bbox 237 4611 474 4667; x_wconf 90' lang='lat' dir='ltr'><strong>omnium</strong></span> <span class='ocrx_word' id='word_1_660' title='bbox 526 4613 751 4682; x_wconf 90' lang='lat' dir='ltr'><strong>invidia,</strong></span> <span class='ocrx_word' id='word_1_661' title='bbox 787 4631 912 4671; x_wconf 88' lang='lat' dir='ltr'><strong>cum</strong></span> <span class='ocrx_word' id='word_1_662' title='bbox 965 4625 1156 4672; x_wconf 89' lang='lat' dir='ltr'><strong>neuter</strong></span> <span class='ocrx_word' id='word_1_663' title='bbox 1185 4617 1290 4674; x_wconf 90' lang='lat' dir='ltr'><strong>nisi</strong></span> <span class='ocrx_word' id='word_1_664' title='bbox 1320 4616 1458 4674; x_wconf 88' lang='lat' dir='ltr'><strong>forte</strong></span> <span class='ocrx_word' id='word_1_665' title='bbox 1487 4619 1626 4676; x_wconf 87' lang='lat' dir='ltr'><strong>alte-</strong></span> 
     </span>
    </p>
   </div>
   <div class='ocr_carea' id='block_1_92' title="bbox 81 4701 1628 4780">
    <p class='ocr_par' dir='ltr' id='par_1_92' title="bbox 81 4701 1628 4780">
     <span class='ocr_line' id='line_1_92' title="bbox 81 4701 1628 4780; baseline 0.012 -33"><span class='ocrx_word' id='word_1_666' title='bbox 81 4703 263 4754; x_wconf 85' lang='lat' dir='ltr'><strong>rutrum</strong></span> <span class='ocrx_word' id='word_1_667' title='bbox 296 4701 577 4761; x_wconf 89' lang='lat' dir='ltr'><strong>invideret.</strong></span> <span class='ocrx_word' id='word_1_668' title='bbox 605 4703 683 4760; x_wconf 89' lang='lat' dir='ltr'><strong>De</strong></span> <span class='ocrx_word' id='word_1_669' title='bbox 717 4707 917 4778; x_wconf 88' lang='lat' dir='ltr'><strong>quibus</strong></span> <span class='ocrx_word' id='word_1_670' title='bbox 937 4708 1114 4764; x_wconf 88' lang='lat' dir='ltr'><strong>simile</strong></span> <span class='ocrx_word' id='word_1_671' title='bbox 1157 4709 1236 4764; x_wconf 90' lang='lat' dir='ltr'><strong>illi</strong></span> <span class='ocrx_word' id='word_1_672' title='bbox 1264 4710 1408 4780; x_wconf 80' lang='lat' dir='ltr'><strong>quod</strong></span> <span class='ocrx_word' id='word_1_673' title='bbox 1432 4709 1499 4766; x_wconf 88' lang='lat' dir='ltr'><strong>de</strong></span> <span class='ocrx_word' id='word_1_674' title='bbox 1523 4709 1628 4766; x_wconf 86' lang='lat' dir='ltr'><strong>IIe-</strong></span> 
     </span>
    </p>
   </div>
   <div class='ocr_carea' id='block_1_93' title="bbox 81 4793 1630 4869">
    <p class='ocr_par' dir='ltr' id='par_1_93' title="bbox 81 4793 1630 4869">
     <span class='ocr_line' id='line_1_93' title="bbox 81 4793 1630 4869; baseline 0.014 -30"><span class='ocrx_word' id='word_1_675' title='bbox 81 4793 205 4843; x_wconf 87' lang='lat' dir='ltr'><strong>ctore</strong></span> <span class='ocrx_word' id='word_1_676' title='bbox 245 4801 296 4846; x_wconf 92' lang='lat' dir='ltr'><strong>et</strong></span> <span class='ocrx_word' id='word_1_677' title='bbox 339 4793 526 4854; x_wconf 64' lang='lat' dir='ltr'><strong>IEnzea</strong></span> <span class='ocrx_word' id='word_1_678' title='bbox 575 4797 744 4853; x_wconf 84' lang='lat' dir='ltr'><strong>edidit</strong></span> <span class='ocrx_word' id='word_1_679' title='bbox 782 4797 1132 4869; x_wconf 77' lang='lat' dir='ltr'><strong>Mantuanus,</strong></span> <span class='ocrx_word' id='word_1_680' title='bbox 1179 4801 1519 4859; x_wconf 83' lang='lat' dir='ltr'><strong>confidenter</strong></span> <span class='ocrx_word' id='word_1_681' title='bbox 1572 4812 1630 4861; x_wconf 85' lang='lat' dir='ltr'><strong>et</strong></span> 
     </span>
    </p>
   </div>
   <div class='ocr_carea' id='block_1_94' title="bbox 84 4874 520 4952">
    <p class='ocr_par' dir='ltr' id='par_1_94' title="bbox 84 4874 520 4952">
     <span class='ocr_line' id='line_1_94' title="bbox 84 4874 520 4952; baseline 0.023 -18"><span class='ocrx_word' id='word_1_682' title='bbox 84 4874 179 4946; x_wconf 79' lang='lat' dir='ltr'><strong>ipse</strong></span> <span class='ocrx_word' id='word_1_683' title='bbox 195 4887 520 4952; x_wconf 79' lang='lat' dir='ltr'><strong>protulerim.</strong></span> 
     </span>
    </p>
   </div>
   <div class='ocr_carea' id='block_1_95' title="bbox 203 4973 1302 5052">
    <p class='ocr_par' dir='ltr' id='par_1_95' title="bbox 203 4973 1302 5052">
     <span class='ocr_line' id='line_1_95' title="bbox 203 4973 1302 5052; baseline 0.013 -24"><span class='ocrx_word' id='word_1_684' title='bbox 203 4973 258 5029; x_wconf 88' lang='lat' dir='ltr'><strong>Si</strong></span> <span class='ocrx_word' id='word_1_685' title='bbox 282 4977 382 5034; x_wconf 84' lang='lat' dir='ltr'><strong>duo</strong></span> <span class='ocrx_word' id='word_1_686' title='bbox 402 4989 658 5052; x_wconf 68' lang='lat' dir='ltr'><strong>praeterea</strong></span> <span class='ocrx_word' id='word_1_687' title='bbox 679 4984 910 5040; x_wconf 81' lang='lat' dir='ltr'><strong>mismet</strong></span> <span class='ocrx_word' id='word_1_688' title='bbox 933 4983 1146 5041; x_wconf 82' lang='lat' dir='ltr'><strong>Gallica</strong></span> <span class='ocrx_word' id='word_1_689' title='bbox 1168 4987 1302 5042; x_wconf 81' lang='lat' dir='ltr'><strong>tales</strong></span> 
     </span>
    </p>
   </div>
   <div class='ocr_carea' id='block_1_96' title="bbox 205 5061 533 5143">
    <p class='ocr_par' dir='ltr' id='par_1_96' title="bbox 205 5061 533 5143">
     <span class='ocr_line' id='line_1_96' title="bbox 205 5061 533 5143; baseline 0.024 -21"><span class='ocrx_word' id='word_1_690' title='bbox 205 5061 358 5127; x_wconf 75' lang='lat' dir='ltr'><strong>Terra</strong></span> <span class='ocrx_word' id='word_1_691' title='bbox 374 5075 533 5143; x_wconf 78' lang='lat' dir='ltr'><strong>viros,</strong></span> 
     </span>
    </p>
   </div>
   <div class='ocr_carea' id='block_1_97' title="bbox 81 5150 1627 5244">
    <p class='ocr_par' dir='ltr' id='par_1_97' title="bbox 81 5150 1627 5244">
     <span class='ocr_line' id='line_1_97' title="bbox 81 5150 1627 5244; baseline 0.015 -36"><span class='ocrx_word' id='word_1_692' title='bbox 81 5150 174 5244; x_wconf 82' lang='lat' dir='ltr'><strong>jam</strong></span> <span class='ocrx_word' id='word_1_693' title='bbox 200 5158 388 5218; x_wconf 89' lang='lat' dir='ltr'><strong>dudum</strong></span> <span class='ocrx_word' id='word_1_694' title='bbox 418 5165 602 5224; x_wconf 86' lang='lat' dir='ltr'><strong>Gallos</strong></span> <span class='ocrx_word' id='word_1_695' title='bbox 622 5167 947 5226; x_wconf 86' lang='lat' dir='ltr'><strong>habuissent</strong></span> <span class='ocrx_word' id='word_1_696' title='bbox 966 5185 1122 5244; x_wconf 89' lang='lat' dir='ltr'><strong>reges</strong></span> <span class='ocrx_word' id='word_1_697' title='bbox 1143 5169 1410 5243; x_wconf 82' lang='lat' dir='ltr'><strong>Memphis</strong></span> <span class='ocrx_word' id='word_1_698' title='bbox 1436 5182 1493 5230; x_wconf 92' lang='lat' dir='ltr'><strong>et</strong></span> <span class='ocrx_word' id='word_1_699' title='bbox 1520 5173 1627 5230; x_wconf 87' lang='lat' dir='ltr'><strong>Ba-</strong></span> 
     </span>
    </p>
   </div>
   <div class='ocr_carea' id='block_1_98' title="bbox 86 5240 1633 5330">
    <p class='ocr_par' dir='ltr' id='par_1_98' title="bbox 86 5240 1633 5330">
     <span class='ocr_line' id='line_1_98' title="bbox 86 5240 1633 5330; baseline 0.016 -33"><span class='ocrx_word' id='word_1_700' title='bbox 86 5240 258 5315; x_wconf 84' lang='lat' dir='ltr'><strong>bylon:</strong></span> <span class='ocrx_word' id='word_1_701' title='bbox 287 5260 430 5311; x_wconf 84' lang='lat' dir='ltr'><strong>tanta</strong></span> <span class='ocrx_word' id='word_1_702' title='bbox 452 5258 649 5313; x_wconf 90' lang='lat' dir='ltr'><strong>enituit</strong></span> <span class='ocrx_word' id='word_1_703' title='bbox 673 5259 846 5315; x_wconf 87' lang='lat' dir='ltr'><strong>virtus</strong></span> <span class='ocrx_word' id='word_1_704' title='bbox 889 5260 946 5315; x_wconf 91' lang='lat' dir='ltr'><strong>in</strong></span> <span class='ocrx_word' id='word_1_705' title='bbox 984 5240 1090 5317; x_wconf 73' lang='lat' dir='ltr'><strong>hoc</strong></span> <span class='ocrx_word' id='word_1_706' title='bbox 1136 5240 1425 5330; x_wconf 68' lang='lat' dir='ltr'><strong>facundiae,</strong></span> <span class='ocrx_word' id='word_1_707' title='bbox 1455 5264 1513 5320; x_wconf 91' lang='lat' dir='ltr'><strong>in</strong></span> <span class='ocrx_word' id='word_1_708' title='bbox 1538 5265 1633 5322; x_wconf 90' lang='lat' dir='ltr'><strong>illo</strong></span> 
     </span>
    </p>
   </div>
   <div class='ocr_carea' id='block_1_99' title="bbox 89 5337 1634 5424">
    <p class='ocr_par' dir='ltr' id='par_1_99' title="bbox 89 5337 1634 5424">
     <span class='ocr_line' id='line_1_99' title="bbox 89 5337 1634 5424; baseline 0.016 -35"><span class='ocrx_word' id='word_1_709' title='bbox 89 5337 314 5424; x_wconf 70' lang='lat' dir='ltr'><strong>audaciie,</strong></span> <span class='ocrx_word' id='word_1_710' title='bbox 346 5344 400 5400; x_wconf 90' lang='lat' dir='ltr'><strong>in</strong></span> <span class='ocrx_word' id='word_1_711' title='bbox 436 5357 669 5421; x_wconf 88' lang='lat' dir='ltr'><strong>utroque</strong></span> <span class='ocrx_word' id='word_1_712' title='bbox 721 5350 1090 5422; x_wconf 81' lang='lat' dir='ltr'><strong>liberalitatis,</strong></span> <span class='ocrx_word' id='word_1_713' title='bbox 1118 5353 1490 5424; x_wconf 87' lang='lat' dir='ltr'><strong>discretionis,</strong></span> <span class='ocrx_word' id='word_1_714' title='bbox 1523 5357 1634 5414; x_wconf 82' lang='lat' dir='ltr'><strong>sol-</strong></span> 
     </span>
    </p>
   </div>
   <div class='ocr_carea' id='block_1_100' title="bbox 90 5421 992 5515">
    <p class='ocr_par' dir='ltr' id='par_1_100' title="bbox 90 5421 992 5515">
     <span class='ocr_line' id='line_1_100' title="bbox 90 5421 992 5515; baseline 0.022 -35"><span class='ocrx_word' id='word_1_715' title='bbox 90 5421 368 5505; x_wconf 86' lang='lat' dir='ltr'><strong>licitudinis,</strong></span> <span class='ocrx_word' id='word_1_716' title='bbox 388 5437 634 5511; x_wconf 65' lang='lat' dir='ltr'><strong>iustitiae,</strong></span> <span class='ocrx_word' id='word_1_717' title='bbox 668 5443 992 5515; x_wconf 66' lang='lat' dir='ltr'><strong>prudentiae.</strong></span> 
     </span>
    </p>
   </div>
   <div class='ocr_carea' id='block_1_101' title="bbox 179 5522 1496 5598">
    <p class='ocr_par' dir='ltr' id='par_1_101' title="bbox 179 5522 1496 5598">
     <span class='ocr_line' id='line_1_101' title="bbox 179 5522 1496 5598; baseline 0.014 -20"><span class='ocrx_word' id='word_1_718' title='bbox 179 5522 483 5590; x_wconf 76' lang='lat' dir='ltr'><strong>CXXXVIII.</strong></span> <span class='ocrx_word' id='word_1_719' title='bbox 513 5565 586 5578; x_wconf 88' lang='lat'><strong>-</strong></span> <span class='ocrx_word' id='word_1_720' title='bbox 621 5533 817 5592; x_wconf 80' lang='lat' dir='ltr'><strong>Franci</strong></span> <span class='ocrx_word' id='word_1_721' title='bbox 843 5536 939 5593; x_wconf 75' lang='lat' dir='ltr'><strong>sub</strong></span> <span class='ocrx_word' id='word_1_722' title='bbox 965 5537 1225 5595; x_wconf 78' lang='lat' dir='ltr'><strong>Ascalone</strong></span> <span class='ocrx_word' id='word_1_723' title='bbox 1254 5540 1496 5598; x_wconf 76' lang='lat' dir='ltr'><strong>victores.</strong></span> 
     </span>
    </p>
   </div>
   <div class='ocr_carea' id='block_1_102' title="bbox 152 5611 1646 5713">
    <p class='ocr_par' dir='ltr' id='par_1_102' title="bbox 152 5611 1646 5713">
     <span class='ocr_line' id='line_1_102' title="bbox 152 5611 1646 5713; baseline 0.017 -42"><span class='ocrx_word' id='word_1_724' title='bbox 152 5611 254 5674; x_wconf 75' lang='lat' dir='ltr'><strong>lam</strong></span> <span class='ocrx_word' id='word_1_725' title='bbox 281 5627 599 5713; x_wconf 87' lang='lat' dir='ltr'><strong>transierant</strong></span> <span class='ocrx_word' id='word_1_726' title='bbox 632 5639 757 5702; x_wconf 89' lang='lat' dir='ltr'><strong>post</strong></span> <span class='ocrx_word' id='word_1_727' title='bbox 795 5631 1057 5704; x_wconf 74' lang='lat' dir='ltr'><strong>praedicta</strong></span> <span class='ocrx_word' id='word_1_728' title='bbox 1087 5632 1230 5702; x_wconf 65' lang='lat' dir='ltr'><strong>dum,</strong></span> <span class='ocrx_word' id='word_1_729' title='bbox 1261 5645 1314 5690; x_wconf 89' lang='lat' dir='ltr'><strong>et</strong></span> <span class='ocrx_word' id='word_1_730' title='bbox 1345 5636 1416 5692; x_wconf 80' lang='lat' dir='ltr'><strong>ab</strong></span> <span class='ocrx_word' id='word_1_731' title='bbox 1439 5635 1646 5700; x_wconf 69' lang='lat' dir='ltr'><strong>eadem,</strong></span> 
     </span>
    </p>
   </div>
   <div class='ocr_carea' id='block_1_103' title="bbox 99 5715 1636 5800">
    <p class='ocr_par' dir='ltr' id='par_1_103' title="bbox 99 5715 1636 5800">
     <span class='ocr_line' id='line_1_103' title="bbox 99 5715 1636 5800; baseline 0.01 -30"><span class='ocrx_word' id='word_1_732' title='bbox 99 5715 261 5800; x_wconf 50' lang='lat' dir='ltr'><strong>[illam</strong></span> <span class='ocrx_word' id='word_1_733' title='bbox 306 5730 584 5786; x_wconf 75' lang='lat' dir='ltr'><strong>parasseve</strong></span> <span class='ocrx_word' id='word_1_734' title='bbox 631 5721 891 5797; x_wconf 86' lang='lat' dir='ltr'><strong>fulgebat,</strong></span> <span class='ocrx_word' id='word_1_735' title='bbox 943 5725 1034 5782; x_wconf 91' lang='lat' dir='ltr'><strong>illa</strong></span> <span class='ocrx_word' id='word_1_736' title='bbox 1081 5741 1303 5798; x_wconf 89' lang='lat' dir='ltr'><strong>quoque</strong></span> <span class='ocrx_word' id='word_1_737' title='bbox 1336 5729 1636 5800; x_wconf 85' lang='lat' dir='ltr'><strong>geminavit</strong></span> 
     </span>
    </p>
   </div>
   <div class='ocr_carea' id='block_1_104' title="bbox 100 5792 1652 5889">
    <p class='ocr_par' dir='ltr' id='par_1_104' title="bbox 100 5792 1652 5889">
     <span class='ocr_line' id='line_1_104' title="bbox 100 5792 1652 5889; baseline 0.021 -39"><span class='ocrx_word' id='word_1_738' title='bbox 100 5792 338 5866; x_wconf 73' lang='lat' dir='ltr'><strong>laetitiam:</strong></span> <span class='ocrx_word' id='word_1_739' title='bbox 386 5815 579 5889; x_wconf 86' lang='lat' dir='ltr'><strong>quippe</strong></span> <span class='ocrx_word' id='word_1_740' title='bbox 595 5792 740 5880; x_wconf 46' lang='lat' dir='ltr'><strong>’sub&#39;</strong></span> <span class='ocrx_word' id='word_1_741' title='bbox 767 5792 1052 5877; x_wconf 72' lang='lat' dir='ltr'><strong>Ascalonae</strong></span> <span class='ocrx_word' id='word_1_742' title='bbox 1092 5792 1368 5880; x_wconf 67' lang='lat' dir='ltr'><strong>moenibus</strong></span> <span class='ocrx_word' id='word_1_743' title='bbox 1388 5822 1632 5882; x_wconf 83' lang='lat' dir='ltr'><strong>Francos</strong></span> <span class='ocrx_word' id='word_1_744' title='bbox 1645 5811 1652 5814; x_wconf 58' lang='grc'>”</span> 
     </span>
    </p>
   </div>
   <div class='ocr_carea' id='block_1_105' title="bbox 1735 4609 3326 4683">
    <p class='ocr_par' dir='ltr' id='par_1_105' title="bbox 1735 4609 3326 4683">
     <span class='ocr_line' id='line_1_105' title="bbox 1735 4609 3326 4683; baseline 0.001 -16"><span class='ocrx_word' id='word_1_745' title='bbox 1735 4612 2057 4679; x_wconf 85' lang='lat' dir='ltr'><strong>innocuum,</strong></span> <span class='ocrx_word' id='word_1_746' title='bbox 2090 4623 2377 4669; x_wconf 89' lang='lat' dir='ltr'><strong>nocentem</strong></span> <span class='ocrx_word' id='word_1_747' title='bbox 2406 4613 2701 4669; x_wconf 91' lang='lat' dir='ltr'><strong>obsessura</strong></span> <span class='ocrx_word' id='word_1_748' title='bbox 2749 4613 2924 4669; x_wconf 90' lang='lat' dir='ltr'><strong>multo</strong></span> <span class='ocrx_word' id='word_1_749' title='bbox 2967 4609 3326 4683; x_wconf 82' lang='lat' dir='ltr'><strong>frequentior.</strong></span> 
     </span>
    </p>
   </div>
   <div class='ocr_carea' id='block_1_106' title="bbox 1734 4701 3329 4776">
    <p class='ocr_par' dir='ltr' id='par_1_106' title="bbox 1734 4701 3329 4776">
     <span class='ocr_line' id='line_1_106' title="bbox 1734 4701 3329 4776; baseline -0.001 -18"><span class='ocrx_word' id='word_1_750' title='bbox 1734 4701 1938 4760; x_wconf 84' lang='lat' dir='ltr'><strong>Verum</strong></span> <span class='ocrx_word' id='word_1_751' title='bbox 1966 4704 2020 4759; x_wconf 91' lang='lat' dir='ltr'><strong>id</strong></span> <span class='ocrx_word' id='word_1_752' title='bbox 2046 4704 2226 4776; x_wconf 91' lang='lat' dir='ltr'><strong>ipsum</strong></span> <span class='ocrx_word' id='word_1_753' title='bbox 2265 4704 2576 4776; x_wconf 86' lang='lat' dir='ltr'><strong>providerat</strong></span> <span class='ocrx_word' id='word_1_754' title='bbox 2618 4703 2848 4773; x_wconf 89' lang='lat' dir='ltr'><strong>audacia</strong></span> <span class='ocrx_word' id='word_1_755' title='bbox 2887 4702 3014 4771; x_wconf 87' lang='lat' dir='ltr'><strong>viri,</strong></span> <span class='ocrx_word' id='word_1_756' title='bbox 3049 4711 3104 4758; x_wconf 90' lang='lat' dir='ltr'><strong>et</strong></span> <span class='ocrx_word' id='word_1_757' title='bbox 3131 4719 3329 4774; x_wconf 83' lang='lat' dir='ltr'><strong>quem-</strong></span> 
     </span>
    </p>
   </div>
   <div class='ocr_carea' id='block_1_107' title="bbox 1733 4797 3329 4866">
    <p class='ocr_par' dir='ltr' id='par_1_107' title="bbox 1733 4797 3329 4866">
     <span class='ocr_line' id='line_1_107' title="bbox 1733 4797 3329 4866; baseline -0.002 -12"><span class='ocrx_word' id='word_1_758' title='bbox 1733 4799 2029 4855; x_wconf 89' lang='lat' dir='ltr'><strong>admodum</strong></span> <span class='ocrx_word' id='word_1_759' title='bbox 2059 4805 2286 4854; x_wconf 80' lang='lat' dir='ltr'><strong>venator</strong></span> <span class='ocrx_word' id='word_1_760' title='bbox 2329 4813 2547 4864; x_wconf 90' lang='lat' dir='ltr'><strong>nemus,</strong></span> <span class='ocrx_word' id='word_1_761' title='bbox 2584 4805 2679 4852; x_wconf 91' lang='lat' dir='ltr'><strong>aut</strong></span> <span class='ocrx_word' id='word_1_762' title='bbox 2716 4797 2937 4852; x_wconf 90' lang='lat' dir='ltr'><strong>dumeta</strong></span> <span class='ocrx_word' id='word_1_763' title='bbox 2965 4810 3189 4866; x_wconf 87' lang='lat' dir='ltr'><strong>auceps,</strong></span> <span class='ocrx_word' id='word_1_764' title='bbox 3224 4809 3329 4851; x_wconf 86' lang='lat' dir='ltr'><strong>no-</strong></span> 
     </span>
    </p>
   </div>
   <div class='ocr_carea' id='block_1_108' title="bbox 1734 4883 3332 4962">
    <p class='ocr_par' dir='ltr' id='par_1_108' title="bbox 1734 4883 3332 4962">
     <span class='ocr_line' id='line_1_108' title="bbox 1734 4883 3332 4962; baseline -0.003 -15"><span class='ocrx_word' id='word_1_765' title='bbox 1734 4899 1890 4947; x_wconf 87' lang='lat' dir='ltr'><strong>verat</strong></span> <span class='ocrx_word' id='word_1_766' title='bbox 1927 4891 2070 4947; x_wconf 88' lang='lat' dir='ltr'><strong>unde</strong></span> <span class='ocrx_word' id='word_1_767' title='bbox 2101 4890 2280 4961; x_wconf 89' lang='lat' dir='ltr'><strong>major</strong></span> <span class='ocrx_word' id='word_1_768' title='bbox 2310 4891 2506 4962; x_wconf 65' lang='lat' dir='ltr'><strong>praeda:</strong></span> <span class='ocrx_word' id='word_1_769' title='bbox 2528 4889 2683 4960; x_wconf 92' lang='lat' dir='ltr'><strong>copia</strong></span> <span class='ocrx_word' id='word_1_770' title='bbox 2709 4888 2929 4944; x_wconf 89' lang='lat' dir='ltr'><strong>deberet</strong></span> <span class='ocrx_word' id='word_1_771' title='bbox 2949 4885 3130 4942; x_wconf 90' lang='lat' dir='ltr'><strong>avelli.</strong></span> <span class='ocrx_word' id='word_1_772' title='bbox 3160 4883 3332 4958; x_wconf 83' lang='lat' dir='ltr'><strong>Igitur</strong></span> 
     </span>
    </p>
   </div>
   <div class='ocr_carea' id='block_1_109' title="bbox 1735 4978 3330 5054">
    <p class='ocr_par' dir='ltr' id='par_1_109' title="bbox 1735 4978 3330 5054">
     <span class='ocr_line' id='line_1_109' title="bbox 1735 4978 3330 5054; baseline -0.001 -16"><span class='ocrx_word' id='word_1_773' title='bbox 1735 4981 1911 5040; x_wconf 87' lang='lat' dir='ltr'><strong>Bezan</strong></span> <span class='ocrx_word' id='word_1_774' title='bbox 1941 4984 2086 5039; x_wconf 88' lang='lat' dir='ltr'><strong>vallo</strong></span> <span class='ocrx_word' id='word_1_775' title='bbox 2115 4992 2395 5054; x_wconf 89' lang='lat' dir='ltr'><strong>utcunque</strong></span> <span class='ocrx_word' id='word_1_776' title='bbox 2421 4981 2798 5037; x_wconf 88' lang='lat' dir='ltr'><strong>circumducto</strong></span> <span class='ocrx_word' id='word_1_777' title='bbox 2818 4978 3101 5046; x_wconf 90' lang='lat' dir='ltr'><strong>vestitum,</strong></span> <span class='ocrx_word' id='word_1_778' title='bbox 3133 4988 3330 5036; x_wconf 71' lang='lat' dir='ltr'><strong>caetera</strong></span> 
     </span>
    </p>
   </div>
   <div class='ocr_carea' id='block_1_110' title="bbox 1734 5065 3330 5148">
    <p class='ocr_par' dir='ltr' id='par_1_110' title="bbox 1734 5065 3330 5148">
     <span class='ocr_line' id='line_1_110' title="bbox 1734 5065 3330 5148; baseline -0.003 -16"><span class='ocrx_word' id='word_1_779' title='bbox 1734 5092 1832 5148; x_wconf 91' lang='lat' dir='ltr'><strong>per</strong></span> <span class='ocrx_word' id='word_1_780' title='bbox 1860 5077 2153 5134; x_wconf 83' lang='lat' dir='ltr'><strong>circuitum</strong></span> <span class='ocrx_word' id='word_1_781' title='bbox 2177 5075 2476 5146; x_wconf 90' lang='lat' dir='ltr'><strong>municipia</strong></span> <span class='ocrx_word' id='word_1_782' title='bbox 2505 5074 2723 5144; x_wconf 87' lang='lat' dir='ltr'><strong>spoliat,</strong></span> <span class='ocrx_word' id='word_1_783' title='bbox 2752 5080 2904 5128; x_wconf 89' lang='lat' dir='ltr'><strong>arata</strong></span> <span class='ocrx_word' id='word_1_784' title='bbox 2932 5065 3330 5144; x_wconf 63' lang='lat' dir='ltr'><strong>disjungit,.ju-¥</strong></span> 
     </span>
    </p>
   </div>
   <div class='ocr_carea' id='block_1_111' title="bbox 1736 5159 3331 5244">
    <p class='ocr_par' dir='ltr' id='par_1_111' title="bbox 1736 5159 3331 5244">
     <span class='ocr_line' id='line_1_111' title="bbox 1736 5159 3331 5244; baseline -0.006 -16"><span class='ocrx_word' id='word_1_785' title='bbox 1736 5159 1864 5244; x_wconf 84' lang='lat' dir='ltr'><strong>gum</strong></span> <span class='ocrx_word' id='word_1_786' title='bbox 1888 5187 1920 5227; x_wconf 91' lang='lat' dir='ltr'><strong>a</strong></span> <span class='ocrx_word' id='word_1_787' title='bbox 1953 5172 2095 5226; x_wconf 88' lang='lat' dir='ltr'><strong>bove</strong></span> <span class='ocrx_word' id='word_1_788' title='bbox 2141 5169 2211 5225; x_wconf 90' lang='lat' dir='ltr'><strong>ad</strong></span> <span class='ocrx_word' id='word_1_789' title='bbox 2247 5166 2515 5224; x_wconf 83' lang='lat' dir='ltr'><strong>rusticum</strong></span> <span class='ocrx_word' id='word_1_790' title='bbox 2562 5163 2839 5232; x_wconf 89' lang='lat' dir='ltr'><strong>transfert,</strong></span> <span class='ocrx_word' id='word_1_791' title='bbox 2879 5163 3086 5220; x_wconf 88' lang='lat' dir='ltr'><strong>claudit</strong></span> <span class='ocrx_word' id='word_1_792' title='bbox 3130 5163 3331 5220; x_wconf 87' lang='lat' dir='ltr'><strong>merci-</strong></span> 
     </span>
    </p>
   </div>
   <div class='ocr_carea' id='block_1_112' title="bbox 1735 5254 3328 5330">
    <p class='ocr_par' dir='ltr' id='par_1_112' title="bbox 1735 5254 3328 5330">
     <span class='ocr_line' id='line_1_112' title="bbox 1735 5254 3328 5330; baseline -0.004 -9"><span class='ocrx_word' id='word_1_793' title='bbox 1735 5265 1842 5321; x_wconf 91' lang='lat' dir='ltr'><strong>bus</strong></span> <span class='ocrx_word' id='word_1_794' title='bbox 1893 5263 2033 5326; x_wconf 87' lang='lat' dir='ltr'><strong>vias.</strong></span> <span class='ocrx_word' id='word_1_795' title='bbox 2092 5261 2326 5319; x_wconf 87' lang='lat' dir='ltr'><strong>urbibus</strong></span> <span class='ocrx_word' id='word_1_796' title='bbox 2372 5266 2581 5330; x_wconf 90' lang='lat' dir='ltr'><strong>portas.</strong></span> <span class='ocrx_word' id='word_1_797' title='bbox 2627 5256 2838 5324; x_wconf 83' lang='lat' dir='ltr'><strong>Quibus</strong></span> <span class='ocrx_word' id='word_1_798' title='bbox 2880 5256 3054 5328; x_wconf 88' lang='lat' dir='ltr'><strong>plagis</strong></span> <span class='ocrx_word' id='word_1_799' title='bbox 3090 5254 3328 5328; x_wconf 72' lang='lat' dir='ltr'><strong>Caiphae</strong></span> 
     </span>
    </p>
   </div>
   <div class='ocr_carea' id='block_1_113' title="bbox 1738 5347 3330 5430">
    <p class='ocr_par' dir='ltr' id='par_1_113' title="bbox 1738 5347 3330 5430">
     <span class='ocr_line' id='line_1_113' title="bbox 1738 5347 3330 5430; baseline -0.006 -16"><span class='ocrx_word' id='word_1_800' title='bbox 1738 5358 1958 5426; x_wconf 82' lang='lat' dir='ltr'><strong>amicta,</strong></span> <span class='ocrx_word' id='word_1_801' title='bbox 1983 5354 2240 5430; x_wconf 89' lang='lat' dir='ltr'><strong>quamvis</strong></span> <span class='ocrx_word' id='word_1_802' title='bbox 2265 5351 2406 5409; x_wconf 91' lang='lat' dir='ltr'><strong>mari</strong></span> <span class='ocrx_word' id='word_1_803' title='bbox 2447 5359 2503 5408; x_wconf 84' lang='lat' dir='ltr'><strong>et</strong></span> <span class='ocrx_word' id='word_1_804' title='bbox 2521 5350 2772 5410; x_wconf 87' lang='lat' dir='ltr'><strong>turribus</strong></span> <span class='ocrx_word' id='word_1_805' title='bbox 2815 5363 2969 5422; x_wconf 89' lang='lat' dir='ltr'><strong>septa</strong></span> <span class='ocrx_word' id='word_1_806' title='bbox 3000 5349 3214 5416; x_wconf 90' lang='lat' dir='ltr'><strong>civitas,</strong></span> <span class='ocrx_word' id='word_1_807' title='bbox 3245 5347 3330 5404; x_wconf 87' lang='lat' dir='ltr'><strong>fa—</strong></span> 
     </span>
    </p>
   </div>
   <div class='ocr_carea' id='block_1_114' title="bbox 1741 5440 3329 5520">
    <p class='ocr_par' dir='ltr' id='par_1_114' title="bbox 1741 5440 3329 5520">
     <span class='ocr_line' id='line_1_114' title="bbox 1741 5440 3329 5520; baseline -0.005 -12"><span class='ocrx_word' id='word_1_808' title='bbox 1741 5451 1890 5510; x_wconf 87' lang='lat' dir='ltr'><strong>tiscit</strong></span> <span class='ocrx_word' id='word_1_809' title='bbox 1929 5461 2148 5506; x_wconf 89' lang='lat' dir='ltr'><strong>tamen:</strong></span> <span class='ocrx_word' id='word_1_810' title='bbox 2196 5447 2378 5520; x_wconf 90' lang='lat' dir='ltr'><strong>primo</strong></span> <span class='ocrx_word' id='word_1_811' title='bbox 2419 5444 2642 5519; x_wconf 90' lang='lat' dir='ltr'><strong>quidem</strong></span> <span class='ocrx_word' id='word_1_812' title='bbox 2686 5443 2972 5499; x_wconf 91' lang='lat' dir='ltr'><strong>tormentis</strong></span> <span class='ocrx_word' id='word_1_813' title='bbox 3015 5440 3329 5500; x_wconf 72' lang='lat' dir='ltr'><strong>balearibus</strong></span> 
     </span>
    </p>
   </div>
   <div class='ocr_carea' id='block_1_115' title="bbox 1735 5531 3379 5616">
    <p class='ocr_par' dir='ltr' id='par_1_115' title="bbox 1735 5531 3379 5616">
     <span class='ocr_line' id='line_1_115' title="bbox 1735 5531 3379 5616; baseline -0.01 -12"><span class='ocrx_word' id='word_1_814' title='bbox 1735 5546 1958 5614; x_wconf 89' lang='lat' dir='ltr'><strong>obruta,</strong></span> <span class='ocrx_word' id='word_1_815' title='bbox 1980 5559 2108 5600; x_wconf 82' lang='lat' dir='ltr'><strong>mox</strong></span> <span class='ocrx_word' id='word_1_816' title='bbox 2127 5557 2225 5616; x_wconf 89' lang='lat' dir='ltr'><strong>per</strong></span> <span class='ocrx_word' id='word_1_817' title='bbox 2246 5539 2428 5609; x_wconf 89' lang='lat' dir='ltr'><strong>funes,</strong></span> <span class='ocrx_word' id='word_1_818' title='bbox 2451 5555 2553 5611; x_wconf 90' lang='lat' dir='ltr'><strong>per</strong></span> <span class='ocrx_word' id='word_1_819' title='bbox 2568 5546 2782 5611; x_wconf 85' lang='lat' dir='ltr'><strong>pontes,</strong></span> <span class='ocrx_word' id='word_1_820' title='bbox 2793 5550 2892 5610; x_wconf 87' lang='lat' dir='ltr'><strong>per</strong></span> <span class='ocrx_word' id='word_1_821' title='bbox 2913 5535 3091 5594; x_wconf 87' lang='lat' dir='ltr'><strong>scalas</strong></span> <span class='ocrx_word' id='word_1_822' title='bbox 3115 5531 3332 5608; x_wconf 46' lang='lat' dir='ltr'><strong>immisf</strong></span> <span class='ocrx_word' id='word_1_823' title='bbox 3377 5597 3379 5600; x_wconf 26' lang='lat'><strong>,</strong></span> 
     </span>
    </p>
   </div>
   <div class='ocr_carea' id='block_1_116' title="bbox 1739 5651 2380 5716">
    <p class='ocr_par' dir='ltr' id='par_1_116' title="bbox 1739 5651 2380 5716">
     <span class='ocr_line' id='line_1_116' title="bbox 1739 5651 2380 5716; baseline -0.009 -20"><span class='ocrx_word' id='word_1_824' title='bbox 1739 5654 1832 5698; x_wconf 86' lang='lat' dir='ltr'><strong>sos</strong></span> <span class='ocrx_word' id='word_1_825' title='bbox 1865 5651 2162 5716; x_wconf 80' lang='lat' dir='ltr'><strong>mucrones</strong></span> <span class='ocrx_word' id='word_1_826' title='bbox 2196 5651 2380 5708; x_wconf 89' lang='lat' dir='ltr'><strong>passa.</strong></span> 
     </span>
    </p>
   </div>
   <div class='ocr_carea' id='block_1_117' title="bbox 1739 5719 3324 5788">
    <p class='ocr_par' dir='ltr' id='par_1_117' title="bbox 1739 5719 3324 5788">
     <span class='ocr_line' id='line_1_117' title="bbox 1739 5719 3324 5788; baseline -0.008 -2"><span class='ocrx_word' id='word_1_827' title='bbox 1739 5727 1898 5786; x_wconf 81' lang='lat' dir='ltr'><strong>CXL.</strong></span> <span class='ocrx_word' id='word_1_828' title='bbox 1919 5759 1989 5769; x_wconf 90' lang='lat'><strong>—</strong></span> <span class='ocrx_word' id='word_1_829' title='bbox 2002 5727 2346 5784; x_wconf 73' lang='lat' dir='ltr'><strong>Boamundus</strong></span> <span class='ocrx_word' id='word_1_830' title='bbox 2363 5735 2412 5783; x_wconf 84' lang='lat' dir='ltr'><strong>et</strong></span> <span class='ocrx_word' id='word_1_831' title='bbox 2433 5723 2736 5782; x_wconf 77' lang='lat' dir='ltr'><strong>Balduinua</strong></span> <span class='ocrx_word' id='word_1_832' title='bbox 2758 5719 3055 5778; x_wconf 72' lang='lat' dir='ltr'><strong>Jerusalem</strong></span> <span class='ocrx_word' id='word_1_833' title='bbox 3083 5724 3324 5788; x_wconf 73' lang='lat' dir='ltr'><strong>pergunt.</strong></span> 
     </span>
    </p>
   </div>
   <div class='ocr_carea' id='block_1_118' title="bbox 1811 5807 3328 5886">
    <p class='ocr_par' dir='ltr' id='par_1_118' title="bbox 1811 5807 3328 5886">
     <span class='ocr_line' id='line_1_118' title="bbox 1811 5807 3328 5886; baseline -0.007 -9"><span class='ocrx_word' id='word_1_834' title='bbox 1811 5821 1909 5880; x_wconf 81' lang='lat' dir='ltr'><strong>llis</strong></span> <span class='ocrx_word' id='word_1_835' title='bbox 1942 5821 2139 5880; x_wconf 90' lang='lat' dir='ltr'><strong>diebus</strong></span> <span class='ocrx_word' id='word_1_836' title='bbox 2189 5819 2545 5879; x_wconf 84' lang='lat' dir='ltr'><strong>Boamundus</strong></span> <span class='ocrx_word' id='word_1_837' title='bbox 2595 5825 2652 5876; x_wconf 90' lang='lat' dir='ltr'><strong>et</strong></span> <span class='ocrx_word' id='word_1_838' title='bbox 2689 5815 3001 5886; x_wconf 76' lang='lat' dir='ltr'><strong>Baldoynus</strong></span> <span class='ocrx_word' id='word_1_839' title='bbox 3038 5807 3328 5870; x_wconf 84' lang='lat' dir='ltr'><strong>Gottifredi</strong></span> 
     </span>
    </p>
   </div>
  </div>
