3838 6306
514 330 626 390 579

509 535 810 594 Jenisnlem
841 543 1117 614 complere
1145 541 1446 611 cupientes,
1469 553 1594 593 cum
1632 552 1742 592 non
1787 552 1955 607 parva
1982 537 2088 592 mi-

509 627 672 684 litum
693 647 858 686 manu
886 633 987 688 iter
1005 634 1277 703 arripiunt
1307 649 1320 684 :
1353 629 1448 699 qui
1471 629 1601 683 dum
1630 631 1734 697 per
1746 628 1942 683 vallem
1975 627 2086 684 Cas

513 720 668 776 mela;
696 730 751 776 et
775 721 1026 779 Damasci
1060 713 1336 786 viciniam,
1372 733 1472 774 nec
1522 733 1632 772 non
1660 732 1756 788 per
1779 717 2086 774 Caesaream

495 806 742 880 .Philippi
791 811 1121 878 incederent,
1172 809 1420 866 mirabile
1448 807 1595 863 dictu
1619 824 1718 877 per
1741 809 1950 864 medios
1979 810 2085 864 ho;

509 908 640 966 stes,
679 901 772 970 qui
820 903 1246 973 circumquaque
1289 899 1620 970 cxploraturi
1682 899 2086 968 discurrebant,

509 991 664 1048 liberi
696 996 1066 1050 transierunt:
1108 1003 1226 1050 erat
1247 1002 1429 1048 autem
1456 990 1945 1063 quadragesimalis
1977 990 2086 1046 diei

507 1091 742 1154 tempus.
788 1073 892 1152 Qui
940 1102 1064 1142 cum
1106 1085 1414 1140 Jerusalem
1442 1092 1847 1154 properassent,
1889 1082 2086 1154 gaudia

491 1174 584 1239 ibi
605 1176 882 1244 paschalia
919 1191 1045 1232 cum
1069 1193 1193 1248 rege
1225 1175 1531 1231 Gottifredo
1559 1175 1922 1230 celebrarunt.
1967 1173 2088 1240 Quo

505 1264 754 1319 videlicet
797 1273 1038 1336 tempore
1085 1266 1390 1336 Dayhertus
1439 1263 1760 1319 Pisanorum
1797 1263 2087 1334 episcopus

506 1353 590 1407 vir
618 1355 671 1409 in
703 1356 897 1412 litteris
926 1357 1341 1427 potentissimus
1367 1365 1530 1428 atque
1567 1355 2083 1426 eloquentissimus;

490 1446 601 1515 _qui
665 1447 720 1501 in
771 1448 955 1503 multis
1002 1449 1232 1504 navibus
1282 1448 1509 1519 Joppem
1557 1463 1846 1520 aggressus
1889 1446 2084 1514 fuerat,

488 1538 695 1610 eodem
721 1539 1039 1610 Boamundo
1069 1541 1316 1611 juvante,
1364 1540 1420 1594 in
1461 1539 1888 1610 patriarchatum
1925 1537 2085 1593 Jeru-

503 1628 673 1685 salem
707 1631 1054 1686 sublimatur.
1101 1629 1365 1686 Arnull‘us
1411 1639 1595 1684 autem
1637 1645 1846 1700 magna:
1889 1628 2088 1685 indolis

503 1720 611 1785 vir,
640 1735 953 1792 quanquam
1005 1721 1284 1793 dignitatis
1333 1721 1496 1792 hujus
1543 1721 1808 1776 electione
1851 1719 2088 1778 donatus

1094 333 1188 390 ΔΙ)
1226 331 1672 392 GODEFBIDUM
1704 330 1996 388 APPEND.
2031 331 2076 387 ll

2181 361 2205 372 -
2237 331 2507 391 κοΝυΜ.
2545 333 2637 390 DE
2669 334 2895 395 εει.ιο
2932 336 3178 394 SACRO.

509 447 656 518 regis
675 445 860 516 frater,
885 447 956 504 de
1004 463 1119 518 quo
1145 449 1518 520 supradictum
1546 453 1652 512 est,
1695 454 1884 501 votum
1925 446 2089 502 eundi
2116 452 2166 512 Α

3598 335 3685 394 580

2470 445 2764 502 CXLII.—
2799 447 3074 520 Godefridi
3095 452 3233 522 regi.
3260 451 3453 507 obitus.

2258 535 2519 606 Sequitur
2555 551 2588 593 e
2629 537 2861 610 vestigio
2887 541 3230 599 miserrimus
3265 558 3448 609 casus,
3467 557 3568 613 quo
3589 541 3716 602 lern-

2185 627 2356 683 salem
2390 643 2502 682 non
2530 629 2730 684 minori
2772 630 2918 686 luctu
2949 632 3306 703 allligebatur.
3335 631 3468 688 Nam
3497 632 3718 694 Gottifre-

2185 717 2310 782 dus,
2338 732 2434 772 rex
2470 717 2710 788 optimus
2735 727 2791 773 et
2821 719 3020 776 timens
3049 721 3244 789 Deum,
3280 731 3439 792 capto
3473 738 3587 777 mox
3607 723 3720 781 Boa-

2185 806 2392 860 mundo
2415 821 2482 861 ex
2518 807 2623 862 hac
2646 809 2766 864 lucc
2797 810 3068 882 migravit.
3107 809 3238 866 Erat
3264 811 3412 864 enim
3449 811 3556 880 jam
3575 828 3722 872 annus

2186 911 2332 952 unus
2371 898 2622 954 evolutus
2679 915 2744 955 ex
2786 916 2895 972 quo
2941 916 3166 971 regnare
3227 908 3490 970 ceperat,
3536 916 3642 956 cum
3665 905 3722 961 ad

2186 987 2396 1043 obitum
2425 989 2784 1058 pervenisset.
2826 989 2931 1058 Qui
2961 1001 3141 1046 tamen
3176 998 3468 1061 antequam
3508 997 3722 1070 presenti

2185 1078 2307 1134 luce
2340 1081 2628 1149 caruisset,
2662 1081 2792 1138 dum
2831 1083 3080 1153 corporis
3112 1082 3428 1138 inﬁmitate
3467 1091 3723 1157 teneretur,

2186 1170 2253 1226 ad
2280 1186 2338 1227 se
2363 1172 2730 1241 patriarcham
2770 1172 3098 1245 Daybertum
3122 1183 3288 1244 atque
3321 1173 3616 1244 Amulium,
3639 1193 3723 1233 (ae-

2184 1269 2442 1332 terosque
2464 1263 2720 1318 accersiri
2744 1263 2920 1334 jubet,
2949 1264 3150 1334 quibus
3173 1265 3262 1320 ille
3287 1283 3301 1319 :
3332 1283 3351 1316 ι
3381 1263 3536 1330 Ecce,
3559 1265 3723 1338 inquit,

2183 1351 2330 1406 viam
2352 1352 2622 1425 universa:
2647 1360 2806 1408 terra:
2826 1354 3118 1426 ingredior.
3141 1354 3302 1411 Modo
3321 1370 3451 1426 ergo
3471 1356 3630 1413 adhuc
3653 1375 3724 1414 me

2185 1439 2398 1495 vivente
2423 1439 2710 1495 consilium
2757 1439 2898 1496 inter
2934 1457 3034 1498 vos
3074 1443 3362 1510 habeatur,
3400 1451 3454 1498 et
3489 1445 3601 1514 quis
3628 1446 3724 1500 vice

2185 1531 2294 1586 mei
2328 1532 2379 1586 in
2406 1530 2709 1587 Jerusalem
2745 1547 2976 1603 regnare
3017 1533 3210 1588 debeat
3236 1534 3599 1605 pravideatur.
3627 1553 3645 1589 ι
3670 1537 3728 1593 At

2185 1623 2264 1680 illi
2309 1623 2702 1695 respondentes
2736 1642 2750 1680 :
2785 1644 2803 1677 ι
2836 1623 2972 1694 Nos,
3017 1625 3294 1696 inquiunt,
3335 1627 3509 1698 magis
3547 1627 3638 1684 hoc
3678 1629 3728 1686 in

2185 1723 2280 1770 tua
2319 1716 2659 1786 providentia
2711 1717 2986 1788 ponimus,
3037 1726 3092 1774 et
3145 1734 3312 1790 quem
3377 1719 3530 1774 nobis
3559 1719 3617 1772 ad
3640 1719 3726 1777 hoc

505 1809 707 1879 fuerat,
731 1822 915 1868 tamen
943 1814 1302 1870 libentissime
1330 1814 1543 1880 annuit,
1567 1827 1795 1883 sperans
1819 1811 2084 1869 Christia-
2112 1819 2160 1881 Β
2189 1805 2367 1876 ipsum
2405 1806 2636 1878 elegeris
2661 1847 2676 1874 ν
2724 1807 2775 1862 εί
2831 1809 3022 1879 Procul
3076 1809 3244 1864 dubio
3287 1809 3592 1866 SDbdemuro
3627 1829 3643 1859 ι
3671 1811 3727 1865 Al

507 1905 735 1958 nitatem
792 1904 866 1960 ibi
917 1905 1092 1977 magis
1121 1905 1176 1961 in
1199 1905 1292 1961 illo
1341 1920 1508 1975 quam
1538 1904 1594 1958 in
1635 1918 1694 1958 se
1720 1902 2081 1973 profuturam.

505 1998 842 2056 Ordinautur
881 2001 952 2056 ibi
985 2011 1224 2072 quatuor
1253 1999 1514 2071 episcopi,
1540 1998 1750 2056 scilicet
1788 1997 2086 2070 Roggerius

495 2073 726 2158 'Tharsi,
756 2091 1032 2163 Mamysue
1053 2091 1491 2156 Bartbolomeus,
1519 2087 1831 2144 Bernardus
1856 2087 2082 2156 Artasii,

505 2179 830 2238 Benedictus
861 2180 1097 2248 Edessaa,
1129 2181 1222 2251 qui
1247 2196 1371 2235 cum
1397 2179 1715 2235 Boamundo
1732 2187 1785 2233 et
1808 2177 2085 2250 Baldoyno

489 2273 562 2341 _in
613 2274 1018 2344 presbyteratus
1082 2272 1259 2328 ollicio
1311 2271 1476 2343 positi
1526 2278 1806 2327 venerant.
1859 2269 2085 2341 Expleta

504 2365 688 2436 itaque
724 2367 1062 2422 solemnitate
1086 2365 1348 2437 paschali,
1377 2363 1731 2420 Boamundus
1759 2378 1883 2419 cum
1911 2363 2084 2418 tribus

490 2447 620 2509 suis
645 2456 890 2524 patribus
911 2457 1224 2523 revertitur,
1251 2455 1484 2511 reddens
1513 2454 1742 2526 singulis
1772 2454 2084 2510 civitatibus

500 2547 764 2616 praesules
814 2563 965 2604 suos.
1010 2547 1322 2620 Baldoynus
1343 2562 1562 2619 quoque
1603 2561 1729 2602 cum
1775 2561 1876 2602 suo
1902 2546 2084 2601 archi-

500 2637 760 2709 episcopo
789 2635 1080 2696 Benedicto
1115 2639 1399 2707 Edessam,
1427 2638 1585 2710 cujus
1615 2638 1732 2710 ipse
1759 2636 2080 2695 comitatum

491 2729 740 2802 _tenebat,
767 2729 946 2786 rediit.

497 2896 720 2952 XLI.—
743 2897 932 2953 Urbem
959 2897 1297 2953 Meletaniam
1321 2897 1384 2953 ab
1413 2899 1683 2954 obsidione
1716 2899 1906 2953 liberat
1937 2900 2081 2955 Boa-

567 2969 813 3090 mimdus.
852 2968 1050 3024 Prwlio
1095 2971 1373 3024 commisso
1404 2987 1437 3025 a
1468 2969 1652 3024 Turcis
1691 2979 1875 3040 captus
1907 2971 2078 3025 abdu-

571 3055 618 3090 Ct
651 3055 733 3092 ur.

497 3183 500 3186 ’
568 3193 679 3252 Nec
714 3211 865 3251 mora
899 3195 1249 3254 Boamundus
1285 3199 1419 3269 ipse,
1449 3213 1574 3254 cum
1601 3197 1842 3254 audisset
1874 3215 1905 3254 a
1943 3200 2083 3255 rela-

499 3289 715 3344 toribus
738 3331 753 3355 ,
780 3289 963 3344 urbem
983 3289 1322 3345 Mclctaniam
1343 3289 1644 3345 Turcorum
1664 3291 1830 3345 armis
1844 3291 2082 3346 circum-

501 3379 683 3435 datam
702 3395 846 3448 esse,
869 3397 990 3452 quae
1004 3382 1190 3437 decem
1219 3382 1430 3437 dierum
1445 3381 1635 3437 itinere
1650 3391 1744 3436 aut
1761 3382 1881 3452 plus
1893 3382 1962 3437 ab
1974 3383 2085 3437 An-

501 3472 704 3527 tiochia
724 3472 994 3539 distabat;
1021 3481 1211 3528 coacto
1227 3473 1279 3527 in
1301 3489 1470 3527 unum
1487 3473 1745 3539 exercitu,
1761 3473 1827 3528 ad
1842 3475 2077 3528 liberati--

504 3547 637 3618 dum
669 3578 788 3618 eam
826 3563 904 3619 ire
947 3571 1199 3619 conatur.
1231 3561 1432 3618 Verum
1485 3561 1648 3618 Turci
1695 3573 2082 3636 cognoscentes

503 3654 656 3708 illum
691 3654 804 3724 jam
829 3655 884 3708 in
921 3655 1174 3724 proximo
1203 3655 1415 3720 adesse,
1447 3655 1791 3710 obsidionem
1819 3672 1884 3710 ex
1922 3656 2082 3712 indu—

497 3744 632 3800 stria
656 3745 1011 3812 dimittontcs,
1045 3754 1107 3801 ut
1149 3761 1340 3810 eorum
1391 3756 1474 3801 est
1503 3732 1861 3812 consuetudo,
1899 3764 2081 3805 reces-

492 3845 712 3898 serunt.
739 3835 909 3907 Magis
942 3835 1086 3891 enim
1116 3835 1220 3907 ipsi
1254 3837 1321 3892 ad
1349 3845 1566 3908 tempus
1601 3838 1685 3892 vel
1712 3839 1902 3894 horam
1930 3848 2078 3912 terga

493 3926 779 4002 vertendo,
807 3943 969 3998 quam
994 3928 1300 3984 accedendo
1323 3927 1780 3998 praavalent.Nam
1799 3940 1853 3985 et
1867 3929 2080 4002 fugien-

497 4017 570 4072 do
599 4017 804 4088 spicula
841 4018 1087 4088 ejiciunt,
1126 4035 1354 4090 seseque
1383 4021 1732 4091 insequentes
1767 4022 2074 4078 vulnerant.

494 4106 848 4185 Boamundus
871 4125 999 4180 ergo
1040 4126 1163 4165 cum
1209 4111 1413 4166 civitati
1454 4113 1895 4182 appropinquans
1939 4111 2078 4166 Tur-

497 4213 689 4255 corum
723 4200 894 4255 aciem
924 4215 1032 4255 non
1076 4201 1387 4272 reperisset,
1423 4203 1732 4257 consultum
1777 4211 1862 4258 est
1905 4202 2010 4258 sibi
2043 4218 2076 4258 a

497 4291 615 4346 suis
645 4300 915 4362 quatenus
942 4293 1134 4348 urbem
1175 4276 1456 4365 ingressus
1485 4293 1765 4363 paululum
1805 4295 1879 4349 ibi
1923 4294 2075 4364 prius

495 4382 887 4452 requiesceret;
931 4399 995 4439 ac
1042 4383 1124 4440 sic
1167 4393 1356 4455 postea
1397 4385 1581 4455 quiete
1630 4383 1820 4441 refotis
1867 4387 2074 4442 viribus

2189 1895 2319 1951 ille:
2371 1915 2390 1949 ι
2445 1896 2523 1965 Si,
2579 1899 2780 1969 inquit,
2824 1899 2880 1954 in
2937 1916 3060 1956 mea
3100 1901 3462 1972 dispositione
3485 1903 3725 1970 statuitur,

2187 1985 2508 2043 Balduinum
2542 1987 2764 2044 fratrem
2795 2005 2978 2045 meum
2999 1991 3067 2046 ad
3092 1991 3197 2048 hoc
3218 1993 3437 2048 culmen
3465 1993 3728 2064 suscipien-

2185 2079 2315 2134 dum
2364 2079 2616 2135 idoneum
2635 2081 2842 2151 judico.
2875 2100 2894 2134 ι
2921 2081 3082 2138 Atilii
3107 2081 3434 2138 Balduinum
3461 2084 3727 2150 audientes,

2185 2168 2442 2224 continuo
2465 2171 2798 2226 unanimiter
2825 2173 3196 2243 consentiunt,
3215 2174 3461 2241 laudant,
3485 2175 3629 2245 eique
3653 2175 3728 2246 ju-

2185 2259 2477 2325 rejurando
2523 2261 2783 2319 fidelitate
2834 2263 3049 2320 ﬁrmata
3105 2265 3443 2334 subduntur;
3502 2267 3729 2337 quoniam

2185 2351 2336 2406 illum
2361 2353 2540 2408 virum
2576 2353 2855 2411 liberalem
2894 2356 3159 2426 pecunia,
3203 2359 3508 2414 studiosum
3536 2358 3729 2426 militia,

2184 2445 2348 2501 aifatu
2393 2447 2677 2516 humilem,
2722 2449 3170 2521 magnanimitate
3223 2451 3512 2506 sublimem
3556 2466 3728 2522 cogno-

2183 2547 2391 2593 verant.
2427 2536 2551 2595 llzec
2583 2540 2808 2610 quippe-
2839 2542 3024 2596 omnia
3069 2550 3267 2598 natura
3308 2543 3448 2614 ipsa,
3476 2552 3533 2599 ut
3564 2543 3632 2600 ita
3662 2543 3730 2599 di-

2181 2643 2392 2696 camus,
2439 2629 2494 2684 in
2550 2645 2617 2686 eo
2673 2646 2840 2687 manu
2889 2633 3110 2704 propria
3175 2635 3564 2705 exsculpserat.
3625 2633 3730 2689 Erat

2190 2717 2335 2773 enim
2371 2718 2479 2785 ille,
2505 2718 2648 2774 sicut
2675 2721 2926 2791 superius
2962 2723 3167 2778 dictum
3210 2733 3312 2790 est,
3345 2724 3401 2779 in
3442 2724 3610 2796 Rages
3633 2740 3730 2795 qua:

2181 2816 2237 2863 et
2264 2807 2467 2864 Edessa
2502 2809 2720 2880 dicitur,
2751 2812 2860 2868 dux
2897 2814 3226 2871 constitutus
3264 2815 3449 2888 ibique
3475 2825 3602 2872 tunc
3633 2831 3730 2871 mo-

2181 2915 2241 2955 ra
2249 2911 2426 2956 natur.

2181 3077 3060 3157 CXLIII.—_Baldutnur_succedit
3093 3083 3383 3157 Godefridﬁo
3405 3087 3461 3140 in
3488 3104 3634 3157 regno
3652 3087 3728 3142 Je-

2107 3156 2155 3221 ρ
2253 3149 2670 3230 rosolymitano,’
2700 3149 3298 3230 {Antiochinu/jicitur
3319 3149 3630 3230 Tancredus,
3657 3161 3726 3230 qui

2257 3218 2600 3289 Mamyttam,
2628 3222 2873 3278 Adanam
2899 3234 2948 3278 et
2983 3218 3203 3280 Tarsum
3230 3227 3332 3281 sibi
3353 3228 3584 3298 subjicit.

2255 3369 2360 3426 Sed
2390 3373 2606 3428 interim
2649 3377 2861 3447 sepulto
2898 3387 3022 3435 ante
3045 3379 3311 3453 Golgotha
3354 3399 3479 3452 rege
3507 3383 3728 3454 praescri-

2182 3453 2296 3532 pto,
2342 3464 2576 3519 mittitur
2623 3465 2883 3524 Edessam
2929 3474 3174 3540 nuntius,
3217 3474 3376 3545 cujus
3411 3453 3586 3531 accitu
3625 3474 3726 3530 Bal-

2181 3551 2382 3610 duinus
2406 3553 2800 3628 Jerosolymam
2831 3561 3031 3628 veniat,
3078 3565 3323 3633 germani
3367 3575 3582 3636 sceptro
3623 3581 3726 3622 suc—

2181 3658 2366 3700 cessor
2388 3647 2686 3715 creandus;
2727 3648 2889 3720 idque
2923 3667 3133 3724 magna:
3159 3641 3522 3713 dissensionis
3551 3666 3603 3713 et
3627 3659 3726 3713 belli

2180 3734 2458 3792 ﬂammam
2511 3739 2832 3796 suscitasset
2862 3758 2875 3795 :
2907 3744 3000 3799 sed
3055 3746 3244 3802 eadem
3300 3764 3410 3819 qua
3465 3748 3728 3806 Balduinus

2179 3827 2479 3883 accersitus
2506 3829 3049 3898 necessitate,vocati
3071 3835 3140 3889 ad
3167 3837 3411 3907 regimen
3457 3840 3728 3895 Antiochia

2180 3915 2447 3974 Tancrcdi
2475 3920 2765 3977 abscessus
2818 3923 2966 3979 litem
3012 3927 3274 3996 prmeidit.
3315 3927 3603 3986 Substituti
3622 3947 3726 4001 ergo

2179 4009 2442 4078 haeredes,
2475 4009 2831 4085 Jerosolymis
2869 4014 3188 4084 Balduinus,
3220 4018 3536 4077 Tancredus
3568 4022 3727 4076 Antio-

2177 4101 2334 4169 chiae,
2371 4103 2618 4158 certatim
2649 4105 2716 4159 ad
2746 4103 2948 4161 famam
2976 4118 3234 4175 currunt;
3267 4119 3383 4166 tum
3410 4128 3478 4168 ne
3514 4129 3545 4168 a
3582 4114 3727 4169 senio-

2176 4208 2300 4246 rum
2342 4193 2538 4249 virtute
2590 4195 2879 4268 degeneret
2928 4198 3134 4270 junior,
3180 4211 3294 4258 tum
3343 4205 3480 4259 alter
3527 4206 3726 4261 alterius

2175 4282 2380 4341 invidia
2421 4287 2692 4344 succensi.
2729 4288 2996 4346 Praeterea
3039 4291 3427 4351 Marchisidam
3471 4307 3620 4369 urget
3651 4313 3725 4352 su-

2175 4387 2354 4446 specta
2385 4379 2645 4450 dignitas,
2676 4381 2822 4452 quod
2846 4384 3020 4455 magis
3052 4385 3270 4456 hospes,
3296 4405 3461 4459 quam
3505 4391 3725 4461 princeps

495 4471 633 4537 suis,
664 4480 854 4527 contra
879 4470 1087 4528 Turcos
1116 4474 1184 4528 ad
1213 4473 1588 4528 debellandum
1615 4475 1804 4530 exiret.
1829 4473 1930 4542 Qui
1964 4493 2070 4532 non

2181 4467 2289 4537 ipse
2335 4469 2438 4525 sibi
2477 4473 2728 4557 videtur:
2763 4475 2905 4530 unde
2944 4485 3094 4534 tanto
3131 4481 3581 4550 experrectiorem
3625 4494 3724 4537 esse

491 4560 723 4618 credidit
743 4577 933 4618 eorum
965 4563 1231 4630 consiliis,
1265 4565 1359 4620 sed
1395 4580 1460 4620 ex
1498 4565 1664 4620 stulta
1697 4565 1923 4621 audacia
1964 4566 2070 4621 im-
2171 4573 2296 4613 cum
2325 4563 2587 4631 oportuit,
2619 4581 2730 4635 Quo
2773 4570 3074 4638 snspectior
3102 4581 3220 4626 erat
3263 4571 3502 4629 brevitas
3545 4573 3722 4644 princi-

492 4653 840 4710 moderanter
860 4671 1216 4726 praesumens,
1238 4655 1399 4721 absit,
1422 4655 1618 4726 inquit,
1643 4668 1702 4712 ut
1722 4658 2071 4717 Boamundus

491 4745 640 4815 quod
671 4759 954 4818 nunquam
981 4745 1176 4802 fecisse
1208 4745 1474 4814 meminit,
1504 4749 1667 4803 modo
1698 4748 1942 4806 facturus
1967 4752 2066 4820 sit;

381 4897 388 4906 ,
492 4833 599 4891 hoc
633 4837 779 4892 enim
825 4835 1034 4893 faciunt
1073 4838 1282 4908 vulpes,
1331 4853 1453 4908 quae
1499 4855 1627 4894 mox
1674 4841 1767 4895 ubi
1809 4842 2070 4899 latrantes

491 4942 653 4984 canes
690 4928 979 4995 audierint,
1009 4930 1248 4986 latebras
1289 4938 1596 4999 quaerentes
1639 4932 2064 4990 abscondantur.

489 5015 590 5073 lvit
612 5018 778 5092 igitur
800 5029 924 5091 post
969 5020 1200 5088 Turcos,
1240 5037 1444 5092 eosque
1484 5023 1785 5092 inveniens,
1829 5043 1953 5081 cum
1987 5028 2076 5102 eis

491 5102 757 5180 praelium,
799 5112 943 5183 quod
990 5113 1200 5167 utinam
1231 5129 1510 5185 nunquam
1546 5115 1778 5186 iniisset,
1821 5135 1948 5175 mox
1977 5121 2065 5176 in-

489 5192 724 5256 choavit.
755 5201 1003 5272 Cumque
1027 5201 1082 5258 hi
1106 5212 1160 5259 et
1194 5203 1273 5258 illi
1302 5205 1463 5260 simul
1491 5207 1894 5277 prteliarentur,
1924 5209 2064 5265 Boa-

490 5291 728 5347 mundus
761 5293 1045 5362 retinetur,
1079 5295 1297 5367 ligatur,
1329 5297 1767 5357 Mahummicnlis
1807 5316 2066 5373 magnum

489 5381 768 5451 gaudium,
803 5399 886 5440 γε
923 5385 1233 5444 miserabile
1284 5388 1612 5446 Christianis
1649 5391 1915 5449 facturus.
1958 5392 2066 5460 Qui

489 5471 683 5527 deinde
717 5471 773 5527 in
800 5473 1122 5534 Romaniam
1164 5481 1233 5537 ad
1274 5482 1557 5540 Anismam
1603 5501 1784 5557 regem
1829 5486 2064 5544 vinculis

489 5561 883 5632 mancipandus
926 5570 1240 5650 perducitur
1277 5593 1291 5629 :
1337 5576 1404 5631 de
1448 5576 1607 5647 cujus
1654 5585 1777 5648 post
1815 5579 2064 5650 captione

487 5650 778 5709 Antiochia
813 5655 1010 5713 misera
1055 5659 1194 5722 facta
1243 5665 1319 5722 ita
1368 5655 1642 5735 manebat,
1672 5679 1735 5726 ut
1768 5686 1876 5727 non
1917 5681 2063 5730 esset

419 5769 423 5773 ι
487 5742 584 5812 qui
618 5742 902 5814 adiuvaret
930 5764 1072 5821 eam,
1099 5771 1274 5829 neque
1297 5760 1693 5818 consolaretur.

2168 4659 2328 4720 patus
2381 4653 2484 4709 sub
2541 4654 2846 4714 Boamundi
2898 4661 3131 4716 reditum
3188 4665 3350 4719 linem
3404 4675 3720 4736 exspectans.

2169 4739 2265 4798 His
2290 4745 2560 4802 exercitus
2589 4750 2738 4804 curis
2768 4751 2948 4821 primo
2988 4753 3313 4810 Balduinum
3343 4772 3376 4811 a
3403 4772 3463 4812 se
3491 4757 3720 4813 extermi-

2167 4843 2280 4900 nat,
2313 4835 2406 4906 qui
2430 4837 2570 4893 inter
2597 4838 2969 4899 Antiochenos
2996 4847 3289 4914 potentior,
3323 4847 3514 4920 jugum
3545 4863 3719 4904 novum

2166 4923 2569 4997 indignabatur.
2595 4929 2645 4986 ls
2675 4933 2779 4988 sub
2807 4933 3125 4991 Boamundo
3155 4938 3363 4994 militiae
3385 4941 3718 5010 principatum

2166 5012 2477 5070 obtinuerat
2533 5034 2546 5070 :
2603 5019 2698 5074 sed
2735 5019 2850 5090 jam
2889 5034 3176 5079 erexerant
3202 5027 3320 5096 ejus
3370 5029 3581 5084 animos
3610 5043 3717 5098 par-

2164 5102 2285 5170 tim,
2315 5112 2376 5159 ut
2417 5105 2536 5161 ﬁeri
2564 5109 2722 5177 solet,
2767 5111 3019 5183 princeps
3069 5102 3264 5183 novus,
3310 5119 3509 5187 partim
3546 5117 3719 5177 tradita

2168 5193 2275 5249 sibi
2316 5196 2384 5251 ad
2439 5199 2737 5269 regendum
2790 5200 3015 5260 Edessa.
3047 5203 3169 5272 Quo
3215 5209 3449 5278 expleto,
3496 5224 3616 5264 mox
3662 5206 3715 5261 ad

2167 5286 2511 5356 ampliandos
2537 5289 2673 5346 ﬁnes
2698 5291 2942 5348 animum
2970 5293 3287 5354 Tancredus
3331 5299 3575 5366 intendit,
3597 5310 3715 5369 quas

2166 5377 2330 5446 paulo
2385 5388 2530 5449 ante,
2571 5380 2890 5440 Boamundo
2914 5398 3194 5458 regnante,
3231 5389 3405 5447 ϐπερὶ
3453 5401 3713 5448 εοηιι-αιθο

2163 5475 2306 5522 rant.
2348 5467 2516 5541 lgitur
2555 5471 2901 5546 Mamystam,
2940 5476 3209 5545 Adanam,
3240 5479 3533 5548 Tharsum,
3563 5476 3712 5542 brevi,

2163 5557 2258 5612 sed
2314 5559 2425 5613 acri
2467 5561 2748 5619 molimine
2789 5564 3040 5632 debellat,
3069 5569 3450 5648 secundoque
3497 5569 3607 5625 suis
3648 5565 3712 5620 le-

2162 5650 2323 5723 gibus
2379 5654 2618 5728 subjicit,
2650 5658 3070 5729 praedecessoris
3094 5661 3320 5719 incuria:
3342 5662 3593 5736 primitus
3617 5658 3712 5717 ela-

2157 5756 2310 5812 p538.
