  <div class='ocr_page' id='page_1' title='image "/cluster/home/n/w/nwhite01/storage/ocr_20150623/155/hvd.32044015473838/296.png"; bbox 0 0 3806 6306; ppageno 0'>
   <div class='ocr_carea' id='block_1_1' title="bbox 55 336 1316 498">
    <p class='ocr_par' dir='ltr' id='par_1_1' title="bbox 55 336 1316 498">
     <span class='ocr_line' id='line_1_1' title="bbox 55 336 1316 498; baseline 0 -20"><span class='ocrx_word' id='word_1_1' title='bbox 55 336 146 394; x_wconf 61' lang='lat'><strong>58&#39;</strong></span> <span class='ocrx_word' id='word_1_2' title='bbox 321 420 342 442; x_wconf 83' lang='lat'><strong>&#39;</strong></span> <span class='ocrx_word' id='word_1_3' title='bbox 359 422 592 480; x_wconf 77' lang='lat' dir='ltr'><strong>CXLIV.</strong></span> <span class='ocrx_word' id='word_1_4' title='bbox 608 421 878 478; x_wconf 80' lang='lat' dir='ltr'><strong>—Laodi¢</strong></span> <span class='ocrx_word' id='word_1_5' title='bbox 895 425 1002 479; x_wconf 85' lang='lat' dir='ltr'><strong>iam</strong></span> <span class='ocrx_word' id='word_1_6' title='bbox 1033 432 1316 498; x_wconf 76' lang='lat' dir='ltr'><strong>expugnat.</strong></span> 
     </span>
    </p>
   </div>
   <div class='ocr_carea' id='block_1_2' title="bbox 117 515 1638 589">
    <p class='ocr_par' dir='ltr' id='par_1_2' title="bbox 117 515 1638 589">
     <span class='ocr_line' id='line_1_2' title="bbox 117 515 1638 589; baseline 0.002 -19"><span class='ocrx_word' id='word_1_7' title='bbox 117 517 239 573; x_wconf 86' lang='lat' dir='ltr'><strong>Inde</strong></span> <span class='ocrx_word' id='word_1_8' title='bbox 282 525 572 572; x_wconf 85' lang='lat' dir='ltr'><strong>revertens</strong></span> <span class='ocrx_word' id='word_1_9' title='bbox 619 515 934 572; x_wconf 83' lang='lat' dir='ltr'><strong>Laodiciam</strong></span> <span class='ocrx_word' id='word_1_10' title='bbox 979 519 1109 573; x_wconf 84' lang='lat' dir='ltr'><strong>totis</strong></span> <span class='ocrx_word' id='word_1_11' title='bbox 1153 516 1364 572; x_wconf 87' lang='lat' dir='ltr'><strong>viribus</strong></span> <span class='ocrx_word' id='word_1_12' title='bbox 1389 515 1638 589; x_wconf 80' lang='lat' dir='ltr'><strong>aggredi-</strong></span> 
     </span>
    </p>
   </div>
   <div class='ocr_carea' id='block_1_3' title="bbox 52 606 1637 677">
    <p class='ocr_par' dir='ltr' id='par_1_3' title="bbox 52 606 1637 677">
     <span class='ocr_line' id='line_1_3' title="bbox 52 606 1637 677; baseline 0 -15"><span class='ocrx_word' id='word_1_13' title='bbox 52 616 130 662; x_wconf 90' lang='lat' dir='ltr'><strong>tur</strong></span> <span class='ocrx_word' id='word_1_14' title='bbox 154 606 292 662; x_wconf 84' lang='lat' dir='ltr'><strong>:&#39;scd</strong></span> <span class='ocrx_word' id='word_1_15' title='bbox 321 617 544 662; x_wconf 81' lang='lat' dir='ltr'><strong>natura</strong></span> <span class='ocrx_word' id='word_1_16' title='bbox 579 607 839 677; x_wconf 83' lang='lat' dir='ltr'><strong>prasidio</strong></span> <span class='ocrx_word' id='word_1_17' title='bbox 867 609 1101 674; x_wconf 82' lang='lat' dir='ltr'><strong>munita,</strong></span> <span class='ocrx_word' id='word_1_18' title='bbox 1131 609 1250 663; x_wconf 89' lang='lat' dir='ltr'><strong>viro</strong></span> <span class='ocrx_word' id='word_1_19' title='bbox 1283 608 1515 675; x_wconf 86' lang='lat' dir='ltr'><strong>obstitit,</strong></span> <span class='ocrx_word' id='word_1_20' title='bbox 1547 608 1637 664; x_wconf 90' lang='lat' dir='ltr'><strong>cui</strong></span> 
     </span>
    </p>
   </div>
   <div class='ocr_carea' id='block_1_4' title="bbox 50 697 1638 770">
    <p class='ocr_par' dir='ltr' id='par_1_4' title="bbox 50 697 1638 770">
     <span class='ocr_line' id='line_1_4' title="bbox 50 697 1638 770; baseline 0.002 -18"><span class='ocrx_word' id='word_1_21' title='bbox 50 715 139 753; x_wconf 85' lang='lat' dir='ltr'><strong>nec</strong></span> <span class='ocrx_word' id='word_1_22' title='bbox 165 697 396 763; x_wconf 86' lang='lat' dir='ltr'><strong>ferrum,</strong></span> <span class='ocrx_word' id='word_1_23' title='bbox 427 713 534 752; x_wconf 91' lang='lat' dir='ltr'><strong>nec</strong></span> <span class='ocrx_word' id='word_1_24' title='bbox 572 697 778 769; x_wconf 78' lang='lat' dir='ltr'><strong>calybs,</strong></span> <span class='ocrx_word' id='word_1_25' title='bbox 820 713 922 754; x_wconf 89' lang='lat' dir='ltr'><strong>nec</strong></span> <span class='ocrx_word' id='word_1_26' title='bbox 956 714 1220 766; x_wconf 83' lang='lat' dir='ltr'><strong>marmor,</strong></span> <span class='ocrx_word' id='word_1_27' title='bbox 1269 713 1370 754; x_wconf 90' lang='lat' dir='ltr'><strong>nec</strong></span> <span class='ocrx_word' id='word_1_28' title='bbox 1409 713 1638 770; x_wconf 83' lang='lat' dir='ltr'><strong>prorsus</strong></span> 
     </span>
    </p>
   </div>
   <div class='ocr_carea' id='block_1_5' title="bbox 47 791 1639 861">
    <p class='ocr_par' dir='ltr' id='par_1_5' title="bbox 47 791 1639 861">
     <span class='ocr_line' id='line_1_5' title="bbox 47 791 1639 861; baseline 0.002 -14"><span class='ocrx_word' id='word_1_29' title='bbox 47 792 320 847; x_wconf 85' lang='lat' dir='ltr'><strong>hominum</strong></span> <span class='ocrx_word' id='word_1_30' title='bbox 377 792 542 848; x_wconf 88' lang='lat' dir='ltr'><strong>labor</strong></span> <span class='ocrx_word' id='word_1_31' title='bbox 595 801 794 848; x_wconf 89' lang='lat' dir='ltr'><strong>norant</strong></span> <span class='ocrx_word' id='word_1_32' title='bbox 840 793 1128 860; x_wconf 89' lang='lat' dir='ltr'><strong>obsistere,</strong></span> <span class='ocrx_word' id='word_1_33' title='bbox 1175 791 1321 850; x_wconf 90' lang='lat' dir='ltr'><strong>Urbs</strong></span> <span class='ocrx_word' id='word_1_34' title='bbox 1367 807 1454 861; x_wconf 88' lang='lat' dir='ltr'><strong>ea,</strong></span> <span class='ocrx_word' id='word_1_35' title='bbox 1494 794 1639 850; x_wconf 89' lang='lat' dir='ltr'><strong>sicut</strong></span> 
     </span>
    </p>
   </div>
   <div class='ocr_carea' id='block_1_6' title="bbox 48 883 1636 958">
    <p class='ocr_par' dir='ltr' id='par_1_6' title="bbox 48 883 1636 958">
     <span class='ocr_line' id='line_1_6' title="bbox 48 883 1636 958; baseline 0.001 -19"><span class='ocrx_word' id='word_1_36' title='bbox 48 885 194 940; x_wconf 88' lang='lat' dir='ltr'><strong>hodie</strong></span> <span class='ocrx_word' id='word_1_37' title='bbox 220 901 286 940; x_wconf 83' lang='lat' dir='ltr'><strong>ex</strong></span> <span class='ocrx_word' id='word_1_38' title='bbox 336 883 526 941; x_wconf 88' lang='lat' dir='ltr'><strong>ruinis</strong></span> <span class='ocrx_word' id='word_1_39' title='bbox 557 883 732 956; x_wconf 85' lang='lat' dir='ltr'><strong>ipsius</strong></span> <span class='ocrx_word' id='word_1_40' title='bbox 765 883 1172 956; x_wconf 86' lang='lat' dir='ltr'><strong>deprehendere</strong></span> <span class='ocrx_word' id='word_1_41' title='bbox 1209 893 1314 954; x_wconf 89' lang='lat' dir='ltr'><strong>est,</strong></span> <span class='ocrx_word' id='word_1_42' title='bbox 1357 885 1636 958; x_wconf 89' lang='lat' dir='ltr'><strong>quondam</strong></span> 
     </span>
    </p>
   </div>
   <div class='ocr_carea' id='block_1_7' title="bbox 46 977 1633 1049">
    <p class='ocr_par' dir='ltr' id='par_1_7' title="bbox 46 977 1633 1049">
     <span class='ocr_line' id='line_1_7' title="bbox 46 977 1633 1049; baseline 0.003 -19"><span class='ocrx_word' id='word_1_43' title='bbox 46 977 251 1043; x_wconf 89' lang='lat' dir='ltr'><strong>nobilis,</strong></span> <span class='ocrx_word' id='word_1_44' title='bbox 292 977 588 1045; x_wconf 82' lang='lat' dir='ltr'><strong>ecclesias,</strong></span> <span class='ocrx_word' id='word_1_45' title='bbox 638 978 923 1048; x_wconf 86' lang='lat' dir='ltr'><strong>populum,</strong></span> <span class='ocrx_word' id='word_1_46' title='bbox 965 993 1121 1049; x_wconf 91' lang='lat' dir='ltr'><strong>opes,</strong></span> <span class='ocrx_word' id='word_1_47' title='bbox 1164 985 1366 1046; x_wconf 85' lang='lat' dir='ltr'><strong>turres,</strong></span> <span class='ocrx_word' id='word_1_48' title='bbox 1411 979 1633 1049; x_wconf 87' lang='lat' dir='ltr'><strong>palatia,</strong></span> 
     </span>
    </p>
   </div>
   <div class='ocr_carea' id='block_1_8' title="bbox 45 1067 1635 1139">
    <p class='ocr_par' dir='ltr' id='par_1_8' title="bbox 45 1067 1635 1139">
     <span class='ocr_line' id='line_1_8' title="bbox 45 1067 1635 1139; baseline 0.002 -18"><span class='ocrx_word' id='word_1_49' title='bbox 45 1069 262 1134; x_wconf 83' lang='lat' dir='ltr'><strong>theatra,</strong></span> <span class='ocrx_word' id='word_1_50' title='bbox 299 1077 355 1125; x_wconf 89' lang='lat' dir='ltr'><strong>et</strong></span> <span class='ocrx_word' id='word_1_51' title='bbox 390 1067 715 1139; x_wconf 75' lang='lat' dir='ltr'><strong>huiusmodi</strong></span> <span class='ocrx_word' id='word_1_52' title='bbox 753 1083 877 1139; x_wconf 88' lang='lat' dir='ltr'><strong>qua</strong></span> <span class='ocrx_word' id='word_1_53' title='bbox 905 1067 1108 1124; x_wconf 88' lang='lat' dir='ltr'><strong>habent</strong></span> <span class='ocrx_word' id='word_1_54' title='bbox 1142 1068 1282 1136; x_wconf 90' lang='lat' dir='ltr'><strong>alia,</strong></span> <span class='ocrx_word' id='word_1_55' title='bbox 1328 1068 1471 1124; x_wconf 90' lang='lat' dir='ltr'><strong>inter</strong></span> <span class='ocrx_word' id='word_1_56' title='bbox 1500 1067 1635 1124; x_wconf 88' lang='lat' dir='ltr'><strong>alias</strong></span> 
     </span>
    </p>
   </div>
   <div class='ocr_carea' id='block_1_9' title="bbox 44 1158 1634 1231">
    <p class='ocr_par' dir='ltr' id='par_1_9' title="bbox 44 1158 1634 1231">
     <span class='ocr_line' id='line_1_9' title="bbox 44 1158 1634 1231; baseline 0 -18"><span class='ocrx_word' id='word_1_57' title='bbox 44 1168 224 1214; x_wconf 87' lang='lat' dir='ltr'><strong>cuncta</strong></span> <span class='ocrx_word' id='word_1_58' title='bbox 266 1159 470 1215; x_wconf 91' lang='lat' dir='ltr'><strong>habuit</strong></span> <span class='ocrx_word' id='word_1_59' title='bbox 494 1159 778 1230; x_wconf 87' lang='lat' dir='ltr'><strong>praclara.</strong></span> <span class='ocrx_word' id='word_1_60' title='bbox 810 1158 1039 1231; x_wconf 84' lang='lat' dir='ltr'><strong>Excipio</strong></span> <span class='ocrx_word' id='word_1_61' title='bbox 1067 1159 1442 1226; x_wconf 72' lang='lat' dir='ltr'><strong>Antiochiam,</strong></span> <span class='ocrx_word' id='word_1_62' title='bbox 1481 1159 1634 1214; x_wconf 88' lang='lat' dir='ltr'><strong>nulla</strong></span> 
     </span>
    </p>
   </div>
   <div class='ocr_carea' id='block_1_10' title="bbox 44 1251 1635 1325">
    <p class='ocr_par' dir='ltr' id='par_1_10' title="bbox 44 1251 1635 1325">
     <span class='ocr_line' id='line_1_10' title="bbox 44 1251 1635 1325; baseline 0.001 -18"><span class='ocrx_word' id='word_1_63' title='bbox 44 1269 128 1323; x_wconf 89' lang='lat' dir='ltr'><strong>per</strong></span> <span class='ocrx_word' id='word_1_64' title='bbox 153 1251 448 1309; x_wconf 88' lang='lat' dir='ltr'><strong>circuitum</strong></span> <span class='ocrx_word' id='word_1_65' title='bbox 483 1253 620 1309; x_wconf 89' lang='lat' dir='ltr'><strong>urbs</strong></span> <span class='ocrx_word' id='word_1_66' title='bbox 649 1261 798 1309; x_wconf 85' lang='lat' dir='ltr'><strong>tanta</strong></span> <span class='ocrx_word' id='word_1_67' title='bbox 828 1253 1024 1325; x_wconf 76' lang='lat' dir='ltr'><strong>prisca</strong></span> <span class='ocrx_word' id='word_1_68' title='bbox 1059 1253 1362 1310; x_wconf 87' lang='lat' dir='ltr'><strong>nobilitatis</strong></span> <span class='ocrx_word' id='word_1_69' title='bbox 1393 1261 1635 1309; x_wconf 84' lang='lat' dir='ltr'><strong>reservat</strong></span> 
     </span>
    </p>
   </div>
   <div class='ocr_carea' id='block_1_11' title="bbox 44 1343 1634 1416">
    <p class='ocr_par' dir='ltr' id='par_1_11' title="bbox 44 1343 1634 1416">
     <span class='ocr_line' id='line_1_11' title="bbox 44 1343 1634 1416; baseline 0.003 -20"><span class='ocrx_word' id='word_1_70' title='bbox 44 1343 282 1414; x_wconf 84' lang='lat' dir='ltr'><strong>insignia.</strong></span> <span class='ocrx_word' id='word_1_71' title='bbox 337 1343 746 1398; x_wconf 84' lang='lat' dir='ltr'><strong>Columnarum</strong></span> <span class='ocrx_word' id='word_1_72' title='bbox 796 1343 934 1400; x_wconf 87' lang='lat' dir='ltr'><strong>ordo</strong></span> <span class='ocrx_word' id='word_1_73' title='bbox 996 1343 1301 1414; x_wconf 84' lang='lat' dir='ltr'><strong>multiplex,</strong></span> <span class='ocrx_word' id='word_1_74' title='bbox 1341 1358 1498 1416; x_wconf 85' lang='lat' dir='ltr'><strong>aqua</strong></span> <span class='ocrx_word' id='word_1_75' title='bbox 1536 1359 1634 1414; x_wconf 88' lang='lat' dir='ltr'><strong>per</strong></span> 
     </span>
    </p>
   </div>
   <div class='ocr_carea' id='block_1_12' title="bbox 44 1433 1632 1505">
    <p class='ocr_par' dir='ltr' id='par_1_12' title="bbox 44 1433 1632 1505">
     <span class='ocr_line' id='line_1_12' title="bbox 44 1433 1632 1505; baseline 0.002 -17"><span class='ocrx_word' id='word_1_76' title='bbox 44 1435 254 1504; x_wconf 86' lang='lat' dir='ltr'><strong>abrupta</strong></span> <span class='ocrx_word' id='word_1_77' title='bbox 298 1433 532 1502; x_wconf 84' lang='lat' dir='ltr'><strong>ductus,</strong></span> <span class='ocrx_word' id='word_1_78' title='bbox 573 1435 807 1490; x_wconf 76' lang='lat' dir='ltr'><strong>turrium</strong></span> <span class='ocrx_word' id='word_1_79' title='bbox 847 1433 917 1490; x_wconf 92' lang='lat' dir='ltr'><strong>ad</strong></span> <span class='ocrx_word' id='word_1_80' title='bbox 956 1443 1107 1490; x_wconf 90' lang='lat' dir='ltr'><strong>astra</strong></span> <span class='ocrx_word' id='word_1_81' title='bbox 1146 1433 1384 1502; x_wconf 85' lang='lat' dir='ltr'><strong>eductio,</strong></span> <span class='ocrx_word' id='word_1_82' title='bbox 1428 1433 1632 1505; x_wconf 76' lang='lat' dir='ltr'><strong>efﬁgies</strong></span> 
     </span>
    </p>
   </div>
   <div class='ocr_carea' id='block_1_13' title="bbox 43 1522 1633 1595">
    <p class='ocr_par' dir='ltr' id='par_1_13' title="bbox 43 1522 1633 1595">
     <span class='ocr_line' id='line_1_13' title="bbox 43 1522 1633 1595; baseline 0.001 -19"><span class='ocrx_word' id='word_1_83' title='bbox 43 1540 125 1594; x_wconf 81' lang='lat' dir='ltr'><strong>per</strong></span> <span class='ocrx_word' id='word_1_84' title='bbox 149 1525 388 1595; x_wconf 88' lang='lat' dir='ltr'><strong>compita</strong></span> <span class='ocrx_word' id='word_1_85' title='bbox 421 1524 789 1591; x_wconf 90' lang='lat' dir='ltr'><strong>excubantes,</strong></span> <span class='ocrx_word' id='word_1_86' title='bbox 816 1524 1002 1579; x_wconf 86' lang='lat' dir='ltr'><strong>omnia</strong></span> <span class='ocrx_word' id='word_1_87' title='bbox 1024 1522 1286 1594; x_wconf 84' lang='lat' dir='ltr'><strong>pretiosa,</strong></span> <span class='ocrx_word' id='word_1_88' title='bbox 1314 1537 1407 1578; x_wconf 89' lang='lat' dir='ltr'><strong>ars</strong></span> <span class='ocrx_word' id='word_1_89' title='bbox 1427 1531 1482 1578; x_wconf 91' lang='lat' dir='ltr'><strong>et</strong></span> <span class='ocrx_word' id='word_1_90' title='bbox 1515 1538 1633 1578; x_wconf 90' lang='lat' dir='ltr'><strong>ma-</strong></span> 
     </span>
    </p>
   </div>
   <div class='ocr_carea' id='block_1_14' title="bbox 43 1614 1632 1687">
    <p class='ocr_par' dir='ltr' id='par_1_14' title="bbox 43 1614 1632 1687">
     <span class='ocr_line' id='line_1_14' title="bbox 43 1614 1632 1687; baseline 0.001 -17"><span class='ocrx_word' id='word_1_91' title='bbox 43 1616 161 1670; x_wconf 81' lang='lat' dir='ltr'><strong>teria</strong></span> <span class='ocrx_word' id='word_1_92' title='bbox 205 1614 274 1670; x_wconf 88' lang='lat' dir='ltr'><strong>de</strong></span> <span class='ocrx_word' id='word_1_93' title='bbox 310 1616 596 1687; x_wconf 85' lang='lat' dir='ltr'><strong>praterita</strong></span> <span class='ocrx_word' id='word_1_94' title='bbox 632 1616 910 1687; x_wconf 88' lang='lat' dir='ltr'><strong>prasenti,</strong></span> <span class='ocrx_word' id='word_1_95' title='bbox 950 1615 1018 1671; x_wconf 90' lang='lat' dir='ltr'><strong>de</strong></span> <span class='ocrx_word' id='word_1_96' title='bbox 1063 1615 1274 1687; x_wconf 80' lang='lat' dir='ltr'><strong>integra</strong></span> <span class='ocrx_word' id='word_1_97' title='bbox 1310 1614 1526 1682; x_wconf 82' lang='lat' dir='ltr'><strong>diruta,</strong></span> <span class='ocrx_word' id='word_1_98' title='bbox 1563 1614 1632 1671; x_wconf 85' lang='lat' dir='ltr'><strong>de</strong></span> 
     </span>
    </p>
   </div>
   <div class='ocr_carea' id='block_1_15' title="bbox 43 1706 1631 1778">
    <p class='ocr_par' dir='ltr' id='par_1_15' title="bbox 43 1706 1631 1778">
     <span class='ocr_line' id='line_1_15' title="bbox 43 1706 1631 1778; baseline 0.001 -18"><span class='ocrx_word' id='word_1_99' title='bbox 43 1708 290 1778; x_wconf 84' lang='lat' dir='ltr'><strong>populosa</strong></span> <span class='ocrx_word' id='word_1_100' title='bbox 339 1707 588 1763; x_wconf 80' lang='lat' dir='ltr'><strong>deserta</strong></span> <span class='ocrx_word' id='word_1_101' title='bbox 643 1706 1020 1763; x_wconf 88' lang='lat' dir='ltr'><strong>testimonium</strong></span> <span class='ocrx_word' id='word_1_102' title='bbox 1087 1706 1398 1778; x_wconf 87' lang='lat' dir='ltr'><strong>perhibent,</strong></span> <span class='ocrx_word' id='word_1_103' title='bbox 1443 1716 1631 1776; x_wconf 86' lang='lat' dir='ltr'><strong>utpote</strong></span> 
     </span>
    </p>
   </div>
   <div class='ocr_carea' id='block_1_16' title="bbox 1356 332 2678 392">
    <p class='ocr_par' dir='ltr' id='par_1_16' title="bbox 1356 332 2678 392">
     <span class='ocr_line' id='line_1_16' title="bbox 1356 332 2678 392; baseline -0.002 -1"><span class='ocrx_word' id='word_1_104' title='bbox 1356 333 1590 392; x_wconf 79' lang='lat' dir='ltr'><strong>GESTA</strong></span> <span class='ocrx_word' id='word_1_105' title='bbox 1624 332 1807 390; x_wconf 78' lang='grc' dir='ltr'>ΤΑΝο</span> <span class='ocrx_word' id='word_1_106' title='bbox 1815 333 1995 390; x_wconf 80' lang='lat' dir='ltr'><strong>REDI.</strong></span> <span class='ocrx_word' id='word_1_107' title='bbox 2675 376 2678 378; x_wconf 58' lang='grc' dir='ltr'><strong><em>η</em></strong></span> 
     </span>
    </p>
   </div>
   <div class='ocr_carea' id='block_1_17' title="bbox 1663 424 3334 507">
    <p class='ocr_par' dir='ltr' id='par_1_17' title="bbox 1663 424 3334 507">
     <span class='ocr_line' id='line_1_17' title="bbox 1663 424 3334 507; baseline 0.01 -28"><span class='ocrx_word' id='word_1_108' title='bbox 1663 431 1712 489; x_wconf 74' lang='grc' dir='ltr'><strong>Α</strong></span> <span class='ocrx_word' id='word_1_109' title='bbox 1741 425 1872 481; x_wconf 91' lang='lat' dir='ltr'><strong>dum</strong></span> <span class='ocrx_word' id='word_1_110' title='bbox 1900 432 2090 496; x_wconf 87' lang='lat' dir='ltr'><strong>portas</strong></span> <span class='ocrx_word' id='word_1_111' title='bbox 2129 424 2408 500; x_wconf 86' lang='lat' dir='ltr'><strong>frangunt,</strong></span> <span class='ocrx_word' id='word_1_112' title='bbox 2425 429 2560 504; x_wconf 62' lang='lat' dir='ltr'><strong>{ipsa</strong></span> <span class='ocrx_word' id='word_1_113' title='bbox 2587 446 2808 506; x_wconf 89' lang='lat' dir='ltr'><strong>quoque</strong></span> <span class='ocrx_word' id='word_1_114' title='bbox 2844 449 2992 494; x_wconf 90' lang='lat' dir='ltr'><strong>nunc</strong></span> <span class='ocrx_word' id='word_1_115' title='bbox 3035 436 3334 507; x_wconf 79' lang='lat' dir='ltr'><strong>dissiliunt,</strong></span> 
     </span>
    </p>
   </div>
   <div class='ocr_carea' id='block_1_18' title="bbox 3223 345 3337 405">
    <p class='ocr_par' dir='ltr' id='par_1_18' title="bbox 3223 345 3337 405">
     <span class='ocr_line' id='line_1_18' title="bbox 3223 345 3337 405; baseline 0 0"><span class='ocrx_word' id='word_1_116' title='bbox 3223 345 3337 405; x_wconf 74' lang='lat'><strong>582</strong></span> 
     </span>
    </p>
   </div>
   <div class='ocr_carea' id='block_1_19' title="bbox 1739 515 2265 590">
    <p class='ocr_par' dir='ltr' id='par_1_19' title="bbox 1739 515 2265 590">
     <span class='ocr_line' id='line_1_19' title="bbox 1739 515 2265 590; baseline 0.011 -20"><span class='ocrx_word' id='word_1_117' title='bbox 1739 532 1886 572; x_wconf 90' lang='lat' dir='ltr'><strong>nunc</strong></span> <span class='ocrx_word' id='word_1_118' title='bbox 1916 515 2265 590; x_wconf 87' lang='lat' dir='ltr'><strong>franguntur.</strong></span> 
     </span>
    </p>
   </div>
   <div class='ocr_carea' id='block_1_20' title="bbox 1737 627 3336 710">
    <p class='ocr_par' dir='ltr' id='par_1_20' title="bbox 1737 627 3336 710">
     <span class='ocr_line' id='line_1_20' title="bbox 1737 627 3336 710; baseline 0.011 -27"><span class='ocrx_word' id='word_1_119' title='bbox 1737 627 1946 710; x_wconf 61' lang='grc' dir='ltr'><strong>ωςμν.</strong></span> <span class='ocrx_word' id='word_1_120' title='bbox 1968 661 2036 710; x_wconf 65' lang='grc' dir='ltr'><strong>-ς</strong></span> <span class='ocrx_word' id='word_1_121' title='bbox 2055 630 2396 710; x_wconf 54' lang='lat' dir='ltr'><strong>{immundus</strong></span> <span class='ocrx_word' id='word_1_122' title='bbox 2422 651 2594 710; x_wconf 81' lang='lat' dir='ltr'><strong>comes</strong></span> <span class='ocrx_word' id='word_1_123' title='bbox 2629 637 2886 710; x_wconf 74' lang='lat' dir='ltr'><strong>Tripolim</strong></span> <span class='ocrx_word' id='word_1_124' title='bbox 2921 642 3152 708; x_wconf 74' lang='lat' dir='ltr'><strong>obsidet;</strong></span> <span class='ocrx_word' id='word_1_125' title='bbox 3175 645 3336 700; x_wconf 71' lang='lat' dir='ltr'><strong>auxi-</strong></span> 
     </span>
    </p>
   </div>
   <div class='ocr_carea' id='block_1_21' title="bbox 1809 700 3337 782">
    <p class='ocr_par' dir='ltr' id='par_1_21' title="bbox 1809 700 3337 782">
     <span class='ocr_line' id='line_1_21' title="bbox 1809 700 3337 782; baseline 0.012 -29"><span class='ocrx_word' id='word_1_126' title='bbox 1809 700 1943 754; x_wconf 84' lang='lat' dir='ltr'><strong>lium</strong></span> <span class='ocrx_word' id='word_1_127' title='bbox 1977 704 2398 782; x_wconf 31' lang='lat' dir='ltr'><strong>adnimperulore</strong></span> <span class='ocrx_word' id='word_1_128' title='bbox 2439 700 2735 780; x_wconf 49' lang='lat' dir='ltr'><strong>deposcitf</strong></span> <span class='ocrx_word' id='word_1_129' title='bbox 2757 722 2945 782; x_wconf 78' lang='lat' dir='ltr'><strong>captus</strong></span> <span class='ocrx_word' id='word_1_130' title='bbox 2993 700 3337 771; x_wconf 61' lang='lat' dir='ltr'><strong>Antiochiam</strong></span> 
     </span>
    </p>
   </div>
   <div class='ocr_carea' id='block_1_22' title="bbox 1807 773 2409 843">
    <p class='ocr_par' dir='ltr' id='par_1_22' title="bbox 1807 773 2409 843">
     <span class='ocr_line' id='line_1_22' title="bbox 1807 773 2409 843; baseline 0.012 -19"><span class='ocrx_word' id='word_1_131' title='bbox 1807 781 1938 824; x_wconf 84' lang='lat' dir='ltr'><strong>cum</strong></span> <span class='ocrx_word' id='word_1_132' title='bbox 1952 773 2139 843; x_wconf 78' lang='lat' dir='ltr'><strong>opibus</strong></span> <span class='ocrx_word' id='word_1_133' title='bbox 2157 773 2409 831; x_wconf 75' lang='lat' dir='ltr'><strong>ducitur.</strong></span> 
     </span>
    </p>
   </div>
   <div class='ocr_carea' id='block_1_23' title="bbox 1810 879 3334 969">
    <p class='ocr_par' dir='ltr' id='par_1_23' title="bbox 1810 879 3334 969">
     <span class='ocr_line' id='line_1_23' title="bbox 1810 879 3334 969; baseline 0.012 -31"><span class='ocrx_word' id='word_1_134' title='bbox 1810 879 1916 940; x_wconf 89' lang='lat' dir='ltr'><strong>Sed</strong></span> <span class='ocrx_word' id='word_1_135' title='bbox 1945 883 2077 940; x_wconf 90' lang='lat' dir='ltr'><strong>dum</strong></span> <span class='ocrx_word' id='word_1_136' title='bbox 2115 885 2196 942; x_wconf 90' lang='lat' dir='ltr'><strong>sic</strong></span> <span class='ocrx_word' id='word_1_137' title='bbox 2226 896 2506 960; x_wconf 79' lang='lat' dir='ltr'><strong>pugnatur</strong></span> <span class='ocrx_word' id='word_1_138' title='bbox 2540 906 2721 948; x_wconf 91' lang='lat' dir='ltr'><strong>annus</strong></span> <span class='ocrx_word' id='word_1_139' title='bbox 2753 894 2970 961; x_wconf 82' lang='lat' dir='ltr'><strong>transit,</strong></span> <span class='ocrx_word' id='word_1_140' title='bbox 3017 897 3070 950; x_wconf 92' lang='lat' dir='ltr'><strong>in</strong></span> <span class='ocrx_word' id='word_1_141' title='bbox 3101 911 3212 969; x_wconf 91' lang='lat' dir='ltr'><strong>quo</strong></span> <span class='ocrx_word' id='word_1_142' title='bbox 3249 905 3334 955; x_wconf 80' lang='lat' dir='ltr'><strong>ta-</strong></span> 
     </span>
    </p>
   </div>
   <div class='ocr_carea' id='block_1_24' title="bbox 1737 973 3334 1060">
    <p class='ocr_par' dir='ltr' id='par_1_24' title="bbox 1737 973 3334 1060">
     <span class='ocr_line' id='line_1_24' title="bbox 1737 973 3334 1060; baseline 0.012 -33"><span class='ocrx_word' id='word_1_143' title='bbox 1737 989 1862 1028; x_wconf 91' lang='lat' dir='ltr'><strong>men</strong></span> <span class='ocrx_word' id='word_1_144' title='bbox 1893 973 2190 1047; x_wconf 82' lang='lat' dir='ltr'><strong>aliquando</strong></span> <span class='ocrx_word' id='word_1_145' title='bbox 2229 977 2576 1038; x_wconf 86' lang='lat' dir='ltr'><strong>Raimundus</strong></span> <span class='ocrx_word' id='word_1_146' title='bbox 2604 998 2791 1041; x_wconf 84' lang='lat' dir='ltr'><strong>comes</strong></span> <span class='ocrx_word' id='word_1_147' title='bbox 2835 985 3040 1044; x_wconf 83' lang='lat' dir='ltr'><strong>Graeis</strong></span> <span class='ocrx_word' id='word_1_148' title='bbox 3076 989 3334 1060; x_wconf 90' lang='lat' dir='ltr'><strong>opitulari</strong></span> 
     </span>
    </p>
   </div>
   <div class='ocr_carea' id='block_1_25' title="bbox 1735 1066 3331 1153">
    <p class='ocr_par' dir='ltr' id='par_1_25' title="bbox 1735 1066 3331 1153">
     <span class='ocr_line' id='line_1_25' title="bbox 1735 1066 3331 1153; baseline 0.011 -32"><span class='ocrx_word' id='word_1_149' title='bbox 1735 1066 1950 1135; x_wconf 88' lang='lat' dir='ltr'><strong>volens,</strong></span> <span class='ocrx_word' id='word_1_150' title='bbox 1979 1069 2262 1140; x_wconf 87' lang='lat' dir='ltr'><strong>repellitur</strong></span> <span class='ocrx_word' id='word_1_151' title='bbox 2318 1088 2334 1124; x_wconf 78' lang='grc' dir='ltr'><strong><em>τ</em></strong></span> <span class='ocrx_word' id='word_1_152' title='bbox 2396 1072 2695 1146; x_wconf 82' lang='lat' dir='ltr'><strong>aliquando</strong></span> <span class='ocrx_word' id='word_1_153' title='bbox 2741 1075 2908 1134; x_wconf 87' lang='lat' dir='ltr'><strong>Turci</strong></span> <span class='ocrx_word' id='word_1_154' title='bbox 2942 1081 3218 1153; x_wconf 83' lang='lat' dir='ltr'><strong>principes</strong></span> <span class='ocrx_word' id='word_1_155' title='bbox 3242 1083 3331 1138; x_wconf 84' lang='lat' dir='ltr'><strong>di-</strong></span> 
     </span>
    </p>
   </div>
   <div class='ocr_carea' id='block_1_26' title="bbox 1735 1161 3333 1232">
    <p class='ocr_par' dir='ltr' id='par_1_26' title="bbox 1735 1161 3333 1232">
     <span class='ocr_line' id='line_1_26' title="bbox 1735 1161 3333 1232; baseline 0.013 -19"><span class='ocrx_word' id='word_1_156' title='bbox 1735 1168 2088 1232; x_wconf 82' lang='lat' dir='ltr'><strong>sperguntur.</strong></span> <span class='ocrx_word' id='word_1_157' title='bbox 2145 1161 2434 1221; x_wconf 89' lang='lat' dir='ltr'><strong>Postremo</strong></span> <span class='ocrx_word' id='word_1_158' title='bbox 2477 1167 2749 1224; x_wconf 86' lang='lat' dir='ltr'><strong>laboranti</strong></span> <span class='ocrx_word' id='word_1_159' title='bbox 2794 1168 3136 1230; x_wconf 80' lang='lat' dir='ltr'><strong>Hierusalem</strong></span> <span class='ocrx_word' id='word_1_160' title='bbox 3187 1185 3333 1232; x_wconf 48' lang='lat' dir='ltr'><strong>stre:</strong></span> 
     </span>
    </p>
   </div>
   <div class='ocr_carea' id='block_1_27' title="bbox 1736 1253 3330 1339">
    <p class='ocr_par' dir='ltr' id='par_1_27' title="bbox 1736 1253 3330 1339">
     <span class='ocr_line' id='line_1_27' title="bbox 1736 1253 3330 1339; baseline 0.01 -31"><span class='ocrx_word' id='word_1_161' title='bbox 1736 1253 2004 1310; x_wconf 90' lang='lat' dir='ltr'><strong>nnissime</strong></span> <span class='ocrx_word' id='word_1_162' title='bbox 2057 1255 2398 1313; x_wconf 80' lang='lat' dir='ltr'><strong>subvenitur.</strong></span> <span class='ocrx_word' id='word_1_163' title='bbox 2459 1257 2586 1317; x_wconf 84' lang='lat' dir='ltr'><strong>Hac</strong></span> <span class='ocrx_word' id='word_1_164' title='bbox 2632 1277 2778 1319; x_wconf 86' lang='lat' dir='ltr'><strong>unus</strong></span> <span class='ocrx_word' id='word_1_165' title='bbox 2831 1257 3038 1321; x_wconf 82' lang='lat' dir='ltr'><strong>omnia</strong></span> <span class='ocrx_word' id='word_1_166' title='bbox 3072 1278 3330 1339; x_wconf 80' lang='lat' dir='ltr'><strong>cperatus</strong></span> 
     </span>
    </p>
   </div>
   <div class='ocr_carea' id='block_1_28' title="bbox 1733 1345 3328 1415">
    <p class='ocr_par' dir='ltr' id='par_1_28' title="bbox 1733 1345 3328 1415">
     <span class='ocr_line' id='line_1_28' title="bbox 1733 1345 3328 1415; baseline 0.01 -16"><span class='ocrx_word' id='word_1_167' title='bbox 1733 1353 1837 1412; x_wconf 86' lang='lat' dir='ltr'><strong>est,</strong></span> <span class='ocrx_word' id='word_1_168' title='bbox 1864 1345 1945 1401; x_wconf 91' lang='lat' dir='ltr'><strong>sic</strong></span> <span class='ocrx_word' id='word_1_169' title='bbox 1975 1355 2157 1403; x_wconf 87' lang='lat' dir='ltr'><strong>tamen</strong></span> <span class='ocrx_word' id='word_1_170' title='bbox 2193 1357 2253 1404; x_wconf 92' lang='lat' dir='ltr'><strong>ut</strong></span> <span class='ocrx_word' id='word_1_171' title='bbox 2282 1349 2626 1409; x_wconf 89' lang='lat' dir='ltr'><strong>obsidionem</strong></span> <span class='ocrx_word' id='word_1_172' title='bbox 2673 1369 2786 1411; x_wconf 92' lang='lat' dir='ltr'><strong>non</strong></span> <span class='ocrx_word' id='word_1_173' title='bbox 2822 1358 3056 1415; x_wconf 73' lang='lat' dir='ltr'><strong>solveret</strong></span> <span class='ocrx_word' id='word_1_174' title='bbox 3085 1357 3328 1415; x_wconf 83' lang='lat' dir='ltr'><strong>Tancre-</strong></span> 
     </span>
    </p>
   </div>
   <div class='ocr_carea' id='block_1_29' title="bbox 1733 1438 3329 1526">
    <p class='ocr_par' dir='ltr' id='par_1_29' title="bbox 1733 1438 3329 1526">
     <span class='ocr_line' id='line_1_29' title="bbox 1733 1438 3329 1526; baseline 0.009 -34"><span class='ocrx_word' id='word_1_175' title='bbox 1733 1438 1858 1504; x_wconf 91' lang='lat' dir='ltr'><strong>dus,</strong></span> <span class='ocrx_word' id='word_1_176' title='bbox 1891 1438 1983 1494; x_wconf 91' lang='lat' dir='ltr'><strong>illa</strong></span> <span class='ocrx_word' id='word_1_177' title='bbox 2018 1454 2240 1511; x_wconf 88' lang='lat' dir='ltr'><strong>semper</strong></span> <span class='ocrx_word' id='word_1_178' title='bbox 2269 1441 2556 1500; x_wconf 90' lang='lat' dir='ltr'><strong>incolumi.</strong></span> <span class='ocrx_word' id='word_1_179' title='bbox 2607 1445 2727 1517; x_wconf 92' lang='lat' dir='ltr'><strong>lpse</strong></span> <span class='ocrx_word' id='word_1_180' title='bbox 2761 1446 2982 1518; x_wconf 88' lang='lat' dir='ltr'><strong>Persas,</strong></span> <span class='ocrx_word' id='word_1_181' title='bbox 3010 1451 3127 1522; x_wconf 89' lang='lat' dir='ltr'><strong>ipse</strong></span> <span class='ocrx_word' id='word_1_182' title='bbox 3156 1451 3329 1526; x_wconf 66' lang='lat' dir='ltr'><strong>Egy-</strong></span> 
     </span>
    </p>
   </div>
   <div class='ocr_carea' id='block_1_30' title="bbox 1731 1530 3326 1609">
    <p class='ocr_par' dir='ltr' id='par_1_30' title="bbox 1731 1530 3326 1609">
     <span class='ocr_line' id='line_1_30' title="bbox 1731 1530 3326 1609; baseline 0.011 -26"><span class='ocrx_word' id='word_1_183' title='bbox 1731 1530 1898 1602; x_wconf 86' lang='lat' dir='ltr'><strong>ptios,</strong></span> <span class='ocrx_word' id='word_1_184' title='bbox 1930 1530 2046 1602; x_wconf 87' lang='lat' dir='ltr'><strong>ipse</strong></span> <span class='ocrx_word' id='word_1_185' title='bbox 2086 1530 2510 1602; x_wconf 86' lang='lat' dir='ltr'><strong>Provincialem,</strong></span> <span class='ocrx_word' id='word_1_186' title='bbox 2545 1546 2607 1592; x_wconf 92' lang='lat' dir='ltr'><strong>ut</strong></span> <span class='ocrx_word' id='word_1_187' title='bbox 2635 1539 2898 1609; x_wconf 80' lang='lat' dir='ltr'><strong>diximus,</strong></span> <span class='ocrx_word' id='word_1_188' title='bbox 2942 1543 3198 1599; x_wconf 89' lang='lat' dir='ltr'><strong>comitem</strong></span> <span class='ocrx_word' id='word_1_189' title='bbox 3227 1545 3326 1600; x_wconf 86' lang='lat' dir='ltr'><strong>de-</strong></span> 
     </span>
    </p>
   </div>
   <div class='ocr_carea' id='block_1_31' title="bbox 1733 1621 3327 1707">
    <p class='ocr_par' dir='ltr' id='par_1_31' title="bbox 1733 1621 3327 1707">
     <span class='ocr_line' id='line_1_31' title="bbox 1733 1621 3327 1707; baseline 0.008 -29"><span class='ocrx_word' id='word_1_190' title='bbox 1733 1621 1974 1679; x_wconf 79' lang='lat' dir='ltr'><strong>bellavit.</strong></span> <span class='ocrx_word' id='word_1_191' title='bbox 2025 1623 2228 1682; x_wconf 88' lang='lat' dir='ltr'><strong>Comes</strong></span> <span class='ocrx_word' id='word_1_192' title='bbox 2282 1626 2374 1683; x_wconf 92' lang='lat' dir='ltr'><strong>ille</strong></span> <span class='ocrx_word' id='word_1_193' title='bbox 2423 1627 2579 1685; x_wconf 87' lang='lat' dir='ltr'><strong>mira</strong></span> <span class='ocrx_word' id='word_1_194' title='bbox 2642 1631 2886 1688; x_wconf 89' lang='lat' dir='ltr'><strong>audacia</strong></span> <span class='ocrx_word' id='word_1_195' title='bbox 2937 1634 3020 1689; x_wconf 88' lang='lat' dir='ltr'><strong>vir</strong></span> <span class='ocrx_word' id='word_1_196' title='bbox 3065 1633 3327 1707; x_wconf 87' lang='lat' dir='ltr'><strong>Tripolim</strong></span> 
     </span>
    </p>
   </div>
   <div class='ocr_carea' id='block_1_32' title="bbox 1733 1713 3330 1798">
    <p class='ocr_par' dir='ltr' id='par_1_32' title="bbox 1733 1713 3330 1798">
     <span class='ocr_line' id='line_1_32' title="bbox 1733 1713 3330 1798; baseline 0.011 -29"><span class='ocrx_word' id='word_1_197' title='bbox 1733 1713 2041 1785; x_wconf 86' lang='lat' dir='ltr'><strong>obsidebat,</strong></span> <span class='ocrx_word' id='word_1_198' title='bbox 2069 1724 2150 1773; x_wconf 91' lang='lat' dir='ltr'><strong>tot</strong></span> <span class='ocrx_word' id='word_1_199' title='bbox 2175 1717 2346 1774; x_wconf 85' lang='lat' dir='ltr'><strong>millia</strong></span> <span class='ocrx_word' id='word_1_200' title='bbox 2389 1735 2533 1777; x_wconf 92' lang='lat' dir='ltr'><strong>unus</strong></span> <span class='ocrx_word' id='word_1_201' title='bbox 2563 1721 2782 1779; x_wconf 87' lang='lat' dir='ltr'><strong>circiter</strong></span> <span class='ocrx_word' id='word_1_202' title='bbox 2809 1724 2916 1780; x_wconf 69' lang='lat'><strong>400</strong></span> <span class='ocrx_word' id='word_1_203' title='bbox 2945 1727 3144 1798; x_wconf 83' lang='lat' dir='ltr'><strong>partim</strong></span> <span class='ocrx_word' id='word_1_204' title='bbox 3176 1729 3330 1798; x_wconf 77' lang='lat' dir='ltr'><strong>pedi—</strong></span> 
     </span>
    </p>
   </div>
   <div class='ocr_carea' id='block_1_33' title="bbox 41 1788 3328 1878">
    <p class='ocr_par' dir='ltr' id='par_1_33' title="bbox 41 1788 3328 1878">
     <span class='ocr_line' id='line_1_33' title="bbox 41 1788 3328 1878; baseline 0.007 -25"><span class='ocrx_word' id='word_1_205' title='bbox 41 1808 151 1870; x_wconf 85' lang='lat' dir='ltr'><strong>post</strong></span> <span class='ocrx_word' id='word_1_206' title='bbox 173 1807 249 1855; x_wconf 85' lang='lat' dir='ltr'><strong>tot</strong></span> <span class='ocrx_word' id='word_1_207' title='bbox 287 1799 464 1868; x_wconf 88' lang='lat' dir='ltr'><strong>soles,</strong></span> <span class='ocrx_word' id='word_1_208' title='bbox 496 1807 626 1870; x_wconf 91' lang='lat' dir='ltr'><strong>post</strong></span> <span class='ocrx_word' id='word_1_209' title='bbox 652 1807 733 1856; x_wconf 92' lang='lat' dir='ltr'><strong>tot</strong></span> <span class='ocrx_word' id='word_1_210' title='bbox 758 1798 1076 1872; x_wconf 78' lang='lat' dir='ltr'><strong>grandines,</strong></span> <span class='ocrx_word' id='word_1_211' title='bbox 1106 1813 1246 1870; x_wconf 90' lang='lat' dir='ltr'><strong>opus</strong></span> <span class='ocrx_word' id='word_1_212' title='bbox 1271 1797 1451 1853; x_wconf 86' lang='lat' dir='ltr'><strong>adhuc</strong></span> <span class='ocrx_word' id='word_1_213' title='bbox 1489 1798 1627 1855; x_wconf 85' lang='lat' dir='ltr'><strong>insi-</strong></span> <span class='ocrx_word' id='word_1_214' title='bbox 1659 1788 1706 1852; x_wconf 79' lang='grc' dir='ltr'><strong>Β</strong></span> <span class='ocrx_word' id='word_1_215' title='bbox 1734 1818 1817 1862; x_wconf 86' lang='lat' dir='ltr'><strong>tes</strong></span> <span class='ocrx_word' id='word_1_216' title='bbox 1863 1807 2064 1878; x_wconf 89' lang='lat' dir='ltr'><strong>partim</strong></span> <span class='ocrx_word' id='word_1_217' title='bbox 2116 1809 2320 1868; x_wconf 88' lang='lat' dir='ltr'><strong>milites</strong></span> <span class='ocrx_word' id='word_1_218' title='bbox 2362 1811 2573 1869; x_wconf 89' lang='lat' dir='ltr'><strong>habens</strong></span> <span class='ocrx_word' id='word_1_219' title='bbox 2617 1788 2986 1874; x_wconf 76' lang='lat' dir='ltr'><strong>Christianos.</strong></span> <span class='ocrx_word' id='word_1_220' title='bbox 3029 1816 3109 1874; x_wconf 85' lang='lat' dir='ltr'><strong>Eo</strong></span> <span class='ocrx_word' id='word_1_221' title='bbox 3154 1788 3328 1876; x_wconf 73' lang='lat' dir='ltr'><strong>fretus</strong></span> 
     </span>
    </p>
   </div>
   <div class='ocr_carea' id='block_1_34' title="bbox 43 1890 1629 1964">
    <p class='ocr_par' dir='ltr' id='par_1_34' title="bbox 43 1890 1629 1964">
     <span class='ocr_line' id='line_1_34' title="bbox 43 1890 1629 1964; baseline 0 -19"><span class='ocrx_word' id='word_1_222' title='bbox 43 1907 148 1962; x_wconf 83' lang='lat' dir='ltr'><strong>gne.</strong></span> <span class='ocrx_word' id='word_1_223' title='bbox 199 1890 378 1962; x_wconf 76' lang='lat' dir='ltr'><strong>Hujus</strong></span> <span class='ocrx_word' id='word_1_224' title='bbox 415 1892 820 1964; x_wconf 77' lang='lat' dir='ltr'><strong>longitudinem</strong></span> <span class='ocrx_word' id='word_1_225' title='bbox 877 1891 1170 1947; x_wconf 90' lang='lat' dir='ltr'><strong>terminant</strong></span> <span class='ocrx_word' id='word_1_226' title='bbox 1215 1891 1284 1946; x_wconf 88' lang='lat' dir='ltr'><strong>ad</strong></span> <span class='ocrx_word' id='word_1_227' title='bbox 1325 1898 1508 1948; x_wconf 91' lang='lat' dir='ltr'><strong>ortum</strong></span> <span class='ocrx_word' id='word_1_228' title='bbox 1539 1899 1629 1946; x_wconf 85' lang='lat' dir='ltr'><strong>tu-</strong></span> 
     </span>
    </p>
   </div>
   <div class='ocr_carea' id='block_1_35' title="bbox 43 1983 1627 2050">
    <p class='ocr_par' dir='ltr' id='par_1_35' title="bbox 43 1983 1627 2050">
     <span class='ocr_line' id='line_1_35' title="bbox 43 1983 1627 2050; baseline 0.004 -14"><span class='ocrx_word' id='word_1_229' title='bbox 43 1983 227 2050; x_wconf 86' lang='lat' dir='ltr'><strong>mulus,</strong></span> <span class='ocrx_word' id='word_1_230' title='bbox 266 1984 337 2040; x_wconf 88' lang='lat' dir='ltr'><strong>ad</strong></span> <span class='ocrx_word' id='word_1_231' title='bbox 388 1997 663 2041; x_wconf 85' lang='lat' dir='ltr'><strong>occasum</strong></span> <span class='ocrx_word' id='word_1_232' title='bbox 710 1999 905 2040; x_wconf 90' lang='lat' dir='ltr'><strong>mare:</strong></span> <span class='ocrx_word' id='word_1_233' title='bbox 941 1983 1286 2040; x_wconf 85' lang='lat' dir='ltr'><strong>latitudinem</strong></span> <span class='ocrx_word' id='word_1_234' title='bbox 1321 1984 1451 2040; x_wconf 91' lang='lat' dir='ltr'><strong>hinc</strong></span> <span class='ocrx_word' id='word_1_235' title='bbox 1499 1984 1627 2042; x_wconf 85' lang='lat' dir='ltr'><strong>inde</strong></span> 
     </span>
    </p>
   </div>
   <div class='ocr_carea' id='block_1_36' title="bbox 46 2076 1628 2149">
    <p class='ocr_par' dir='ltr' id='par_1_36' title="bbox 46 2076 1628 2149">
     <span class='ocr_line' id='line_1_36' title="bbox 46 2076 1628 2149; baseline 0.002 -19"><span class='ocrx_word' id='word_1_236' title='bbox 46 2076 314 2145; x_wconf 81' lang='lat' dir='ltr'><strong>planities:</strong></span> <span class='ocrx_word' id='word_1_237' title='bbox 350 2092 456 2149; x_wconf 91' lang='lat' dir='ltr'><strong>per</strong></span> <span class='ocrx_word' id='word_1_238' title='bbox 494 2077 792 2133; x_wconf 89' lang='lat' dir='ltr'><strong>circuitum</strong></span> <span class='ocrx_word' id='word_1_239' title='bbox 834 2085 930 2133; x_wconf 84' lang='lat' dir='ltr'><strong>aut</strong></span> <span class='ocrx_word' id='word_1_240' title='bbox 957 2091 1152 2134; x_wconf 90' lang='lat' dir='ltr'><strong>murus</strong></span> <span class='ocrx_word' id='word_1_241' title='bbox 1182 2085 1279 2132; x_wconf 89' lang='lat' dir='ltr'><strong>aut</strong></span> <span class='ocrx_word' id='word_1_242' title='bbox 1304 2076 1465 2132; x_wconf 86' lang='lat' dir='ltr'><strong>ruina</strong></span> <span class='ocrx_word' id='word_1_243' title='bbox 1502 2077 1628 2133; x_wconf 79' lang='lat' dir='ltr'><strong>zin-</strong></span> 
     </span>
    </p>
   </div>
   <div class='ocr_carea' id='block_1_37' title="bbox 43 2168 1628 2242">
    <p class='ocr_par' dir='ltr' id='par_1_37' title="bbox 43 2168 1628 2242">
     <span class='ocr_line' id='line_1_37' title="bbox 43 2168 1628 2242; baseline 0.004 -21"><span class='ocrx_word' id='word_1_244' title='bbox 43 2169 203 2224; x_wconf 87' lang='lat' dir='ltr'><strong>tinitas</strong></span> <span class='ocrx_word' id='word_1_245' title='bbox 225 2170 416 2241; x_wconf 87' lang='lat' dir='ltr'><strong>populi</strong></span> <span class='ocrx_word' id='word_1_246' title='bbox 443 2169 530 2225; x_wconf 91' lang='lat' dir='ltr'><strong>nil</strong></span> <span class='ocrx_word' id='word_1_247' title='bbox 552 2168 939 2238; x_wconf 79' lang='lat' dir='ltr'><strong>reformidans,</strong></span> <span class='ocrx_word' id='word_1_248' title='bbox 976 2170 1094 2241; x_wconf 89' lang='lat' dir='ltr'><strong>ipsa</strong></span> <span class='ocrx_word' id='word_1_249' title='bbox 1135 2170 1348 2226; x_wconf 68' lang='lat' dir='ltr'><strong>caeteris</strong></span> <span class='ocrx_word' id='word_1_250' title='bbox 1372 2171 1628 2242; x_wconf 81' lang='lat' dir='ltr'><strong>gentibus</strong></span> 
     </span>
    </p>
   </div>
   <div class='ocr_carea' id='block_1_38' title="bbox 47 2252 1625 2336">
    <p class='ocr_par' dir='ltr' id='par_1_38' title="bbox 47 2252 1625 2336">
     <span class='ocr_line' id='line_1_38' title="bbox 47 2252 1625 2336; baseline 0.003 -22"><span class='ocrx_word' id='word_1_251' title='bbox 47 2259 296 2318; x_wconf 87' lang='lat' dir='ltr'><strong>formido:</strong></span> <span class='ocrx_word' id='word_1_252' title='bbox 341 2277 452 2319; x_wconf 90' lang='lat' dir='ltr'><strong>suo</strong></span> <span class='ocrx_word' id='word_1_253' title='bbox 474 2270 729 2335; x_wconf 88' lang='lat' dir='ltr'><strong>tempore</strong></span> <span class='ocrx_word' id='word_1_254' title='bbox 774 2262 951 2319; x_wconf 90' lang='lat' dir='ltr'><strong>multo</strong></span> <span class='ocrx_word' id='word_1_255' title='bbox 986 2252 1182 2336; x_wconf 76' lang='lat' dir='ltr'><strong>aggere</strong></span> <span class='ocrx_word' id='word_1_256' title='bbox 1219 2262 1424 2319; x_wconf 92' lang='lat' dir='ltr'><strong>includi</strong></span> <span class='ocrx_word' id='word_1_257' title='bbox 1472 2277 1625 2333; x_wconf 89' lang='lat' dir='ltr'><strong>spre-</strong></span> 
     </span>
    </p>
   </div>
   <div class='ocr_carea' id='block_1_39' title="bbox 46 2355 1622 2425">
    <p class='ocr_par' dir='ltr' id='par_1_39' title="bbox 46 2355 1622 2425">
     <span class='ocr_line' id='line_1_39' title="bbox 46 2355 1622 2425; baseline 0.001 -17"><span class='ocrx_word' id='word_1_258' title='bbox 46 2355 126 2420; x_wconf 85' lang='lat' dir='ltr'><strong>vit,</strong></span> <span class='ocrx_word' id='word_1_259' title='bbox 157 2370 326 2425; x_wconf 88' lang='lat' dir='ltr'><strong>pauco</strong></span> <span class='ocrx_word' id='word_1_260' title='bbox 351 2355 673 2412; x_wconf 87' lang='lat' dir='ltr'><strong>munimine</strong></span> <span class='ocrx_word' id='word_1_261' title='bbox 697 2364 974 2412; x_wconf 89' lang='lat' dir='ltr'><strong>contenta.</strong></span> <span class='ocrx_word' id='word_1_262' title='bbox 999 2355 1106 2412; x_wconf 87' lang='lat' dir='ltr'><strong>Sed</strong></span> <span class='ocrx_word' id='word_1_263' title='bbox 1131 2355 1293 2412; x_wconf 89' lang='lat' dir='ltr'><strong>redeo</strong></span> <span class='ocrx_word' id='word_1_264' title='bbox 1327 2355 1396 2412; x_wconf 90' lang='lat' dir='ltr'><strong>ad</strong></span> <span class='ocrx_word' id='word_1_265' title='bbox 1433 2364 1622 2411; x_wconf 81' lang='lat' dir='ltr'><strong>tumu-</strong></span> 
     </span>
    </p>
   </div>
   <div class='ocr_carea' id='block_1_40' title="bbox 49 2445 1625 2518">
    <p class='ocr_par' dir='ltr' id='par_1_40' title="bbox 49 2445 1625 2518">
     <span class='ocr_line' id='line_1_40' title="bbox 49 2445 1625 2518; baseline 0.003 -21"><span class='ocrx_word' id='word_1_266' title='bbox 49 2445 160 2511; x_wconf 88' lang='lat' dir='ltr'><strong>lum,</strong></span> <span class='ocrx_word' id='word_1_267' title='bbox 199 2446 344 2516; x_wconf 88' lang='lat' dir='ltr'><strong>quod</strong></span> <span class='ocrx_word' id='word_1_268' title='bbox 388 2446 518 2517; x_wconf 83' lang='lat' dir='ltr'><strong>jam</strong></span> <span class='ocrx_word' id='word_1_269' title='bbox 561 2447 740 2503; x_wconf 87' lang='lat' dir='ltr'><strong>solum</strong></span> <span class='ocrx_word' id='word_1_270' title='bbox 792 2447 1059 2503; x_wconf 89' lang='lat' dir='ltr'><strong>adversus</strong></span> <span class='ocrx_word' id='word_1_271' title='bbox 1104 2446 1292 2502; x_wconf 85' lang='lat' dir='ltr'><strong>hostes</strong></span> <span class='ocrx_word' id='word_1_272' title='bbox 1338 2454 1625 2518; x_wconf 89' lang='lat' dir='ltr'><strong>supererat</strong></span> 
     </span>
    </p>
   </div>
   <div class='ocr_carea' id='block_1_41' title="bbox 46 2537 1624 2611">
    <p class='ocr_par' dir='ltr' id='par_1_41' title="bbox 46 2537 1624 2611">
     <span class='ocr_line' id='line_1_41' title="bbox 46 2537 1624 2611; baseline 0.001 -21"><span class='ocrx_word' id='word_1_273' title='bbox 46 2537 316 2593; x_wconf 87' lang='lat' dir='ltr'><strong>munimen.</strong></span> <span class='ocrx_word' id='word_1_274' title='bbox 366 2537 465 2594; x_wconf 92' lang='lat' dir='ltr'><strong>llle</strong></span> <span class='ocrx_word' id='word_1_275' title='bbox 518 2539 726 2596; x_wconf 91' lang='lat' dir='ltr'><strong>arduus</strong></span> <span class='ocrx_word' id='word_1_276' title='bbox 773 2547 939 2611; x_wconf 88' lang='lat' dir='ltr'><strong>atque</strong></span> <span class='ocrx_word' id='word_1_277' title='bbox 979 2539 1036 2594; x_wconf 88' lang='lat' dir='ltr'><strong>in</strong></span> <span class='ocrx_word' id='word_1_278' title='bbox 1083 2539 1288 2594; x_wconf 87' lang='lat' dir='ltr'><strong>vertice</strong></span> <span class='ocrx_word' id='word_1_279' title='bbox 1329 2538 1624 2610; x_wconf 78' lang='lat' dir='ltr'><strong>spatiosior</strong></span> 
     </span>
    </p>
   </div>
   <div class='ocr_carea' id='block_1_42' title="bbox 49 2629 1623 2704">
    <p class='ocr_par' dir='ltr' id='par_1_42' title="bbox 49 2629 1623 2704">
     <span class='ocr_line' id='line_1_42' title="bbox 49 2629 1623 2704; baseline 0 -21"><span class='ocrx_word' id='word_1_280' title='bbox 49 2629 172 2685; x_wconf 80' lang='lat' dir='ltr'><strong>cives</strong></span> <span class='ocrx_word' id='word_1_281' title='bbox 191 2639 504 2701; x_wconf 85' lang='lat' dir='ltr'><strong>receperat,</strong></span> <span class='ocrx_word' id='word_1_282' title='bbox 537 2631 631 2702; x_wconf 86' lang='lat' dir='ltr'><strong>qui</strong></span> <span class='ocrx_word' id='word_1_283' title='bbox 661 2631 892 2688; x_wconf 87' lang='lat' dir='ltr'><strong>dimissa</strong></span> <span class='ocrx_word' id='word_1_284' title='bbox 916 2630 1162 2704; x_wconf 74' lang='lat' dir='ltr'><strong>planitie,</strong></span> <span class='ocrx_word' id='word_1_285' title='bbox 1205 2629 1334 2686; x_wconf 88' lang='lat' dir='ltr'><strong>illuc</strong></span> <span class='ocrx_word' id='word_1_286' title='bbox 1361 2629 1623 2702; x_wconf 83' lang='lat' dir='ltr'><strong>confuge-</strong></span> 
     </span>
    </p>
   </div>
   <div class='ocr_carea' id='block_1_43' title="bbox 48 2721 1622 2795">
    <p class='ocr_par' dir='ltr' id='par_1_43' title="bbox 48 2721 1622 2795">
     <span class='ocr_line' id='line_1_43' title="bbox 48 2721 1622 2795; baseline 0.003 -21"><span class='ocrx_word' id='word_1_287' title='bbox 48 2732 150 2778; x_wconf 88' lang='lat' dir='ltr'><strong>rant</strong></span> <span class='ocrx_word' id='word_1_288' title='bbox 179 2721 350 2779; x_wconf 88' lang='lat' dir='ltr'><strong>bellici</strong></span> <span class='ocrx_word' id='word_1_289' title='bbox 381 2723 648 2780; x_wconf 81' lang='lat' dir='ltr'><strong>fremitus</strong></span> <span class='ocrx_word' id='word_1_290' title='bbox 673 2733 882 2780; x_wconf 87' lang='lat' dir='ltr'><strong>terrore</strong></span> <span class='ocrx_word' id='word_1_291' title='bbox 914 2723 1170 2795; x_wconf 89' lang='lat' dir='ltr'><strong>perculsi.</strong></span> <span class='ocrx_word' id='word_1_292' title='bbox 1217 2723 1477 2779; x_wconf 86' lang='lat' dir='ltr'><strong>Arduitas</strong></span> <span class='ocrx_word' id='word_1_293' title='bbox 1503 2723 1622 2793; x_wconf 82' lang='lat' dir='ltr'><strong>ipsa</strong></span> 
     </span>
    </p>
   </div>
   <div class='ocr_carea' id='block_1_44' title="bbox 50 2814 1620 2888">
    <p class='ocr_par' dir='ltr' id='par_1_44' title="bbox 50 2814 1620 2888">
     <span class='ocr_line' id='line_1_44' title="bbox 50 2814 1620 2888; baseline 0.002 -23"><span class='ocrx_word' id='word_1_294' title='bbox 50 2814 119 2868; x_wconf 88' lang='lat' dir='ltr'><strong>vel</strong></span> <span class='ocrx_word' id='word_1_295' title='bbox 155 2815 265 2871; x_wconf 82' lang='lat' dir='ltr'><strong>sine</strong></span> <span class='ocrx_word' id='word_1_296' title='bbox 315 2832 488 2872; x_wconf 90' lang='lat' dir='ltr'><strong>muro</strong></span> <span class='ocrx_word' id='word_1_297' title='bbox 539 2817 828 2888; x_wconf 81' lang='lat' dir='ltr'><strong>repelleret</strong></span> <span class='ocrx_word' id='word_1_298' title='bbox 874 2817 1194 2872; x_wconf 89' lang='lat' dir='ltr'><strong>obsessores</strong></span> <span class='ocrx_word' id='word_1_299' title='bbox 1233 2834 1245 2870; x_wconf 92' lang='lat'><strong>:</strong></span> <span class='ocrx_word' id='word_1_300' title='bbox 1279 2830 1391 2886; x_wconf 91' lang='lat' dir='ltr'><strong>quo</strong></span> <span class='ocrx_word' id='word_1_301' title='bbox 1437 2823 1620 2870; x_wconf 90' lang='lat' dir='ltr'><strong>tamen</strong></span> 
     </span>
    </p>
   </div>
   <div class='ocr_carea' id='block_1_45' title="bbox 49 2905 1621 2984">
    <p class='ocr_par' dir='ltr' id='par_1_45' title="bbox 49 2905 1621 2984">
     <span class='ocr_line' id='line_1_45' title="bbox 49 2905 1621 2984; baseline 0 -24"><span class='ocrx_word' id='word_1_302' title='bbox 49 2914 305 2974; x_wconf 84' lang='lat' dir='ltr'><strong>coronata,</strong></span> <span class='ocrx_word' id='word_1_303' title='bbox 348 2908 562 2980; x_wconf 81' lang='lat' dir='ltr'><strong>duplex</strong></span> <span class='ocrx_word' id='word_1_304' title='bbox 616 2909 788 2964; x_wconf 88' lang='lat' dir='ltr'><strong>robur</strong></span> <span class='ocrx_word' id='word_1_305' title='bbox 842 2907 1174 2964; x_wconf 87' lang='lat' dir='ltr'><strong>adversariis</strong></span> <span class='ocrx_word' id='word_1_306' title='bbox 1222 2907 1436 2984; x_wconf 76' lang='lat' dir='ltr'><strong>objicit,</strong></span> <span class='ocrx_word' id='word_1_307' title='bbox 1491 2905 1621 2960; x_wconf 90' lang='lat' dir='ltr'><strong>hinc</strong></span> 
     </span>
    </p>
   </div>
   <div class='ocr_carea' id='block_1_46' title="bbox 51 2997 1621 3067">
    <p class='ocr_par' dir='ltr' id='par_1_46' title="bbox 51 2997 1621 3067">
     <span class='ocr_line' id='line_1_46' title="bbox 51 2997 1621 3067; baseline -0.001 -14"><span class='ocrx_word' id='word_1_308' title='bbox 51 2999 181 3067; x_wconf 85' lang='lat' dir='ltr'><strong>artis,</strong></span> <span class='ocrx_word' id='word_1_309' title='bbox 208 3001 332 3057; x_wconf 87' lang='lat' dir='ltr'><strong>hinc</strong></span> <span class='ocrx_word' id='word_1_310' title='bbox 356 3010 599 3056; x_wconf 84' lang='lat' dir='ltr'><strong>natura.</strong></span> <span class='ocrx_word' id='word_1_311' title='bbox 625 2997 722 3057; x_wconf 84' lang='lat' dir='ltr'><strong>llis</strong></span> <span class='ocrx_word' id='word_1_312' title='bbox 756 3000 948 3056; x_wconf 77' lang='lat' dir='ltr'><strong>confisi</strong></span> <span class='ocrx_word' id='word_1_313' title='bbox 980 3000 1236 3056; x_wconf 87' lang='lat' dir='ltr'><strong>claustris</strong></span> <span class='ocrx_word' id='word_1_314' title='bbox 1265 2998 1439 3055; x_wconf 68' lang='lat' dir='ltr'><strong>Graeci</strong></span> <span class='ocrx_word' id='word_1_315' title='bbox 1471 2998 1621 3053; x_wconf 84' lang='lat' dir='ltr'><strong>Tan-</strong></span> 
     </span>
    </p>
   </div>
   <div class='ocr_carea' id='block_1_47' title="bbox 52 3091 1618 3166">
    <p class='ocr_par' dir='ltr' id='par_1_47' title="bbox 52 3091 1618 3166">
     <span class='ocr_line' id='line_1_47' title="bbox 52 3091 1618 3166; baseline -0.001 -19"><span class='ocrx_word' id='word_1_316' title='bbox 52 3092 242 3148; x_wconf 83' lang='lat' dir='ltr'><strong>credum</strong></span> <span class='ocrx_word' id='word_1_317' title='bbox 263 3093 599 3166; x_wconf 68' lang='lat' dir='ltr'><strong>exspectant</strong></span> <span class='ocrx_word' id='word_1_318' title='bbox 618 3093 1004 3150; x_wconf 86' lang='lat' dir='ltr'><strong>adventantem</strong></span> <span class='ocrx_word' id='word_1_319' title='bbox 1022 3111 1036 3147; x_wconf 91' lang='lat'><strong>:</strong></span> <span class='ocrx_word' id='word_1_320' title='bbox 1051 3101 1106 3148; x_wconf 89' lang='lat' dir='ltr'><strong>at</strong></span> <span class='ocrx_word' id='word_1_321' title='bbox 1133 3093 1387 3163; x_wconf 88' lang='lat' dir='ltr'><strong>princeps</strong></span> <span class='ocrx_word' id='word_1_322' title='bbox 1413 3091 1618 3146; x_wconf 88' lang='lat' dir='ltr'><strong>bellum</strong></span> 
     </span>
    </p>
   </div>
   <div class='ocr_carea' id='block_1_48' title="bbox 53 3183 1618 3256">
    <p class='ocr_par' dir='ltr' id='par_1_48' title="bbox 53 3183 1618 3256">
     <span class='ocr_line' id='line_1_48' title="bbox 53 3183 1618 3256; baseline -0.001 -17"><span class='ocrx_word' id='word_1_323' title='bbox 53 3185 348 3242; x_wconf 84' lang='lat' dir='ltr'><strong>etscienset</strong></span> <span class='ocrx_word' id='word_1_324' title='bbox 388 3187 616 3254; x_wconf 87' lang='lat' dir='ltr'><strong>sitiens,</strong></span> <span class='ocrx_word' id='word_1_325' title='bbox 646 3185 857 3256; x_wconf 87' lang='lat' dir='ltr'><strong>aliquot</strong></span> <span class='ocrx_word' id='word_1_326' title='bbox 894 3184 1177 3256; x_wconf 87' lang='lat' dir='ltr'><strong>pramittit</strong></span> <span class='ocrx_word' id='word_1_327' title='bbox 1224 3183 1618 3254; x_wconf 65' lang='lat' dir='ltr'><strong>cursores,qui</strong></span> 
     </span>
    </p>
   </div>
   <div class='ocr_carea' id='block_1_49' title="bbox 52 3275 1618 3350">
    <p class='ocr_par' dir='ltr' id='par_1_49' title="bbox 52 3275 1618 3350">
     <span class='ocr_line' id='line_1_49' title="bbox 52 3275 1618 3350; baseline 0.001 -20"><span class='ocrx_word' id='word_1_328' title='bbox 52 3285 130 3332; x_wconf 85' lang='lat' dir='ltr'><strong>aut</strong></span> <span class='ocrx_word' id='word_1_329' title='bbox 155 3277 353 3335; x_wconf 89' lang='lat' dir='ltr'><strong>elicitos</strong></span> <span class='ocrx_word' id='word_1_330' title='bbox 391 3279 658 3350; x_wconf 87' lang='lat' dir='ltr'><strong>capiant,</strong></span> <span class='ocrx_word' id='word_1_331' title='bbox 701 3286 798 3334; x_wconf 89' lang='lat' dir='ltr'><strong>aut</strong></span> <span class='ocrx_word' id='word_1_332' title='bbox 837 3277 1060 3334; x_wconf 91' lang='lat' dir='ltr'><strong>eliciant</strong></span> <span class='ocrx_word' id='word_1_333' title='bbox 1103 3276 1420 3346; x_wconf 87' lang='lat' dir='ltr'><strong>capiendos.</strong></span> <span class='ocrx_word' id='word_1_334' title='bbox 1443 3275 1618 3332; x_wconf 86' lang='lat' dir='ltr'><strong>Graci</strong></span> 
     </span>
    </p>
   </div>
   <div class='ocr_carea' id='block_1_50' title="bbox 53 3366 1616 3440">
    <p class='ocr_par' dir='ltr' id='par_1_50' title="bbox 53 3366 1616 3440">
     <span class='ocr_line' id='line_1_50' title="bbox 53 3366 1616 3440; baseline 0.002 -21"><span class='ocrx_word' id='word_1_335' title='bbox 53 3381 178 3436; x_wconf 85' lang='lat' dir='ltr'><strong>vero,</strong></span> <span class='ocrx_word' id='word_1_336' title='bbox 208 3376 265 3424; x_wconf 93' lang='lat' dir='ltr'><strong>ut</strong></span> <span class='ocrx_word' id='word_1_337' title='bbox 303 3383 532 3440; x_wconf 83' lang='lat' dir='ltr'><strong>semper</strong></span> <span class='ocrx_word' id='word_1_338' title='bbox 557 3366 985 3440; x_wconf 86' lang='lat' dir='ltr'><strong>vigilantissimi,</strong></span> <span class='ocrx_word' id='word_1_339' title='bbox 1021 3367 1285 3422; x_wconf 90' lang='lat' dir='ltr'><strong>adversus</strong></span> <span class='ocrx_word' id='word_1_340' title='bbox 1317 3366 1433 3422; x_wconf 82' lang='lat' dir='ltr'><strong>hac</strong></span> <span class='ocrx_word' id='word_1_341' title='bbox 1475 3381 1616 3436; x_wconf 84' lang='lat' dir='ltr'><strong>pra-</strong></span> 
     </span>
    </p>
   </div>
   <div class='ocr_carea' id='block_1_51' title="bbox 53 3457 1618 3532">
    <p class='ocr_par' dir='ltr' id='par_1_51' title="bbox 53 3457 1618 3532">
     <span class='ocr_line' id='line_1_51' title="bbox 53 3457 1618 3532; baseline 0.001 -21"><span class='ocrx_word' id='word_1_342' title='bbox 53 3468 216 3514; x_wconf 88' lang='lat' dir='ltr'><strong>cavent</strong></span> <span class='ocrx_word' id='word_1_343' title='bbox 265 3476 278 3512; x_wconf 87' lang='lat'>:</span> <span class='ocrx_word' id='word_1_344' title='bbox 331 3469 618 3532; x_wconf 87' lang='lat' dir='ltr'><strong>quatenus</strong></span> <span class='ocrx_word' id='word_1_345' title='bbox 645 3474 746 3514; x_wconf 92' lang='lat' dir='ltr'><strong>nec</strong></span> <span class='ocrx_word' id='word_1_346' title='bbox 769 3458 1249 3529; x_wconf 88' lang='lat' dir='ltr'><strong>deprehendantur</strong></span> <span class='ocrx_word' id='word_1_347' title='bbox 1301 3457 1464 3528; x_wconf 82' lang='lat' dir='ltr'><strong>vagi,</strong></span> <span class='ocrx_word' id='word_1_348' title='bbox 1515 3471 1618 3512; x_wconf 89' lang='lat' dir='ltr'><strong>nec</strong></span> 
     </span>
    </p>
   </div>
   <div class='ocr_carea' id='block_1_52' title="bbox 54 3550 1618 3621">
    <p class='ocr_par' dir='ltr' id='par_1_52' title="bbox 54 3550 1618 3621">
     <span class='ocr_line' id='line_1_52' title="bbox 54 3550 1618 3621; baseline 0.003 -21"><span class='ocrx_word' id='word_1_349' title='bbox 54 3559 216 3604; x_wconf 76' lang='lat' dir='ltr'><strong>exeant</strong></span> <span class='ocrx_word' id='word_1_350' title='bbox 237 3550 544 3621; x_wconf 80' lang='lat' dir='ltr'><strong>provocati.</strong></span> <span class='ocrx_word' id='word_1_351' title='bbox 571 3550 868 3606; x_wconf 88' lang='lat' dir='ltr'><strong>Dementia</strong></span> <span class='ocrx_word' id='word_1_352' title='bbox 910 3551 1198 3606; x_wconf 88' lang='lat' dir='ltr'><strong>ascribunt</strong></span> <span class='ocrx_word' id='word_1_353' title='bbox 1230 3557 1418 3620; x_wconf 85' lang='lat' dir='ltr'><strong>portas</strong></span> <span class='ocrx_word' id='word_1_354' title='bbox 1447 3565 1618 3620; x_wconf 30' lang='lat' dir='ltr'><strong>legre-</strong></span> 
     </span>
    </p>
   </div>
   <div class='ocr_carea' id='block_1_53' title="bbox 55 3638 1617 3722">
    <p class='ocr_par' dir='ltr' id='par_1_53' title="bbox 55 3638 1617 3722">
     <span class='ocr_line' id='line_1_53' title="bbox 55 3638 1617 3722; baseline 0.003 -32"><span class='ocrx_word' id='word_1_355' title='bbox 55 3638 95 3690; x_wconf 87' lang='lat' dir='ltr'><strong>di</strong></span> <span class='ocrx_word' id='word_1_356' title='bbox 120 3654 131 3690; x_wconf 94' lang='lat'><strong>:</strong></span> <span class='ocrx_word' id='word_1_357' title='bbox 161 3641 247 3710; x_wconf 88' lang='lat' dir='ltr'><strong>qui</strong></span> <span class='ocrx_word' id='word_1_358' title='bbox 271 3658 396 3698; x_wconf 91' lang='lat' dir='ltr'><strong>cum</strong></span> <span class='ocrx_word' id='word_1_359' title='bbox 425 3643 504 3698; x_wconf 85' lang='lat' dir='ltr'><strong>de</strong></span> <span class='ocrx_word' id='word_1_360' title='bbox 535 3642 782 3697; x_wconf 91' lang='lat' dir='ltr'><strong>turribus</strong></span> <span class='ocrx_word' id='word_1_361' title='bbox 815 3642 1068 3722; x_wconf 84' lang='lat' dir='ltr'><strong>exclusos</strong></span> <span class='ocrx_word' id='word_1_362' title='bbox 1094 3641 1388 3712; x_wconf 86' lang='lat' dir='ltr'><strong>aspiciunt,</strong></span> <span class='ocrx_word' id='word_1_363' title='bbox 1416 3639 1617 3712; x_wconf 84' lang='lat' dir='ltr'><strong>inclusi</strong></span> 
     </span>
    </p>
   </div>
   <div class='ocr_carea' id='block_1_54' title="bbox 55 3731 1616 3806">
    <p class='ocr_par' dir='ltr' id='par_1_54' title="bbox 55 3731 1616 3806">
     <span class='ocr_line' id='line_1_54' title="bbox 55 3731 1616 3806; baseline 0.005 -26"><span class='ocrx_word' id='word_1_364' title='bbox 55 3737 277 3788; x_wconf 84' lang='lat' dir='ltr'><strong>tremunt.</strong></span> <span class='ocrx_word' id='word_1_365' title='bbox 306 3734 390 3790; x_wconf 81' lang='lat' dir='ltr'><strong>Ab</strong></span> <span class='ocrx_word' id='word_1_366' title='bbox 416 3735 533 3790; x_wconf 90' lang='lat' dir='ltr'><strong>hoc</strong></span> <span class='ocrx_word' id='word_1_367' title='bbox 556 3733 676 3806; x_wconf 88' lang='lat' dir='ltr'><strong>ipso</strong></span> <span class='ocrx_word' id='word_1_368' title='bbox 705 3733 960 3805; x_wconf 89' lang='lat' dir='ltr'><strong>princeps</strong></span> <span class='ocrx_word' id='word_1_369' title='bbox 983 3741 1369 3805; x_wconf 74' lang='lat' dir='ltr'><strong>argumentum</strong></span> <span class='ocrx_word' id='word_1_370' title='bbox 1402 3731 1616 3788; x_wconf 91' lang='lat' dir='ltr'><strong>timoris</strong></span> 
     </span>
    </p>
   </div>
   <div class='ocr_carea' id='block_1_55' title="bbox 56 3825 1616 3902">
    <p class='ocr_par' dir='ltr' id='par_1_55' title="bbox 56 3825 1616 3902">
     <span class='ocr_line' id='line_1_55' title="bbox 56 3825 1616 3902; baseline 0.004 -26"><span class='ocrx_word' id='word_1_371' title='bbox 56 3825 248 3896; x_wconf 85' lang='lat' dir='ltr'><strong>accipit;</strong></span> <span class='ocrx_word' id='word_1_372' title='bbox 278 3837 349 3896; x_wconf 87' lang='lat' dir='ltr'><strong>et,</strong></span> <span class='ocrx_word' id='word_1_373' title='bbox 389 3851 410 3884; x_wconf 84' lang='grc'>‹</span> <span class='ocrx_word' id='word_1_374' title='bbox 447 3827 545 3885; x_wconf 85' lang='lat' dir='ltr'><strong>lol</strong></span> <span class='ocrx_word' id='word_1_375' title='bbox 587 3829 838 3897; x_wconf 91' lang='lat' dir='ltr'><strong>comites,</strong></span> <span class='ocrx_word' id='word_1_376' title='bbox 880 3829 1199 3898; x_wconf 84' lang='lat' dir='ltr'><strong>exclamat:</strong></span> <span class='ocrx_word' id='word_1_377' title='bbox 1232 3826 1616 3902; x_wconf 83' lang='lat' dir='ltr'><strong>aggrediamur</strong></span> 
     </span>
    </p>
   </div>
   <div class='ocr_carea' id='block_1_56' title="bbox 55 3916 1614 3988">
    <p class='ocr_par' dir='ltr' id='par_1_56' title="bbox 55 3916 1614 3988">
     <span class='ocr_line' id='line_1_56' title="bbox 55 3916 1614 3988; baseline 0.004 -22"><span class='ocrx_word' id='word_1_378' title='bbox 55 3916 171 3972; x_wconf 89' lang='lat' dir='ltr'><strong>ovile</strong></span> <span class='ocrx_word' id='word_1_379' title='bbox 195 3919 326 3988; x_wconf 91' lang='lat' dir='ltr'><strong>hoc;</strong></span> <span class='ocrx_word' id='word_1_380' title='bbox 355 3920 564 3978; x_wconf 80' lang='lat' dir='ltr'><strong>videtis</strong></span> <span class='ocrx_word' id='word_1_381' title='bbox 583 3919 842 3988; x_wconf 88' lang='lat' dir='ltr'><strong>arduum,</strong></span> <span class='ocrx_word' id='word_1_382' title='bbox 875 3920 1070 3976; x_wconf 85' lang='lat' dir='ltr'><strong>scitote</strong></span> <span class='ocrx_word' id='word_1_383' title='bbox 1098 3933 1356 3975; x_wconf 88' lang='lat' dir='ltr'><strong>vacuum.</strong></span> <span class='ocrx_word' id='word_1_384' title='bbox 1384 3917 1614 3973; x_wconf 86' lang='lat' dir='ltr'><strong>Plenum</strong></span> 
     </span>
    </p>
   </div>
   <div class='ocr_carea' id='block_1_57' title="bbox 54 4008 1616 4082">
    <p class='ocr_par' dir='ltr' id='par_1_57' title="bbox 54 4008 1616 4082">
     <span class='ocr_line' id='line_1_57' title="bbox 54 4008 1616 4082; baseline 0.003 -21"><span class='ocrx_word' id='word_1_385' title='bbox 54 4016 121 4061; x_wconf 79' lang='lat' dir='ltr'><strong>est</strong></span> <span class='ocrx_word' id='word_1_386' title='bbox 139 4010 337 4081; x_wconf 89' lang='lat' dir='ltr'><strong>opibus,</strong></span> <span class='ocrx_word' id='word_1_387' title='bbox 368 4022 426 4069; x_wconf 89' lang='lat' dir='ltr'><strong>at</strong></span> <span class='ocrx_word' id='word_1_388' title='bbox 465 4013 588 4069; x_wconf 86' lang='lat' dir='ltr'><strong>sine</strong></span> <span class='ocrx_word' id='word_1_389' title='bbox 607 4013 840 4070; x_wconf 89' lang='lat' dir='ltr'><strong>viribus.</strong></span> <span class='ocrx_word' id='word_1_390' title='bbox 875 4010 1035 4068; x_wconf 84' lang='lat' dir='ltr'><strong>Nulla</strong></span> <span class='ocrx_word' id='word_1_391' title='bbox 1064 4021 1148 4068; x_wconf 90' lang='lat' dir='ltr'><strong>est</strong></span> <span class='ocrx_word' id='word_1_392' title='bbox 1184 4025 1414 4082; x_wconf 88' lang='lat' dir='ltr'><strong>prorsus</strong></span> <span class='ocrx_word' id='word_1_393' title='bbox 1443 4008 1616 4065; x_wconf 87' lang='lat' dir='ltr'><strong>auda-</strong></span> 
     </span>
    </p>
   </div>
   <div class='ocr_carea' id='block_1_58' title="bbox 57 4099 1612 4178">
    <p class='ocr_par' dir='ltr' id='par_1_58' title="bbox 57 4099 1612 4178">
     <span class='ocr_line' id='line_1_58' title="bbox 57 4099 1612 4178; baseline 0.002 -25"><span class='ocrx_word' id='word_1_394' title='bbox 57 4099 124 4155; x_wconf 82' lang='lat' dir='ltr'><strong>cia</strong></span> <span class='ocrx_word' id='word_1_395' title='bbox 141 4104 334 4174; x_wconf 84' lang='lat' dir='ltr'><strong>militis,</strong></span> <span class='ocrx_word' id='word_1_396' title='bbox 363 4106 482 4178; x_wconf 86' lang='lat' dir='ltr'><strong>qui&#39;</strong></span> <span class='ocrx_word' id='word_1_397' title='bbox 511 4119 624 4162; x_wconf 89' lang='lat' dir='ltr'><strong>non</strong></span> <span class='ocrx_word' id='word_1_398' title='bbox 671 4104 948 4162; x_wconf 85' lang='lat' dir='ltr'><strong>erubescit</strong></span> <span class='ocrx_word' id='word_1_399' title='bbox 987 4103 1195 4160; x_wconf 88' lang='lat' dir='ltr'><strong>includi</strong></span> <span class='ocrx_word' id='word_1_400' title='bbox 1233 4101 1428 4174; x_wconf 91' lang='lat' dir='ltr'><strong>portis.</strong></span> <span class='ocrx_word' id='word_1_401' title='bbox 1461 4099 1612 4157; x_wconf 89' lang='lat' dir='ltr'><strong>Con-</strong></span> 
     </span>
    </p>
   </div>
   <div class='ocr_carea' id='block_1_59' title="bbox 57 4193 1613 4272">
    <p class='ocr_par' dir='ltr' id='par_1_59' title="bbox 57 4193 1613 4272">
     <span class='ocr_line' id='line_1_59' title="bbox 57 4193 1613 4272; baseline 0.003 -26"><span class='ocrx_word' id='word_1_402' title='bbox 57 4195 344 4254; x_wconf 86' lang='lat' dir='ltr'><strong>scendamus</strong></span> <span class='ocrx_word' id='word_1_403' title='bbox 371 4213 655 4272; x_wconf 77' lang='lat' dir='ltr'><strong>aggerem,</strong></span> <span class='ocrx_word' id='word_1_404' title='bbox 710 4212 926 4265; x_wconf 91' lang='lat' dir='ltr'><strong>murus,</strong></span> <span class='ocrx_word' id='word_1_405' title='bbox 983 4195 1128 4264; x_wconf 92' lang='lat' dir='ltr'><strong>dico,</strong></span> <span class='ocrx_word' id='word_1_406' title='bbox 1185 4204 1280 4251; x_wconf 91' lang='lat' dir='ltr'><strong>aut</strong></span> <span class='ocrx_word' id='word_1_407' title='bbox 1325 4193 1613 4250; x_wconf 89' lang='lat' dir='ltr'><strong>securibus</strong></span> 
     </span>
    </p>
   </div>
   <div class='ocr_carea' id='block_1_60' title="bbox 55 4284 1609 4362">
    <p class='ocr_par' dir='ltr' id='par_1_60' title="bbox 55 4284 1609 4362">
     <span class='ocr_line' id='line_1_60' title="bbox 55 4284 1609 4362; baseline 0.001 -24"><span class='ocrx_word' id='word_1_408' title='bbox 55 4284 200 4355; x_wconf 81' lang='lat' dir='ltr'><strong>cedat,</strong></span> <span class='ocrx_word' id='word_1_409' title='bbox 228 4298 319 4344; x_wconf 84' lang='lat' dir='ltr'><strong>aut</strong></span> <span class='ocrx_word' id='word_1_410' title='bbox 341 4291 532 4347; x_wconf 87' lang='lat' dir='ltr'><strong>scalis.</strong></span> <span class='ocrx_word' id='word_1_411' title='bbox 573 4309 592 4342; x_wconf 73' lang='grc' dir='ltr'><strong><em>ι</em></strong></span> <span class='ocrx_word' id='word_1_412' title='bbox 623 4288 787 4346; x_wconf 73' lang='lat' dir='ltr'><strong>lubet</strong></span> <span class='ocrx_word' id='word_1_413' title='bbox 811 4290 1088 4362; x_wconf 86' lang='lat' dir='ltr'><strong>princeps,</strong></span> <span class='ocrx_word' id='word_1_414' title='bbox 1118 4286 1389 4344; x_wconf 87' lang='lat' dir='ltr'><strong>accelerat</strong></span> <span class='ocrx_word' id='word_1_415' title='bbox 1429 4285 1609 4352; x_wconf 87' lang='lat' dir='ltr'><strong>miles,</strong></span> 
     </span>
    </p>
   </div>
   <div class='ocr_carea' id='block_1_61' title="bbox 58 4379 1613 4454">
    <p class='ocr_par' dir='ltr' id='par_1_61' title="bbox 58 4379 1613 4454">
     <span class='ocr_line' id='line_1_61' title="bbox 58 4379 1613 4454; baseline 0.003 -24"><span class='ocrx_word' id='word_1_416' title='bbox 58 4379 262 4436; x_wconf 83' lang='lat' dir='ltr'><strong>curritur</strong></span> <span class='ocrx_word' id='word_1_417' title='bbox 297 4382 363 4438; x_wconf 90' lang='lat' dir='ltr'><strong>ad</strong></span> <span class='ocrx_word' id='word_1_418' title='bbox 409 4397 608 4439; x_wconf 90' lang='lat' dir='ltr'><strong>muros</strong></span> <span class='ocrx_word' id='word_1_419' title='bbox 638 4398 652 4436; x_wconf 91' lang='lat'><strong>:</strong></span> <span class='ocrx_word' id='word_1_420' title='bbox 682 4383 936 4450; x_wconf 90' lang='lat' dir='ltr'><strong>malleus,</strong></span> <span class='ocrx_word' id='word_1_421' title='bbox 973 4382 1105 4454; x_wconf 85' lang='lat' dir='ltr'><strong>ligo,</strong></span> <span class='ocrx_word' id='word_1_422' title='bbox 1145 4379 1378 4447; x_wconf 87' lang='lat' dir='ltr'><strong>securis,</strong></span> <span class='ocrx_word' id='word_1_423' title='bbox 1419 4388 1473 4435; x_wconf 92' lang='lat' dir='ltr'><strong>et</strong></span> <span class='ocrx_word' id='word_1_424' title='bbox 1506 4379 1613 4435; x_wconf 91' lang='lat' dir='ltr'><strong>hoc</strong></span> 
     </span>
    </p>
   </div>
   <div class='ocr_carea' id='block_1_62' title="bbox 1728 1902 3330 1970">
    <p class='ocr_par' dir='ltr' id='par_1_62' title="bbox 1728 1902 3330 1970">
     <span class='ocr_line' id='line_1_62' title="bbox 1728 1902 3330 1970; baseline 0.009 -16"><span class='ocrx_word' id='word_1_425' title='bbox 1728 1915 1983 1970; x_wconf 88' lang='lat' dir='ltr'><strong>numero,</strong></span> <span class='ocrx_word' id='word_1_426' title='bbox 2014 1902 2332 1959; x_wconf 92' lang='lat' dir='ltr'><strong>eolliculum</strong></span> <span class='ocrx_word' id='word_1_427' title='bbox 2359 1904 2482 1961; x_wconf 90' lang='lat' dir='ltr'><strong>urbi</strong></span> <span class='ocrx_word' id='word_1_428' title='bbox 2507 1905 2752 1964; x_wconf 89' lang='lat' dir='ltr'><strong>vicinum</strong></span> <span class='ocrx_word' id='word_1_429' title='bbox 2799 1925 2960 1966; x_wconf 90' lang='lat' dir='ltr'><strong>muro</strong></span> <span class='ocrx_word' id='word_1_430' title='bbox 2999 1919 3055 1967; x_wconf 90' lang='lat' dir='ltr'><strong>et</strong></span> <span class='ocrx_word' id='word_1_431' title='bbox 3083 1912 3330 1968; x_wconf 88' lang='lat' dir='ltr'><strong>turribus</strong></span> 
     </span>
    </p>
   </div>
   <div class='ocr_carea' id='block_1_63' title="bbox 1727 1991 3326 2076">
    <p class='ocr_par' dir='ltr' id='par_1_63' title="bbox 1727 1991 3326 2076">
     <span class='ocr_line' id='line_1_63' title="bbox 1727 1991 3326 2076; baseline 0.009 -30"><span class='ocrx_word' id='word_1_432' title='bbox 1727 1991 1946 2048; x_wconf 88' lang='lat' dir='ltr'><strong>munire</strong></span> <span class='ocrx_word' id='word_1_433' title='bbox 1989 1993 2179 2065; x_wconf 77' lang='lat' dir='ltr'><strong>capit,</strong></span> <span class='ocrx_word' id='word_1_434' title='bbox 2224 2011 2388 2066; x_wconf 86' lang='lat' dir='ltr'><strong>quem</strong></span> <span class='ocrx_word' id='word_1_435' title='bbox 2439 1996 2607 2053; x_wconf 89' lang='lat' dir='ltr'><strong>etiam</strong></span> <span class='ocrx_word' id='word_1_436' title='bbox 2657 2008 2902 2058; x_wconf 86' lang='lat' dir='ltr'><strong>montem</strong></span> <span class='ocrx_word' id='word_1_437' title='bbox 2952 2003 3326 2076; x_wconf 81' lang='lat' dir='ltr'><strong>peregrinum,</strong></span> 
     </span>
    </p>
   </div>
   <div class='ocr_carea' id='block_1_64' title="bbox 1728 2080 3325 2163">
    <p class='ocr_par' dir='ltr' id='par_1_64' title="bbox 1728 2080 3325 2163">
     <span class='ocr_line' id='line_1_64' title="bbox 1728 2080 3325 2163; baseline 0.009 -28"><span class='ocrx_word' id='word_1_438' title='bbox 1728 2080 1938 2163; x_wconf 85' lang='lat' dir='ltr'><strong>urbana</strong></span> <span class='ocrx_word' id='word_1_439' title='bbox 1968 2085 2204 2155; x_wconf 88' lang='lat' dir='ltr'><strong>quadam</strong></span> <span class='ocrx_word' id='word_1_440' title='bbox 2234 2085 2514 2154; x_wconf 90' lang='lat' dir='ltr'><strong>comitate,</strong></span> <span class='ocrx_word' id='word_1_441' title='bbox 2547 2089 2693 2160; x_wconf 84' lang='lat' dir='ltr'><strong>quod</strong></span> <span class='ocrx_word' id='word_1_442' title='bbox 2719 2104 3014 2149; x_wconf 89' lang='lat' dir='ltr'><strong>commune</strong></span> <span class='ocrx_word' id='word_1_443' title='bbox 3041 2102 3185 2163; x_wconf 89' lang='lat' dir='ltr'><strong>erat,</strong></span> <span class='ocrx_word' id='word_1_444' title='bbox 3217 2095 3325 2152; x_wconf 88' lang='lat' dir='ltr'><strong>sibi</strong></span> 
     </span>
    </p>
   </div>
   <div class='ocr_carea' id='block_1_65' title="bbox 1727 2162 3324 2252">
    <p class='ocr_par' dir='ltr' id='par_1_65' title="bbox 1727 2162 3324 2252">
     <span class='ocr_line' id='line_1_65' title="bbox 1727 2162 3324 2252; baseline 0.011 -28"><span class='ocrx_word' id='word_1_445' title='bbox 1727 2162 1954 2227; x_wconf 79' lang='lat' dir='ltr'><strong>minime</strong></span> <span class='ocrx_word' id='word_1_446' title='bbox 1984 2188 2259 2244; x_wconf 86' lang='lat' dir='ltr'><strong>usurpans</strong></span> <span class='ocrx_word' id='word_1_447' title='bbox 2280 2178 2637 2248; x_wconf 88' lang='lat' dir='ltr'><strong>nuncupavit.</strong></span> <span class='ocrx_word' id='word_1_448' title='bbox 2682 2177 2798 2238; x_wconf 90' lang='lat' dir='ltr'><strong>lllic</strong></span> <span class='ocrx_word' id='word_1_449' title='bbox 2828 2181 3098 2252; x_wconf 86' lang='lat' dir='ltr'><strong>residens,</strong></span> <span class='ocrx_word' id='word_1_450' title='bbox 3129 2162 3324 2242; x_wconf 83' lang='lat' dir='ltr'><strong>urbem</strong></span> 
     </span>
    </p>
   </div>
   <div class='ocr_carea' id='block_1_66' title="bbox 1725 2261 3324 2342">
    <p class='ocr_par' dir='ltr' id='par_1_66' title="bbox 1725 2261 3324 2342">
     <span class='ocr_line' id='line_1_66' title="bbox 1725 2261 3324 2342; baseline 0.011 -28"><span class='ocrx_word' id='word_1_451' title='bbox 1725 2261 2036 2330; x_wconf 81' lang='lat' dir='ltr'><strong>proximam</strong></span> <span class='ocrx_word' id='word_1_452' title='bbox 2065 2264 2276 2319; x_wconf 86' lang='lat' dir='ltr'><strong>crebris</strong></span> <span class='ocrx_word' id='word_1_453' title='bbox 2305 2267 2620 2324; x_wconf 68' lang='lat' dir='ltr'><strong>assultibus</strong></span> <span class='ocrx_word' id='word_1_454' title='bbox 2651 2268 2970 2342; x_wconf 77' lang='lat' dir='ltr'><strong>infestabat,</strong></span> <span class='ocrx_word' id='word_1_455' title='bbox 2999 2289 3100 2330; x_wconf 90' lang='lat' dir='ltr'><strong>nec</strong></span> <span class='ocrx_word' id='word_1_456' title='bbox 3139 2274 3324 2331; x_wconf 89' lang='lat' dir='ltr'><strong>minus</strong></span> 
     </span>
    </p>
   </div>
   <div class='ocr_carea' id='block_1_67' title="bbox 1725 2351 3321 2434">
    <p class='ocr_par' dir='ltr' id='par_1_67' title="bbox 1725 2351 3321 2434">
     <span class='ocr_line' id='line_1_67' title="bbox 1725 2351 3321 2434; baseline 0.009 -28"><span class='ocrx_word' id='word_1_457' title='bbox 1725 2351 1924 2408; x_wconf 89' lang='lat' dir='ltr'><strong>urbani</strong></span> <span class='ocrx_word' id='word_1_458' title='bbox 1981 2369 2185 2410; x_wconf 91' lang='lat' dir='ltr'><strong>novum</strong></span> <span class='ocrx_word' id='word_1_459' title='bbox 2234 2356 2368 2412; x_wconf 92' lang='lat' dir='ltr'><strong>illud</strong></span> <span class='ocrx_word' id='word_1_460' title='bbox 2418 2359 2781 2431; x_wconf 81' lang='lat' dir='ltr'><strong>municipium</strong></span> <span class='ocrx_word' id='word_1_461' title='bbox 2831 2378 2972 2434; x_wconf 90' lang='lat' dir='ltr'><strong>pene</strong></span> <span class='ocrx_word' id='word_1_462' title='bbox 3011 2364 3321 2422; x_wconf 84' lang='lat' dir='ltr'><strong>diruebant.</strong></span> 
     </span>
    </p>
   </div>
   <div class='ocr_carea' id='block_1_68' title="bbox 1724 2440 3322 2524">
    <p class='ocr_par' dir='ltr' id='par_1_68' title="bbox 1724 2440 3322 2524">
     <span class='ocr_line' id='line_1_68' title="bbox 1724 2440 3322 2524; baseline 0.009 -28"><span class='ocrx_word' id='word_1_463' title='bbox 1724 2440 1998 2514; x_wconf 84' lang='lat' dir='ltr'><strong>Perquam</strong></span> <span class='ocrx_word' id='word_1_464' title='bbox 2041 2445 2363 2503; x_wconf 89' lang='lat' dir='ltr'><strong>rarissimus</strong></span> <span class='ocrx_word' id='word_1_465' title='bbox 2409 2445 2649 2519; x_wconf 83' lang='lat' dir='ltr'><strong>fulgebat</strong></span> <span class='ocrx_word' id='word_1_466' title='bbox 2673 2450 2792 2507; x_wconf 89' lang='lat' dir='ltr'><strong>dies</strong></span> <span class='ocrx_word' id='word_1_467' title='bbox 2837 2452 2932 2523; x_wconf 89' lang='lat' dir='ltr'><strong>qui</strong></span> <span class='ocrx_word' id='word_1_468' title='bbox 2979 2461 3322 2524; x_wconf 79' lang='lat' dir='ltr'><strong>sequestram</strong></span> 
     </span>
    </p>
   </div>
   <div class='ocr_carea' id='block_1_69' title="bbox 1725 2525 3322 2613">
    <p class='ocr_par' dir='ltr' id='par_1_69' title="bbox 1725 2525 3322 2613">
     <span class='ocr_line' id='line_1_69' title="bbox 1725 2525 3322 2613; baseline 0.007 -27"><span class='ocrx_word' id='word_1_469' title='bbox 1725 2531 2007 2604; x_wconf 89' lang='lat' dir='ltr'><strong>planitiem</strong></span> <span class='ocrx_word' id='word_1_470' title='bbox 2039 2543 2298 2606; x_wconf 86' lang='lat' dir='ltr'><strong>utroque,</strong></span> <span class='ocrx_word' id='word_1_471' title='bbox 2331 2536 2446 2593; x_wconf 86' lang='lat' dir='ltr'><strong>sive</strong></span> <span class='ocrx_word' id='word_1_472' title='bbox 2475 2538 2740 2595; x_wconf 87' lang='lat' dir='ltr'><strong>alterutro</strong></span> <span class='ocrx_word' id='word_1_473' title='bbox 2769 2542 3036 2612; x_wconf 83' lang='lat' dir='ltr'><strong>sanguine</strong></span> <span class='ocrx_word' id='word_1_474' title='bbox 3061 2525 3322 2613; x_wconf 88' lang='lat' dir='ltr'><strong>consper-</strong></span> 
     </span>
    </p>
   </div>
   <div class='ocr_carea' id='block_1_70' title="bbox 1724 2627 3321 2704">
    <p class='ocr_par' dir='ltr' id='par_1_70' title="bbox 1724 2627 3321 2704">
     <span class='ocr_line' id='line_1_70' title="bbox 1724 2627 3321 2704; baseline 0.006 -23"><span class='ocrx_word' id='word_1_475' title='bbox 1724 2642 1840 2681; x_wconf 84' lang='lat' dir='ltr'><strong>sam</strong></span> <span class='ocrx_word' id='word_1_476' title='bbox 1873 2642 1984 2681; x_wconf 92' lang='lat' dir='ltr'><strong>non</strong></span> <span class='ocrx_word' id='word_1_477' title='bbox 2012 2627 2240 2683; x_wconf 84' lang='lat' dir='ltr'><strong>videret.</strong></span> <span class='ocrx_word' id='word_1_478' title='bbox 2271 2629 2423 2685; x_wconf 84' lang='lat' dir='ltr'><strong>Adeo</strong></span> <span class='ocrx_word' id='word_1_479' title='bbox 2446 2629 2814 2690; x_wconf 87' lang='lat' dir='ltr'><strong>multitudinis</strong></span> <span class='ocrx_word' id='word_1_480' title='bbox 2837 2649 2967 2704; x_wconf 87' lang='lat' dir='ltr'><strong>opes</strong></span> <span class='ocrx_word' id='word_1_481' title='bbox 2991 2634 3152 2702; x_wconf 77' lang='lat' dir='ltr'><strong>alios,</strong></span> <span class='ocrx_word' id='word_1_482' title='bbox 3182 2635 3321 2691; x_wconf 90' lang='lat' dir='ltr'><strong>alios</strong></span> 
     </span>
    </p>
   </div>
   <div class='ocr_carea' id='block_1_71' title="bbox 1721 2717 3320 2798">
    <p class='ocr_par' dir='ltr' id='par_1_71' title="bbox 1721 2717 3320 2798">
     <span class='ocr_line' id='line_1_71' title="bbox 1721 2717 3320 2798; baseline 0.007 -26"><span class='ocrx_word' id='word_1_483' title='bbox 1721 2717 1974 2788; x_wconf 91' lang='lat' dir='ltr'><strong>paucitas</strong></span> <span class='ocrx_word' id='word_1_484' title='bbox 2005 2719 2165 2791; x_wconf 89' lang='lat' dir='ltr'><strong>inops</strong></span> <span class='ocrx_word' id='word_1_485' title='bbox 2195 2720 2264 2776; x_wconf 91' lang='lat' dir='ltr'><strong>ad</strong></span> <span class='ocrx_word' id='word_1_486' title='bbox 2293 2720 2496 2778; x_wconf 90' lang='lat' dir='ltr'><strong>bellum</strong></span> <span class='ocrx_word' id='word_1_487' title='bbox 2532 2724 2850 2781; x_wconf 88' lang='lat' dir='ltr'><strong>stimulabat</strong></span> <span class='ocrx_word' id='word_1_488' title='bbox 2881 2744 2895 2782; x_wconf 92' lang='lat'><strong>:</strong></span> <span class='ocrx_word' id='word_1_489' title='bbox 2922 2727 3182 2798; x_wconf 88' lang='lat' dir='ltr'><strong>quoniam</strong></span> <span class='ocrx_word' id='word_1_490' title='bbox 3224 2726 3320 2783; x_wconf 88' lang='lat' dir='ltr'><strong>ubi</strong></span> 
     </span>
    </p>
   </div>
   <div class='ocr_carea' id='block_1_72' title="bbox 1721 2803 3320 2886">
    <p class='ocr_par' dir='ltr' id='par_1_72' title="bbox 1721 2803 3320 2886">
     <span class='ocr_line' id='line_1_72' title="bbox 1721 2803 3320 2886; baseline 0.009 -23"><span class='ocrx_word' id='word_1_491' title='bbox 1721 2823 1886 2865; x_wconf 87' lang='lat' dir='ltr'><strong>rarus</strong></span> <span class='ocrx_word' id='word_1_492' title='bbox 1914 2819 2001 2866; x_wconf 91' lang='lat' dir='ltr'><strong>est</strong></span> <span class='ocrx_word' id='word_1_493' title='bbox 2047 2811 2298 2882; x_wconf 89' lang='lat' dir='ltr'><strong>bellator,</strong></span> <span class='ocrx_word' id='word_1_494' title='bbox 2331 2814 2448 2886; x_wconf 91' lang='lat' dir='ltr'><strong>ipsa</strong></span> <span class='ocrx_word' id='word_1_495' title='bbox 2497 2831 2597 2871; x_wconf 91' lang='lat' dir='ltr'><strong>sua</strong></span> <span class='ocrx_word' id='word_1_496' title='bbox 2643 2803 2844 2876; x_wconf 87' lang='lat' dir='ltr'><strong>raritas</strong></span> <span class='ocrx_word' id='word_1_497' title='bbox 2874 2821 3091 2875; x_wconf 75' lang='lat' dir='ltr'><strong>animos</strong></span> <span class='ocrx_word' id='word_1_498' title='bbox 3122 2836 3320 2877; x_wconf 84' lang='lat' dir='ltr'><strong>accen-</strong></span> 
     </span>
    </p>
   </div>
   <div class='ocr_carea' id='block_1_73' title="bbox 1722 2900 3317 2982">
    <p class='ocr_par' dir='ltr' id='par_1_73' title="bbox 1722 2900 3317 2982">
     <span class='ocr_line' id='line_1_73' title="bbox 1722 2900 3317 2982; baseline 0.009 -26"><span class='ocrx_word' id='word_1_499' title='bbox 1722 2900 1804 2956; x_wconf 88' lang='lat' dir='ltr'><strong>dit</strong></span> <span class='ocrx_word' id='word_1_500' title='bbox 1835 2919 1849 2956; x_wconf 92' lang='lat'><strong>:</strong></span> <span class='ocrx_word' id='word_1_501' title='bbox 1884 2901 1976 2957; x_wconf 91' lang='lat' dir='ltr'><strong>ubi</strong></span> <span class='ocrx_word' id='word_1_502' title='bbox 2003 2904 2232 2972; x_wconf 91' lang='lat' dir='ltr'><strong>multus,</strong></span> <span class='ocrx_word' id='word_1_503' title='bbox 2255 2905 2537 2976; x_wconf 88' lang='lat' dir='ltr'><strong>dispendia</strong></span> <span class='ocrx_word' id='word_1_504' title='bbox 2567 2912 2783 2966; x_wconf 85' lang='lat' dir='ltr'><strong>cruoris</strong></span> <span class='ocrx_word' id='word_1_505' title='bbox 2804 2909 2963 2967; x_wconf 87' lang='lat' dir='ltr'><strong>facile</strong></span> <span class='ocrx_word' id='word_1_506' title='bbox 2993 2912 3317 2982; x_wconf 86' lang='lat' dir='ltr'><strong>tolerantur,</strong></span> 
     </span>
    </p>
   </div>
   <div class='ocr_carea' id='block_1_74' title="bbox 1722 2990 3320 3065">
    <p class='ocr_par' dir='ltr' id='par_1_74' title="bbox 1722 2990 3320 3065">
     <span class='ocr_line' id='line_1_74' title="bbox 1722 2990 3320 3065; baseline 0.009 -20"><span class='ocrx_word' id='word_1_507' title='bbox 1722 2990 1891 3063; x_wconf 86' lang='lat' dir='ltr'><strong>fitque</strong></span> <span class='ocrx_word' id='word_1_508' title='bbox 1932 2995 2198 3065; x_wconf 89' lang='lat' dir='ltr'><strong>voluptati</strong></span> <span class='ocrx_word' id='word_1_509' title='bbox 2251 2996 2450 3051; x_wconf 91' lang='lat' dir='ltr'><strong>horror</strong></span> <span class='ocrx_word' id='word_1_510' title='bbox 2499 2999 2748 3056; x_wconf 86' lang='lat' dir='ltr'><strong>bellicus.</strong></span> <span class='ocrx_word' id='word_1_511' title='bbox 2785 2998 2878 3058; x_wconf 89' lang='lat' dir='ltr'><strong>Sic</strong></span> <span class='ocrx_word' id='word_1_512' title='bbox 2917 3003 3320 3060; x_wconf 84' lang='lat' dir='ltr'><strong>recalcitrando</strong></span> 
     </span>
    </p>
   </div>
   <div class='ocr_carea' id='block_1_75' title="bbox 1723 3087 3318 3163">
    <p class='ocr_par' dir='ltr' id='par_1_75' title="bbox 1723 3087 3318 3163">
     <span class='ocr_line' id='line_1_75' title="bbox 1723 3087 3318 3163; baseline 0.008 -26"><span class='ocrx_word' id='word_1_513' title='bbox 1723 3091 1988 3151; x_wconf 84' lang='lat' dir='ltr'><strong>castrum,</strong></span> <span class='ocrx_word' id='word_1_514' title='bbox 2021 3093 2075 3141; x_wconf 91' lang='lat' dir='ltr'><strong>et</strong></span> <span class='ocrx_word' id='word_1_515' title='bbox 2103 3087 2318 3155; x_wconf 88' lang='lat' dir='ltr'><strong>civitas,</strong></span> <span class='ocrx_word' id='word_1_516' title='bbox 2355 3087 2649 3146; x_wconf 91' lang='lat' dir='ltr'><strong>diminutio</strong></span> <span class='ocrx_word' id='word_1_517' title='bbox 2697 3092 2895 3163; x_wconf 85' lang='lat' dir='ltr'><strong>popelli</strong></span> <span class='ocrx_word' id='word_1_518' title='bbox 2931 3093 3018 3148; x_wconf 92' lang='lat' dir='ltr'><strong>sui</strong></span> <span class='ocrx_word' id='word_1_519' title='bbox 3048 3093 3318 3151; x_wconf 79' lang='lat' dir='ltr'><strong>Raimun-</strong></span> 
     </span>
    </p>
   </div>
   <div class='ocr_carea' id='block_1_76' title="bbox 1721 3174 3317 3257">
    <p class='ocr_par' dir='ltr' id='par_1_76' title="bbox 1721 3174 3317 3257">
     <span class='ocr_line' id='line_1_76' title="bbox 1721 3174 3317 3257; baseline 0.008 -27"><span class='ocrx_word' id='word_1_520' title='bbox 1721 3174 1852 3230; x_wconf 90' lang='lat' dir='ltr'><strong>dum</strong></span> <span class='ocrx_word' id='word_1_521' title='bbox 1915 3182 2086 3232; x_wconf 89' lang='lat' dir='ltr'><strong>terret</strong></span> <span class='ocrx_word' id='word_1_522' title='bbox 2129 3195 2143 3232; x_wconf 90' lang='lat'><strong>:</strong></span> <span class='ocrx_word' id='word_1_523' title='bbox 2195 3178 2385 3234; x_wconf 87' lang='lat' dir='ltr'><strong>eadem</strong></span> <span class='ocrx_word' id='word_1_524' title='bbox 2447 3179 2626 3252; x_wconf 86' lang='lat' dir='ltr'><strong>ipsum</strong></span> <span class='ocrx_word' id='word_1_525' title='bbox 2677 3183 3039 3241; x_wconf 78' lang='lat' dir='ltr'><strong>transfretare</strong></span> <span class='ocrx_word' id='word_1_526' title='bbox 3095 3194 3317 3257; x_wconf 89' lang='lat' dir='ltr'><strong>atqnca</strong></span> 
     </span>
    </p>
   </div>
   <div class='ocr_carea' id='block_1_77' title="bbox 1721 3263 3314 3346">
    <p class='ocr_par' dir='ltr' id='par_1_77' title="bbox 1721 3263 3314 3346">
     <span class='ocr_line' id='line_1_77' title="bbox 1721 3263 3314 3346; baseline 0.006 -26"><span class='ocrx_word' id='word_1_527' title='bbox 1721 3263 1912 3322; x_wconf 83' lang='lat' dir='ltr'><strong>Graec</strong></span> <span class='ocrx_word' id='word_1_528' title='bbox 1975 3267 2304 3337; x_wconf 86' lang='lat' dir='ltr'><strong>imperatore</strong></span> <span class='ocrx_word' id='word_1_529' title='bbox 2352 3270 2618 3326; x_wconf 87' lang='lat' dir='ltr'><strong>auxilium</strong></span> <span class='ocrx_word' id='word_1_530' title='bbox 2683 3271 2978 3344; x_wconf 87' lang='lat' dir='ltr'><strong>implorare</strong></span> <span class='ocrx_word' id='word_1_531' title='bbox 3016 3275 3314 3346; x_wconf 77' lang='lat' dir='ltr'><strong>compellit.</strong></span> 
     </span>
    </p>
   </div>
   <div class='ocr_carea' id='block_1_78' title="bbox 1721 3355 3317 3438">
    <p class='ocr_par' dir='ltr' id='par_1_78' title="bbox 1721 3355 3317 3438">
     <span class='ocr_line' id='line_1_78' title="bbox 1721 3355 3317 3438; baseline 0.008 -26"><span class='ocrx_word' id='word_1_532' title='bbox 1721 3355 1848 3412; x_wconf 84' lang='lat' dir='ltr'><strong>Fert</strong></span> <span class='ocrx_word' id='word_1_533' title='bbox 1869 3374 2054 3414; x_wconf 88' lang='lat' dir='ltr'><strong>secum</strong></span> <span class='ocrx_word' id='word_1_534' title='bbox 2071 3361 2441 3432; x_wconf 79' lang='lat' dir='ltr'><strong>apocrypham</strong></span> <span class='ocrx_word' id='word_1_535' title='bbox 2468 3363 2614 3418; x_wconf 87' lang='lat' dir='ltr'><strong>illam</strong></span> <span class='ocrx_word' id='word_1_536' title='bbox 2631 3366 2936 3434; x_wconf 90' lang='lat' dir='ltr'><strong>cuspidem,</strong></span> <span class='ocrx_word' id='word_1_537' title='bbox 2967 3366 3128 3438; x_wconf 87' lang='lat' dir='ltr'><strong>cujus</strong></span> <span class='ocrx_word' id='word_1_538' title='bbox 3148 3383 3317 3438; x_wconf 85' lang='lat' dir='ltr'><strong>supra</strong></span> 
     </span>
    </p>
   </div>
   <div class='ocr_carea' id='block_1_79' title="bbox 1719 3450 3318 3530">
    <p class='ocr_par' dir='ltr' id='par_1_79' title="bbox 1719 3450 3318 3530">
     <span class='ocr_line' id='line_1_79' title="bbox 1719 3450 3318 3530; baseline 0.006 -26"><span class='ocrx_word' id='word_1_539' title='bbox 1719 3451 1925 3506; x_wconf 88' lang='lat' dir='ltr'><strong>mentio</strong></span> <span class='ocrx_word' id='word_1_540' title='bbox 1948 3450 2110 3519; x_wconf 87' lang='lat' dir='ltr'><strong>facta,</strong></span> <span class='ocrx_word' id='word_1_541' title='bbox 2135 3452 2478 3509; x_wconf 79' lang='lat' dir='ltr'><strong>inventorem</strong></span> <span class='ocrx_word' id='word_1_542' title='bbox 2501 3471 2662 3511; x_wconf 90' lang='lat' dir='ltr'><strong>suum</strong></span> <span class='ocrx_word' id='word_1_543' title='bbox 2692 3473 2789 3528; x_wconf 88' lang='lat' dir='ltr'><strong>per</strong></span> <span class='ocrx_word' id='word_1_544' title='bbox 2821 3456 3071 3514; x_wconf 66' lang='lat' dir='ltr'><strong>“animas</strong></span> <span class='ocrx_word' id='word_1_545' title='bbox 3103 3467 3318 3530; x_wconf 75' lang='lat' dir='ltr'><strong>tempo-</strong></span> 
     </span>
    </p>
   </div>
   <div class='ocr_carea' id='block_1_80' title="bbox 1719 3546 3315 3624">
    <p class='ocr_par' dir='ltr' id='par_1_80' title="bbox 1719 3546 3315 3624">
     <span class='ocr_line' id='line_1_80' title="bbox 1719 3546 3315 3624; baseline 0.009 -25"><span class='ocrx_word' id='word_1_546' title='bbox 1719 3546 1862 3602; x_wconf 91' lang='lat' dir='ltr'><strong>rales</strong></span> <span class='ocrx_word' id='word_1_547' title='bbox 1891 3547 1958 3602; x_wconf 90' lang='lat' dir='ltr'><strong>ad</strong></span> <span class='ocrx_word' id='word_1_548' title='bbox 1995 3556 2229 3604; x_wconf 85' lang='lat' dir='ltr'><strong>aternas</strong></span> <span class='ocrx_word' id='word_1_549' title='bbox 2259 3551 2594 3619; x_wconf 84' lang='lat' dir='ltr'><strong>transmisit;</strong></span> <span class='ocrx_word' id='word_1_550' title='bbox 2644 3553 2808 3620; x_wconf 91' lang='lat' dir='ltr'><strong>hanc,</strong></span> <span class='ocrx_word' id='word_1_551' title='bbox 2837 3553 3088 3624; x_wconf 84' lang='lat' dir='ltr'><strong>inquam,</strong></span> <span class='ocrx_word' id='word_1_552' title='bbox 3124 3571 3315 3614; x_wconf 77' lang='lat' dir='ltr'><strong>secuta</strong></span> 
     </span>
    </p>
   </div>
   <div class='ocr_carea' id='block_1_81' title="bbox 1718 3638 3310 3719">
    <p class='ocr_par' dir='ltr' id='par_1_81' title="bbox 1718 3638 3310 3719">
     <span class='ocr_line' id='line_1_81' title="bbox 1718 3638 3310 3719; baseline 0.008 -27"><span class='ocrx_word' id='word_1_553' title='bbox 1718 3647 1965 3708; x_wconf 88' lang='lat' dir='ltr'><strong>asportat</strong></span> <span class='ocrx_word' id='word_1_554' title='bbox 1998 3638 2191 3694; x_wconf 84' lang='lat' dir='ltr'><strong>Alexio</strong></span> <span class='ocrx_word' id='word_1_555' title='bbox 2221 3657 2444 3697; x_wconf 90' lang='lat' dir='ltr'><strong>munus.</strong></span> <span class='ocrx_word' id='word_1_556' title='bbox 2487 3640 2890 3700; x_wconf 82' lang='lat' dir='ltr'><strong>Remuneratur</strong></span> <span class='ocrx_word' id='word_1_557' title='bbox 2921 3656 2975 3702; x_wconf 91' lang='lat' dir='ltr'><strong>et</strong></span> <span class='ocrx_word' id='word_1_558' title='bbox 3009 3648 3126 3719; x_wconf 90' lang='lat' dir='ltr'><strong>ipse</strong></span> <span class='ocrx_word' id='word_1_559' title='bbox 3153 3665 3310 3704; x_wconf 85' lang='lat' dir='ltr'><strong>sum-</strong></span> 
     </span>
    </p>
   </div>
   <div class='ocr_carea' id='block_1_82' title="bbox 1718 3733 3314 3818">
    <p class='ocr_par' dir='ltr' id='par_1_82' title="bbox 1718 3733 3314 3818">
     <span class='ocr_line' id='line_1_82' title="bbox 1718 3733 3314 3818; baseline 0.008 -32"><span class='ocrx_word' id='word_1_560' title='bbox 1718 3747 1958 3802; x_wconf 91' lang='lat' dir='ltr'><strong>mopere,</strong></span> <span class='ocrx_word' id='word_1_561' title='bbox 1990 3742 2177 3803; x_wconf 89' lang='lat' dir='ltr'><strong>gratus</strong></span> <span class='ocrx_word' id='word_1_562' title='bbox 2201 3733 2421 3804; x_wconf 87' lang='lat' dir='ltr'><strong>quidem</strong></span> <span class='ocrx_word' id='word_1_563' title='bbox 2466 3736 2612 3807; x_wconf 92' lang='lat' dir='ltr'><strong>quod</strong></span> <span class='ocrx_word' id='word_1_564' title='bbox 2643 3751 2763 3803; x_wconf 87' lang='lat' dir='ltr'><strong>sua,</strong></span> <span class='ocrx_word' id='word_1_565' title='bbox 2789 3738 2946 3811; x_wconf 88' lang='lat' dir='ltr'><strong>longe</strong></span> <span class='ocrx_word' id='word_1_566' title='bbox 2975 3747 3157 3796; x_wconf 89' lang='lat' dir='ltr'><strong>autem</strong></span> <span class='ocrx_word' id='word_1_567' title='bbox 3187 3757 3314 3818; x_wconf 35' lang='lat' dir='ltr'><strong>grai</strong></span> 
     </span>
    </p>
   </div>
   <div class='ocr_carea' id='block_1_83' title="bbox 1717 3823 3312 3903">
    <p class='ocr_par' dir='ltr' id='par_1_83' title="bbox 1717 3823 3312 3903">
     <span class='ocr_line' id='line_1_83' title="bbox 1717 3823 3312 3903; baseline 0.007 -25"><span class='ocrx_word' id='word_1_568' title='bbox 1717 3823 1826 3878; x_wconf 89' lang='lat' dir='ltr'><strong>tior</strong></span> <span class='ocrx_word' id='word_1_569' title='bbox 1847 3824 1992 3893; x_wconf 89' lang='lat' dir='ltr'><strong>quod</strong></span> <span class='ocrx_word' id='word_1_570' title='bbox 2021 3824 2550 3894; x_wconf 9' lang='lat' dir='ltr'><strong>seipsum‘obtulerit</strong></span> <span class='ocrx_word' id='word_1_571' title='bbox 2583 3845 2596 3882; x_wconf 92' lang='lat'><strong>:</strong></span> <span class='ocrx_word' id='word_1_572' title='bbox 2623 3829 2803 3885; x_wconf 90' lang='lat' dir='ltr'><strong>eundo</strong></span> <span class='ocrx_word' id='word_1_573' title='bbox 2829 3845 3064 3903; x_wconf 90' lang='lat' dir='ltr'><strong>namque</strong></span> <span class='ocrx_word' id='word_1_574' title='bbox 3087 3831 3312 3889; x_wconf 79' lang='lat' dir='ltr'><strong>Jerusa-</strong></span> 
     </span>
    </p>
   </div>
   <div class='ocr_carea' id='block_1_84' title="bbox 1717 3913 3310 3995">
    <p class='ocr_par' dir='ltr' id='par_1_84' title="bbox 1717 3913 3310 3995">
     <span class='ocr_line' id='line_1_84' title="bbox 1717 3913 3310 3995; baseline 0.008 -27"><span class='ocrx_word' id='word_1_575' title='bbox 1717 3913 1822 3970; x_wconf 92' lang='lat' dir='ltr'><strong>lem</strong></span> <span class='ocrx_word' id='word_1_576' title='bbox 1877 3914 2134 3971; x_wconf 86' lang='lat' dir='ltr'><strong>invitatus</strong></span> <span class='ocrx_word' id='word_1_577' title='bbox 2167 3917 2398 3972; x_wconf 88' lang='lat' dir='ltr'><strong>nescivit</strong></span> <span class='ocrx_word' id='word_1_578' title='bbox 2440 3919 2772 3990; x_wconf 90' lang='lat' dir='ltr'><strong>supplicare,</strong></span> <span class='ocrx_word' id='word_1_579' title='bbox 2804 3922 2974 3978; x_wconf 83' lang='lat' dir='ltr'><strong>redux</strong></span> <span class='ocrx_word' id='word_1_580' title='bbox 3001 3923 3310 3995; x_wconf 85' lang='lat' dir='ltr'><strong>supplicat;</strong></span> 
     </span>
    </p>
   </div>
   <div class='ocr_carea' id='block_1_85' title="bbox 1716 4006 3314 4089">
    <p class='ocr_par' dir='ltr' id='par_1_85' title="bbox 1716 4006 3314 4089">
     <span class='ocr_line' id='line_1_85' title="bbox 1716 4006 3314 4089; baseline 0.007 -27"><span class='ocrx_word' id='word_1_581' title='bbox 1716 4006 1863 4073; x_wconf 90' lang='lat' dir='ltr'><strong>inde,</strong></span> <span class='ocrx_word' id='word_1_582' title='bbox 1889 4017 2098 4078; x_wconf 87' lang='lat' dir='ltr'><strong>quanto</strong></span> <span class='ocrx_word' id='word_1_583' title='bbox 2126 4018 2252 4064; x_wconf 89' lang='lat' dir='ltr'><strong>ante</strong></span> <span class='ocrx_word' id='word_1_584' title='bbox 2282 4007 2464 4065; x_wconf 83' lang='lat' dir='ltr'><strong>fuerat</strong></span> <span class='ocrx_word' id='word_1_585' title='bbox 2485 4011 2706 4089; x_wconf 88' lang='lat' dir='ltr'><strong>surdior</strong></span> <span class='ocrx_word' id='word_1_586' title='bbox 2729 4022 2982 4086; x_wconf 85' lang='lat' dir='ltr'><strong>rogatus;</strong></span> <span class='ocrx_word' id='word_1_587' title='bbox 3007 4025 3160 4071; x_wconf 88' lang='lat' dir='ltr'><strong>tanto</strong></span> <span class='ocrx_word' id='word_1_588' title='bbox 3188 4025 3314 4088; x_wconf 89' lang='lat' dir='ltr'><strong>post</strong></span> 
     </span>
    </p>
   </div>
   <div class='ocr_carea' id='block_1_86' title="bbox 1715 4097 3313 4180">
    <p class='ocr_par' dir='ltr' id='par_1_86' title="bbox 1715 4097 3313 4180">
     <span class='ocr_line' id='line_1_86' title="bbox 1715 4097 3313 4180; baseline 0.009 -27"><span class='ocrx_word' id='word_1_589' title='bbox 1715 4097 1776 4155; x_wconf 87' lang='lat' dir='ltr'><strong>fit</strong></span> <span class='ocrx_word' id='word_1_590' title='bbox 1837 4099 2182 4168; x_wconf 87' lang='lat' dir='ltr'><strong>exauditior,</strong></span> <span class='ocrx_word' id='word_1_591' title='bbox 2244 4116 2466 4173; x_wconf 89' lang='lat' dir='ltr'><strong>rogans.</strong></span> <span class='ocrx_word' id='word_1_592' title='bbox 2534 4103 2792 4162; x_wconf 87' lang='lat' dir='ltr'><strong>Cumulat</strong></span> <span class='ocrx_word' id='word_1_593' title='bbox 2848 4107 3024 4180; x_wconf 86' lang='lat' dir='ltr'><strong>gratia</strong></span> <span class='ocrx_word' id='word_1_594' title='bbox 3077 4125 3313 4168; x_wconf 82' lang='lat' dir='ltr'><strong>concors</strong></span> 
     </span>
    </p>
   </div>
   <div class='ocr_carea' id='block_1_87' title="bbox 1715 4191 3310 4267">
    <p class='ocr_par' dir='ltr' id='par_1_87' title="bbox 1715 4191 3310 4267">
     <span class='ocr_line' id='line_1_87' title="bbox 1715 4191 3310 4267; baseline 0.008 -21"><span class='ocrx_word' id='word_1_595' title='bbox 1715 4191 1903 4246; x_wconf 91' lang='lat' dir='ltr'><strong>odium</strong></span> <span class='ocrx_word' id='word_1_596' title='bbox 1935 4191 2225 4248; x_wconf 87' lang='lat' dir='ltr'><strong>Antiochia</strong></span> <span class='ocrx_word' id='word_1_597' title='bbox 2253 4201 2362 4249; x_wconf 81' lang='lat' dir='ltr'><strong>tam</strong></span> <span class='ocrx_word' id='word_1_598' title='bbox 2407 4195 2558 4264; x_wconf 92' lang='lat' dir='ltr'><strong>huic,</strong></span> <span class='ocrx_word' id='word_1_599' title='bbox 2603 4212 2770 4267; x_wconf 91' lang='lat' dir='ltr'><strong>quam</strong></span> <span class='ocrx_word' id='word_1_600' title='bbox 2817 4198 2894 4254; x_wconf 92' lang='lat' dir='ltr'><strong>illi</strong></span> <span class='ocrx_word' id='word_1_601' title='bbox 2927 4200 3170 4257; x_wconf 90' lang='lat' dir='ltr'><strong>inimica.</strong></span> <span class='ocrx_word' id='word_1_602' title='bbox 3199 4201 3310 4260; x_wconf 80' lang='lat' dir='ltr'><strong>Re-</strong></span> 
     </span>
    </p>
   </div>
   <div class='ocr_carea' id='block_1_88' title="bbox 1715 4282 3312 4360">
    <p class='ocr_par' dir='ltr' id='par_1_88' title="bbox 1715 4282 3312 4360">
     <span class='ocr_line' id='line_1_88' title="bbox 1715 4282 3312 4360; baseline 0.008 -22"><span class='ocrx_word' id='word_1_603' title='bbox 1715 4282 1950 4338; x_wconf 84' lang='lat' dir='ltr'><strong>mittitur</strong></span> <span class='ocrx_word' id='word_1_604' title='bbox 1981 4298 2114 4356; x_wconf 87' lang='lat' dir='ltr'><strong>ergo</strong></span> <span class='ocrx_word' id='word_1_605' title='bbox 2139 4300 2265 4341; x_wconf 92' lang='lat' dir='ltr'><strong>cum</strong></span> <span class='ocrx_word' id='word_1_606' title='bbox 2312 4287 2550 4360; x_wconf 86' lang='lat' dir='ltr'><strong>magnis,</strong></span> <span class='ocrx_word' id='word_1_607' title='bbox 2601 4296 2662 4344; x_wconf 90' lang='lat' dir='ltr'><strong>ut</strong></span> <span class='ocrx_word' id='word_1_608' title='bbox 2702 4289 2836 4357; x_wconf 88' lang='lat' dir='ltr'><strong>dixi,</strong></span> <span class='ocrx_word' id='word_1_609' title='bbox 2869 4293 3191 4350; x_wconf 91' lang='lat' dir='ltr'><strong>muneribus</strong></span> <span class='ocrx_word' id='word_1_610' title='bbox 3239 4293 3312 4352; x_wconf 88' lang='lat' dir='ltr'><strong>ad</strong></span> 
     </span>
    </p>
   </div>
   <div class='ocr_carea' id='block_1_89' title="bbox 1713 4375 3312 4456">
    <p class='ocr_par' dir='ltr' id='par_1_89' title="bbox 1713 4375 3312 4456">
     <span class='ocr_line' id='line_1_89' title="bbox 1713 4375 3312 4456; baseline 0.008 -26"><span class='ocrx_word' id='word_1_611' title='bbox 1713 4375 2140 4447; x_wconf 87' lang='lat' dir='ltr'><strong>expugnandum</strong></span> <span class='ocrx_word' id='word_1_612' title='bbox 2171 4375 2384 4432; x_wconf 90' lang='lat' dir='ltr'><strong>hostem</strong></span> <span class='ocrx_word' id='word_1_613' title='bbox 2415 4377 2704 4456; x_wconf 79' lang='lat' dir='ltr'><strong>amborum</strong></span> <span class='ocrx_word' id='word_1_614' title='bbox 2730 4378 3138 4440; x_wconf 81' lang='lat' dir='ltr'><strong>Marchisidam.</strong></span> <span class='ocrx_word' id='word_1_615' title='bbox 3168 4382 3312 4442; x_wconf 85' lang='lat' dir='ltr'><strong>Deli-</strong></span> 
     </span>
    </p>
   </div>
   <div class='ocr_carea' id='block_1_90' title="bbox 59 4460 3307 4548">
    <p class='ocr_par' dir='ltr' id='par_1_90' title="bbox 59 4460 3307 4548">
     <span class='ocr_line' id='line_1_90' title="bbox 59 4460 3307 4548; baseline 0.004 -28"><span class='ocrx_word' id='word_1_616' title='bbox 59 4480 192 4526; x_wconf 87' lang='lat' dir='ltr'><strong>omue</strong></span> <span class='ocrx_word' id='word_1_617' title='bbox 215 4488 378 4545; x_wconf 85' lang='lat' dir='ltr'><strong>genus</strong></span> <span class='ocrx_word' id='word_1_618' title='bbox 421 4475 495 4530; x_wconf 87' lang='lat' dir='ltr'><strong>ad</strong></span> <span class='ocrx_word' id='word_1_619' title='bbox 529 4483 718 4546; x_wconf 91' lang='lat' dir='ltr'><strong>portas</strong></span> <span class='ocrx_word' id='word_1_620' title='bbox 751 4473 934 4530; x_wconf 90' lang='lat' dir='ltr'><strong>fremit</strong></span> <span class='ocrx_word' id='word_1_621' title='bbox 959 4492 972 4529; x_wconf 92' lang='lat'><strong>:</strong></span> <span class='ocrx_word' id='word_1_622' title='bbox 1006 4473 1114 4529; x_wconf 82' lang='lat' dir='ltr'><strong>illa</strong></span> <span class='ocrx_word' id='word_1_623' title='bbox 1145 4473 1399 4544; x_wconf 89' lang='lat' dir='ltr'><strong>quamvis</strong></span> <span class='ocrx_word' id='word_1_624' title='bbox 1426 4460 1614 4542; x_wconf 27' lang='lat' dir='ltr'><strong>dupli-‘</strong></span> <span class='ocrx_word' id='word_1_625' title='bbox 1636 4479 1690 4541; x_wconf 83' lang='grc' dir='ltr'><strong>Ῑ)</strong></span> <span class='ocrx_word' id='word_1_626' title='bbox 1713 4466 1909 4522; x_wconf 90' lang='lat' dir='ltr'><strong>herant</strong></span> <span class='ocrx_word' id='word_1_627' title='bbox 1932 4467 2074 4522; x_wconf 87' lang='lat' dir='ltr'><strong>intra</strong></span> <span class='ocrx_word' id='word_1_628' title='bbox 2105 4466 2358 4524; x_wconf 89' lang='lat' dir='ltr'><strong>homines</strong></span> <span class='ocrx_word' id='word_1_629' title='bbox 2391 4488 2404 4524; x_wconf 91' lang='lat'><strong>:</strong></span> <span class='ocrx_word' id='word_1_630' title='bbox 2423 4469 2638 4540; x_wconf 88' lang='lat' dir='ltr'><strong>judicat</strong></span> <span class='ocrx_word' id='word_1_631' title='bbox 2659 4472 2754 4544; x_wconf 82' lang='lat' dir='ltr'><strong>qui</strong></span> <span class='ocrx_word' id='word_1_632' title='bbox 2783 4471 2933 4530; x_wconf 88' lang='lat' dir='ltr'><strong>sedet</strong></span> <span class='ocrx_word' id='word_1_633' title='bbox 2963 4489 3130 4548; x_wconf 88' lang='lat' dir='ltr'><strong>super</strong></span> <span class='ocrx_word' id='word_1_634' title='bbox 3158 4475 3307 4534; x_wconf 86' lang='lat' dir='ltr'><strong>Che-</strong></span> 
     </span>
    </p>
   </div>
   <div class='ocr_carea' id='block_1_91' title="bbox 61 4563 1611 4637">
    <p class='ocr_par' dir='ltr' id='par_1_91' title="bbox 61 4563 1611 4637">
     <span class='ocr_line' id='line_1_91' title="bbox 61 4563 1611 4637; baseline 0.001 -17"><span class='ocrx_word' id='word_1_635' title='bbox 61 4571 152 4627; x_wconf 70' lang='grc' dir='ltr'><strong>σεε,</strong></span> <span class='ocrx_word' id='word_1_636' title='bbox 193 4567 438 4635; x_wconf 80' lang='lat' dir='ltr'><strong>quamvis</strong></span> <span class='ocrx_word' id='word_1_637' title='bbox 482 4565 694 4634; x_wconf 87' lang='lat' dir='ltr'><strong>ferrea,</strong></span> <span class='ocrx_word' id='word_1_638' title='bbox 736 4582 849 4623; x_wconf 90' lang='lat' dir='ltr'><strong>non</strong></span> <span class='ocrx_word' id='word_1_639' title='bbox 893 4565 1080 4623; x_wconf 90' lang='lat' dir='ltr'><strong>ferunt</strong></span> <span class='ocrx_word' id='word_1_640' title='bbox 1117 4582 1131 4620; x_wconf 89' lang='lat'><strong>:</strong></span> <span class='ocrx_word' id='word_1_641' title='bbox 1169 4573 1417 4622; x_wconf 81' lang='lat' dir='ltr'><strong>tremunt</strong></span> <span class='ocrx_word' id='word_1_642' title='bbox 1450 4563 1611 4637; x_wconf 86' lang='lat' dir='ltr'><strong>quasi</strong></span> 
     </span>
    </p>
   </div>
   <div class='ocr_carea' id='block_1_92' title="bbox 61 4648 1613 4726">
    <p class='ocr_par' dir='ltr' id='par_1_92' title="bbox 61 4648 1613 4726">
     <span class='ocr_line' id='line_1_92' title="bbox 61 4648 1613 4726; baseline 0.005 -22"><span class='ocrx_word' id='word_1_643' title='bbox 61 4648 296 4723; x_wconf 80' lang='lat' dir='ltr'><strong>simplices</strong></span> <span class='ocrx_word' id='word_1_644' title='bbox 335 4673 401 4715; x_wconf 85' lang='lat' dir='ltr'><strong>ac</strong></span> <span class='ocrx_word' id='word_1_645' title='bbox 441 4658 714 4716; x_wconf 88' lang='lat' dir='ltr'><strong>viminea.</strong></span> <span class='ocrx_word' id='word_1_646' title='bbox 741 4657 948 4715; x_wconf 82' lang='lat' dir='ltr'><strong>Videns</strong></span> <span class='ocrx_word' id='word_1_647' title='bbox 990 4657 1184 4715; x_wconf 86' lang='lat' dir='ltr'><strong>civitas</strong></span> <span class='ocrx_word' id='word_1_648' title='bbox 1206 4656 1435 4726; x_wconf 88' lang='lat' dir='ltr'><strong>ferrum,</strong></span> <span class='ocrx_word' id='word_1_649' title='bbox 1465 4672 1613 4713; x_wconf 90' lang='lat' dir='ltr'><strong>mar-</strong></span> 
     </span>
    </p>
   </div>
   <div class='ocr_carea' id='block_1_93' title="bbox 63 4748 1610 4837">
    <p class='ocr_par' dir='ltr' id='par_1_93' title="bbox 63 4748 1610 4837">
     <span class='ocr_line' id='line_1_93' title="bbox 63 4748 1610 4837; baseline 0.001 -35"><span class='ocrx_word' id='word_1_650' title='bbox 63 4755 190 4802; x_wconf 79' lang='lat' dir='ltr'><strong>mora</strong></span> <span class='ocrx_word' id='word_1_651' title='bbox 213 4748 410 4808; x_wconf 79' lang='lat' dir='ltr'><strong>cadere</strong></span> <span class='ocrx_word' id='word_1_652' title='bbox 434 4750 669 4820; x_wconf 88' lang='lat' dir='ltr'><strong>ictibus;</strong></span> <span class='ocrx_word' id='word_1_653' title='bbox 700 4751 834 4823; x_wconf 90' lang='lat' dir='ltr'><strong>quin</strong></span> <span class='ocrx_word' id='word_1_654' title='bbox 868 4750 1045 4822; x_wconf 90' lang='lat' dir='ltr'><strong>ipsam</strong></span> <span class='ocrx_word' id='word_1_655' title='bbox 1085 4750 1401 4808; x_wconf 89' lang='lat' dir='ltr'><strong>strenuitati</strong></span> <span class='ocrx_word' id='word_1_656' title='bbox 1447 4758 1610 4837; x_wconf 75' lang='lat' dir='ltr'><strong>natu-</strong></span> 
     </span>
    </p>
   </div>
   <div class='ocr_carea' id='block_1_94' title="bbox 62 4839 1607 4910">
    <p class='ocr_par' dir='ltr' id='par_1_94' title="bbox 62 4839 1607 4910">
     <span class='ocr_line' id='line_1_94' title="bbox 62 4839 1607 4910; baseline 0 -14"><span class='ocrx_word' id='word_1_657' title='bbox 62 4847 179 4906; x_wconf 72' lang='lat' dir='ltr'><strong>ram,</strong></span> <span class='ocrx_word' id='word_1_658' title='bbox 215 4839 387 4900; x_wconf 84' lang='lat' dir='ltr'><strong>difflsa</strong></span> <span class='ocrx_word' id='word_1_659' title='bbox 436 4842 720 4910; x_wconf 90' lang='lat' dir='ltr'><strong>claustris,</strong></span> <span class='ocrx_word' id='word_1_660' title='bbox 775 4841 846 4898; x_wconf 89' lang='lat' dir='ltr'><strong>ad</strong></span> <span class='ocrx_word' id='word_1_661' title='bbox 894 4857 1050 4898; x_wconf 89' lang='lat' dir='ltr'><strong>arma</strong></span> <span class='ocrx_word' id='word_1_662' title='bbox 1102 4843 1357 4898; x_wconf 86' lang='lat' dir='ltr'><strong>vertitur.</strong></span> <span class='ocrx_word' id='word_1_663' title='bbox 1411 4840 1607 4898; x_wconf 79' lang='lat' dir='ltr'><strong>Molem</strong></span> 
     </span>
    </p>
   </div>
   <div class='ocr_carea' id='block_1_95' title="bbox 63 4933 1609 5007">
    <p class='ocr_par' dir='ltr' id='par_1_95' title="bbox 63 4933 1609 5007">
     <span class='ocr_line' id='line_1_95' title="bbox 63 4933 1609 5007; baseline 0.001 -19"><span class='ocrx_word' id='word_1_664' title='bbox 63 4942 249 4988; x_wconf 74' lang='lat' dir='ltr'><strong>meam</strong></span> <span class='ocrx_word' id='word_1_665' title='bbox 271 4934 335 4992; x_wconf 90' lang='lat' dir='ltr'><strong>de</strong></span> <span class='ocrx_word' id='word_1_666' title='bbox 360 4936 606 4992; x_wconf 83' lang='lat' dir='ltr'><strong>turribus</strong></span> <span class='ocrx_word' id='word_1_667' title='bbox 631 4934 800 5007; x_wconf 82' lang='lat' dir='ltr'><strong>pluit,</strong></span> <span class='ocrx_word' id='word_1_668' title='bbox 853 4935 1067 4990; x_wconf 89' lang='lat' dir='ltr'><strong>nullum</strong></span> <span class='ocrx_word' id='word_1_669' title='bbox 1112 4934 1206 4990; x_wconf 88' lang='lat' dir='ltr'><strong>teli</strong></span> <span class='ocrx_word' id='word_1_670' title='bbox 1253 4949 1426 5006; x_wconf 88' lang='lat' dir='ltr'><strong>genus</strong></span> <span class='ocrx_word' id='word_1_671' title='bbox 1455 4933 1609 5006; x_wconf 89' lang='lat' dir='ltr'><strong>jactu</strong></span> 
     </span>
    </p>
   </div>
   <div class='ocr_carea' id='block_1_96' title="bbox 62 5025 1607 5098">
    <p class='ocr_par' dir='ltr' id='par_1_96' title="bbox 62 5025 1607 5098">
     <span class='ocr_line' id='line_1_96' title="bbox 62 5025 1607 5098; baseline 0.003 -22"><span class='ocrx_word' id='word_1_672' title='bbox 62 5030 211 5090; x_wconf 70' lang='lat' dir='ltr'><strong>vacat,</strong></span> <span class='ocrx_word' id='word_1_673' title='bbox 235 5040 390 5083; x_wconf 89' lang='lat' dir='ltr'><strong>nemo</strong></span> <span class='ocrx_word' id='word_1_674' title='bbox 417 5027 562 5084; x_wconf 89' lang='lat' dir='ltr'><strong>intra</strong></span> <span class='ocrx_word' id='word_1_675' title='bbox 579 5026 794 5084; x_wconf 76' lang='lat' dir='ltr'><strong>mania</strong></span> <span class='ocrx_word' id='word_1_676' title='bbox 823 5026 1057 5083; x_wconf 90' lang='lat' dir='ltr'><strong>otiosus.</strong></span> <span class='ocrx_word' id='word_1_677' title='bbox 1094 5025 1395 5098; x_wconf 89' lang='lat' dir='ltr'><strong>Expulerat</strong></span> <span class='ocrx_word' id='word_1_678' title='bbox 1435 5041 1607 5096; x_wconf 88' lang='lat' dir='ltr'><strong>pavo-</strong></span> 
     </span>
    </p>
   </div>
   <div class='ocr_carea' id='block_1_97' title="bbox 65 5113 1610 5191">
    <p class='ocr_par' dir='ltr' id='par_1_97' title="bbox 65 5113 1610 5191">
     <span class='ocr_line' id='line_1_97' title="bbox 65 5113 1610 5191; baseline 0.001 -21"><span class='ocrx_word' id='word_1_679' title='bbox 65 5121 162 5166; x_wconf 71' lang='lat' dir='ltr'><strong>rem</strong></span> <span class='ocrx_word' id='word_1_680' title='bbox 206 5113 372 5175; x_wconf 89' lang='lat' dir='ltr'><strong>hostis</strong></span> <span class='ocrx_word' id='word_1_681' title='bbox 409 5119 562 5177; x_wconf 85' lang='lat' dir='ltr'><strong>necis</strong></span> <span class='ocrx_word' id='word_1_682' title='bbox 613 5132 815 5191; x_wconf 88' lang='lat' dir='ltr'><strong>pavor;</strong></span> <span class='ocrx_word' id='word_1_683' title='bbox 872 5117 1118 5189; x_wconf 89' lang='lat' dir='ltr'><strong>dumque</strong></span> <span class='ocrx_word' id='word_1_684' title='bbox 1162 5116 1389 5173; x_wconf 88' lang='lat' dir='ltr'><strong>effectus</strong></span> <span class='ocrx_word' id='word_1_685' title='bbox 1439 5116 1610 5174; x_wconf 88' lang='lat' dir='ltr'><strong>instat</strong></span> 
     </span>
    </p>
   </div>
   <div class='ocr_carea' id='block_1_98' title="bbox 67 5204 1606 5284">
    <p class='ocr_par' dir='ltr' id='par_1_98' title="bbox 67 5204 1606 5284">
     <span class='ocr_line' id='line_1_98' title="bbox 67 5204 1606 5284; baseline -0.003 -15"><span class='ocrx_word' id='word_1_686' title='bbox 67 5204 271 5276; x_wconf 79' lang='lat' dir='ltr'><strong>Propior,</strong></span> <span class='ocrx_word' id='word_1_687' title='bbox 304 5209 579 5270; x_wconf 80' lang='lat' dir='ltr'><strong>efﬁcacius</strong></span> <span class='ocrx_word' id='word_1_688' title='bbox 625 5213 909 5284; x_wconf 89' lang='lat' dir='ltr'><strong>repellitur</strong></span> <span class='ocrx_word' id='word_1_689' title='bbox 948 5227 1120 5269; x_wconf 91' lang='lat' dir='ltr'><strong>causa</strong></span> <span class='ocrx_word' id='word_1_690' title='bbox 1146 5209 1413 5268; x_wconf 86' lang='lat' dir='ltr'><strong>efficiens.</strong></span> <span class='ocrx_word' id='word_1_691' title='bbox 1456 5209 1606 5266; x_wconf 86' lang='lat' dir='ltr'><strong>Pra-</strong></span> 
     </span>
    </p>
   </div>
   <div class='ocr_carea' id='block_1_99' title="bbox 71 5297 1606 5378">
    <p class='ocr_par' dir='ltr' id='par_1_99' title="bbox 71 5297 1606 5378">
     <span class='ocr_line' id='line_1_99' title="bbox 71 5297 1606 5378; baseline 0.003 -23"><span class='ocrx_word' id='word_1_692' title='bbox 71 5297 190 5351; x_wconf 71' lang='lat' dir='ltr'><strong>lma</strong></span> <span class='ocrx_word' id='word_1_693' title='bbox 220 5305 568 5363; x_wconf 86' lang='lat' dir='ltr'><strong>commoditas</strong></span> <span class='ocrx_word' id='word_1_694' title='bbox 597 5306 716 5378; x_wconf 87' lang='lat' dir='ltr'><strong>ipsa</strong></span> <span class='ocrx_word' id='word_1_695' title='bbox 745 5303 1011 5378; x_wconf 88' lang='lat' dir='ltr'><strong>populum</strong></span> <span class='ocrx_word' id='word_1_696' title='bbox 1041 5303 1238 5360; x_wconf 90' lang='lat' dir='ltr'><strong>invitat</strong></span> <span class='ocrx_word' id='word_1_697' title='bbox 1269 5320 1282 5357; x_wconf 92' lang='lat'><strong>:</strong></span> <span class='ocrx_word' id='word_1_698' title='bbox 1309 5303 1512 5376; x_wconf 88' lang='lat' dir='ltr'><strong>quippe</strong></span> <span class='ocrx_word' id='word_1_699' title='bbox 1539 5303 1606 5360; x_wconf 88' lang='lat' dir='ltr'><strong>de</strong></span> 
     </span>
    </p>
   </div>
   <div class='ocr_carea' id='block_1_100' title="bbox 70 5385 1608 5469">
    <p class='ocr_par' dir='ltr' id='par_1_100' title="bbox 70 5385 1608 5469">
     <span class='ocr_line' id='line_1_100' title="bbox 70 5385 1608 5469; baseline 0.009 -30"><span class='ocrx_word' id='word_1_700' title='bbox 70 5385 278 5447; x_wconf 77' lang='lat' dir='ltr'><strong>turribus</strong></span> <span class='ocrx_word' id='word_1_701' title='bbox 303 5409 429 5451; x_wconf 89' lang='lat' dir='ltr'><strong>saxa</strong></span> <span class='ocrx_word' id='word_1_702' title='bbox 454 5396 740 5454; x_wconf 88' lang='lat' dir='ltr'><strong>demittere</strong></span> <span class='ocrx_word' id='word_1_703' title='bbox 771 5411 1008 5469; x_wconf 90' lang='lat' dir='ltr'><strong>pronum</strong></span> <span class='ocrx_word' id='word_1_704' title='bbox 1045 5404 1130 5452; x_wconf 90' lang='lat' dir='ltr'><strong>est</strong></span> <span class='ocrx_word' id='word_1_705' title='bbox 1173 5396 1350 5453; x_wconf 89' lang='lat' dir='ltr'><strong>cuivis</strong></span> <span class='ocrx_word' id='word_1_706' title='bbox 1371 5395 1516 5453; x_wconf 82' lang='lat' dir='ltr'><strong>atati</strong></span> <span class='ocrx_word' id='word_1_707' title='bbox 1540 5411 1608 5453; x_wconf 89' lang='lat' dir='ltr'><strong>ac</strong></span> 
     </span>
    </p>
   </div>
   <div class='ocr_carea' id='block_1_101' title="bbox 74 5478 1608 5560">
    <p class='ocr_par' dir='ltr' id='par_1_101' title="bbox 74 5478 1608 5560">
     <span class='ocr_line' id='line_1_101' title="bbox 74 5478 1608 5560; baseline 0.01 -31"><span class='ocrx_word' id='word_1_708' title='bbox 74 5478 218 5535; x_wconf 75' lang='lat' dir='ltr'><strong>sexui.</strong></span> <span class='ocrx_word' id='word_1_709' title='bbox 246 5480 454 5560; x_wconf 83' lang='lat' dir='ltr'><strong>Sagitta</strong></span> <span class='ocrx_word' id='word_1_710' title='bbox 479 5501 669 5550; x_wconf 88' lang='lat' dir='ltr'><strong>contra</strong></span> <span class='ocrx_word' id='word_1_711' title='bbox 691 5490 759 5547; x_wconf 91' lang='lat' dir='ltr'><strong>ad</strong></span> <span class='ocrx_word' id='word_1_712' title='bbox 788 5497 968 5545; x_wconf 88' lang='lat' dir='ltr'><strong>turres</strong></span> <span class='ocrx_word' id='word_1_713' title='bbox 995 5487 1204 5555; x_wconf 85' lang='lat' dir='ltr'><strong>volant,</strong></span> <span class='ocrx_word' id='word_1_714' title='bbox 1235 5487 1437 5558; x_wconf 89' lang='lat' dir='ltr'><strong>quibus</strong></span> <span class='ocrx_word' id='word_1_715' title='bbox 1465 5502 1608 5558; x_wconf 86' lang='lat' dir='ltr'><strong>sape</strong></span> 
     </span>
    </p>
   </div>
   <div class='ocr_carea' id='block_1_102' title="bbox 75 5572 1606 5654">
    <p class='ocr_par' dir='ltr' id='par_1_102' title="bbox 75 5572 1606 5654">
     <span class='ocr_line' id='line_1_102' title="bbox 75 5572 1606 5654; baseline 0.01 -34"><span class='ocrx_word' id='word_1_716' title='bbox 75 5577 150 5623; x_wconf 79' lang='lat' dir='ltr'><strong>aut</strong></span> <span class='ocrx_word' id='word_1_717' title='bbox 169 5572 397 5636; x_wconf 76' lang='lat' dir='ltr'><strong>eﬂ‘oditur</strong></span> <span class='ocrx_word' id='word_1_718' title='bbox 421 5583 632 5651; x_wconf 90' lang='lat' dir='ltr'><strong>oculus,</strong></span> <span class='ocrx_word' id='word_1_719' title='bbox 664 5591 760 5638; x_wconf 89' lang='lat' dir='ltr'><strong>aut</strong></span> <span class='ocrx_word' id='word_1_720' title='bbox 795 5581 1104 5654; x_wconf 89' lang='lat' dir='ltr'><strong>perfoditur</strong></span> <span class='ocrx_word' id='word_1_721' title='bbox 1135 5595 1355 5636; x_wconf 89' lang='lat' dir='ltr'><strong>manus.</strong></span> <span class='ocrx_word' id='word_1_722' title='bbox 1386 5578 1482 5636; x_wconf 83' lang='lat' dir='ltr'><strong>His</strong></span> <span class='ocrx_word' id='word_1_723' title='bbox 1510 5579 1606 5636; x_wconf 87' lang='lat' dir='ltr'><strong>de-</strong></span> 
     </span>
    </p>
   </div>
   <div class='ocr_carea' id='block_1_103' title="bbox 78 5661 1606 5744">
    <p class='ocr_par' dir='ltr' id='par_1_103' title="bbox 78 5661 1606 5744">
     <span class='ocr_line' id='line_1_103' title="bbox 78 5661 1606 5744; baseline 0.014 -32"><span class='ocrx_word' id='word_1_724' title='bbox 78 5661 279 5720; x_wconf 75' lang='lat' dir='ltr'><strong>cernitur</strong></span> <span class='ocrx_word' id='word_1_725' title='bbox 295 5669 528 5742; x_wconf 87' lang='lat' dir='ltr'><strong>vicibus;</strong></span> <span class='ocrx_word' id='word_1_726' title='bbox 563 5674 738 5731; x_wconf 88' lang='lat' dir='ltr'><strong>donec</strong></span> <span class='ocrx_word' id='word_1_727' title='bbox 777 5675 1060 5732; x_wconf 83' lang='lat' dir='ltr'><strong>exhausta</strong></span> <span class='ocrx_word' id='word_1_728' title='bbox 1093 5681 1207 5728; x_wconf 88' lang='lat' dir='ltr'><strong>tam</strong></span> <span class='ocrx_word' id='word_1_729' title='bbox 1249 5672 1412 5740; x_wconf 90' lang='lat' dir='ltr'><strong>vires,</strong></span> <span class='ocrx_word' id='word_1_730' title='bbox 1439 5687 1606 5744; x_wconf 86' lang='lat' dir='ltr'><strong>quam</strong></span> 
     </span>
    </p>
   </div>
   <div class='ocr_carea' id='block_1_104' title="bbox 81 5747 1608 5839">
    <p class='ocr_par' dir='ltr' id='par_1_104' title="bbox 81 5747 1608 5839">
     <span class='ocr_line' id='line_1_104' title="bbox 81 5747 1608 5839; baseline 0.007 -27"><span class='ocrx_word' id='word_1_731' title='bbox 81 5747 305 5820; x_wconf 61' lang='lat' dir='ltr'><strong>pharetra</strong></span> <span class='ocrx_word' id='word_1_732' title='bbox 331 5763 470 5824; x_wconf 80' lang='lat' dir='ltr'><strong>refici</strong></span> <span class='ocrx_word' id='word_1_733' title='bbox 494 5767 814 5836; x_wconf 82' lang='lat' dir='ltr'><strong>postulant:</strong></span> <span class='ocrx_word' id='word_1_734' title='bbox 842 5765 1149 5839; x_wconf 84' lang='lat' dir='ltr'><strong>prasertim</strong></span> <span class='ocrx_word' id='word_1_735' title='bbox 1180 5763 1388 5824; x_wconf 86' lang='lat' dir='ltr'><strong>ferrum</strong></span> <span class='ocrx_word' id='word_1_736' title='bbox 1419 5765 1608 5838; x_wconf 85' lang='lat' dir='ltr'><strong>calyhs</strong></span> 
     </span>
    </p>
   </div>
   <div class='ocr_carea' id='block_1_105' title="bbox 1713 4560 3309 4644">
    <p class='ocr_par' dir='ltr' id='par_1_105' title="bbox 1713 4560 3309 4644">
     <span class='ocr_line' id='line_1_105' title="bbox 1713 4560 3309 4644; baseline 0.008 -28"><span class='ocrx_word' id='word_1_737' title='bbox 1713 4561 1895 4616; x_wconf 91' lang='lat' dir='ltr'><strong>rubim</strong></span> <span class='ocrx_word' id='word_1_738' title='bbox 1923 4561 1979 4616; x_wconf 92' lang='lat' dir='ltr'><strong>in</strong></span> <span class='ocrx_word' id='word_1_739' title='bbox 2005 4561 2148 4618; x_wconf 73' lang='lat' dir='ltr'><strong>calo</strong></span> <span class='ocrx_word' id='word_1_740' title='bbox 2183 4560 2348 4619; x_wconf 90' lang='lat' dir='ltr'><strong>Deus.</strong></span> <span class='ocrx_word' id='word_1_741' title='bbox 2392 4561 2564 4622; x_wconf 84' lang='lat' dir='ltr'><strong>Mittis</strong></span> <span class='ocrx_word' id='word_1_742' title='bbox 2593 4567 2747 4622; x_wconf 84' lang='lat' dir='ltr'><strong>Alexi</strong></span> <span class='ocrx_word' id='word_1_743' title='bbox 2789 4567 3073 4628; x_wconf 88' lang='lat' dir='ltr'><strong>Taneredo</strong></span> <span class='ocrx_word' id='word_1_744' title='bbox 3121 4587 3309 4644; x_wconf 84' lang='lat' dir='ltr'><strong>gazas,</strong></span> 
     </span>
    </p>
   </div>
   <div class='ocr_carea' id='block_1_106' title="bbox 1713 4650 3310 4733">
    <p class='ocr_par' dir='ltr' id='par_1_106' title="bbox 1713 4650 3310 4733">
     <span class='ocr_line' id='line_1_106' title="bbox 1713 4650 3310 4733; baseline 0.008 -26"><span class='ocrx_word' id='word_1_745' title='bbox 1713 4650 1844 4708; x_wconf 90' lang='lat' dir='ltr'><strong>dum</strong></span> <span class='ocrx_word' id='word_1_746' title='bbox 1879 4650 2174 4708; x_wconf 80' lang='lat' dir='ltr'><strong>Raimundi</strong></span> <span class='ocrx_word' id='word_1_747' title='bbox 2228 4652 2490 4718; x_wconf 85' lang='lat' dir='ltr'><strong>biremes.</strong></span> <span class='ocrx_word' id='word_1_748' title='bbox 2528 4655 2688 4714; x_wconf 88' lang='lat' dir='ltr'><strong>donis</strong></span> <span class='ocrx_word' id='word_1_749' title='bbox 2740 4659 2849 4716; x_wconf 91' lang='lat' dir='ltr'><strong>tuis</strong></span> <span class='ocrx_word' id='word_1_750' title='bbox 2903 4659 3118 4716; x_wconf 88' lang='lat' dir='ltr'><strong>referta</strong></span> <span class='ocrx_word' id='word_1_751' title='bbox 3167 4676 3310 4733; x_wconf 81' lang='lat' dir='ltr'><strong>pene</strong></span> 
     </span>
    </p>
   </div>
   <div class='ocr_carea' id='block_1_107' title="bbox 1713 4743 3307 4822">
    <p class='ocr_par' dir='ltr' id='par_1_107' title="bbox 1713 4743 3307 4822">
     <span class='ocr_line' id='line_1_107' title="bbox 1713 4743 3307 4822; baseline 0.006 -21"><span class='ocrx_word' id='word_1_752' title='bbox 1713 4743 2170 4816; x_wconf 88' lang='lat' dir='ltr'><strong>submerguntur;</strong></span> <span class='ocrx_word' id='word_1_753' title='bbox 2201 4760 2326 4817; x_wconf 85' lang='lat' dir='ltr'><strong>qua</strong></span> <span class='ocrx_word' id='word_1_754' title='bbox 2371 4745 2624 4804; x_wconf 83' lang='lat' dir='ltr'><strong>felicibus</strong></span> <span class='ocrx_word' id='word_1_755' title='bbox 2656 4757 2838 4806; x_wconf 89' lang='lat' dir='ltr'><strong>tamen</strong></span> <span class='ocrx_word' id='word_1_756' title='bbox 2870 4753 3131 4822; x_wconf 89' lang='lat' dir='ltr'><strong>auspiciis</strong></span> <span class='ocrx_word' id='word_1_757' title='bbox 3159 4754 3307 4811; x_wconf 82' lang='lat' dir='ltr'><strong>mul-</strong></span> 
     </span>
    </p>
   </div>
   <div class='ocr_carea' id='block_1_108' title="bbox 1709 4834 3306 4910">
    <p class='ocr_par' dir='ltr' id='par_1_108' title="bbox 1709 4834 3306 4910">
     <span class='ocr_line' id='line_1_108' title="bbox 1709 4834 3306 4910; baseline 0.006 -18"><span class='ocrx_word' id='word_1_758' title='bbox 1709 4845 1765 4892; x_wconf 90' lang='lat' dir='ltr'><strong>ta</strong></span> <span class='ocrx_word' id='word_1_759' title='bbox 1796 4834 2132 4893; x_wconf 89' lang='lat' dir='ltr'><strong>infelicitatis</strong></span> <span class='ocrx_word' id='word_1_760' title='bbox 2172 4836 2293 4893; x_wconf 88' lang='lat' dir='ltr'><strong>loca</strong></span> <span class='ocrx_word' id='word_1_761' title='bbox 2329 4838 2695 4910; x_wconf 82' lang='lat' dir='ltr'><strong>praterlapsa</strong></span> <span class='ocrx_word' id='word_1_762' title='bbox 2739 4839 2794 4894; x_wconf 92' lang='lat' dir='ltr'><strong>in</strong></span> <span class='ocrx_word' id='word_1_763' title='bbox 2825 4841 3078 4898; x_wconf 90' lang='lat' dir='ltr'><strong>hostilem</strong></span> <span class='ocrx_word' id='word_1_764' title='bbox 3110 4844 3306 4902; x_wconf 83' lang='lat' dir='ltr'><strong>fiscum</strong></span> 
     </span>
    </p>
   </div>
   <div class='ocr_carea' id='block_1_109' title="bbox 1711 4927 3307 5001">
    <p class='ocr_par' dir='ltr' id='par_1_109' title="bbox 1711 4927 3307 5001">
     <span class='ocr_line' id='line_1_109' title="bbox 1711 4927 3307 5001; baseline 0.005 -17"><span class='ocrx_word' id='word_1_765' title='bbox 1711 4929 1782 4984; x_wconf 91' lang='lat' dir='ltr'><strong>ad</strong></span> <span class='ocrx_word' id='word_1_766' title='bbox 1827 4937 2046 5000; x_wconf 89' lang='lat' dir='ltr'><strong>portum</strong></span> <span class='ocrx_word' id='word_1_767' title='bbox 2095 4927 2312 4986; x_wconf 86' lang='lat' dir='ltr'><strong>Tharso</strong></span> <span class='ocrx_word' id='word_1_768' title='bbox 2363 4929 2676 5001; x_wconf 88' lang='lat' dir='ltr'><strong>proximum</strong></span> <span class='ocrx_word' id='word_1_769' title='bbox 2723 4930 3087 4990; x_wconf 90' lang='lat' dir='ltr'><strong>deferuntur:</strong></span> <span class='ocrx_word' id='word_1_770' title='bbox 3120 4935 3307 4992; x_wconf 89' lang='lat' dir='ltr'><strong>nothis</strong></span> 
     </span>
    </p>
   </div>
   <div class='ocr_carea' id='block_1_110' title="bbox 1711 5019 3308 5096">
    <p class='ocr_par' dir='ltr' id='par_1_110' title="bbox 1711 5019 3308 5096">
     <span class='ocr_line' id='line_1_110' title="bbox 1711 5019 3308 5096; baseline 0.004 -20"><span class='ocrx_word' id='word_1_771' title='bbox 1711 5020 1930 5094; x_wconf 85' lang='lat' dir='ltr'><strong>agitata</strong></span> <span class='ocrx_word' id='word_1_772' title='bbox 1981 5019 2314 5090; x_wconf 90' lang='lat' dir='ltr'><strong>furentibus,</strong></span> <span class='ocrx_word' id='word_1_773' title='bbox 2364 5021 2717 5079; x_wconf 91' lang='lat' dir='ltr'><strong>inimicorum</strong></span> <span class='ocrx_word' id='word_1_774' title='bbox 2781 5039 2978 5081; x_wconf 87' lang='lat' dir='ltr'><strong>manus</strong></span> <span class='ocrx_word' id='word_1_775' title='bbox 3025 5035 3308 5096; x_wconf 86' lang='lat' dir='ltr'><strong>nequeunt</strong></span> 
     </span>
    </p>
   </div>
   <div class='ocr_carea' id='block_1_111' title="bbox 1709 5115 3304 5190">
    <p class='ocr_par' dir='ltr' id='par_1_111' title="bbox 1709 5115 3304 5190">
     <span class='ocr_line' id='line_1_111' title="bbox 1709 5115 3304 5190; baseline 0.001 -17"><span class='ocrx_word' id='word_1_776' title='bbox 1709 5115 2006 5174; x_wconf 91' lang='lat' dir='ltr'><strong>declinare.</strong></span> <span class='ocrx_word' id='word_1_777' title='bbox 2040 5115 2274 5174; x_wconf 77' lang='lat' dir='ltr'><strong>Volante</strong></span> <span class='ocrx_word' id='word_1_778' title='bbox 2297 5125 2482 5174; x_wconf 90' lang='lat' dir='ltr'><strong>autem</strong></span> <span class='ocrx_word' id='word_1_779' title='bbox 2520 5117 2589 5175; x_wconf 92' lang='lat' dir='ltr'><strong>ad</strong></span> <span class='ocrx_word' id='word_1_780' title='bbox 2627 5132 2792 5174; x_wconf 89' lang='lat' dir='ltr'><strong>aures</strong></span> <span class='ocrx_word' id='word_1_781' title='bbox 2824 5117 3090 5190; x_wconf 88' lang='lat' dir='ltr'><strong>principis</strong></span> <span class='ocrx_word' id='word_1_782' title='bbox 3133 5116 3304 5187; x_wconf 88' lang='lat' dir='ltr'><strong>fama,</strong></span> 
     </span>
    </p>
   </div>
   <div class='ocr_carea' id='block_1_112' title="bbox 1707 5209 3302 5284">
    <p class='ocr_par' dir='ltr' id='par_1_112' title="bbox 1707 5209 3302 5284">
     <span class='ocr_line' id='line_1_112' title="bbox 1707 5209 3302 5284; baseline 0.002 -19"><span class='ocrx_word' id='word_1_783' title='bbox 1707 5209 2026 5282; x_wconf 83' lang='lat' dir='ltr'><strong>pracipitur</strong></span> <span class='ocrx_word' id='word_1_784' title='bbox 2078 5210 2338 5268; x_wconf 92' lang='lat' dir='ltr'><strong>comitem</strong></span> <span class='ocrx_word' id='word_1_785' title='bbox 2399 5209 2729 5284; x_wconf 85' lang='lat' dir='ltr'><strong>Gracasque</strong></span> <span class='ocrx_word' id='word_1_786' title='bbox 2780 5226 2912 5282; x_wconf 89' lang='lat' dir='ltr'><strong>opes</strong></span> <span class='ocrx_word' id='word_1_787' title='bbox 2953 5210 3302 5268; x_wconf 86' lang='lat' dir='ltr'><strong>Antiochiam</strong></span> 
     </span>
    </p>
   </div>
   <div class='ocr_carea' id='block_1_113' title="bbox 1711 5301 3314 5376">
    <p class='ocr_par' dir='ltr' id='par_1_113' title="bbox 1711 5301 3314 5376">
     <span class='ocr_line' id='line_1_113' title="bbox 1711 5301 3314 5376; baseline 0.001 -18"><span class='ocrx_word' id='word_1_788' title='bbox 1711 5301 1870 5370; x_wconf 91' lang='lat' dir='ltr'><strong>duci;</strong></span> <span class='ocrx_word' id='word_1_789' title='bbox 1900 5317 2049 5370; x_wconf 91' lang='lat' dir='ltr'><strong>eum,</strong></span> <span class='ocrx_word' id='word_1_790' title='bbox 2076 5302 2146 5358; x_wconf 91' lang='lat' dir='ltr'><strong>ad</strong></span> <span class='ocrx_word' id='word_1_791' title='bbox 2213 5302 2582 5371; x_wconf 85' lang='lat' dir='ltr'><strong>servandum;</strong></span> <span class='ocrx_word' id='word_1_792' title='bbox 2608 5319 2729 5372; x_wconf 90' lang='lat' dir='ltr'><strong>eas,</strong></span> <span class='ocrx_word' id='word_1_793' title='bbox 2778 5301 2846 5358; x_wconf 91' lang='lat' dir='ltr'><strong>ad</strong></span> <span class='ocrx_word' id='word_1_794' title='bbox 2910 5303 3314 5376; x_wconf 78' lang='lat' dir='ltr'><strong>spargendum.</strong></span> 
     </span>
    </p>
   </div>
   <div class='ocr_carea' id='block_1_114' title="bbox 1706 5391 3306 5468">
    <p class='ocr_par' dir='ltr' id='par_1_114' title="bbox 1706 5391 3306 5468">
     <span class='ocr_line' id='line_1_114' title="bbox 1706 5391 3306 5468; baseline 0.002 -20"><span class='ocrx_word' id='word_1_795' title='bbox 1706 5391 1820 5452; x_wconf 89' lang='lat' dir='ltr'><strong>Nec</strong></span> <span class='ocrx_word' id='word_1_796' title='bbox 1840 5402 2025 5451; x_wconf 88' lang='lat' dir='ltr'><strong>tamen</strong></span> <span class='ocrx_word' id='word_1_797' title='bbox 2050 5395 2146 5452; x_wconf 91' lang='lat' dir='ltr'><strong>diu</strong></span> <span class='ocrx_word' id='word_1_798' title='bbox 2177 5403 2394 5451; x_wconf 88' lang='lat' dir='ltr'><strong>tenetur</strong></span> <span class='ocrx_word' id='word_1_799' title='bbox 2416 5395 2685 5468; x_wconf 90' lang='lat' dir='ltr'><strong>quidquid</strong></span> <span class='ocrx_word' id='word_1_800' title='bbox 2710 5394 2959 5467; x_wconf 74' lang='lat' dir='ltr'><strong>iubetur,</strong></span> <span class='ocrx_word' id='word_1_801' title='bbox 2995 5393 3212 5466; x_wconf 76' lang='lat' dir='ltr'><strong>abiurat</strong></span> <span class='ocrx_word' id='word_1_802' title='bbox 3246 5403 3306 5451; x_wconf 91' lang='lat' dir='ltr'><strong>ct</strong></span> 
     </span>
    </p>
   </div>
   <div class='ocr_carea' id='block_1_115' title="bbox 1703 5485 3303 5560">
    <p class='ocr_par' dir='ltr' id='par_1_115' title="bbox 1703 5485 3303 5560">
     <span class='ocr_line' id='line_1_115' title="bbox 1703 5485 3303 5560; baseline -0.001 -17"><span class='ocrx_word' id='word_1_803' title='bbox 1703 5486 1874 5558; x_wconf 83' lang='lat' dir='ltr'><strong>jurat.</strong></span> <span class='ocrx_word' id='word_1_804' title='bbox 1908 5485 2108 5558; x_wconf 91' lang='lat' dir='ltr'><strong>Sicque</strong></span> <span class='ocrx_word' id='word_1_805' title='bbox 2133 5486 2388 5560; x_wconf 86' lang='lat' dir='ltr'><strong>adjurato</strong></span> <span class='ocrx_word' id='word_1_806' title='bbox 2409 5487 2649 5546; x_wconf 89' lang='lat' dir='ltr'><strong>claustra</strong></span> <span class='ocrx_word' id='word_1_807' title='bbox 2689 5488 3026 5560; x_wconf 77' lang='lat' dir='ltr'><strong>panduntur,</strong></span> <span class='ocrx_word' id='word_1_808' title='bbox 3056 5487 3303 5560; x_wconf 84' lang='lat' dir='ltr'><strong>alioquin</strong></span> 
     </span>
    </p>
   </div>
   <div class='ocr_carea' id='block_1_116' title="bbox 1705 5579 3310 5668">
    <p class='ocr_par' dir='ltr' id='par_1_116' title="bbox 1705 5579 3310 5668">
     <span class='ocr_line' id='line_1_116' title="bbox 1705 5579 3310 5668; baseline -0.001 -32"><span class='ocrx_word' id='word_1_809' title='bbox 1705 5580 1817 5636; x_wconf 86' lang='lat' dir='ltr'><strong>vita</strong></span> <span class='ocrx_word' id='word_1_810' title='bbox 1842 5579 2044 5636; x_wconf 89' lang='lat' dir='ltr'><strong>comite</strong></span> <span class='ocrx_word' id='word_1_811' title='bbox 2085 5579 2357 5637; x_wconf 82' lang='lat' dir='ltr'><strong>servando</strong></span> <span class='ocrx_word' id='word_1_812' title='bbox 2403 5581 2725 5644; x_wconf 86' lang='lat' dir='ltr'><strong>claudenda.</strong></span> <span class='ocrx_word' id='word_1_813' title='bbox 2764 5579 3072 5638; x_wconf 79' lang='lat' dir='ltr'><strong>Volvuntur</strong></span> <span class='ocrx_word' id='word_1_814' title='bbox 3107 5586 3310 5668; x_wconf 33' lang='lat' dir='ltr'><strong>catera‘</strong></span> 
     </span>
    </p>
   </div>
   <div class='ocr_carea' id='block_1_117' title="bbox 1707 5667 3301 5756">
    <p class='ocr_par' dir='ltr' id='par_1_117' title="bbox 1707 5667 3301 5756">
     <span class='ocr_line' id='line_1_117' title="bbox 1707 5667 3301 5756; baseline -0.001 -28"><span class='ocrx_word' id='word_1_815' title='bbox 1707 5671 1942 5729; x_wconf 89' lang='lat' dir='ltr'><strong>fortuna</strong></span> <span class='ocrx_word' id='word_1_816' title='bbox 1968 5681 2126 5741; x_wconf 91' lang='lat' dir='ltr'><strong>nutu,</strong></span> <span class='ocrx_word' id='word_1_817' title='bbox 2153 5671 2214 5728; x_wconf 82' lang='lat' dir='ltr'><strong>fit</strong></span> <span class='ocrx_word' id='word_1_818' title='bbox 2248 5673 2413 5730; x_wconf 91' lang='lat' dir='ltr'><strong>modo</strong></span> <span class='ocrx_word' id='word_1_819' title='bbox 2440 5674 2716 5748; x_wconf 89' lang='lat' dir='ltr'><strong>quispiam</strong></span> <span class='ocrx_word' id='word_1_820' title='bbox 2760 5673 2828 5732; x_wconf 90' lang='lat' dir='ltr'><strong>de</strong></span> <span class='ocrx_word' id='word_1_821' title='bbox 2865 5685 3104 5756; x_wconf 76' lang='lat' dir='ltr'><strong>paupere</strong></span> <span class='ocrx_word' id='word_1_822' title='bbox 3129 5667 3301 5738; x_wconf 83' lang='lat' dir='ltr'><strong>dives.</strong></span> 
     </span>
    </p>
   </div>
   <div class='ocr_carea' id='block_1_118' title="bbox 1708 5764 2360 5838">
    <p class='ocr_par' dir='ltr' id='par_1_118' title="bbox 1708 5764 2360 5838">
     <span class='ocr_line' id='line_1_118' title="bbox 1708 5764 2360 5838; baseline 0.005 -17"><span class='ocrx_word' id='word_1_823' title='bbox 1708 5765 1837 5824; x_wconf 89' lang='lat' dir='ltr'><strong>item</strong></span> <span class='ocrx_word' id='word_1_824' title='bbox 1860 5778 2068 5838; x_wconf 85' lang='lat' dir='ltr'><strong>pauper</strong></span> <span class='ocrx_word' id='word_1_825' title='bbox 2099 5764 2168 5824; x_wconf 87' lang='lat' dir='ltr'><strong>de</strong></span> <span class='ocrx_word' id='word_1_826' title='bbox 2191 5765 2360 5824; x_wconf 85' lang='lat' dir='ltr'><strong>divite</strong></span> 
     </span>
    </p>
   </div>
  </div>
