3838 6306
516 348 628 410 385

582 466 815 527 CXLVI.
838 497 911 509 -—-
938 463 1197 520 Laodicia
1235 479 1375 547 anno
1421 470 1474 516 et
1513 457 1670 515 semis
1713 465 2019 530 expugnata

1165 544 1395 606 capitur.

579 632 650 687 At
673 629 997 687 Tancredus
1031 641 1248 698 semper
1267 626 1324 681 in
1353 623 1546 679 eodem
1589 630 1771 693 agone
1801 624 2108 691 permanet,

506 726 655 797 quod
683 724 851 782 semel
887 721 1053 794 etrapit
1086 732 1369 789 nunquam
1400 714 1622 771 deserit.
1656 712 1974 791 Laodiciam
2011 712 2111 768 ob-

506 817 670 884 sidet,
702 832 804 872 nec
830 814 937 870 nisi
977 822 1192 884 captam
1235 809 1588 866 dimissurus.
1620 805 1743 862 Jam
1792 814 1975 862 tamen
2009 821 2110 861 an-

506 925 633 966 nuae
661 923 726 964 ac
748 923 885 980 pene
920 905 1086 962 semis
1113 917 1395 959 morarum
1428 901 1626 956 taedere
1654 905 1897 969 coeperat
1925 913 1939 950 :
1978 911 2107 952 cum

506 999 655 1057 Deus
686 1008 857 1055 artem
891 1013 998 1070 qua
1027 1003 1213 1068 posset
1256 993 1376 1066 capi
1411 993 1608 1074 civitas
1654 988 2111 1063 inspiravit._As-

507 1100 800 1152 sueverant
833 1090 1006 1149 clausi
1027 1087 1280 1147 insidiari
1339 1084 1708 1153 clausoribus,
1756 1091 1812 1140 et
1871 1082 2003 1139 dum
2049 1080 2107 1138 in

504 1184 734 1241 meridie
778 1181 912 1237 foris
942 1180 1277 1237 dormiretur
1317 1194 1332 1232 :
1372 1175 1669 1249 aliquando
1714 1184 1841 1232 cum
1899 1173 2107 1245 impetu

502 1276 571 1332 de
606 1278 756 1331 intus
783 1274 1148 1344 erumpebant
1195 1288 1209 1324 :
1256 1279 1318 1326 ut
1347 1280 1455 1325 non
1489 1268 1611 1326 sine
1654 1265 1802 1324 caade
1826 1274 1883 1323 et
1912 1266 2107 1337 rapina

502 1369 684 1423 somni
732 1373 1144 1438 rumperentur.
1202 1362 1458 1419 Clamore
1506 1360 1652 1418 facto
1690 1358 1856 1416 exciti
1907 1356 2107 1414 Franci

501 1462 891 1527 armabantur;
921 1459 1295 1515 Laodicenses
1325 1454 1543 1511 interim
1582 1469 1641 1510 re
1680 1460 1903 1525 peracta
1949 1450 2106 1507 illaesi

501 1555 791 1611 redibant:
827 1554 902 1610 ita
934 1554 1125 1620 semel,
1171 1550 1439 1617 secundo,
1478 1549 1644 1605 tertio
1678 1561 1899 1620 quoque
1941 1558 2104 1600 exer-

496 1628 671 1705 citum
699 1647 973 1714 fallentes,
1002 1646 1154 1716 ipsos
1184 1658 1244 1699 se
1270 1641 1491 1698 fallendi
1519 1642 1663 1696 viam
1696 1638 2059 1695 ostenderunt
2085 1653 2101 1691 :

492 1734 768 1811 quoniam
799 1738 893 1794 ubi
921 1738 1125 1809 saepius
1157 1751 1259 1792 nec
1297 1734 1638 1791 dissimiliter
1666 1734 1811 1788 idem
1853 1731 2101 1797 iteratur,

498 1806 821 1891 ‘f‘ancredus
848 1839 909 1886 ut
939 1806 1057 1886 arte
1104 1837 1279 1884 artem
1318 1827 1557 1893 deludat,
1604 1824 1823 1881 insidiis
1873 1822 2105 1879 insidias
2135 1806 2180 1867 Β

502 1923 773 1995 rependit.
804 1920 1056 1994 Praecipit
1096 1921 1390 1977 tentorium
1433 1916 1701 1985 construi,
1734 1916 1894 1987 cujus
1935 1930 2103 1983 capa-

500 2014 658 2071 citati
686 2031 788 2086 par
814 2014 1028 2069 nullum
1060 2020 1188 2068 ante
1222 2013 1400 2068 visum
1439 2009 1619 2066 fuerat
1657 2025 1759 2066 nec
1798 2008 2044 2065 auditum
2085 2026 2101 2065 :

498 2107 769 2180 ’quzeritur
826 2121 1046 2178 quoque
1106 2105 1271 2177 pinus
1322 2103 1590 2159 altissima
1632 2110 1787 2158 tanto
1816 2101 1972 2158 oneri
2002 2117 2102 2157 eo-

498 2192 687 2253 lumna
716 2195 1056 2252 sustinendo.
1084 2193 1250 2275 Dixit,
1274 2203 1330 2251 et
1358 2193 1502 2251 facta
1537 2201 1684 2249 sunt.
1720 2191 1891 2275 Igitur
1915 2192 2099 2261 arbor,

500 2287 659 2345 sinus
690 2287 916 2358 spatiosi
941 2304 1037 2358 per
1080 2270 1273 2359 gyrtim
1309 2287 1676 2359 explicantur,
1712 2272 1891 2353 funes,
1917 2284 2101 2357 laquei

497 2380 637 2436 telas
664 2388 716 2434 et
747 2386 1018 2435 coronant
1049 2386 1103 2434 et
1126 2378 1378 2434 tendunt.
1424 2376 1634 2439 Putant,
1663 2374 1757 2448 qui
1788 2374 1974 2431 vident
2002 2391 2100 2431 su-

501 2471 667 2545 perbe
695 2478 902 2538 aetum,
938 2470 1016 2526 uti
1045 2469 1243 2535 solent,
1281 2469 1351 2526 ob
1382 2465 1584 2525 fastum
1617 2467 1916 2524 sublimare
1948 2467 2101 2537 pala-

495 2563 574 2619 tia
613 2562 667 2617 in
702 2561 934 2618 urbibus
959 2561 1176 2617 urbani.
1202 2559 1274 2617 At
1300 2557 1621 2617 Tancredus
1651 2560 1707 2615 in
1735 2567 1857 2615 ortu
1883 2556 2099 2615 luciferi

498 2655 752 2711 militiam
781 2661 962 2721 vocat,
998 2663 1052 2710 et
1078 2670 1199 2710 eam
1244 2654 1349 2711 sub
1380 2654 1707 2709 umbraculo
1747 2653 1913 2724 stipat
1940 2652 2098 2724 equis

496 2744 844 2814 insidiantes,
878 2747 971 2802 ubi
1000 2762 1140 2818 opus
1181 2745 1366 2814 fuerit,
1394 2746 1531 2802 nihil
1561 2753 1938 2814 cunctatutos,
1969 2743 2097 2817 qui-

497 2837 602 2894 bus
631 2854 732 2894 nec
771 2838 953 2894 calcar
999 2837 1185 2892 deerat
1217 2837 1284 2893 ad
1334 2838 1671 2894 bellandum.
1725 2837 1854 2895 Sole
1911 2848 2096 2895 autem

494 2932 619 2985 crto
666 2937 876 3000 partem
910 2944 1020 2983 non
1051 2931 1325 2985 modicam
1372 2931 1648 2986 exercitus
1690 2930 1746 2985 in
1778 2930 1955 2987 oculis
1989 2930 2095 2986 ho-

494 3020 662 3076 stium
702 3019 1097 3074 frumentatum
1130 3020 1318 3087 mittit,
1349 3020 1547 3090 reliqui
1595 3030 1816 3091 sumpto
1848 3022 1971 3077 cibo
2003 3035 2097 3077 so-

493 3101 614 3187 pori
637 3127 832 3168 vacare
862 3111 1206 3181 simulantes,
1239 3128 1390 3184 spem
1420 3113 1626 3183 rapina:
1644 3122 1807 3184 atque
1828 3123 2093 3185 opportu-

494 3204 723 3259 nitatem
776 3203 1181 3275 spectatoribus
1235 3204 1586 3276 promittunt.
1632 3203 1894 3262 Videntes
1929 3206 2088 3277 oppi-

495 3295 625 3353 dani
639 3296 811 3353 altum
839 3298 1023 3352 omnia
1044 3306 1234 3353 tenere
1250 3296 1551 3363 silentium,
1584 3296 1811 3368 sperant
1831 3314 2089 3370 quoquo-

496 3388 661 3445 modo
715 3398 1116 3450 consueverant
1169 3390 1391 3444 turbare
1452 3390 1776 3457 exercitum,
1817 3392 2090 3464 celerique

497 3480 677 3536 reditu
706 3481 1018 3551 improvisa:
1046 3480 1359 3537 tarditatem
1387 3482 1617 3537 evadere
1650 3484 1893 3540 ultionis.
1923 3484 2092 3556 Egre—

493 3570 723 3630 diuntur
743 3588 874 3644 ergo
897 3574 1147 3629 certatim
1176 3581 1460 3628 currentes
1499 3573 1567 3628 ad
1599 3574 1798 3644 spolia,
1833 3574 2091 3648 aliialiis
2126 3568 2131 3573 ’

474 3651 837 3739 ἰιι-κουι-ςυηι
891 3666 1222 3721 invidentes.
1289 3662 1489 3721 Paucis
1557 3668 1907 3724 manentibus
1977 3667 2092 3725 fere

494 3767 702 3816 exeunt
737 3773 951 3826 omnes,
980 3758 1117 3813 adeo
1146 3756 1399 3815 incautos
1442 3756 1666 3815 fallebat
1707 3760 2091 3832 Opportunitas

495 3850 793 3908 simulata:
823 3858 1059 3907 currunt
1104 3850 1170 3906 ad
1221 3851 1459 3923 praedam
1492 3861 1548 3907 et
1577 3851 1928 3926 indulgetur:
1955 3870 2091 3911 one-

493 3943 630 4000 ratis
658 3943 884 4015 jamque
921 3942 991 3998 ad
1042 3952 1231 4015 portas
1278 3944 1733 4017 regredientibus,
1771 3945 2094 4002 intercurri-

494 4042 605 4095 tur.
641 4034 779 4091 Nam
806 4036 903 4108 qui
932 4035 1244 4092 obumbrati
1280 4047 1334 4091 et
1374 4037 1552 4108 parati
1580 4046 1927 4109 exspectant,
1956 4054 2092 4095 con-

494 4122 679 4183 festim
706 4126 795 4181 via
825 4125 1093 4198 patefacta
1136 4127 1463 4195 accelerant,
1493 4126 1668 4200 portis
1713 4129 1971 4200 oppositi,
2013 4145 2096 4184 re-

497 4210 677 4273 ditum
712 4216 1031 4271 excludunt.
1057 4214 1379 4272 Tancredus
1415 4232 1581 4290 super
1612 4218 1869 4275 exclusos
1909 4217 2090 4289 irruit,

497 4310 619 4367 sine
651 4309 1002 4366 cunctatione
1029 4319 1125 4364 ant
1152 4308 1466 4380 capiuntur,
1497 4296 1594 4365 aut
1628 4321 1915 4367 necantur.
1960 4309 2094 4367 Per-

495 4401 673 4458 territi
712 4402 895 4475 itaque
938 4402 1137 4475 reliqui
1181 4403 1439 4460 custodes
1477 4411 1534 4460 et
1578 4404 1901 4475 paucissimi
1938 4403 2091 4474 facti,

1091 345 1187 404 AI)
1224 341 1677 405 CODEFRIDUM
1712 337 2006 398 APPEND.
2046 336 2111 397 II.
2151 364 2222 384 α·-
2258 334 2534 395 NONUM.
2575 334 2664 393 DE
2702 334 2930 394 BELLO
2967 333 3196 394 SACllO
3670 344 3755 403 εει

2138 458 2190 519 Α
2216 453 2469 511 Ciliciam
2510 451 2857 526 confugiens,
2905 452 2999 510 ubi
3042 451 3109 509 ad
3151 450 3496 509 Tancredum
3545 462 3755 531 pervenit,

2215 544 2561 606 Tancredum
2593 547 2821 604 invenit.
2867 545 3125 603 Omnium
3174 546 3325 602 enim
3372 546 3757 624 bonorumopu.

2212 639 2379 697 lentia
2405 638 2719 697 cumulatur
2739 648 3051 710 susceptus,
3095 637 3191 710 qui
3237 637 3487 692 omnium
3516 641 3760 713 suscipiun

2211 747 2418 805 egenus
2452 749 2463 788 :
2493 731 2620 788 exin
2664 730 3031 799 confortatus,
3067 730 3136 785 ad
3182 738 3425 787 montem
3462 736 3758 806 peregrinum

2211 821 2431 890 transit,
2472 821 2586 879 illic
2615 822 2712 894 qui
2754 819 3062 878 Jerusalem
3103 828 3256 889 eant,
3294 836 3327 876 a
3366 823 3562 879 comite
3604 829 3761 899 accipit

2212 913 2555 970 comitatum.
2580 912 2657 971 Ea
2688 922 3012 988 tempestate
3031 914 3342 971 Boamundi
3376 915 3657 987 redemptio
3674 922 3761 976 sol-

2211 1006 2387 1062 licitat
2433 1007 2719 1080 populum,
2760 1008 3034 1080 praecipue
3058 1007 3390 1065 Balduinum
3413 1010 3668 1079 comitem,
3689 1016 3760 1086 qui

2211 1095 2479 1156 Tancredi
2521 1100 2832 1173 praecipuus
2881 1110 3002 1158 erat
3044 1101 3332 1160 inimicus.
3398 1101 3450 1160 Is
3495 1108 3761 1179 monendo,

2209 1184 2552 1264 spondendo,
2582 1193 2937 1265 increpando,
2974 1195 3352 1253 Antiochenos
3372 1196 3569 1268 pulsat,
3594 1210 3761 1258 utcar-

2208 1297 2391 1338 cerem
2435 1282 2757 1339 Boamundo
2798 1284 3066 1354 aperiant.
3109 1283 3426 1343 Bernardus
3463 1302 3763 1363 quoquepa.

2211 1374 2450 1434 triareha
2475 1391 2667 1432 recens
2692 1392 3043 1448 summopere
3077 1378 3290 1447 nititur,
3315 1380 3474 1451 quasi
3503 1382 3763 1443 retribucns

2208 1467 2355 1538 quod
2378 1484 2505 1524 eum
2526 1468 2596 1524 de
2629 1469 2747 1542 ipso
2769 1485 2990 1528 carcere
3015 1472 3399 1529 sublimaverit
3418 1473 3760 1535 Boamundus:

2207 1576 2311 1617 nec
2332 1550 2650 1618 Tancredus
2676 1572 2861 1620 tamen
2884 1564 3012 1620 huic
3053 1565 3237 1621 studio
3258 1565 3467 1635 obviat,
3507 1568 3625 1624 licet
3656 1569 3765 1627 Boa-

2207 1656 2400 1711 mundi
2427 1656 2660 1712 redditio
2684 1656 3038 1729 prosperitati
3061 1658 3184 1729 ejus
3219 1659 3507 1716 obviatura
3536 1661 3761 1718 videatur.

2205 1745 2414 1803 Partim
2458 1749 2566 1816 his,
2604 1751 2804 1821 partim
2831 1750 2939 1807 illis
2962 1753 3390 1823 aspernantibus
3417 1752 3765 1825 :,Boamundus

2206 1838 2499 1895 revertitur
2542 1839 2732 1896 decem
2782 1840 3108 1897 miriadibus
3147 1840 3561 1899 Michelatorum
3600 1843 3673 1915 (6)
3697 1845 3766 1902 vix

2205 1918 2540 2002 redemptus.
2585 1929 2783 1987 Reddit
2803 1932 2854 1988 ei
2877 1929 3196 1989 Tancredus
3239 1934 3389 2005 quod
3426 1944 3769 2005 acceperat,et

2204 2022 2351 2093 quod
2399 2038 2508 2079 non
2550 2035 2840 2095 acceperat
2864 2043 2877 2078 :
2901 2024 3136 2080 alterum
3161 2025 3387 2095 quidem
3425 2026 3619 2094 libens,
3638 2038 3767 2100 atque

2204 2114 2438 2170 alterum
2483 2124 2729 2171 coactus.
2774 2113 3115 2182 Laodiciam,
3156 2114 3491 2184 Mamistam,
3533 2116 3764 2187 Adanant,

2198 2202 2477 2275 ,Tharsum
2521 2208 2747 2278 proprio
2797 2207 2998 2265 sudore
3036 2216 3256 2280 partas,
3306 2209 3533 2265 reddere
3569 2212 3766 2284 cogitur,

2203 2296 2448 2368 alioquin
2492 2298 2704 2355 catenis
2743 2307 2799 2354 et
2842 2298 2990 2355 ferro
3031 2300 3450 2372 mancipaudus.
3510 2299 3601 2358 Sic
3638 2303 3767 2360 benis

2201 2390 2481 2459 omnibus,
2531 2391 2681 2447 socia
2722 2392 2889 2447 etiam
2931 2392 3125 2447 militia
3164 2393 3407 2461 nudato,
3452 2393 3542 2450 vix
3582 2395 3767 2451 tandem

2201 2481 2461 2552 oppidula
2488 2482 2600 2537 duo
2623 2481 2855 2553 supplici
2883 2483 3227 2554 supplentur.

2199 2593 2478 2652 CXLVIII.
2500 2622 2573 2637 --
2585 2595 2795 2670 Bellum
2822 2606 3031 2670 movent
3046 2597 3280 2670 Assyrii.
3307 2596 3564 2654 Edessam
3580 2599 3769 2655 circul-

2586 2667 2740 2734 dant,
2771 2668 3021 2739 prwlium
3051 2667 3417 2725 committunt.

2267 2755 2479 2814 Interea
2504 2757 2705 2814 bellum
2731 2769 2953 2816 movent
2972 2760 3205 2833 Assyrii,
3227 2761 3577 2833 vicinamque
3592 2760 3768 2817 inﬁnita

2199 2855 2552 2911 multitudine
2575 2854 2840 2912 Edessam
2863 2856 3228 2914 circumdant.
3257 2856 3419 2916 Volat
3455 2857 3767 2915 Antiochiam

2198 2962 2390 3001 rumor
2417 2963 2431 3000 :
2465 2945 2819 3002 Boamundus
2841 2962 3004 3019 opem
3040 2945 3185 3003 ferre
3218 2958 3412 3006 oratus
3447 2965 3558 3005 non
3581 2949 3763 3009 differt:

2197 3036 2400 3095 transit
2436 3037 2770 3109 Euphraten,
2798 3040 3111 3110 patriarcha
3137 3056 3263 3098 cum
3284 3057 3352 3101 eo
3377 3050 3431 3098 et
3463 3041 3766 3109 Tancredus.

2119 3155 2166 3219 ς
2199 3129 2527 3188 Goscelinus
2546 3146 2789 3202 quoque,
2807 3131 2902 3203 qui
2927 3142 3058 3191 tunc
3081 3134 3344 3205 temporis
3366 3135 3559 3219 urbem
3582 3137 3769 3207 regebat

2195 3220 2514 3289 Maresium,
2548 3231 2603 3278 et
2637 3223 2754 3295 ipse
2797 3224 3018 3293 transit,
3065 3241 3255 3282 secum
3302 3216 3513 3284 ducens
3538 3228 3767 3299 quidquid

2192 3313 2393 3369 virium
2435 3314 2619 3371 habet.
2688 3313 2851 3371 Turci
2914 3316 3150 3373 adventu
3197 3317 3506 3374 Boamundi
3573 3318 3765 3384 audito,

2192 3405 2457 3463 Edessam
2522 3405 2845 3477 dimittunt,
2911 3408 3215 3465 abscedunt
3278 3408 3564 3479 paululum
3614 3407 3767 3464 Martis

2193 3498 2359 3566 avidi,
2399 3498 2496 3555 sed
2534 3497 2949 3555 dissimulantes
2985 3519 2997 3556 :
3034 3516 3100 3556 ea
3139 3501 3343 3571 quippe
3374 3503 3578 3558 astutia
3612 3500 3767 3573 fugam

2193 3589 2478 3658 simulant,
2510 3600 2572 3645 ut
2605 3588 2798 3647 fallant
2839 3592 3080 3648 advenas
3121 3592 3432 3649 inconsulte
3463 3601 3766 3650 secuturos:

2194 3692 2256 3738 ut
2285 3683 2342 3739 hi
2380 3699 2479 3755 per
2503 3692 2633 3740 nota
2677 3684 2746 3740 ad
2794 3693 2911 3742 tuta
2948 3685 3263 3754 deveniant,
3295 3686 3373 3742 illi
3400 3687 3471 3743 ad
3495 3687 3768 3759 periculum

2193 3789 2292 3845 per
2315 3775 2534 3847 ignota;
2562 3784 2625 3833 ut
2662 3776 2720 3832 hi
2747 3777 2814 3833 ad
2840 3792 3060 3848 panem,
3088 3776 3166 3833 illi
3187 3778 3253 3833 ad
3278 3777 3519 3847 famem;
3561 3788 3623 3836 ut
3643 3779 3692 3834 hi
3713 3775 3766 3834 ad

2193 3862 2474 3927 armoru‘m
2504 3872 2902 3944 supplementa,
2927 3873 3003 3929 illi
3025 3874 3094 3930 ad
3117 3874 3465 3931 detrimenta.
3498 3874 3591 3937 Sic
3610 3876 3769 3947 paulao

2193 3964 2292 4021 tim
2322 3965 2506 4022 triduo
2530 3967 2670 4022 ultra
2695 3965 2898 4023 Carras
2926 3968 3117 4025 urbem
3150 3968 3440 4035 eliciendo,
3467 3970 3560 4024 alii
3582 3969 3766 4038 fallunt,

2194 4064 2360 4128 atque
2396 4056 2490 4113 alii
2524 4058 2790 4127 falluntur
2815 4078 2830 4116 :
2854 4059 3032 4117 do'nec
3051 4061 3123 4117 ad
3160 4061 3363 4117 flumen
3402 4060 3615 4119 Chobar
3638 4061 3769 4119 veni-

2196 4157 2286 4204 tur
2325 4157 2381 4205 et
2418 4151 2707 4207 transitur.
2750 4149 2830 4207 Illi
2874 4152 2998 4209 urbi
3039 4152 3165 4209 belli
3213 4152 3406 4210 dilatio
3454 4152 3645 4212 Turcis
3675 4156 3767 4226 jam

2195 4239 2429 4311 sullic'tt;
2484 4240 2628 4313 fugae
2673 4243 2916 4301 obmissa
2957 4243 3332 4314 simulatione,
3380 4245 3587 4303 bellum
3629 4247 3768 4313 cient,

2193 4328 2397 4387 bellum
2444 4346 2599 4399 voce,
2654 4331 2859 4390 bellum
2910 4350 3077 4390 manu
3108 4343 3410 4391 exercent:
3443 4351 3768 4394 consumm-

2191 4430 2309 4480 tnm
2338 4439 2462 4481 esse
2491 4425 2558 4481 de
2582 4426 2791 4482 nostris
2826 4435 3041 4497 putant,
3090 4428 3248 4498 quasi
3299 4431 3661 4502 transgressis
3685 4428 3770 4483 llu-

495 4508 676 4592 nequc
710 4494 908 4563 muris.
958 4508 1138 4592 ιξθίιιιε
1186 4495 1292 4556 sibi
1333 4488 1898 4592 _conﬁdunt_'=_petum
1947 4496 2091 4592 ιιιξνο
2118 4514 2170 4579 n
2195 4516 2343 4572 vium
2371 4525 2556 4589 erepta
2582 4518 2656 4575 sit
2679 4488 3375 4592 fugat-libertas,-fatigatis
3400 4488 3684 4578 exvitinere
3704 4520 3770 4574 vi-

494 4590 707 4659 pacem,
738 4587 1033 4644 reseranda
1055 4586 1564 4656 oll'eruntclaustra,
1583 4587 1651 4642 ad
1680 4585 1989 4659 ingressum
2012 4589 2096 4644 in-

493 4675 689 4743 vitant,
731 4676 835 4732 tuti
889 4676 1222 4732 commercio
1265 4691 1543 4748 egressus.
1599 4674 1783 4733 Placet
1834 4677 2090 4749 principi,

495 4766 685 4838 sicque
718 4777 843 4838 post
870 4768 1088 4825 labores
1112 4768 1383 4837 diutinos,
1416 4768 1621 4840 quietis
1643 4769 1870 4827 domum
1890 4770 2089 4827 Antio-

495 4859 675 4915 chiam
704 4861 912 4917 revisit.
1252 4855 1256 4858 ⁴
2069 4864 2073 4867 ’

491 4967 742 5044 CXLVII.
757 5004 829 5015 —
848 4974 890 5029 Α
902 4973 1288 5044 rchiepiscopus
1314 4973 1726 5032 Mediolanium“:
1747 4994 1868 5032 cum
1884 4980 2083 5034 comite

559 5043 862 5119 fictavensi
893 5043 1077 5099 contra
1115 5043 1415 5100 Danisman
1442 5058 1754 5119 superatur;
1801 5048 2082 5104 redimitur

560 5113 925 5170 Boamumtus.

561 5224 717 5282 Tunc
746 5228 1009 5298 temporis
1036 5227 1330 5289 Anselmus
1348 5230 1773 5292 Mediolanensis
1807 5236 2082 5310 archiepi-

488 5333 729 5389 scopus,
780 5318 1198 5391 Willelmusque
1243 5340 1430 5382 comes
1476 5325 1840 5384 Pictaviensis
1888 5337 2085 5386 contra

487 5407 783 5464 Danisman
815 5412 871 5466 in
918 5410 1186 5470 Romania
1216 5418 1466 5487 praeliati,
1508 5420 1955 5493 archiepiscopus
1992 5420 2097 5476 in-'

487 5499 763 5556 terimitnr
791 5520 803 5556 :
834 5517 1018 5559 comes
1042 5520 1174 5563 vero
1200 5509 1289 5564 vix
1316 5507 1622 5567 Turcorum
1667 5528 1867 5568 manus
1905 5513 2083 5569 evasit

486 5588 616 5663 fuga
640 5590 861 5664 lapsus;
897 5595 1119 5653 tandem
1150 5614 1281 5658 vero
1312 5618 1540 5676 panper,
1585 5603 1766 5676 inops,
1798 5604 1980 5662 nudus
2010 5605 2083 5662 ad

543 5704 844 5795 είίξλίᾷεηυε
883 5725 1177 5792 aureorum
1226 5714 1357 5777 tunc
1397 5721 1455 5776 in
1494 5718 1729 5795 publicis

485 5774 750 5835 Niebaele
771 5781 993 5838 nomine

2194 4623 2306 4672 res.
2332 4607 2449 4666 Nec
2474 4610 2637 4683 longe
2662 4627 2692 4666 a
2714 4626 2847 4667 vero
2868 4613 3176 4693 putandum
3202 4623 3289 4671 est
3319 4614 3450 4689 :vsic
3477 4624 3563 4672 est
3587 4622 3767 4671 aetum.

2191 4697 2491 4757 Christiani
2520 4701 2691 4758 ternis
2720 4703 3033 4777 agminibus
3061 4704 3412 4774 incedebant,
3442 4706 3769 4767 Boamundus

2189 4789 2381 4847 dextra
2411 4809 2425 4846 :
2455 4791 2681 4850 sinistra
2706 4802 2760 4849 et
2782 4803 2939 4865 parte
2967 4803 3025 4852 et
3048 4806 3195 4853 sorte
3224 4813 3412 4855 comes
3460 4799 3769 4863 Balduinus;

2194 4882 2359 4937 ambo
2387 4882 2652 4955 inermes,
2679 4885 3004 4958 indeparati,
3040 4888 3356 4961 improvidi.
3395 4890 3704 4950 Tancredus
3725 4891 3769 4947 in

2187 4975 2367 5039 medio
2412 4986 2659 5048 paratus,
2696 4979 2985 5055 providus,
3016 4991 3299 5050 armatus;
3354 4982 3525 5043 Turci
3570 4968 3767 5041 anteet?-

2186 5065 2389 5123 debant
2419 5084 2528 5124 non
2559 5071 2721 5144 longe
2747 5073 2909 5144 quasi
2938 5075 3150 5145 praevii,
3180 5091 3352 5149 prope
3396 5078 3660 5135 habentes
3678 5092 3764 5133 ex-

2184 5158 2377 5216 cubias
2404 5176 2527 5232 quae
2555 5172 2761 5220 statum
2790 5180 3013 5224 omnem
3060 5167 3407 5229 Francorum
3436 5173 3761 5233 nuntiarent.

2189 5245 2356 5306 Lucis
2386 5253 2667 5311 quadrans
2692 5266 3003 5327 supererat,
3048 5261 3351 5321 transierat
3373 5263 3630 5329 dodrans,
3660 5279 3766 5320 cum

2187 5337 2386 5398 Franci
2429 5348 2809 5405 castrametari
2856 5350 3198 5423 incaeperant
3232 5353 3288 5413 in
3315 5356 3510 5412 ordine
3534 5356 3765 5427 praiscri-

2184 5440 2298 5503 pto.
2326 5434 2471 5509 Ergo
2499 5438 2592 5494 ubi
2622 5441 2748 5513 quis
2780 5452 3031 5517 paratus,
3056 5447 3185 5518 quis
3211 5462 3346 5517 non,
3372 5450 3447 5506 ab
3475 5451 3765 5521 explorato-

2186 5521 2342 5609 ribus
2372 5525 2537 5587 Turci
2564 5542 2873 5603 agnoscunt
2906 5553 2921 5590 :
2952 5545 3176 5606 repente
3207 5541 3486 5609 conversi,
3513 5549 3764 5597 armatum

2185 5608 2531 5675 Tancredum
2578 5620 2939 5696 declinantes,
2983 5626 3116 5685 hinc
3143 5608 3477 5701 Boamundi,
3508 5632 3634 5691 inde
3656 5631 3764 5688 Baio

1775 5721 2125 5782 commerciis
2165 5728 2399 5802 celebre,
2424 5749 2466 5797 ι
2496 5736 2739 5808 quodam
2770 5738 3119 5814 imperatore
3151 5744 3762 5820 Commium
