3806 6306
83 355 175 412 585
1351 339 1988 407 GESTK’TKNCREDI.

3217 357 3324 415 586

85 467 209 526 duini
229 463 517 522 exercitum
543 462 859 535 perturbant
883 481 896 518 :
923 462 1099 518 neutri
1133 463 1370 534 tegmina
1400 463 1625 522 induere
1657 472 1698 527 Α
1730 464 1834 521 etis
1860 463 2106 533 ensibus,
2133 463 2478 535 arcubusque
2505 461 2730 521 intentis
2756 465 3001 525 inﬁnitos
3030 467 3213 527 videre
3238 473 3320 528 vis

84 561 202 624 licet,
231 555 368 612 nudo
415 555 589 628 capite
635 562 880 626 pugnant
912 562 967 609 et
1014 563 1251 624 pectore.
1301 554 1628 612 Antiocheni

81 652 301 708 resistere
327 647 591 715 nituntur,
621 647 752 704 nudi
797 657 1094 718 nequeunt,
1125 647 1324 702 castris
1367 647 1630 702 excedere

77 750 332 815 coguntur.
381 739 499 797 Illic
523 739 776 798 hostibus
801 741 947 796 circa
975 740 1224 796 sarcinas
1251 739 1631 796 ambitiosam-

75 851 162 907 que
187 833 595 905 suppellectilem
623 833 926 904 occupatis,
957 832 1133 888 nostri
1159 832 1433 903 respirant
1461 849 1474 886 :
1505 845 1630 888 sero

76 942 164 997 qua
189 925 323 991 licet,
352 924 494 980 bello
523 939 581 979 se
627 931 900 995 aptantes,
931 937 1114 978 rerum
1167 923 1371 978 damno
1417 922 1632 978 salvam

78 1029 300 1086 corpora,
323 1028 418 1070 eas
446 1014 698 1070 amittere
723 1011 1050 1070 lucrifacere
1080 1020 1294 1068 vocant.

73 1127 272 1186 CXLIX.
301 1158 369 1168 —
390 1128 642 1200 σαρκίνης
665 1127 1211 1200 duciturBaldu-inus
1231 1135 1282 1183 et
1312 1127 1630 1184 Benedictus

237 1199 654 1270 archiepiscopus
678 1202 769 1272 qui
792 1218 825 1253 a
858 1199 1126 1254 Taucrcdo
1149 1200 1431 1255 liberatur.

127 1294 186 1346 At
207 1291 460 1348 Edessani
491 1293 672 1348 subito
703 1301 957 1364 pereunt,
989 1307 1092 1348 nec
1120 1308 1243 1359 sua,
1276 1307 1377 1348 nec
1407 1307 1466 1348 se
1492 1291 1630 1347 tueri

73 1387 202 1452 licet;
253 1385 460 1456 capitur
511 1384 853 1452 Balduinus,
903 1387 1232 1456 vinctusque
1293 1385 1629 1454 abducitur;

74 1477 364 1536 Benedictus
412 1493 638 1549 quoque
688 1477 878 1534 infelix
927 1477 1375 1549 archiepiscopus
1439 1488 1632 1548 captus

68 1573 372 1640 trahebatur,
425 1573 684 1644 imposita
728 1571 974 1629 humeris
1020 1573 1366 1644 geminorum
1413 1572 1629 1628 sarcina

70 1667 438 1738 clavengorum.
493 1665 545 1722 Is
593 1681 719 1721 cum
750 1675 877 1722 ante
901 1666 1074 1723 aciem
1105 1665 1375 1722 Tancredi
1399 1666 1630 1722 ducere-

1731 557 1981 612 dehatur.
2030 557 2208 624 Quam
2253 558 2506 614 turbatus
2531 567 2648 614 erat
2674 574 2704 614 a
2732 559 2930 616 timore
2957 563 3156 620 oculus
3181 566 3325 636 ejus,

1731 665 1842 706 non
1873 651 2057 706 minus
2083 651 2341 706 interiore
2367 651 2636 708 exterior!
2675 651 2844 723 Igitur
2871 665 3160 712 consortes
3185 655 3327 730 fuga:

1732 755 1934 814 rogans
1958 749 2112 812 rogat
2140 758 2154 795 :
2195 759 2212 792 ι
2247 740 2466 806 Audite,
2499 740 2616 806 lilii,
2648 743 2831 798 audite
2878 752 3112 814 patrem,
3145 746 3329 804 absci-

1730 834 1843 890 dite
1869 833 1974 888 hoc
2000 832 2148 903 quod
2179 847 2212 887 a
2238 831 2404 903 puppi
2435 833 2634 902 pendet
2663 834 2974 908 remigium,
3019 852 3129 892 non
3161 838 3328 896 modo

1731 940 1956 983 cursum
1990 940 2100 980 non
2128 925 2438 992 moderans,
2471 941 2662 982 verum
2687 927 2852 982 etiam
2881 938 3106 995 tenens;
3140 930 3326 986 absci-

1731 1019 1863 1086 dite,
1896 1019 2142 1090 inquam,
2174 1033 2286 1074 non
2329 1018 2597 1074 erubesco
2650 1020 2706 1075 in
2737 1030 3058 1092 tempestate
3107 1024 3212 1080 hac
3231 1025 3327 1096 ju-

1734 1114 1902 1168 menti
1931 1122 2142 1185 tergum
2185 1127 2434 1184 premere
2460 1112 2747 1181 deeurtati,
2795 1114 3092 1171 dummodo
3121 1117 3286 1172 levati
3311 1135 3326 1183 ;

1733 1206 2019 1272 abscidite,
2051 1205 2132 1262 sic
2159 1212 2382 1275 peccata
2409 1215 2588 1260 vestra
2615 1205 2761 1262 Deus
2788 1207 3054 1275 abscidat,
3091 1225 3196 1281 ego
3228 1226 3327 1265 au-

1733 1306 1842 1352 tem
1882 1295 2210 1352 abscissoris
2259 1296 2444 1350 omnia
2487 1294 2728 1352 absolvo.
2781 1318 2800 1348 ι
2858 1297 3013 1354 Multi
3059 1301 3331 1356 obseratis

1733 1389 1962 1447 auribus
1987 1396 2296 1454 transeunt,
2326 1387 2491 1442 timor
2518 1403 2696 1445 czecus
2722 1405 2884 1446 aures
2912 1392 3223 1459 obserahat,
3261 1410 3330 1449 ne

1734 1482 1900 1539 minis
1935 1483 2104 1538 alium
2138 1481 2454 1548 miserebat,
2485 1481 2624 1536 adeo
2653 1497 2752 1538 sua
2783 1484 2984 1555 singuli
3014 1486 3329 1557 allligehan-

1732 1585 1825 1632 tur
1847 1575 2070 1632 miseria
2101 1593 2118 1631 ς
2147 1575 2263 1646 jam
2293 1581 2580 1632 rauscerat
2604 1574 2912 1644 clamando,
2943 1592 3068 1634 cum
3103 1594 3133 1632 a
3162 1578 3332 1633 milite

1734 1668 1990 1740 confuga,
2021 1667 2240 1724 tandem
2271 1667 2576 1723 remedium
2624 1669 2843 1739 accipit,
2875 1670 3218 1726 remissionis
3245 1679 3333 1725 ta-

71 1769 142 1815 tur
169 1779 182 1814 :
213 1759 517 1816 Tancrede!
551 1757 865 1816 Tancrede!
898 1759 978 1817 fer
1004 1775 1164 1832 opem
1193 1761 1483 1828 exclamat,
1512 1776 1632 1816 mo—
1664 1829 1696 1834 λ
1736 1777 1864 1818 men
1911 1761 2240 1834 praescripta:
2284 1761 2637 1817 commercio.
2697 1761 3073 1820 Ahsolvuntur
3123 1764 3333 1820 scilicet

69 1868 168 1914 veat
189 1866 242 1914 te
265 1858 450 1914 miseri
480 1873 644 1930 paena
674 1857 976 1914 Benedicti.
1029 1829 1265 1914 Auditus
1289 1871 1373 1913 ρει
1401 1857 1628 1925 clamor,
1664 1829 1706 1890 Β
1735 1855 1846 1910 duo
1875 1829 1930 1908 in
1956 1851 2102 1909 facto
2130 1829 2279 1910 uno:
2305 1852 2462 1908 miles
2484 1868 2517 1908 a
2541 1867 2704 1919 noxa,
2731 1853 3043 1923 jumentum
3071 1870 3101 1910 a
3125 1857 3329 1922 cauda;

69 1957 204 2020 atque
226 1949 334 2015 ubi,
363 1949 530 2019 cujus
568 1957 734 2014 esset,
767 1947 1131 2005 Marehisides
1177 1949 1434 2021 agnovit;
1487 1949 1632 2005 illico

71 2043 283 2106 incurrit,
311 2042 512 2098 liberat
543 2057 608 2097 ac
651 2042 894 2108 reducit,
937 2042 1230 2098 liberatum
1265 2042 1442 2096 multo
1467 2029 1632 2098 resti:

69 2134 170 2201 luit,
195 2142 406 2205 propter
433 2148 496 2189 se
529 2132 664 2189 dicit
705 2131 986 2200 assistere,
1027 2141 1352 2188 trementem
1401 2133 1631 2200 solatur,

71 2236 297 2295 prasente
323 2241 384 2282 se
406 2225 574 2282 docet
599 2225 736 2280 nihil
763 2240 888 2282 esse
923 2225 1248 2282 timendum.
1303 2224 1514 2281 Dehinc
1545 2241 1636 2280 ar-

70 2315 191 2371 denti
209 2317 386 2373 hostes
405 2316 655 2389 aggredi,
675 2332 867 2389 vesper
885 2317 1088 2387 obstat,
1104 2317 1423 2390 rnilttiteque
1437 2318 1636 2375 dehor-

71 2411 198 2474 tatio,
225 2410 398 2466 noctis
426 2409 696 2466 viciniam
723 2411 917 2467 adesse
941 2411 1210 2482 objiciens
1227 2430 1244 2466 cz
1265 2413 1454 2468 eadem
1486 2411 1636 2483 obje-

69 2502 157 2556 ctio
180 2499 556 2558 Boamundum
582 2510 760 2570 tenet;
807 2505 984 2574 placet
1009 2503 1066 2559 in
1103 2505 1408 2560 crastinum
1434 2505 1634 2560 bellum

71 2593 269 2650 rlill‘erre.
296 2593 517 2652 Interea
545 2596 724 2651 noctis
749 2597 926 2668 caligo
952 2595 1143 2652 orbem
1173 2597 1418 2664 involvit,
1451 2597 1638 2668 dispo-

73 2681 169 2738 sitis
202 2685 460 2751 excubiis,
523 2685 799 2756 principes
847 2701 1082 2757 corpora
1127 2686 1260 2742 dant
1307 2687 1530 2758 sopori;
1583 2696 1639 2743 at

71 2774 273 2844 vulgus,
315 2786 370 2833 et
412 2791 568 2849 quos
615 2793 725 2833 non
774 2776 954 2834 alebat
1001 2779 1156 2834 curia
1183 2820 1199 2846 ,
1252 2776 1397 2851 fugae
1442 2779 1639 2851 invigi-

74 2863 166 2919 lant
188 2866 280 2936 (Ἰ),
323 2868 509 2925 visam
550 2878 756 2928 sortem
787 2870 1007 2928 visuros
1047 2887 1106 2927 se
1143 2873 1232 2928 die
1269 2872 1494 2929 crastini
1528 2872 1639 2929 for-

75 2958 324 3018 midantes.

312 3054 419 3112 CL.
456 3085 541 3098 ——
578 3055 877 3112 Christiani
901 3057 1086 3131 fugam
1113 3059 1352 3132 capiunt.

1736 1945 1894 2002 miles
1924 1945 2056 2001 dum
2085 1944 2316 2001 caudam
2375 1946 2550 2012 metit,
2583 1945 2636 1999 in
2669 1947 3139 2005 benedictionibus
3168 1953 3326 2006 semi-

1738 2047 1852 2104 nat,
1885 2038 2041 2094 metit
2069 2053 2292 2108 quoque
2337 2038 2406 2094 de
2454 2039 2925 2096 benedictionibus
2958 2059 2974 2098 :
3004 2042 3134 2098 dum
3161 2043 3211 2097 ei
3239 2059 3336 2114 pa-

1729 2127 1979 2190 triarcha
2029 2142 2126 2182 ore
2172 2137 2228 2183 et
2257 2127 2422 2186 corde
2461 2137 2516 2184 et
2562 2128 2753 2185 dextra
2797 2130 3090 2186 benedicit.
3127 2131 3337 2188 Messnr

1741 2223 1926 2293 itaque
1949 2235 2076 2278 cum
2105 2221 2268 2277 simul
2295 2231 2350 2276 et
2378 2223 2610 2278 caudam
2642 2232 2696 2277 et
2726 2221 3160 2278 benedictionem
3193 2241 3339 2280 mes-

1741 2313 1964 2381 suisset,
2017 2313 2086 2370 ad
2136 2329 2315 2386 usque
2346 2313 2608 2371 Edessam
2638 2315 2834 2372 exinde
2886 2316 3082 2383 sociat,
3116 2331 3243 2373 cum
3274 2333 3340 2373 eo

1743 2407 1918 2464 currit
1946 2405 2035 2463 cui
2070 2405 2382 2477 facultatem
2423 2407 2682 2465 currendi
2721 2408 3034 2465 reddiderat
3071 2418 3336 2481 ereptam.

1738 2520 1868 2578 CLI.
1900 2553 1971 2564 —
2008 2519 2280 2577 Servanda
2320 2522 2484 2576 datur
2529 2520 2746 2576 Edessa.
2785 2521 3086 2586 Tancredo;
3133 2525 3331 2592 hostes,

1847 2595 2016 2664 captis
2040 2594 2226 2648 vicinis
2250 2593 2478 2663 oppidis,
2506 2593 2819 2647 Arthasium
2842 2595 3233 2666 ingrediuntur.

1811 2683 2054 2756 Populus
2085 2697 2306 2755 quoque
2327 2683 2576 2756 reliquus
2612 2684 2742 2740 illuc
2771 2686 3124 2753 conveniunt,
3156 2697 3211 2743 et
3238 2689 3336 2760 qui

1743 2779 2039 2850 primatum
2078 2778 2417 2846 obtinebant,
2448 2779 2734 2850 postremi.
2789 2778 2904 2836 Illic
2951 2781 3113 2835 etiam
3151 2781 3340 2836 confc-

1743 2880 1874 2926 runt
1900 2885 2065 2942 quem
2119 2869 2388 2926 Balduino
2421 2871 2656 2928 debeant
2703 2887 2891 2929 creare
2937 2888 3338 2939 successorem,

1745 2963 1842 3036 qui
1894 2979 2008 3020 suae
2059 2971 2224 3020 tantae
2285 2963 2448 3020 molis
2505 2965 2746 3035 pondera
2781 2965 2978 3022 valeat
3043 2966 3339 3023 sustinere.

1745 3055 2064 3112 Tancredus
2107 3055 2328 3128 eligitur
2369 3056 2608 3128 dignus,
2661 3056 2776 3128 ipse
2823 3067 3008 3114 manet
3055 3067 3110 3115 et
3157 3060 3342 3132 regit:

130 3141 369 3246 Cbstabat
398 3146 609 3203 fluvius
658 3147 876 3215 reditui,
909 3163 1084 3204 unum
1129 3150 1400 3208 duntaxat
1431 3151 1642 3209 habens
1669 3183 1715 3246 ϐ
1748 3149 2102 3206 Boamundus
2126 3165 2258 3204 vero
2287 3149 2634 3204 Antiochiam
2663 3161 2889 3208 remeat.
2945 3151 3113 3224 Igitur
3158 3152 3340 3208 divul—

75 3235 261 3304 vadum,
286 3239 484 3311 reliqui
517 3255 713 3296 cursus
743 3240 891 3312 ripas
912 3243 1278 3312 prominentia
1309 3259 1408 3300 sua
1437 3244 1640 3316 imper-

71 3327 188 3397 .vias,
219 3329 358 3388 illam
396 3331 568 3404 quasi
611 3341 828 3404 portam
873 3335 1093 3392 unicam
1142 3337 1334 3408 vigiles
1378 3337 1641 3393 observa--

77 3419 184 3477 bant
211 3440 225 3480 :
252 3439 316 3480 ne
361 3439 458 3496 per
517 3440 639 3481 eam
687 3428 835 3498 genti
866 3428 1143 3484 exterritae
1188 3427 1461 3500 refugium
1490 3438 1644 3500 pate-

78 3523 160 3569 ret.
204 3513 363 3588 Igitur
409 3525 724 3574 tentatores
773 3516 916 3590 fuga:
951 3520 1083 3576 dum
1115 3521 1273 3592 pauci
1304 3530 1452 3590 sunt,
1502 3521 1644 3576 vado

78 3620 339 3669 arcentur:
374 3615 468 3670 ubi
511 3614 691 3681 multi,
723 3623 1006 3686 nequeunt
1033 3618 1232 3674 arceri.
1263 3616 1645 3674 Contemnitur

78 3700 284 3759 edictum
309 3704 604 3776 principis,
637 3705 730 3760 ubi
779 3707 1042 3778 populum
1088 3710 1379 3765 conturbat
1410 3709 1646 3767 formido

81 3796 243 3852 mortis
290 3815 306 3852 ξ
353 3809 808 3870 rumpunturque
859 3801 1099 3858 claustra
1145 3802 1420 3873 prohibita
1449 3845 1464 3869 ,
1517 3818 1642 3859 cum

81 3885 438 3957 multiplicatur
465 3889 761 3946 exundans
805 3892 984 3948 turba.
1041 3891 1145 3948 Sed
1177 3902 1232 3948 et
1258 3893 1350 3948 alii
1378 3895 1644 3952 aliorsum

83 3992 105 4031 a
127 3980 230 4050 ripa
253 3985 317 4039 ad
344 3985 534 4056 ripam
563 3985 710 4057 ligna
741 3983 1089 4058 trajecerant,
1122 3988 1322 4058 quibus
1354 4003 1454 4059 pro
1483 3998 1648 4060 ponte

82 4072 376 4131 utebantur:
407 4076 676 4134 custodes
707 4077 892 4150 itaque
915 4079 1121 4135 cedunt
1147 4081 1343 4147 coacti,
1375 4079 1649 4137 Boamun-

82 4161 190 4218 dum
213 4167 471 4237 excitant,
513 4171 782 4227 custodite
811 4171 921 4226 vim
954 4171 1158 4227 illatam
1189 4181 1530 4243 quaeruntur,
1560 4171 1649 4230 fu-

84 4267 184 4322 επιιι
205 4261 460 4330 produnt,
497 4260 840 4320 Taneredum
871 4279 1092 4336 quoque
1139 4264 1252 4334 jam
1281 4265 1522 4322 excierat
1550 4282 1647 4321 ru-

85 4363 201 4416 mor,
227 4367 417 4424 parant
445 4359 686 4414 reditum
715 4360 898 4427 ambo,
931 4360 1221 4418 derelictos
1266 4377 1326 4418 se
1376 4378 1406 4418 a
1448 4363 1650 4434 populo

87 4445 457 4514 conspicantes.
511 4449 648 4506 Aliis
699 4449 962 4506 festinare
1009 4451 1140 4508 libet
1188 4469 1254 4509 ac
1292 4471 1646 4526 prmcurrere,

1745 3251 1870 3314 gato
1891 3258 1988 3313 per
2012 3242 2175 3297 nrbes
2207 3241 2466 3300 finitimas
2492 3241 2828 3298 Francorum
2858 3244 3081 3313 damno,
3107 3243 3340 3318 Cyliccs.

1748 3334 1871 3408 Syri
1898 3377 1914 3400 ,
1961 3334 2252 3392 Phoenices
2296 3336 2613 3403 exsultant,
2672 3336 2883 3392 subacti
2931 3337 3136 3408 pariter
3180 3347 3346 3410 atque

1749 3425 2058 3497 subigendi.
2083 3423 2148 3480 lli
2179 3437 2383 3481 metum
2412 3427 2482 3482 de
2503 3427 2670 3483 corde
2694 3427 3001 3494 excutiunt,
3035 3429 3110 3484 illi
3137 3430 3205 3485 de
3226 3443 3346 3484 ver-

1744 3519 1852 3576 tice
1877 3518 2092 3591 jugum.
2122 3518 2419 3584 Tharsum,
2451 3519 2663 3587 Adana,
2696 3519 2946 3576 Mamista
2980 3522 3035 3576 in
3057 3521 3152 3593 jus
3179 3535 3342 3578 suum

1745 3619 2116 3676 revertuntur,
2137 3609 2357 3666 Graecos
2379 3611 2708 3681 suscipiunt,
2727 3620 3001 3668 nostrates
3024 3613 3338 3668 extrudunt.

1749 3702 1914 3759 Turci
1947 3702 2330 3774 ingrediuntur
2355 3701 2695 3768 Arthasium,
2727 3710 2897 3758 totam
2925 3718 3103 3774 usque
3121 3712 3344 3775 pontem

1751 3795 1955 3867 Farfar
1973 3792 2226 3850 viciniam
2255 3793 2606 3865 pepulantur.
2636 3793 2924 3851 Postremo
2957 3809 3126 3852 naves
3145 3795 3347 3853 Graiae

1699 3959 1701 3961 _
1747 3905 1916 3961 quam
1950 3888 2191 3944 maxima
2220 3887 2514 3943 multitudo
2540 3886 2812 3945 Laodicia:
2847 3896 3066 3960 portum
3096 3889 3342 3960 replent;

1747 3992 1802 4039 ct
1830 3983 1963 4054 ipsa“:
1991 3980 2161 4036 armis
2181 3980 2366 4053 plen-ar
2378 3993 2486 4034 non
2511 3978 2694 4036 minus
2721 3978 3009 4036 fabrilibus
3034 3989 3198 4052 atque
3226 3981 3345 4037 δει-

1749 4075 1873 4130 licis
1901 4073 2102 4130 bellum
2151 4072 2316 4129 simul
2365 4081 2616 4145 gerentes
2662 4081 2716 4128 et
2750 4072 3035 4129 fabricam.
3068 4071 3347 4130 Caemento

1749 4165 2226 4237 emmentariisque
2255 4166 2517 4231 advectis,
2547 4163 2818 4222 fabricare
2854 4165 3164 4238 incipiunt;
3215 4183 3344 4224 saxa

1750 4261 2102 4333 poscentibus
2150 4260 2432 4330 parietinae
2484 4260 2794 4335 abundant,
2843 4260 3093 4316 munitur
3131 4270 3344 4332 portus,

1753 4354 1930 4424 surgit
1958 4353 2187 4410 fabrica.
2215 4351 2318 4407 Vix
2347 4352 2703 4409 Boamundus
2729 4368 3010 4409 rumorem
3037 4364 3345 4425 acceperat,

1753 4463 1877 4503 cum
1903 4446 2206 4518 imperfecti
2222 4447 2403 4518 operis
2418 4461 2514 4518 spe
2535 4446 2823 4518 impulsus,
2843 4447 3143 4504 adventans
3165 4449 3348 4503 omnia

87 4527 338 4594 Tancredo
363 4541 628 4611 subsequi
656 4557 721 4598 ac
757 4542 960 4596 morari
997 4561 1009 4598 :
1040 4544 1156 4615 ipse
1179 4561 1276 4616 pro
1305 4561 1464 4601 muro
1489 4561 1650 4602 secu-
1683 4550 1730 4610 υ
1755 4540 1964 4596 invenit
1987 4538 2325 4611 imperfecta.
2359 4538 2552 4595 Stabat
2579 4555 2744 4611 supra
2784 4548 2974 4611 portus
3003 4549 3218 4610 portam
3251 4556 3350 4595 an-

89 4621 207 4680 luris
227 4627 464 4686 hostium
495 4632 616 4687 telis
645 4634 961 4704 opponitur,
995 4636 1087 4690 alii
1115 4636 1297 4708 fugam
1335 4646 1648 4706 maturant;

91 4715 187 4785 ipse
209 4720 400 4793 frenis,
433 4725 529 4780 alii
558 4726 868 4784 calcaribus
893 4738 1143 4785 utuntur.
1177 4730 1430 4786 Miser-tus
1459 4739 1543 4788 est
1570 4739 1654 4788 ta-

92 4824 194 4866 men
215 4815 492 4884 plebisute
538 4817 704 4876 Deus.
757 4817 954 4878 Turcis
1003 4820 1210 4894 fugitur
1260 4822 1486 4894 ignaris,
1529 4822 1652 4880 illos

93 4899 294 4962 habebat
323 4922 488 4980 sopor
513 4910 696 4979 altus;
744 4911 874 4968 dum
925 4911 1052 4984 fuga
1081 4914 1210 4985 vigil
1253 4914 1419 4970 calles
1463 4917 1648 4986 supel-

93 4989 246 5052 lectile
271 5009 427 5056 ornat
470 5002 712 5070 pretiosa
746 5023 758 5058 :
789 5004 1056 5075 abjiciunt
1083 5015 1288 5075 vestes,
1323 5006 1651 5078 papiliones,

93 5096 202 5139 vasa
243 5101 491 5161 argentea
539 5107 834 5164 aureaque,
862 5103 916 5150 et
941 5096 1206 5166 quidquid
1244 5113 1408 5168 grave
1455 5107 1537 5154 est
1561 5098 1652 5154 fu—

95 5188 298 5259 gamque
323 5193 572 5240 moratur
601 5203 614 5240 :
645 5187 763 5257 ipsa
788 5187 954 5242 etiam
985 5187 1110 5243 vitae
1137 5189 1450 5259 praesidium
1476 5206 1650 5245 arma.

98 5258 248 5322 Imber
273 5271 412 5327 male
434 5272 637 5330 fecerat
665 5276 802 5344 vias,
834 5277 1111 5347 pulverem
1140 5258 1197 5332 in
1229 5278 1402 5334 lutum
1428 5295 1656 5335 conver-

97 5360 232 5426 ιεηῐ,
255 5367 376 5434 equi
408 5376 463 5422 et
487 5369 611 5438 pedi
639 5369 873 5437 lubrico,
903 5380 958 5426 et
985 5372 1174 5426 caudae
1223 5373 1438 5427 sarcina
1469 5373 1652 5429 tarda-

99 5447 288 5537 bantur.
338 5459 536 5516 Aderat
565 5462 877 5521 Bernartius
902 5465 1238 5536 patriarcha,
1297 5475 1352 5522 et
1383 5465 1497 5537 ipse
1523 5482 1649 5524 cum

100 5533 402 5608 fugientibus
428 5548 687 5622 fugiebat,
717 5561 773 5608 et
802 5533 950 5610 mula
975 5555 1098 5626 ejus
1125 5556 1302 5612 lutosa
1327 5533 1455 5613 cuin
1481 5557 1652 5614 tardis

101 5632 406 5696 laniabatur.
435 5640 603 5699 Nemo
627 5645 708 5701 eis
731 5646 994 5716 instabat,
1024 5648 1288 5706 instantes
1320 5659 1500 5706 tamen
1527 5652 1654 5706 stri-

1756 4633 1909 4703 tiqua
1937 4633 2108 4688 turris
2121 4631 2195 4687 de
2217 4632 2439 4687 nomine
2466 4632 2640 4688 sancti
2667 4631 2799 4686 Elite
2823 4632 3230 4704 cognominata,
3264 4647 3352 4686 so—

1757 4723 1865 4780 lius
1890 4723 2190 4781 interstitio
2213 4732 2404 4794 portus
2445 4740 2475 4779 a
2520 4737 2664 4780 novo
2691 4738 2856 4794 opere
2887 4722 3165 4793 abiuneta.
3200 4722 3350 4779 Hane

1757 4831 1976 4888 quoque
2001 4816 2260 4872 muniunt
2289 4815 2485 4884 Graeci,
2518 4825 2572 4872 et
2624 4823 2808 4871 castro
2859 4831 2962 4871 suo
3006 4816 3347 4882 continuant,

1761 4909 2026 4966 fabricato
2049 4925 2181 4966 arcu
2205 4925 2371 4982 super
2396 4919 2635 4980 portum,
2666 4924 2802 4964 usus
2832 4907 3005 4978 gratia
3031 4908 3251 4963 inter'se
3282 4907 3349 4962 ab

1761 5003 1863 5058 hac
1891 5003 2074 5074 pratvii
2101 5005 2167 5058 ad
2197 5003 2350 5069 illud,
2379 5011 2434 5058 et
2460 4999 2779 5056 muniminis
2809 5001 2949 5055 firmi
2968 5001 3034 5055 ad
3062 4999 3348 5072 remigium

1761 5093 1958 5150 hostile
1992 5094 2311 5151 arcendum.

1914 5187 2069 5244 CLII.
2108 5220 2178 5228 --
2215 5187 2556 5242 Boamundus
2593 5193 2797 5241 revocat
2838 5185 3188 5240 Tancredum.

1833 5279 2033 5336 Videns
2059 5277 2414 5335 Boamundus
2445 5277 2629 5334 omnia
2661 5277 2962 5342 adversari,
3001 5276 3349 5332 Antiochiam

1758 5375 2068 5439 revertitur,
2101 5386 2335 5441 moxque
2363 5370 2431 5425 de
2461 5378 2604 5426 statu
2632 5371 2974 5446 principatus
3001 5371 3086 5426 sui
3115 5371 3170 5425 in
3199 5385 3351 5426 com-

1759 5481 1926 5522 mune
1976 5472 2214 5519 tractare
2261 5462 2502 5533 disponit
2533 5481 2546 5517 :
2576 5461 2920 5518 Tancrcdum
2969 5470 3220 5527 revocat,
3259 5461 3348 5515 cui

1759 5574 1882 5615 cum
1906 5556 2175 5630 partiatur
2196 5569 2378 5620 curas,
2407 5555 2650 5626 apprime
2677 5555 3048 5612 necessarium
3077 5570 3092 5608 ε
3120 5563 3353 5610 vocatus

1761 5651 1849 5706 ille
1879 5651 1954 5705 nil
1983 5648 2249 5722 pigritans
2275 5648 2447 5714 adest,
2474 5648 2569 5720 qui
2599 5649 2739 5704 nihil
2767 5662 3010 5720 unquam
3041 5645 3354 5719 pigritaudo

279 5751 426 5837 "anc
464 5759 1196 5837 Christianorum_militum
1248 5763 1431 5835 fugam
1492 5762 1654 5820 refert
1699 5764 1864 5820 etiam
1907 5763 2230 5821 Guillelmus
2273 5761 2506 5837 Tyrius,
2537 5764 2644 5821 -lib.
2708 5779 2792 5831 ιι,
2834 5780 2890 5818 n.
2950 5759 3055 5830 50,
3103 5759 3198 5816 sed
3263 5757 3350 5813 his

107 5820 334 5880 omnibus
356 5828 782 5887 circumstantiis
804 5833 1142 5889 destitutam.

403 5975 412 5990 ,
465 5923 742 5985 ΡΑτιιοι..
783 5926 960 5997 CLV.

2961 5925 3042 5988 19
