3806 6306
388 388 493 446 587

1001 389 1093 444 AI)
1129 387 1576 446 GODEFRIDUM
1613 388 1906 446 APPEND.
1947 387 2012 445 II.
2053 419 2123 431 —-
2158 387 2428 448 NONUM.
2469 393 2556 448 DE
2595 393 2822 452 BELLO
2864 395 3110 454 SACRO.

3587 397 3682 459 588

388 511 538 571 fecit.
560 508 754 568 Habita
775 508 958 581 itaque
984 509 1126 564 intra
1168 507 1312 564 beati
1362 505 1506 564 Petri
1537 507 1822 564 basilicam
1847 521 1984 564 con-
2016 512 2061 571 Α
2089 507 2219 562 dum
2247 526 2260 563 :
2286 507 2398 575 vix,
2429 509 2498 564 ah
2524 509 2537 562 !
2569 508 2682 576 vix,
2721 509 2933 565 utinam
2980 508 3376 566 Boamundum
3435 512 3680 583 audiant,

389 606 571 672 cione,
599 603 952 659 Boamundus
975 602 1054 656 sic
1081 601 1292 656 orditur
1322 619 1335 654 :

468 717 487 748 σ
521 697 715 769 Magna
751 711 888 766 opus
919 703 1021 759 est,
1047 710 1079 748 ο
1114 709 1386 764 proceres,
1419 691 1520 746 hac
1563 692 1617 746 in
1662 701 1982 770 tempestate

2087 599 2182 672 qui
2211 599 2279 656 ad
2303 599 2480 656 exsilii
2513 599 2756 656 laborem
2780 600 3031 669 vocandi,
3063 613 3214 658 nunc
3257 601 3488 674 placida
3536 617 3679 660 eon-

2085 690 2228 762 posti
2253 706 2390 761 pace
2421 689 2820 762 principantur.
2848 690 3193 762 Quapropter
3214 692 3285 748 de
3308 702 3530 749 extero
3553 694 3682 763 jam,

389 788 756 862 providentia,
781 803 946 858 quam
973 786 1018 842 si
1057 783 1404 855 negligimus,
1447 784 1708 854 perimus.
1753 781 1983 840 Invaluit
2085 798 2154 836 ne
2175 782 2483 852 cuiuspiam
2515 784 2796 839 temeritas
2823 783 3172 855 dispositioni
3214 799 3359 840 meae
3403 797 3682 856 occurrat,

391 891 587 939 contra
651 896 754 937 nos
818 879 1132 950 gentilitas,
1189 876 1310 930 vias
1389 875 1547 930 nobis
1623 875 1980 930 circumcirca

391 977 786 1033 obstruxerunt
815 971 988 1028 Grzcci
1027 979 1082 1024 et
1123 967 1286 1023 Turei
1324 986 1336 1022 :
1364 967 1614 1038 geminas
1643 965 1810 1022 totius
1831 965 1981 1021 orbis

391 1048 836 1140 epulentissimas
857 1061 1303 1134 exasperavimus
1334 1067 1657 1131 potestates;
1706 1057 1977 1114 Constan-

387 1161 675 1232 tinopolim
701 1169 752 1213 et
773 1157 1017 1212 Persida.
1055 1153 1252 1209 Oriens
1276 1169 1378 1208 nos
1399 1169 1496 1224 per
1517 1162 1716 1208 terram
1744 1149 1976 1216 territat,

389 1254 646 1320 occidens
669 1267 796 1306 vero
819 1260 872 1304 et
895 1258 1042 1304 terra
1064 1256 1120 1302 et
1143 1245 1280 1300 mari
1309 1265 1322 1299 :
1346 1261 1472 1300 nam
1495 1245 1679 1300 utalia
1707 1243 1977 1309 omittam,

385 1344 704 1399 Arthasium
748 1342 1013 1396 hactenus
1052 1336 1356 1392 Antiochiae
1379 1336 1602 1408 elypeus
1644 1333 1766 1402 fuit,
1812 1333 1978 1390 modo

385 1452 546 1491 arcus
567 1433 817 1498 intendit,
843 1430 1006 1486 modo
1029 1429 1084 1484 in
1109 1445 1210 1485 nos
1231 1427 1377 1484 acuit
1399 1427 1627 1499 sagittas
1655 1446 1669 1482 :
1693 1442 1795 1482 nos
1817 1425 1975 1496 pauci

385 1542 601 1590 sumus,
628 1531 682 1579 et
706 1532 886 1578 tamen
913 1535 1130 1590 semper
1151 1519 1217 1574 de
1245 1517 1435 1588 paucis
1460 1516 1621 1571 timus
1645 1516 1932 1587 pauciores
1961 1534 1973 1570 :

383 1621 540 1676 valde
564 1619 890 1675 imminutus
911 1626 996 1672 est
1023 1631 1286 1672 numerus
1325 1622 1532 1680 noster,
1568 1612 1662 1668 ubi
1710 1628 1853 1667 unus
1893 1619 1978 1667 est

385 1713 628 1768 amissus
652 1726 838 1766 comes
880 1708 1212 1763 Edessanus.
1257 1705 1491 1762 Proinde
1525 1703 1768 1776 vigilate,
1793 1703 1966 1760 consi-

385 1805 572 1859 derate
593 1802 804 1865 attenti,
828 1800 960 1870 quid
999 1800 1052 1854 in
1083 1807 1234 1853 tanto
1263 1813 1447 1853 rerum
1472 1796 1694 1853 cardine
1717 1797 1790 1852 sit
1809 1813 1974 1868 agen-

2084 874 2164 928 ire
2186 873 2446 944 proposui
2477 893 2491 930 :
2519 891 2627 931 non
2656 885 2741 932 est
2770 878 3055 945 mutabile,
3086 886 3194 933 stat
3221 877 3429 946 ﬁxum,
3473 880 3688 936 solven-

2081 968 2211 1022 dum
2241 977 2326 1024 est
2353 977 2564 1036 votum,
2587 969 2736 1040 quod
2763 986 2886 1026 mea
2915 970 3044 1027 fecit
3069 969 3217 1027 ferro
3242 972 3576 1043 compedita
3593 974 3682 1029 de-

2081 1057 2249 1113 votio.
2277 1058 2648 1115 Absolverunt
2674 1075 2763 1116 me
2783 1061 2928 1117 beati
2955 1059 3229 1118 Leonardi
3256 1061 3565 1134 suffragia,
3591 1079 3684 1136 ego

2083 1159 2271 1206 votum
2315 1149 2572 1206 visitandi
2621 1166 2770 1220 eum,
2822 1161 2917 1209 aut
2959 1154 3304 1224 praemoriar,
3352 1163 3462 1210 aut
3513 1156 3686 1212 αιτιοι-α

2080 1257 2226 1297 vam.
2259 1261 2280 1294 ι

2079 1355 2258 1412 CLIII.
2308 1388 2377 1398 --
2423 1357 2770 1414 Boamundus
2815 1359 3003 1414 relicta
3058 1360 3335 1416 Tattcredo
3399 1362 3684 1418 Antiochia

2420 1431 2661 1484 omnibus
2693 1430 2951 1484 destituta
2985 1432 3320 1503 transfretat.

2150 1519 2483 1578 Conticitum
2506 1531 2591 1579 est
2614 1523 2680 1578 de
2704 1533 2921 1590 caetero,
2954 1540 3131 1596 neque
3159 1526 3304 1581 ultra
3334 1542 3372 1581 a
3405 1542 3686 1598 quoquam

2077 1611 2344 1668 voluntati
2376 1615 2641 1686 principis
2667 1616 2971 1683 obviatum,
2994 1617 3256 1687 quoniam
3299 1620 3553 1690 quidem
3594 1636 3686 1674 no-

2076 1712 2194 1758 tum
2221 1713 2307 1761 est
2331 1706 2384 1761 in
2411 1708 2627 1780 populis
2653 1709 3026 1779 proverbium,
3062 1711 3148 1766 lex
3175 1711 3456 1782 sequitur
3489 1728 3684 1784 regem,

2075 1811 2186 1867 quo
2206 1799 2326 1854 vult
2360 1815 2456 1855 rex
2484 1801 2686 1856 ducere
2707 1801 2900 1873 legem.
2930 1801 3163 1858 Paratur
3189 1818 3326 1875 ergo
3379 1805 3685 1876 navigium.

384 1899 548 1963 dum;
581 1911 680 1965 eg;
703 1894 847 1965 quod
873 1893 1049 1950 sentio
1070 1891 1308 1948 breviter
1332 1907 1622 1964 exponam.
1647 1890 1975 1962 Expetendaa
2010 1877 2050 1936 Β
2080 1890 2286 1946 habent
2314 1893 2550 1965 remiges
2578 1902 2800 1964 paratos
2821 1893 2978 1950 dena:
2997 1895 3257 1962 biremes,
3281 1897 3516 1967 quibus
3546 1897 3688 1952 trina

384 1997 516 2045 sunt
535 1987 690 2043 nobis
713 1987 854 2042 vires
878 1985 1258 2040 transmarina:
1290 1983 1386 2057 [αι.
1425 1983 1819 2058 transalpinze],
1844 1983 1974 2040 Gal-

383 2082 583 2137 liarum
608 2079 790 2150 pepuli
815 2077 1146 2144 concitandi,
1185 2076 1411 2133 audacia
1457 2077 1547 2132 illa
1591 2086 1686 2132 aut
1712 2092 1813 2132 nos
1832 2077 1974 2132 libe-

382 2172 548 2237 rabit,
573 2181 668 2226 aut
689 2171 855 2225 nulla.
907 2167 1135 2224 Utimini
1182 2183 1288 2234 me,
1335 2183 1443 2234 me,
1487 2167 1732 2238 inquam,
1773 2168 1877 2221 hoc
1918 2167 1973 2220 in

379 2263 601 2334 negotio
624 2261 905 2325 ministro;
945 2274 1046 2330 ego
1089 2274 1188 2330 pro
1229 2258 1404 2314 salute
1426 2268 1606 2313 vestra
1631 2273 1741 2312 non
1779 2272 1976 2312 recuso

378 2354 645 2419 laborem,
671 2351 1016 2422 gratissimus
1057 2358 1142 2406 est
1181 2349 1316 2405 mihi
1357 2365 1514 2405 meus
1543 2349 1633 2405 ille
1662 2349 1836 2415 labor,
1882 2363 1976 2418 per

378 2463 541 2519 quem
571 2447 728 2502 vobis
767 2453 990 2516 paretur
1032 2443 1209 2514 quies.
1247 2461 1265 2494 ›

451 2542 508 2597 ln
534 2543 618 2596 his
642 2541 844 2597 desinit
865 2548 918 2596 et
939 2540 1123 2608 sedet;
1158 2539 1334 2611 surgit
1354 2538 1695 2605 Tancredus,
1717 2548 1770 2595 et
1796 2539 1867 2594 ab
1889 2539 1975 2594 his

380 2633 575 2706 incipit
605 2677 616 2688 .

460 2745 479 2778 ι
505 2725 811 2782 Prudenter
840 2732 1008 2796 atque
1040 2723 1331 2780 manifeste
1359 2724 1690 2796 expositam,
1727 2738 1762 2778 ο
1785 2737 1976 2793 proce-

376 2819 502 2874 res!
529 2817 762 2872 audistis
788 2825 897 2872 tam
919 2815 1091 2872 robur
1111 2814 1378 2884 hostium,
1399 2831 1565 2886 quam
1600 2813 1974 2870 inﬁrmitatem

376 2917 648 2974 nostram,
684 2906 953 2978 originem
991 2921 1212 2976 quoque
1237 2920 1302 2960 ac
1337 2904 1752 2972 ﬁnem,causas
1787 2913 1842 2959 et
1886 2919 1974 2959 re—

378 2996 640 3051 medium.
687 2994 943 3063 Pulchre,
987 2995 1149 3062 bene,
1195 3003 1342 3051 rectc
1388 3011 1554 3065 super
1584 2995 1672 3052 his
1715 2994 1976 3051 disseruit

377 3091 637 3148 dominus
659 3089 910 3161 princeps
931 3096 1116 3146 noster
1131 3087 1506 3157 Boamundus,
1530 3104 1630 3144 nec
1650 3089 1974 3162 dedignatus

377 3191 465 3239 est
485 3183 680 3238 morbo
706 3181 1032 3238 medicinam
1054 3195 1298 3252 quaerere
1333 3197 1392 3237 se
1415 3181 1612 3237 offerre
1633 3182 1970 3238 ministrum.

378 3271 608 3342 Verum,
633 3289 666 3330 ο
691 3274 972 3345 proceres!
999 3288 1396 3344 quorsumnam
1421 3273 1601 3336 istud?
1631 3289 1701 3330 an
1726 3275 1779 3340 iu
1813 3276 1972 3332 nobis
2003 3264 2046 3286 ’³

377 3383 492 3424 non
511 3377 596 3425 est
616 3368 711 3438 qui
743 3367 884 3422 mitti
905 3365 1114 3438 possit?
1145 3365 1252 3422 nisi
1276 3366 1323 3422 is
1343 3367 1646 3438 elongetur,
1669 3368 1764 3438 qui
1788 3367 1972 3438 potius

376 3465 539 3536 longe
560 3464 775 3536 positus
798 3461 976 3518 fuerat
997 3461 1403 3519 acclamandus.
1429 3461 1818 3517 Circumdante
1841 3477 1974 3517 cau-s

376 3558 462 3614 las
480 3557 735 3627 luporum
760 3555 997 3627 agmine,
1022 3554 1312 3626 praesentia
1337 3553 1575 3624 pastoris
1598 3567 1737 3623 opus
1756 3561 1970 3608 estnon

376 3648 654 3711 absentia;
680 3649 770 3703 ille
794 3662 1035 3718 praesens
1056 3644 1299 3717 periculo
1320 3659 1380 3700 se
1394 3643 1640 3713 Opponit,
1657 3657 1824 3697 canes
1843 3641 1974 3697 inci-

375 3740 776 3812 tat,pr2dones
791 3748 957 3805 arcet,
973 3753 1188 3810 gregem
1204 3737 1424 3802 liberat;
1441 3735 1603 3802 idem,
1617 3733 1662 3792 si
1675 3733 1838 3801 absit,
1853 3749 1972 3790 ces-

376 3842 465 3889 sat
500 3834 754 3899 latratus,
787 3830 1064 3886 crudescit
1102 3828 1296 3899 rapina
1329 3847 1342 3882 :
1376 3827 1494 3898 ipse
1533 3825 1792 3897 quiescit,
1839 3840 1968 3897 grex

377 3922 698 3992 dissipatur.
731 3920 894 3976 V‘alde
916 3929 972 3976 et
1001 3919 1199 3975 merito
1228 3917 1538 3975 socordiam
1581 3934 1762 3974 meam
1793 3917 1971 3972 incre-

379 4013 538 4085 pabit
599 4014 835 4080 auditor,
889 4013 982 4068 ubi
1026 4011 1272 4068 senuerit
1311 4010 1691 4068 Boamundum
1745 4009 1968 4076 abiisse,

378 4102 653 4162 mansisse
681 4103 830 4160 domi
853 4103 1218 4159 Taucredum.
1250 4101 1314 4156 At
1343 4101 1574 4158 fortasse
1604 4103 1658 4157 in
1688 4102 1857 4158 verbo
1877 4102 1970 4157 illo

379 4204 626 4252 tentatus
654 4213 776 4252 sum
811 4215 824 4251 :
858 4196 1081 4266 utquid
1131 4194 1301 4251 animi
1347 4195 1600 4264 habeam,
1648 4195 1835 4252 audito
1879 4212 1968 4264 eo,

379 4287 752 4346 manifestem.
785 4286 974 4342 Palam
1002 4295 1088 4342 est
1119 4287 1374 4342 voluntas
1402 4301 1544 4353 mea,
1574 4303 1680 4342 non
1729 4288 1970 4358 reprimo

378 4387 727 4436 metuentem.
781 4377 896 4437 Hoc
946 4393 1048 4449 pro
1103 4379 1285 4434 salute
1339 4379 1619 4435 communi
1663 4380 1969 4450 periculum

377 4472 516 4529 mihi
544 4471 857 4548 expostulo,
886 4479 1042 4527 tutus
1085 4471 1391 4542 aggredior,
1439 4486 1540 4541 pro
1588 4487 1817 4529 munere
1854 4489 1970 4528 am-

2079 1983 2346 2054 simplicis
2396 1985 2610 2057 remigii
2654 1987 2956 2054 sociantur,
3005 2002 3146 2058 quas
3180 1987 3358 2059 vulgo
3413 1989 3688 2044 sandalias

2079 2071 2296 2132 vocant.
2325 2076 2440 2134 lloc
2466 2077 2819 2135 Boamundus
2847 2089 3136 2135 contentus
3169 2095 3450 2146 numero,
3481 2081 3542 2136 in
3566 2097 3686 2136 eon-

2079 2176 2268 2238 spectu
2293 2169 2490 2225 classis
2521 2169 2765 2244 Pelasga:
2784 2169 3122 2237 transfretat,
3149 2171 3352 2228 relicta
3403 2171 3690 2229 Marchisi-

2076 2258 2160 2316 da:
2179 2258 2488 2316 Antiochia.
2516 2261 2886 2332 Asportantur
2913 2278 3132 2330 aurum,
3163 2272 3510 2334 argentum,
3546 2280 3686 2336 gen-

2078 2367 2200 2419 maa,
2223 2352 2421 2423 pallia;
2456 2353 2589 2410 urbs
2616 2354 2824 2425 absque
2867 2355 3054 2421 tutela,
3096 2355 3306 2426 absque
3369 2357 3686 2428 stipendiis.

2078 2445 2287 2517 absque
2312 2446 2997 2525 stipendiariis'l‘ancrcdo
3019 2447 3387 2519 relinquitur.
3419 2447 3688 2505 Habuisse

2077 2551 2165 2592 me
2191 2537 2463 2594 veridicos
2503 2537 2730 2593 memini
2767 2539 3050 2607 relatores,
3090 2539 3185 2610 qui
3225 2539 3282 2594 in
3331 2556 3411 2596 ca
3463 2544 3686 2612 penuria

2078 2628 2231 2683 illum
2260 2627 2371 2684 vini
2407 2629 2741 2685 abstinuisse
2771 2630 3150 2701 praedicarent,
3196 2645 3371 2701 aquae
3423 2631 3688 2703 siran

2078 2719 2279 2776 haustu
2321 2729 2664 2778 contentum.
2706 2720 2958 2794 Dumque
2992 2722 3076 2778 vel
3122 2723 3348 2780 modico
3399 2725 3490 2780 uti
3538 2725 3688 2797 Lm

2078 2822 2297 2885 propter
2323 2813 2670 2870 stomachum
2708 2814 2905 2871 blande
2945 2822 3308 2870 moneretur:
3347 2815 3546 2872 Sinite
3586 2832 3682 2878 ne,

2079 2905 2284 2973 aiebat,
2313 2921 2440 2962 eum
2484 2906 2887 2962 abstinentibus
2912 2907 3207 2973 abstinere;
3247 2907 3440 2962 ﬁxum
3484 2908 3582 2964 ﬁxi
3625 2907 3686 2961 de

2078 2996 2352 3067 genimine
2379 2996 2504 3052 vitis
2531 2997 2676 3053 nolle
2697 2997 2964 3068 accipere,
3003 2997 3177 3053 donec
3206 2998 3496 3056 omnibus
3541 2999 3682 3057 suﬁ-

2080 3088 2220 3144 ciam
2250 3089 2382 3144 dare
2409 3108 2424 3144 :-
2453 3089 2598 3145 absit
2619 3103 2720 3162 ego
2750 3089 2974 3160 crapula
2997 3089 3300 3156 distendar,
3340 3091 3682 3146 commilito—

2080 3195 2176 3235 nes
2206 3179 2313 3236 mei
2339 3178 2519 3235 inedia
2549 3189 2897 3236 marcescant
2923 3182 2935 3234 !

2771 3271 2956 3328 CLIV.

2144 3364 2374 3438 Jamque
2398 3365 2542 3422 soles
2567 3365 2681 3422 fere
2710 3365 3072 3437 quadraginta
3096 3365 3280 3436 inopia
3303 3368 3678 3439 pertingehat.

2074 3473 2202 3514 eum
2229 3459 2392 3530 pleno
2421 3473 2593 3515 cornu
2621 3457 2778 3529 copia
2805 3457 2979 3525 adest,
3011 3472 3325 3529 aurumque
3355 3475 3480 3514 non
3515 3460 3681 3514 modi-

2074 3565 2198 3605 cum
2228 3549 2356 3606 coeli
2378 3550 2595 3620 pluunt.
2625 3549 2859 3617 Quidam
2881 3550 2948 3605 dc
2976 3549 3189 3605 civibus
3230 3551 3482 3620 penuria
3523 3551 3678 3608 curia

2085 3642 2292 3710 audita,
2319 3641 2694 3698 misericordia
2721 3651 2907 3698 motus
2931 3639 3277 3698 Tancredum
3307 3643 3460 3708 adit,
3496 3651 3678 3714 postu-

2074 3735 2303 3806 lansque
2349 3734 2656 3791 mercedem
2707 3736 2892 3791 statim
2947 3735 3226 3808 impetrat,
3264 3746 3330 3792 ut
3379 3739 3674 3807 penuriam

2074 3827 2233 3895 levet,
2271 3843 2429 3898 opem
2466 3827 2624 3884 ferat.
2665 3846 2682 3880 t
2717 3827 2915 3897 liabet,
2947 3828 3147 3900 inquit,
3179 3829 3318 3884 urbs
3349 3829 3466 3884 ista
3497 3839 3672 3886 cente-

2072 3934 2176 3974 nos
2204 3917 2373 3985 cives,
2398 3918 2630 3990 singulis
2658 3933 2897 3990 quorum
2943 3920 3240 3992 marsupiis
3266 3919 3436 3978 facile
3465 3931 3563 3978 est
3585 3937 3676 3974 au-

2074 4025 2200 4067 reos
2223 4010 2503 4066 effundere
2527 4011 2804 4068 millenos.
2839 4011 3038 4084 Rogati
3084 4028 3196 4068 non
3235 4014 3551 4080 tenebunt;
3599 4023 3674 4076 tu,

2072 4103 2314 4171 domine,
2340 4118 2496 4175 roga,
2519 4117 2622 4174 ego
2649 4103 2874 4160 nomina
2899 4103 3227 4176 patefaciam
3262 4121 3394 4176 quae
3433 4122 3619 4178 roges.
3648 4125 3666 4156 ι

2072 4195 2487 4267 Obtemperatur
2514 4196 2767 4264 corisilio,
2811 4197 3169 4254 nominantur
3196 4197 3510 4267 scribendi,
3539 4197 3670 4255 scri-

2073 4289 2280 4344 buntur
2306 4287 2563 4357 vocandi,
2606 4297 2878 4344 vocantur
2910 4289 3163 4360 rogandi,
3207 4298 3486 4362 rogantur
3529 4293 3670 4344 intus

2074 4380 2250 4438 missi.
2288 4379 2579 4436 lncusatur
2607 4396 2812 4452 urgens
2854 4381 3180 4448 necessitas,
3222 4381 3280 4435 in
3325 4396 3444 4452 quo
3485 4380 3670 4453 petitio

2073 4481 2318 4538 praesens
2339 4475 2655 4533 excusatur,
2688 4464 2844 4522 fulcit
2869 4474 3190 4521 excusatam
3213 4466 3514 4522 retributio
3542 4481 3666 4537 pro-

375 4565 586 4638 plector
619 4584 632 4619 :
665 4573 834 4634 utque
881 4562 1074 4634 petitio
1121 4577 1411 4618 assensum
1460 4563 1736 4633 impetret,
1780 4579 1964 4620 coram
1997 4570 2044 4631 ι)
2073 4561 2264 4627 missa,
2300 4568 2361 4614 ut
2396 4575 2506 4614 non
2549 4567 2661 4614 tam
2703 4559 2808 4614 sub
2848 4559 3071 4616 nomine
3107 4558 3240 4614 doni
3276 4575 3448 4630 quam
3493 4558 3664 4614 mutui

375 4656 772 4730 Deo-polliceor
800 4655 1145 4712 sedulitatem
1194 4654 1248 4708 in
1296 4655 1582 4726 obsequio,
1631 4655 1964 4712 celeritatem

376 4749 432 4803 in
458 4748 634 4803 reditu
661 4765 678 4814 ;
702 4761 769 4802 ac
801 4761 869 4801 ne
897 4760 1006 4817 qua
1034 4743 1176 4800 forte
1203 4745 1484 4816 ingenium
1517 4760 1700 4802 meum
1741 4746 1965 4817 crapula

375 4837 575 4902 turbet,
605 4837 764 4893 latice
781 4843 1106 4902 contentus,
1138 4834 1327 4890 vinum
1367 4836 1632 4905 nesciam,
1663 4836 1838 4893 donec
1877 4853 1964 4891 re-

377 4929 573 4986 ducem
626 4945 714 4984 me
756 4927 1048 4984 Antiochia
1095 4927 1352 4998 excipiat.
1390 4925 1634 4984 Subinde
1661 4929 1828 4984 etiam
1883 4929 1967 4986 fas

375 5020 514 5075 mihi
537 5029 657 5076 esto
683 5019 787 5076 sub
809 5018 1004 5074 iisdem
1037 5017 1234 5090 tegulis
1263 5017 1561 5072 biduanam
1607 5033 1766 5088 agere
1811 5018 1966 5088 quie-

376 5119 528 5178 tem;
555 5119 680 5166 ante
702 5125 834 5166 vero
861 5108 1038 5166 nefas.
1073 5106 1199 5165 Haec
1229 5108 1366 5164 meis
1405 5109 1454 5164 si
1491 5108 1769 5180 iusseritis
1796 5123 1965 5175 onera

377 5202 555 5256 libens
582 5202 823 5258 humeris
849 5202 1128 5273 imponam
1158 5220 1171 5256 :
1195 5201 1539 5274 gravioribus
1561 5201 1706 5256 ultro
1727 5217 1964 5257 oneran—

378 5291 504 5358 dus,
539 5289 584 5346 si
611 5292 859 5363 graviora
886 5293 1286 5363 imposueritis.
1326 5291 1528 5363 Objicit
1565 5290 1962 5347 Boamundus:

377 5384 574 5456 Magna
604 5401 690 5441 res
720 5393 804 5441 est
829 5385 895 5440 de
917 5402 1026 5456 qua
1050 5386 1250 5458 agitur,
1284 5400 1486 5456 magno
1506 5383 1800 5438 volumine
1847 5391 1962 5438 tra-

377 5477 596 5543 ctanda,
624 5492 825 5532 severae
841 5476 930 5530 vix
953 5477 1209 5548 cuiquam
1233 5491 1482 5548 persona:
1506 5473 1957 5545 impenetrabilis.

377 5568 651 5640 Propositi
681 5577 762 5624 est
814 5569 987 5622 nostri
1032 5555 1224 5640 graves
1260 5569 1441 5624 excire
1484 5575 1779 5639 potestates
1811 5583 1826 5622 :
1859 5567 1963 5623 hoc

376 5677 488 5718 non
518 5661 692 5717 cuivis
723 5660 1009 5716 hominum
1058 5661 1348 5731 contingit,
1405 5676 1516 5716 non
1562 5669 1740 5730 potest
1778 5661 1963 5730 gravia

376 5769 599 5810 movere
625 5753 729 5808 nisi
757 5751 962 5824 gravis,
996 5766 1196 5822 magno
1221 5765 1363 5820 opus
1389 5760 1473 5807 est
1511 5749 1664 5818 flatu,
1689 5759 1749 5806 ut
1789 5751 1964 5820 possit

376 5860 614 5914 quercus
645 5845 754 5900 alta
803 5842 1080 5908 radicibus
1106 5840 1282 5896 evelli.
1314 5840 1437 5897 Non
1464 5842 1687 5898 audient
1725 5842 1961 5898 Tancre-

2075 4653 2188 4724 peti
2217 4650 2468 4706 videatur
2499 4669 2516 4704 ι
2557 4665 2660 4706 nec
2711 4650 2971 4706 retieetur
2999 4650 3183 4706 vicina
3210 4651 3518 4718 hostilitas,
3561 4665 3666 4705 non

2076 4742 2383 4814 repellenda
2433 4741 2541 4797 nisi
2585 4742 2787 4796 armati
2829 4741 3197 4809 occurrerint,
3235 4757 3341 4797 nec
3381 4741 3664 4798 occursuri

2075 4835 2182 4891 nisi
2210 4850 2346 4890 auro
2371 4833 2740 4890 intercedente
2779 4835 3086 4905 provocati.
3122 4834 3228 4891 Tot
3259 4837 3662 4892 conﬂuentibus

2073 4927 2129 4983 in
2153 4943 2324 4982 unum
2351 4925 2558 4993 causis,
2583 4925 2803 4981 demum
2821 4923 3072 4990 efﬁcitur,
3095 4934 3156 4980 ut
3179 4927 3536 4997 praescriptus
3563 4940 3662 4982 al-

2075 5035 2296 5075 reorum
2325 5033 2594 5074 numerus
2625 5017 2982 5088 impetratur;
3016 5016 3222 5088 quibus
3258 5019 3492 5090 receptis
3529 5017 3658 5071 lar

2070 5110 2312 5167 chisides
2341 5109 2710 5176 confortatus,
2761 5108 3015 5164 militiam
3055 5109 3355 5177 confortat,
3389 5110 3656 5180 jacenlen

2069 5202 2322 5269 suscitat,
2353 5201 2622 5258 inermem
2650 5209 2848 5268 armat,
2881 5200 3102 5272 supplet
3121 5217 3414 5256 numerum
3441 5201 3537 5270 qui
3557 5216 3654 5255 ex-

2068 5296 2294 5362 ciderat,
2329 5311 2506 5365 neque
2534 5295 2710 5351 donec
2739 5293 2960 5349 deﬁciat
2980 5309 3212 5360 aureus,
3242 5304 3426 5350 cessat
3456 5307 3650 5363 augt-nc

2069 5389 2384 5445 militarem.
2411 5388 2621 5444 Exinde
2646 5396 2920 5458 prostrata
2959 5403 3251 5459 resurgere
3281 5389 3440 5458 erepit
3460 5387 3648 5440 Antio-

2069 5479 2214 5546 chia,
2247 5487 2302 5534 et
2329 5479 2395 5534 de
2426 5478 2616 5533 territa
2641 5476 2758 5532 fore
2791 5476 3076 5534 terribilis.
3111 5476 3426 5533 Arthasiu-m
3461 5474 3644 5529 stati

2069 5571 2402 5654 aggreditur,
2432 5585 2555 5640 qua:
2593 5585 2718 5626 cum
2750 5569 2874 5624 aliis
2914 5578 3147 5625 matrem
3193 5567 3498 5632 infestabat,
3529 5579 3646 5619 om-

2070 5665 2224 5719 nium
2273 5672 2384 5717 tam
2449 5662 2810 5718 acerbissima
2860 5677 3027 5733 quam
3072 5661 3322 5732 proxima
3365 5658 3642 5729 Syrorum.

2071 5753 2224 5810 lianc
2255 5755 2420 5824 igitur
2451 5753 2688 5824 primam
2718 5751 3036 5808 Tancredus
3057 5750 3359 5807 circumdat
3395 5747 3456 5801 ad
3485 5747 3638 5813 cujus

2074 5847 2215 5901 ictus
2246 5847 2333 5900 vix
2364 5854 2512 5902 stant
2535 5855 2715 5901 turres
2740 5845 2989 5901 silicibus
3015 5859 3329 5908 concussa;
3363 5839 3504 5910 quod
3541 5851 3638 5889 ω’
