3806 6306
89 409 176 467 539
719 403 722 408 '
921 403 926 405 ’
1025 401 1030 406 ’
1367 379 1594 452 CESTA
1633 399 1636 416 '

1763 392 1976 453 {CREDI

3216 411 3322 465 590

88 524 223 579 dicas
248 516 530 573 Raduanus
556 514 634 586 (8)
664 513 879 586 Kalcpti
911 529 1005 569 rex
1040 529 1166 568 eum
1205 513 1430 586 triginta
1469 513 1634 568 milli-
1664 519 1708 574 Α
1737 525 2060 584 opportune,
2100 515 2411 586 importune
2453 517 2617 587 ‘sup'cr
2659 513 2913 576 velitaris.
2961 521 3166 578 Ardere
3203 526 3324 596 pari

88 616 173 669 bus
188 609 408 667 accurrit
429 608 688 663 adversus
707 605 1038 678 paucitatem
1060 607 1113 662 in
1130 604 1480 662 multitudine
1502 619 1634 661 con-

89 705 236 761 ﬁdens
269 720 283 756 :
315 699 696 756 Arthasienses
725 714 948 771 quoque
973 699 1051 755 illi
1077 715 1137 756 se
1159 698 1420 772 jungunt,
1442 712 1636 754 omnes

86 796 314 852 adversus
341 791 707 848 Antiochiam.

262 884 412 943 CLV.
453 917 524 926 —
555 885 808 940 Art/tasio
833 885 1155 940 Raduanum
1175 884 1412 956 expellit.

141 980 256 1035 Erat
275 979 448 1034 media
472 978 614 1034 inter
629 993 725 1034 eos
743 979 999 1050 planities
1024 979 1334 1050 scopulosa,
1350 993 1449 1049 per
1467 991 1634 1048 quam

87 1080 330 1142 utcunque
354 1069 578 1126 caballis
609 1069 709 1138 ire,
741 1076 966 1126 Currere
993 1085 1123 1126 vero
1163 1071 1390 1126 omnino
1423 1085 1533 1126 non
1571 1068 1636 1124 li-

83 1165 216 1220 cebat
242 1181 255 1218 :
281 1163 364 1219 vel
405 1163 453 1219 si
481 1163 704 1235 quando
731 1161 800 1219 ad
829 1179 1055 1220 cursum
1091 1150 1367 1236 quispiam
1408 1171 1634 1235 cogere—

83 1271 173 1325 tur,
196 1272 290 1314 nec
311 1256 501 1328 pedem
533 1258 758 1329 ungula,
791 1247 904 1324 nec
932 1259 1195 1330 ungulam
1234 1258 1444 1315 ferrum
1493 1259 1636 1314 tueri

80 1355 280 1417 poterat,
307 1347 439 1418 quin
460 1357 652 1404 cautes
677 1363 876 1420 aspera
901 1349 1106 1406 calcem
1134 1351 1461 1421 permoleret
1479 1351 1636 1423 equi-

87 1456 211 1524 nam,
246 1455 415 1524 equus
441 1451 607 1524 atque
627 1457 797 1514 eques
821 1452 1044 1516 ruerent
1083 1431 1364 1514 prostrati.
1403 1443 1638 1502 Tancre-

87 1521 190 1600 dus,
219 1521 278 1589 es
294 1521 364 1614 re
390 1521 633 1609 cognita,
657 1523 941 1608 paululum
974 1537 1198 1604 secedit,
1234 1537 1364 1593 illuc
1385 1537 1636 1596 hostibus

76 1629 308 1699 permittit
335 1630 616 1697 accedere,
645 1645 756 1702 qua
777 1630 885 1685 loei
910 1629 1201 1686 difﬁcultas
1230 1628 1415 1702 fugam
1449 1645 1634 1686 remo-

77 1727 220 1786 retur,
247 1720 388 1790 quod
420 1719 721 1776 Raduanus
751 1729 846 1775 aut
884 1720 1185 1792 negligens,
1215 1727 1310 1775 aut
1349 1719 1632 1791 ignorans,

77 1813 161 1867 hac
202 1812 448 1868 militiam
500 1813 714 1884 impetit
755 1811 1177 1880 Christianam;
1223 1811 1315 1868 illa
1370 1805 1634 1883 tanquam

1739 605 2055 664 Tancrcdus
2083 607 2474 678 inflammatur,
2505 611 2597 667 ubi
2638 620 2834 668 nactus
2856 613 3164 682 victoriam,
3194 633 3322 689 spo-

1737 701 1825 756 liis
1848 700 2056 772 Calepti
2081 701 2316 758 ditescit.
2361 701 2593 784 Jamque
2630 703 2944 762 Laodiciam
2987 723 3184 764 novam
3227 725 3323 782 ag-

1737 800 2047 865 gressurus,
2074 803 2332 851 monetur
2354 789 2594 852 veterem
2643 798 3020 870 multiplicatis
3045 800 3322 857 bellatori-

1737 885 1839 942 bus
1870 883 2061 942 fulcire
2090 905 2102 942 :
2138 886 2252 958 ipse
2277 885 2560 958 Apamiam
2589 889 2800 962 reliquo
2820 892 3062 948 exercitu
3086 893 3324 949 circum-

1735 979 1938 1050 sepiat;
1967 976 2283 1051 faetumque
2304 992 2387 1035 est
2409 979 2504 1036 ita.
2534 970 2803 1053 lleprndit
2828 982 3144 1041 Tancredus
3173 984 3326 1041 Grae-

1734 1071 1816 1127 cis
1847 1071 2042 1138 vicem,
2088 1070 2182 1141 qui
2224 1074 2464 1127 castram
2509 1081 2693 1130 castro
2738 1086 3128 1147 opposuerant,
3176 1093 3325 1134 nunc

1736 1166 1930 1220 contra
1955 1161 2071 1233 ipse
2090 1161 2476 1220 Castrensibus
2516 1163 2839 1224 Castrenses
2862 1169 3117 1226 obiit-mat
3142 1189 3154 1224 :
3180 1170 3326 1242 Apa-

1738 1256 1908 1332 miam
1932 1270 2063 1310 vero
2090 1269 2201 1309 non
2228 1255 2484 1325 plurimo,
2515 1259 2611 1313 sed
2632 1267 2858 1314 Strenuo
2883 1259 3057 1316 milite
3084 1261 3326 1318 cireum-

1736 1346 1852 1416 dat,
1881 1347 2045 1419 quasi
2070 1347 2232 1403 morti
2265 1346 2482 1404 addicto
2501 1358 2554 1404 et
2581 1351 2697 1420 ipse
2718 1351 2989 1408 addictus.
3013 1351 3190 1424 Prope
3216 1352 3321 1425 Sy-

1737 1455 1884 1507 sara,
1931 1443 2101 1511 prope
2149 1437 2384 1506 llaman,‘
2428 1452 2598 1511 prope
2642 1438 2947 1511 Raphania,
2994 1459 3162 1514 prope
3211 1444 3321 1500 alia

1737 1531 2018 1602 complura
2049 1539 2158 1612 tam
2186 1530 2382 1600 Oppida
2408 1531 2986 1601 quam_urbes,omnia
3015 1535 3179 1591 minis
3203 1535 3321 1606 ple-

1737 1641 1809 1681 na
1859 1634 1916 1681 et
1968 1625 2126 1680 hoste
2177 1621 2522 1679 fremiscunt.
2565 1621 2833 1680 Obsident
2866 1642 2996 1696 ergo
3021 1625 3321 1683 Christiani

1738 1717 1929 1773 urbem
1950 1732 2140 1784 unam,
2167 1713 2509 1772 Christianos
2534 1715 2664 1771 vero
2706 1717 2870 1773 urbes
2904 1718 3115 1786 multae;
3144 1735 3322 1777 anno-

1738 1801 1866 1866 nam
1888 1810 2241 1881 quiquzerere
2260 1800 2422 1881 egent
2445 1815 2742 1879 nequeunt,
2765 1807 2872 1864 nisi
2894 1807 3149 1878 bipertito
3167 1826 3324 1867 excr-

75 1904 257 1974 lorpida
300 1905 423 1961 loco
473 1913 696 1973 manet,
748 1905 982 1962 sustinet
1017 1905 1190 1961 donec
1234 1903 1422 1961 lancea
1471 1917 1634 1962 suum
1667 1897 1882 1970 Bcitu;
1929 1917 2061 1973 pars
2112 1901 2285 1956 altera
2335 1907 2574 1966 maneat,
2614 1899 2784 1955 altera
2818 1909 3018 1956 exeat:
3047 1902 3126 1958 sic
3159 1901 3322 1957 divisi

77 1996 245 2052 habeat
274 2007 512 2070 tempus.
556 1997 790 2070 Jamque
833 1998 1238 2070 praetergressis
1283 1997 1406 2054 loca
1437 1981 1632 2070 aspera

76 2086 259 2156 Turcis,
291 2088 614 2146 Tancredus
641 2092 804 2162 quasi
835 2107 864 2146 a
890 2106 1087 2148 somno
1116 2091 1392 2148 excitatus
1425 2091 1479 2146 in
1513 2108 1634 2148 me-

74 2179 158 2236 diis
177 2178 428 2237 fulminat
461 2199 475 2238 :
505 2182 585 2238 illi
616 2181 778 2239 facile
807 2193 959 2256 terga
989 2185 1214 2240 vertunt
1233 2178 1540 2256 sperantes,
1575 2195 1635 2241 ut

74 2265 140 2326 est
163 2263 341 2340 moris,
375 2273 642 2348 fugiendo
666 2283 879 2349 gyrare,
916 2270 1164 2355 gyrando
1203 2273 1487 2349 sagittare.‘
1530 2277 1636 2334 De-

75 2365 184 2422 lusa:
209 2378 332 2424 sunt
351 2377 456 2424 aut
476 2385 670 2425 eorum
700 2385 826 2441 spes
869 2379 926 2426 et
962 2379 1131 2438 artes,
1179 2369 1501 2427 deluserunt
1539 2386 1636 2428 cas

73 2456 232 2514 lancea
250 2469 304 2515 et
345 2461 441 2516 via
473 2480 487 2517 :
518 2461 688 2518 altera
727 2479 951 2535 urgens,
999 2463 1174 2520 altera
1215 2466 1417 2521 cursus
1454 2465 1634 2536 impa-

73 2549 188 2638 tiens
217 2572 228 2607 :
252 2554 368 2611 haec
408 2563 621 2638 tergum
647 2554 806 2621 fodit,
834 2557 927 2612 illa
956 2559 1187 2629 gradum
1217 2558 1384 2615 sistit.
1409 2557 1637 2616 Inutiles

75 2631 216 2712 igitur
239 2638 392 2717 equi;
417 2631 688 2717 pharetra:
727 2640 781 2704 et
806 2656 970 2707 arcus
1009 2651 1371 2723 abjiciuntur,
1405 2654 1636 2711 confidi-

74 2739 147 2786 tur
159 2735 377 2804 pedibus
407 2737 663 2808 pr0priis,
692 2739 784 2795 ubi
803 2740 1064 2797 dimditur
1077 2743 1294 2812 alienis,
1313 2745 1430 2802 suis
1459 2762 1636 2816 quan-

73 2835 167 2881 tum
197 2828 314 2884 licet
355 2837 593 2885 utuntur
625 2848 638 2884 :
671 2830 899 2888 humani
929 2841 1078 2900 sunt,
1109 2835 1337 2891 mallent
1364 2852 1489 2893 esse
1515 2853 1635 2892 cer-

73 2917 342 2976 rinoszne
395 2929 580 2976 tamen
632 2923 770 2978 nihil
818 2925 990 2996 egerit
1048 2925 1370 2994 Raduanus,
1428 2943 1636 2998 paucos

72 3007 341 3067 Christiani
373 3012 617 3068 nominis
647 3015 946 3087 sagittavit,
980 3018 1250 3090 reliquam
1283 3026 1509 3090 Operam
1540 3020 1636 3075 de-

71 3101 136 3156 dit
173 3101 345 3176 fuga);
391 3106 662 3178 sagittarii
694 3105 836 3180 ejus,
879 3103 1009 3181 pars
1037 3102 1219 3166 evadit
1261 3109 1470 3181 saucia,
1503 3100 1636 3168 non-

71 3191 180 3249 nulli
201 3196 330 3253 cacsi
353 3206 802 3268 prosternuntur.

71 3307 222 3367 CLVI.
245 3342 320 3352 ——
342 3313 681 3369 Antiochiam
706 3317 873 3372 victor
895 3317 1190 3374 revertitur.
1223 3317 1506 3386 Apamiam
1534 3321 1642 3377 cir-

722 3387 958 3442 cumdat.

131 3471 308 3531 Victor
337 3475 522 3547 itaque
566 3475 900 3562 Taneredus.
925 3479 1244 3558 Arthasium
1288 3483 1483 3555 recipit
1525 3502 1642 3554 :_ea

73 3563 280 3632 munita,
326 3565 675 3623 Antiochiam
725 3555 1052 3638 reveriitur;
1098 3567 1407 3629 confortata
1451 3574 1641 3646 spoliis

75 3653 348 3712 inﬁdelium
413 3659 571 3727 fides,
618 3660 730 3716 imo
770 3663 930 3733 quasi
971 3679 1002 3718 a
1056 3664 1292 3721 mortuis
1345 3682 1641 3740 resurgens

73 3743 466 3821 expergiscitiir,
511 3745 772 3809 renovato
810 3753 1056 3826 principe
1112 3757 1310 3828 gaudet
1354 3755 1637 3814 fortunam

75 3843 305 3897 renovari
338 3862 351 3898 :
387 3842 506 3915 ipse
541 3845 707 3902 etiam
756 3847 1005 3919 accipitri
1044 3847 1501 3918 conformandus,
1545 3851 1636 3907 cui

74 3939 246 4000 negata
274 3932 365 3988 diu
395 3936 615 3992 volandi
661 3937 904 4006 licentia,
951 3938 1151 4010 longus
1189 3955 1378 3996 carcer
1425 3934 1641 4000 animos

75 4022 336 4092 labefecit;
367 4043 430 4082 ea
457 4028 677 4100 demum
714 4031 946 4099 reddita,
983 4030 1032 4087 si
1075 4023 1232 4087 missi
1277 4033 1341 4088 ad
1389 4033 1640 4104 rapinam

73 4113 261 4180 primos
301 4116 538 4188 impetus
584 4117 806 4175 fortuna
847 4121 1072 4191 iuverit,
1115 4121 1170 4178 in
1194 4121 1470 4179 desiderio
1511 4119 1641 4180 sunt

74 4206 299 4276 secundi,
340 4209 567 4280 visaque
605 4227 802 4284 gruum
839 4221 1078 4282 catezva,‘
1125 4220 1400 4272 tenentem
1457 4214 1638 4284 veXat,

133 4361 209 4432 (8)
247 4362 538 4422 Wilbelmo
559 4365 790 4432 Tyrensi
815 4367 1018 4424 dicitur
1045 4368 1364 4428 Roduanus;

137 4434 210 4511 (9)
241 4433 322 4511 _l_ta
349 4437 551 4511 desinit
573 4433 813 4505 Historia
836 4439 1084 4507 Radulli;
1113 4443 1241 4511 quis
1264 4452 1448 4498 autem
1472 4441 1637 4498 fuerit

77 4505 558 4581 tantidiscriminis
589 4513 839 4575 eventus,
871 4505 1078 4581 paucis»
1103 4505 1190 4567 his
1237 4514 1420 4569 verbis
1470 4513 1638 4569 refert

1733 1978 2038 2066 periculum
2063 1993 2360 2059 declinant,
2383 1991 2531 2064 quod
2556 1991 2646 2046 vix
2677 1991 2949 2048 suﬂiciant
2985 1997 3322 2067 congregati.

1735 2085 1848 2142 Deo
1873 2087 2141 2142 sunthaec
2161 2085 2508 2153 ascribenda,
2543 2099 2654 2140 non
2689 2085 2894 2142 viribus
2913 2084 3192 2156 humanis,
3225 2103 3326 2158 pa-

1735 2181 1842 2236 la‘m
1863 2195 1966 2251 pro
1993 2179 2324 2237 Christianis
2347 2177 2602 2234 Christus
2625 2177 2870 2234 dimicat.

1875 2269 2080 2328 CLVII.
2103 2302 2174 2312 —
2195 2268 2414 2326 Summa
2445 2259 2854 2326 Laodicensium
2879 2275 3180 2328 necessitas.

1805 2365 2237 2436 Nuntiatumque
2255 2362 2306 2420 ei
2345 2362 2413 2419 de
2436 2362 2856 2421 Laodicensium
2890 2381 3116 2422 suorum
3157 2383 3326 2438 penu-

1738 2459 1843 2526 ria;
1865 2458 2013 2529 quod
2055 2457 2178 2514 data
2227 2456 2519 2528 pascendis
2563 2455 2698 2528 ipsis
2741 2459 3000 2514 alimenta
3051 2459 3324 2514 defectum

1739 2553 2081 2608 minarentur
2115 2550 2209 2606 :in
2241 2545 2497 2621 proiimo
2530 2559 2626 2606 aut
2653 2549 3027 2622 ingressuram
3073 2552 3191 2609 fore
3235 2570 3325 2609 ce-

1736 2661 1935 2712 rerem,
1975 2653 2071 2700 aut
2107 2657 2453 2715 egressuram
2477 2659 2703 2699 manum
2725 2645 3078 2702 bellatricem.
3113 2645 3326 2718 Ingres-

1737 2755 1861 2796 sum
1901 2747 2086 2794 autem
2115 2737 2442 2809 prohibebat
2479 2753 2714 2809 magnus
2743 2737 2988 2798 hostium
3036 2753 3321 2804 numerus.

1737 2833 1831 2904 qui
1887 2847 1984 2903 per
2023 2830 2264 2902 compita
2313 2823 2596 2887 insomnes
2639 2827 3004 2887 eiCubabant.
3049 2830 3326 2888 Turbatus

1737 2925 1932 2982 nuntio
1961 2925 2214 2997 princeps
2242 2924 2492 2996 (noverat
2519 2917 2667 2980 enim
2693 2923 2822 2994 quia
2866 2924 2982 2980 sola
3025 2921 3197 2998 fames
3228 2940 3323 2978 ιιι·-

1739 3019 1837 3073 bes
1868 3017 2085 3084 asserit,
2125 3016 2301 3073 ne's'cit
2329 3017 2515 3087 plebes
2551 3015 2741 3087 jejuna
2776 3012 2990 3085 timere)
3040 3015 3094 3069 in
3146 3026 3327 3085 partes

1739 3103 1919 3164 varias
1967 3109 2213 3163 aniinum
2255 3105 2433 3163 fundit
2467 3117 2479 3161 ξ
2508 3123 2652 3163 anne
2694 3106 3003 3182 habendum
3035 3114 3328 3177 postponat

1739 3201 1946 3268 habito,
1986 3217 2055 3256 an
2096 3200 2347 3256 habitum
2396 3199 2666 3257 habendo.
2716 3197 2924 3254 Durum
2968 3204 3052 3252 est
3093 3198 3324 3253 multum

1743 3291 1930 3347 labore
1949 3300 2160 3362 partam
2184 3289 2498 3346 Laodiciam
2541 3289 2813 3356 abdiccrc,
2837 3302 3000 3360 grave
3041 3287 3325 3358 Apamiam
3382 3352 3391 3361 ι

1741 3398 1809 3438 ex
1833 3381 1978 3440 facili
2007 3382 2307 3454 parandam
2332 3381 2611 3438 dimittere
2641 3400 2656 3435 ε
2704 3397 2830 3435 nam
2863 3380 3020 3451 quasi
3065 3379 3320 3449 impossi-

1742 3474 1850 3531 bile
1895 3483 2112 3531 constat
2159 3489 2304 3552 esse,
2349 3484 2411 3530 ut
2454 3472 2660 3544 ethoc
2697 3471 2885 3538 faciat,
2923 3481 2978 3526 et
3029 3471 3161 3527 illud
3217 3486 3326 3526 non

1742 3563 1978 3623 emittat.
2007 3567 2078 3621 At
2107 3559 2281 3622 virtus
2303 3581 2428 3638 qum
2461 3566 2576 3621 sola
2601 3580 2690 3621 res
2720 3563 3086 3634 impossibiles
3110 3563 3174 3617 ad
3202 3578 3328 3632 pos-

1741 3659 2058 3715 sibilitatem
2089 3658 2305 3730 redigit,
2335 3658 2511 3713 virum
2542 3657 2852 3713 confortat:
2886 3665 3074 3712 monet
3098 3657 3329 3726 petenti-

1741 3753 1846 3808 bus
1875 3767 2034 3823 opem
2062 3751 2267 3808 cursim
2293 3766 2634 3816 succurrere,
2677 3751 2970 3804 mansuros
3001 3748 3068 3805 ad
3113 3756 3327 3804 castro-

1740 3861 1864 3901 rum
1911 3845 2153 3916 regimen
2198 3844 2404 3900 milites
2455 3843 2537 3899 sic
2596 3839 2852 3898 hortari:
2887 3860 2904 3892 ι
2951 3838 3070 3909 Eia,
3120 3839 3328 3896 Christi

1743 3939 2039 4010 martyres!
2071 3945 2261 4008 parate
2307 3935 2463 3990 fundi
2508 3943 2674 4006 atque
2708 3932 2937 3988 fundere
2957 3949 3057 4002 pro
3092 3947 3159 3987 eo
3195 3949 3316 3987 san-

1741 4031 1894 4101 guis;
1919 4037 2237 4086 constantes
2277 4037 2451 4084 estote
2482 4047 2495 4082 :
2525 4027 2665 4083 bene
2712 4025 2981 4096 ecepistis,
3013 4025 3152 4080 bene
3191 4041 3328 4080 con-

1741 4133 2014 4180 summate
2040 4141 2053 4178 2
2085 4136 2196 4178 non
2219 4136 2320 4178 VOS
2358 4129 2561 4176 terreat
2593 4119 2844 4191 paucitas
2864 4126 3079 4185 vestra;
3112 4132 3222 4173 ιιοη
3247 4125 3331 4170 (‘SI

1742 4217 1972 4274 victoria
2007 4216 2060 4271 in
2086 4228 2338 4282 numero,
2368 4212 2462 4270 sed
2491 4213 2545 4267 in
2574 4211 2669 4268 Dei
2699 4211 2900 4266 virtute
2932 4208 3030 4281 (2).
3055 4227 3072 4260 ι

1741 4373 1863 4428 illos
1915 4347 2609 4438 incunctanter?equitavit.
2657 4365 2819 4438 Quid
2848 4362 3056 4438 longius
3114 4361 3334 4438 meper?

1741 4443 2010 4498 Audacter
2037 4450 2160 4494 ante
2181 4430 2458 4494 Artasium
2486 4439 2541 4491 in
2561 4453 2649 4493 eos
2681 4430 2866 4500 irruit,
2897 4430 2956 4488 εἰ
2990 4431 3100 4486 Deo
3129 4430 3332 4500 suifra—

1741 4517 1896 4586 g‘ante
1916 4513 2014 4586 illi
2040 4512 2281 4582 protinus
2307 4507 2859 4586 pavorecircumfusi,
2887 4506 3045 4558 dorsa
3078 4502 3220 4586 [agre
3242 4500 3334 4586 tle-

75 4570 378 4667 I'llgherijus
402 4576 762 4667 Garngotens‘i’s
798 4569 894 4667 lib“.
931 4597 971 4636 ιι
1008 4581 1638 4667 lli-slci'rizeferosolymi-
1664 4606 1715 4667 ι)
1739 4569 2318 4667 {leruntJj‘ugerunt-‘et'
2340 4569 3330 4667 Lugatisunt,quiufuugert‘gpall-[(12%

77 4649 326 4722 tante,_ad
359 4665 566 4705 annum
614 4651 753 4706 1105
780 4671 800 4707 ε
842 4652 1146 4708 Tancredus
1182 4665 1380 4720 autem,
1413 4649 1634 4721 ait,'non

76 4717 127 4796 in
152 4717 309 4772 ntulta
341 4730 512 4796 gente,
559 4723 745 4796 sedili
769 4722 998 4778 Domino
1028 4726 1139 4796 spei
1192 4741 1305 4780 sua:
1342 4717 1506 4796 ﬁgens
1540 4742 1638 4780 an-

77 4784 292 4856 rhoram,
323 4784 534 4846 aciebus
588 4794 697 4847 suis
729 4794 852 4850 bene
882 4784 1208 4865 compositis,
1247 4784 1432 4851 εοηὶῖα
1463 4797 1635 4852 hostes

1744 4673 1836 4730 nec
1862 4644 2084 4730 mortem
2105 4654 2291 4708 erasit.
2329 4644 2776 4730 pe'interempti:
2789 4662 2891 4699 non
2923 4644 3029 4730 fuit
3058 4655 3326 4730 numerus.

1744 4726 1823 4781 De
1869 4725 2016 4796 equis
2061 4740 2244 4796 eorum
2280 4722 2464 4796 plures
2501 4711 2687 4796 habuit
2734 4711 3058 4771 Tancrédus.
3111 4711 3352 4784 Signum.

1742 4793 1946 4868 quoque
1974 4796 2108 4859 regis
2131 4794 2341 4866 fugitivi
2366 4793 2599 4858 retinuit,
2627 4800 2731 4845 etc.
