3838 6306
127 385 206 442 593
1072 375 1261 433 RMM.
1305 377 1393 433 DE
1431 376 1682 434 AGILES

1721 377 1899 434 lllST.
1941 378 2304 436 HIEROSOL.
2483 418 2488 424 -
3215 390 3321 448 594

126 499 248 558 facile
265 491 581 551 referendum
603 501 705 549 est.
734 490 1098 564 Quadraginta
1125 493 1326 548 ctenim
1363 493 1477 549 fere
1506 493 1623 548 dies
1653 495 1696 551 A
1727 501 1890 562 atque
1911 493 2160 563 pluribus
2183 492 2503 561 interfectis,
2545 505 2770 552 caeteros
2815 497 2870 552 in
2912 497 3097 571 fugam
3134 505 3315 562 vertit.

92 597 164 650 lin
187 585 426 646 Sclavonia
453 582 684 651 fuimus,
727 584 781 640 in
821 584 1020 654 quibus
1061 593 1268 640 tantam
1314 585 1625 655 spissitudi-

121 701 214 743 nem
238 680 526 738 nebularum
559 681 706 751 passi
735 695 926 735 sumus
957 689 1016 735 ut
1043 679 1264 751 palpare
1297 690 1351 737 et
1379 697 1474 752 per
1502 697 1622 736 mo-

117 789 202 833 tum
229 786 478 830 removere
515 787 614 828 eas
649 789 681 828 a
727 771 885 827 nobis
925 773 1272 843 aliquatenus
1316 789 1620 845 possemus.

117 867 225 922 Inter
262 866 362 920 hac
409 877 594 920 comes
641 863 859 919 assidue
907 863 961 917 in
1009 864 1304 934 postremis
1352 880 1620 935 pugnans,

111 974 280 1030 semper
299 956 541 1027 populum
566 955 863 1012 defendens
889 964 1034 1022 erat;
1063 964 1120 1012 et
1146 972 1426 1027 nunquam
1451 957 1622 1026 prior,

111 1067 277 1121 semper
300 1048 510 1105 ultimus
537 1047 932 1118 bospitabatur.
977 1047 1043 1103 Et
1071 1047 1195 1105 licet
1243 1048 1334 1103 alii
1376 1048 1620 1117 meridie,

107 1145 174 1200 alii
206 1157 413 1212 vespere,
457 1156 645 1198 comes
687 1157 818 1197 vero
858 1140 1173 1214 frequenter
1219 1142 1396 1197 media
1439 1149 1618 1209 nocte,

107 1235 168 1290 vel
190 1233 294 1304 galli
326 1244 479 1288 cantu
509 1233 578 1288 ad
614 1233 912 1304 hospitium
943 1235 1215 1290 veniebat.
1249 1233 1622 1305 Tandem‘per

103 1325 176 1380 Dei
207 1324 606 1380 misericordiam
646 1334 700 1380 et
739 1325 954 1382 comitis
1000 1326 1243 1382 laborem
1286 1336 1341 1383 et
1379 1327 1620 1398 episcopi

99 1417 354 1483 consilium,
390 1416 466 1472 sic
505 1417 782 1474 exercitus
809 1419 1058 1474 transivit
1090 1428 1148 1476 ut
1194 1420 1406 1476 nullum
1450 1419 1617 1488 fame,

99 1508 262 1564 nullum
286 1507 335 1562 in
361 1515 542 1577 aperta
578 1508 967 1580 congressione
1006 1510 1081 1566 ibi
1121 1511 1496 1582 perderemus.
1538 1512 1620 1570 Ob

98 1603 226 1665 illam,
257 1616 386 1666 reor,
433 1615 660 1656 causam
705 1599 876 1656 voluit
915 1599 1060 1656 Deus
1109 1603 1412 1658 exercitum
1455 1620 1617 1661 suum

97 1689 278 1744 transire
300 1705 388 1760 per
424 1688 792 1756 Sclavoniam,
839 1698 901 1745 ut
941 1701 1184 1762 agrestes
1225 1692 1477 1749 homines
1523 1697 1618 1766 qui

95 1785 224 1850 Deum
254 1785 584 1856 ignorabant,
612 1787 829 1858 cognita
858 1787 1060 1843 virtute
1088 1797 1144 1845 et
1177 1791 1437 1860 patientia
1469 1792 1611 1848 mili.

93 1887 176 1931 tum
199 1877 318 1947 ejus,
349 1886 438 1932 aut
460 1878 766 1948 aliquando
804 1895 836 1936 a
878 1878 1092 1936 feritate
1134 1882 1479 1952 resipiscam,
1523 1895 1616 1942 aut

91 1969 424 2042 inexcusabiles
448 1968 546 2025 Dei
578 1970 788 2041 judicio
822 1971 1183 2029 adducantur.
1216 1973 1456 2031 Tandem
1493 1987 1616 2047 post

91 2061 216 2114 multa
249 2061 481 2117 laborum
529 2064 773 2132 pericula
812 2064 956 2134 apud
998 2063 1286 2134 Scodram,
1328 2068 1395 2123 ad
1430 2083 1612 2140 regem

90 2152 348 2208 Selavorum
375 2155 748 2224 pervenimus,
795 2172 859 2212 ae
885 2173 1010 2213 cum
1040 2174 1106 2213 eo
1136 2174 1322 2216 comes
1354 2158 1613 2231 frequen-

90 2255 146 2296 ter
166 2243 532 2302 fraternitatem
565 2248 932 2317 conﬁrmavit,
963 2258 1018 2306 et
1047 2250 1218 2306 multa
1257 2252 1306 2308 ei
1339 2252 1610 2319 retribuit,

86 2347 128 2390 ut
161 2337 400 2393 exercitus
439 2355 640 2395 secure
678 2356 862 2398 emere
913 2351 967 2398 et
1010 2359 1257 2414 quarere
1300 2345 1613 2402 necessaria

86 2436 238 2494 posset.
267 2425 362 2484 Sed
390 2429 506 2486 hac
538 2431 729 2501 opinio
759 2432 871 2489 sola
905 2432 1040 2502 fuit;
1085 2451 1211 2491 nam
1252 2436 1404 2507 pacis
1434 2437 1614 2507 petita

84 2533 155 2572 nos
176 2519 421 2588 panituit,
467 2539 601 2578 cum
647 2539 743 2594 per
769 2525 891 2594 ejus
920 2527 1268 2584 occasionem
1316 2527 1518 2596 Sclavi,
1544 2530 1614 2587 de

85 2625 198 2664 more
230 2613 374 2668 solito
415 2612 688 2684 furentes,
733 2627 953 2674 nostros
989 2618 1349 2689 interﬁciunt,
1393 2631 1448 2678 et
1489 2638 1614 2694 qua

83 2710 279 2767 poterant
301 2703 367 2758 ab
388 2704 696 2761 inermibus
726 2706 1014 2778 arripiunt.
1037 2709 1402 2777 Quasivimus
1429 2712 1610 2768 locum

83 2789 201 2859 iuga,
239 2808 337 2848 non
379 2795 628 2852 ultionis.
676 2797 951 2856 Hactenus
993 2801 1060 2856 de
1106 2799 1415 2860 Sclavonia.
1447 2802 1611 2860 Veni-

80 2900 170 2939 mus
206 2883 528 2956 Dirachium,
573 2889 910 2948 credidimus
947 2908 1071 2948 esse
1097 2893 1153 2948 in
1181 2893 1356 2964 patria
1399 2904 1607 2963 nostra,

78 2977 389 3036 existimantes
411 2981 803 3053 imperatorem
822 2983 1094 3051 Alexium,
1118 2998 1170 3041 et
1191 2986 1453 3042 satellites
1479 3003 1612 3044 suos

80 3069 199 3126 nobis
221 3088 328 3129 esse
358 3072 565 3129 fratres
595 3083 651 3130 et
679 3075 1042 3146 coadjutores.
1077 3077 1157 3132 llli
1198 3095 1328 3135 vero
1357 3079 1465 3134 ritu
1495 3079 1610 3136 leo-

80 3175 176 3216 num
199 3163 650 3234 incrudescentes,
681 3168 940 3237 pacificos
967 3170 1237 3239 homines,
1269 3171 1406 3226 nihil
1430 3171 1612 3228 minus
1639 3197 1681 3256 ρ

76 3268 198 3322 quam
221 3272 361 3312 arma
389 3259 723 3330 cogitantes,
755 3261 1037 3330 invadunt,
1067 3279 1183 3333 pero
1197 3265 1412 3322 occulta
1451 3265 1614 3320 truci-

77 3345 188 3410 dant,
212 3349 258 3403 in
290 3352 631 3419 nemoribus,
664 3353 734 3423 in
755 3353 891 3412 vicis
920 3357 1146 3414 remotis
1175 3373 1208 3413 a
1235 3358 1453 3425 castris,
1483 3374 1607 3429 qua

76 3449 268 3506 poterant
298 3460 390 3515 per
418 3454 598 3500 totam
629 3455 845 3502 noctem
889 3447 1231 3506 furabantur.
1277 3449 1344 3506 Et
1371 3451 1497 3506 licet
1531 3450 1611 3506 sic

77 3530 350 3600 insanirent,
385 3547 576 3592 tamen
623 3537 731 3592 dux
767 3554 957 3594 eorum
1006 3556 1192 3611 pacem
1240 3542 1608 3612 promittebat,

74 3630 111 3674 et
131 3638 206 3691 per
224 3628 364 3696 pacis
411 3630 669 3686 inducias
710 3630 964 3687 Pontium
1011 3633 1343 3695 Rainardunr
1387 3634 1610 3691 interfe-

73 3728 237 3785 εει-ωλι,
262 3731 313 3777 et
336 3722 565 3779 Petrum
594 3725 716 3796 ejus
751 3725 974 3782 fratrem
1007 3729 1310 3784 mortaliter
1353 3729 1608 3800 plagave-

71 3819 192 3879 funt,
229 3823 277 3870 et
311 3827 468 3873 crant
511 3817 576 3873 hi
634 3819 911 3890 principes
972 3820 1317 3876 nobilissimi.
1364 3821 1612 3890 Cumque

72 3900 186 3958 locus
215 3906 425 3965 ultionis
455 3910 624 3966 nobis
654 3910 962 3979 oﬂ‘erretur,
994 3913 1196 3983 placuit
1231 3914 1351 3980 iter,
1384 3931 1492 3969 non
1525 3913 1612 3966 in-

68 3993 282 4061 iuriarum
307 4001 577 4089 vindicta,
610 4004 704 4060 sed
738 4005 1042 4076 incepimus
1071 4007 1172 4062 iter
1200 4019 1468 4064 nostrum.
1499 4010 1610 4067 lla-

71 4088 241 4148 buimus
267 4096 470 4153 litteras
499 4088 723 4154 Obviam
756 4098 1100 4169 imperatoris
1127 4099 1195 4156 de
1223 4117 1375 4170 pace,
1403 4102 1472 4159 de
1496 4103 1611 4160 fra-

71 4183 288 4253 ternitate,
317 4196 388 4255 et,
426 4199 488 4244 ut
516 4190 596 4244 ita
620 4189 822 4258 dicam,
863 4191 930 4247 de
958 4191 1248 4259 tlliatione;
1283 4195 1398 4250 hac
1426 4209 1609 4254 autem

70 4277 359 4336 verbotenus.
397 4279 540 4338 Nam
573 4292 701 4340 ante
729 4294 785 4341 et
814 4292 984 4353 retro,
1017 4285 1360 4344 dextrorsum
1391 4299 1446 4346 et
1468 4291 1609 4347 sini-

72 4377 306 4440 strorsum,
334 4373 525 4443 Turci,
556 4375 823 4444 Comani,
854 4375 990 4435 Husi
1029 4387 1084 4433 et
1113 4377 1374 4449 Tenaces,
1416 4381 1610 4440 Pince-

70 4460 155 4522 nati
181 4473 228 4518 et
254 4465 470 4538 Bulgari
500 4469 664 4524 nobis
691 4468 1115 4526 insidiabantur.
1145 4470 1394 4538 Quadam
1419 4483 1603 4530 autem

1726 580 2098 639 Occurrebant
2151 583 2355 640 interea
2415 585 2656 654 pacillca
2723 586 2912 644 littera
2971 589 3317 661 imperatoris

1724 675 2141 731 circumdabant
2176 691 2278 732 nos
2314 677 2555 747 undique
2594 679 2779 735 hostes
2811 681 3177 752 imperatoriis
3212 688 3316 744 do-

1723 765 1810 820 lis.
1878 764 2017 821 Cum
2075 782 2204 823 vero
2266 768 2612 826 venissemus
2675 770 3171 843 Thessalonicam,
3229 777 3316 833 in-

1723 858 1970 914 firmatus
2013 867 2098 915 est
2152 861 2463 932 cpiscopus,
2522 871 2576 918 et
2631 864 2896 920 remansit
2951 881 3078 922 cum
3124 870 3316 938 paucis

1723 947 1865 1005 infra
1893 949 2186 1006 civitatem.
2218 950 2349 1008 Post
2377 953 2492 1009 hac
2522 953 2771 1010 venimus
2807 955 2873 1010 ad
2908 957 3202 1027 quamdam
3237 959 3316 1016 ci-

1722 1041 1964 1109 vitatem,
2004 1042 2228 1097 nomine
2266 1041 2533 1113 Rossam;
2571 1044 2665 1099 ubi
2699 1061 2825 1101 cum
2870 1046 3158 1106 manifeste
3189 1049 3314 1121 ejus

1721 1134 1870 1190 cives
1907 1134 1963 1188 in
2009 1149 2110 1191 nos
2137 1135 2308 1190 multa
2344 1137 2486 1192 mala
2526 1137 2866 1209 molirentur,
2912 1140 3188 1213 paulisper
3215 1159 3310 1200 no-

1721 1235 1834 1283 stra
1861 1226 2021 1302 solita
2047 1227 2309 1298 patientia
2329 1228 2624 1299 displicuit.
2651 1229 2837 1302 Itaque
2857 1233 3088 1304 arreptis
3115 1234 3308 1303 armis,

1720 1318 2013 1374 diruuntur
2061 1319 2456 1387 antemuralia,
2501 1322 2713 1391 capitur
2759 1323 2952 1394 ingens
2995 1325 3206 1395 prada,
3253 1335 3308 1383 et

1719 1411 1913 1467 civitas
1941 1411 1996 1467 in
2031 1411 2390 1480 deditionem;
2429 1421 2593 1484 atque
2621 1413 2785 1471 illatis
2820 1415 2992 1486 signis
3023 1417 3077 1471 in
3111 1417 3305 1474 civita-

1719 1516 1849 1574 tem,
1880 1515 1935 1562 et
1960 1505 2259 1562 acclamata
2301 1506 2561 1574 Tholosa,
2607 1507 2756 1577 quod
2794 1517 2913 1564 erat
2944 1510 3159 1581 signum
3193 1511 3306 1566 cla-

1721 1598 1889 1655 moris
1917 1598 2156 1666 comitis,
2186 1597 2562 1654 discessimus.
2596 1597 2858 1656 Venimus
2886 1600 2954 1656 ad
2983 1601 3144 1656 aliam
3173 1602 3307 1658 civi-

1719 1701 1905 1759 tatem,
1937 1691 2158 1747 nomine
2188 1689 2467 1760 Rodestol,
2514 1690 2606 1747 ubi
2646 1706 2773 1748 cum
2820 1692 3020 1750 milites
3062 1693 3129 1749 de
3173 1709 3305 1765 roga

1721 1783 2086 1855 imperatoris,
2108 1800 2207 1855 pro
2219 1783 2457 1840 vindicta
2470 1799 2567 1840 sua
2579 1792 2768 1840 contra
2779 1798 2881 1840 nos
2897 1799 3056 1855 agere
3084 1785 3303 1852 vellent,

1721 1877 1951 1932 multicx
1965 1875 2535 1948 ipsisinterfectisunt,
2555 1885 2608 1933 et
2626 1876 2966 1947 aliquantula
2980 1886 3137 1947 capta
3162 1893 3301 1949 pra-

1715 1969 1803 2025 da.
1819 1967 2097 2025 Venerunt
2111 1969 2183 2026 ibi
2197 1969 2355 2025 nobis
2366 1969 2527 2041 legati
2560 1969 2756 2037 nostri,
2768 1988 2775 1995 -
2788 1983 2930 2041 quos
2952 1970 3269 2040 pramisera
3291 2005 3300 2009 -

1717 2077 1840 2117 mus
1852 2061 1917 2117 ad
1933 2061 2317 2132 imperatorem
2329 2062 2445 2132 qui,
2461 2069 2683 2133 accepta
2696 2062 2765 2116 ab
2777 2077 2843 2118 eo
2853 2060 3108 2133 pecunia,
3120 2062 3308 2118 omnia

1716 2169 1976 2224 prospera
2003 2154 2162 2210 nobis
2185 2155 2327 2225 apud
2345 2155 2728 2224 imperatorem
2747 2154 3137 2225 promiserunt.
3164 2153 3309 2222 Quid

1716 2245 1904 2315 plura?
1932 2261 1998 2302 eo
2024 2247 2185 2303 verba
2208 2247 2510 2317 legatorum
2536 2245 2883 2316 imperatoris
2904 2255 2958 2301 et
2985 2255 3302 2302 nostrorum

1715 2348 2095 2407 pervenerunt,
2125 2345 2185 2394 ut
2219 2354 2424 2405 comes,
2471 2337 2661 2393 relicto
2688 2337 2953 2405 exercitu,
2981 2337 3134 2394 solus
3177 2353 3304 2397 cum

1714 2431 1928 2501 paucis,
1961 2440 2017 2487 et
2050 2431 2274 2487 inermis
2300 2431 2368 2486 ad
2397 2432 2783 2502 imperatorem
2816 2429 3118 2487 festinaret.
3153 2429 3304 2486 Dice-

1715 2523 1848 2578 bant
1875 2523 2019 2579 enim
2051 2524 2179 2594 quia
2208 2521 2568 2590 Boimundus,
2599 2533 2652 2579 et
2685 2522 2796 2577 dux
2825 2520 3217 2594 Lotharingia,
3249 2533 3306 2578 et

1714 2615 2065 2672 Flandrcnsis
2095 2632 2302 2682 cernes,
2349 2625 2403 2671 et
2427 2616 2520 2671 alii
2550 2616 2824 2687 principes
2854 2616 2958 2672 hoc
2998 2617 3303 2686 precabana

1716 2717 1824 2775 tur,
1857 2718 1914 2765 ut
1943 2718 2258 2780 properaret
2283 2724 2468 2766 comes
2493 2708 2786 2765 convenire
2816 2707 3200 2780 imperatorem
3233 2709 3302 2764 de

1714 2801 1909 2857 itinere
1939 2801 2454 2874 llierosolymitano,
2501 2810 2562 2857 ut
2603 2810 2883 2871 assumpta
2921 2815 3084 2856 cruce
3110 2801 3222 2856 dux
3247 2811 3303 2856 et

1715 2895 2012 2964 imperator
2049 2893 2105 2948 in
2145 2893 2386 2948 exercitu
2435 2892 2529 2948 Dei
2577 2891 2770 2959 tierct;
2817 2891 2885 2947 ad
2930 2892 3045 2947 hac
3086 2891 3307 2948 aiebant

1714 2987 2098 3056 imperatorem
2125 2986 2330 3042 dixisse
2357 2987 2540 3042 omnia
2566 3001 2690 3042 cum
2711 2985 2912 3040 comite
2943 2999 3002 3039 se
3026 2993 3300 3050 acturum,

1712 3089 1766 3136 et
1792 3079 1859 3136 de
1887 3095 1946 3136 se
1972 3089 2025 3136 et
2053 3079 2120 3134 de
2145 3080 2267 3135 aliis
2291 3096 2414 3150 qua
2438 3079 2649 3134 itineris
2676 3078 2804 3135 usui
2837 3077 3036 3134 forent.
3066 3076 3298 3132 Praeter—

1713 3186 1776 3226 ea
1820 3170 2144 3226 nuntiabant
2191 3170 2391 3224 bellum
2435 3168 2755 3235 imminere,
2794 3177 2868 3235 et,
2910 3167 2956 3224 si
2997 3166 3298 3224 auctoritas

1717 3267 1852 3322 tanti
1880 3266 1981 3322 viri
2011 3266 2247 3331 abesset,
2291 3262 2542 3319 fortassis
2571 3262 2976 3318 incommodum
3015 3261 3150 3317 fore.
3198 3259 3306 3314 lta-

1714 3375 1820 3430 quc
1862 3376 1988 3415 cum
2029 3359 2216 3430 paucis
2258 3358 2572 3414 adventaret
2614 3370 2826 3421 comes,
2879 3365 2939 3410 ut
2978 3371 3101 3412 cum
3145 3371 3304 3411 exer—

1714 3453 1856 3509 citus
1907 3469 2041 3508 suus
2087 3452 2364 3516 venisset,
2418 3447 2738 3520 compositis
2799 3462 2926 3503 cum
2976 3447 3306 3517 imperatore

1713 3545 1990 3609 onmihus,
2048 3544 2209 3598 nullis
2254 3545 2307 3598 in
2355 3558 2565 3598 moram
2618 3541 2785 3595 fieret.
2836 3537 3026 3594 Victus
3079 3538 3298 3593 tandem

1713 3654 1898 3695 comes
1927 3647 2041 3702 est,
2075 3645 2133 3690 ut
2164 3636 2262 3690 hac
2297 3635 2412 3690 sola
2445 3635 2564 3689 vice
2595 3632 2784 3686 relicto
2811 3629 3066 3701 prasidio
3110 3629 3166 3683 in
3207 3644 3301 3685 ca-

1713 3733 1862 3798 stris,
1891 3730 2195 3786 exercitum
2225 3728 2569 3798 pracederet,
2592 3735 2646 3780 et
2674 3724 2753 3778 sic
2785 3721 3010 3778 inermis
3037 3721 3304 3777 Constan-

1715 3823 1999 3895 tinopolim
2038 3820 2204 3876 venit.

2335 3909 2564 3967 CAPUT
2605 3909 2667 3963 ll.

1785 4010 1964 4066 Facile
1995 4018 2176 4064 autem
2219 4020 2307 4061 res
2351 4013 2498 4076 gesta
2545 4003 2807 4056 hactenus
2847 4015 2933 4054 me
2978 4000 3300 4070 scriptorem

1714 4101 2044 4174 quibusdam
2079 4097 2279 4154 latitia
2308 4105 2363 4152 et
2390 4092 2768 4166 prosperitatis
2807 4090 3089 4163 gressibus
3123 4089 3298 4147 comi-

1714 4197 1962 4260 tabatur,
2008 4208 2131 4264 qua
2178 4199 2330 4246 tanto
2380 4185 2692 4244 acerbitatis
2739 4193 2794 4239 et
2839 4183 3092 4239 maeroris
3138 4197 3306 4239 onere

1716 4303 1864 4344 nunc
1897 4284 2112 4357 premit,
2164 4292 2223 4338 ut
2253 4281 2545 4350 incapisse
2589 4292 2676 4332 me
2717 4276 2930 4343 tadeat,
2972 4290 3100 4331 cum
3142 4271 3306 4344 periis

1717 4393 1842 4437 cere
1871 4386 2056 4432 votum
2108 4374 2196 4430 sit.
2231 4370 2374 4439 Quid
2403 4383 2532 4425 vero
2567 4367 2938 4438 potissimum,
2973 4375 3029 4421 et
3059 4365 3299 4436 primum

1716 4472 2000 4545 aggrediar
2025 4467 2238 4524 dicere?
2264 4464 2346 4519 An
2370 4461 2715 4533 imperatoris
2744 4459 3305 4515 fraudulentissimam

70 4547 134 4605 die
154 4568 259 4610 cum
281 4571 535 4616 essemus
566 4560 624 4615 in
652 4560 791 4616 valle
820 4559 1144 4632 Pelagonia,
1184 4565 1476 4636 episcopus
1502 4565 1607 4622 Po-
1646 4559 1688 4612 D
1716 4583 1780 4621 ac
1807 4561 2182 4620 detestabilem
2213 4556 2606 4614 admonitionis
2631 4552 3016 4611 dolositatem?
3047 4552 3130 4606 An
3153 4566 3305 4606 exer-

68 4637 248 4713 dicnsis,
275 4650 448 4720 gratia
491 4651 883 4708 convenienter
925 4652 1259 4724 hospitandi,
1302 4672 1429 4713 cum
1473 4673 1607 4728 pau-

68 4729 194 4803 lisper
228 4755 256 4793 a
297 4743 496 4800 castris
542 4743 925 4812 discessisset,
980 4760 1011 4800 a
1058 4745 1371 4805 Pincenatis
1415 4760 1610 4820 captus

67 4837 149 4890 θεῑς
174 4833 257 4899 qui
285 4833 608 4905 dejicientes
635 4852 762 4892 eum
795 4837 863 4892 de
908 4838 1078 4906 mula,
1116 4839 1514 4910 spoliaverunt,
1558 4848 1614 4898 et

68 4913 108 4968 in
126 4924 274 4991 capite
295 4929 537 4998 graviter
560 4939 967 4998 percusserunt.
998 4927 1105 4985 Sed
1129 4931 1257 5000 quia
1280 4939 1464 4988 tantus
1481 4949 1612 5005 pon-

67 5007 165 5064 tifex
192 5013 357 5072 adhuc
390 5019 601 5089 populo
637 5018 733 5074 Dei
771 5028 889 5076 erat
931 5022 1303 5090 necessarius,
1350 5039 1448 5094 per
1486 5025 1608 5095 ejus

69 5100 450 5164 misericordiam
498 5111 628 5166 vita
672 5122 981 5168 reservatus
1027 5126 1131 5170 est.
1175 5112 1309 5169 Nam
1353 5131 1496 5173 unus
1541 5118 1608 5173 de

69 5187 348 5267 Pincenatis,
389 5201 528 5256 dum
573 5217 766 5257 aurum
793 5202 863 5258 ab
907 5217 974 5258 eo
1011 5214 1301 5274 quareret,
1332 5222 1362 5260 a
1398 5207 1609 5262 cateris

70 5296 166 5338 eum
189 5287 524 5348 defendebat.
574 5291 781 5348 Interea
829 5309 999 5350 sonus
1043 5295 1155 5351 exit
1201 5296 1258 5351 in
1303 5297 1520 5365 castris,
1558 5308 1613 5353 ct

70 5375 129 5430 sic
151 5379 272 5436 inter
298 5400 512 5441 moram
538 5385 802 5454 hostium,
829 5395 884 5442 et
908 5387 1170 5458 impetum
1195 5388 1472 5446 sociorum
1500 5389 1612 5445 eri-

74 5465 200 5533 pitur.
227 5471 423 5531 Talitcr
445 5493 547 5547 per
570 5476 796 5533 insidias
822 5493 947 5534 cum
977 5479 1318 5536 venissemus
1339 5480 1416 5536 ad’
1435 5479 1612 5551 quod-

73 5561 168 5614 dam
201 5576 431 5622 castrum
482 5569 636 5640 quod
657 5578 882 5625 vocatur
923 5568 1172 5638 Bucinat,
1201 5569 1392 5627 didicit
1429 5585 1615 5627 comes

74 5657 186 5720 (111ῡά
211 5656 261 5714 in
287 5663 567 5734 angustiis
593 5662 874 5734 cujusdam
903 5663 1106 5721 montis
1132 5663 1413 5720 Pincenati
1460 5680 1617 5720 exer-

77 5745 206 5804 citum
236 5764 480 5810 nostrum
511 5754 739 5826 aggredi
781 5755 1001 5822 vellent;
1045 5757 1139 5828 qui
1183 5772 1307 5812 cum
1352 5756 1618 5812 militibus

76 5840 348 5903 Quibusdam
366 5849 422 5903 in
438 5848 677 5902 occultis
701 5862 1001 5917 remanens,
1026 5849 1335 5906 Pincenatis
1357 5848 1616 5904 occurrit.

1717 4658 1858 4714 citus
1904 4654 2073 4710 nostri
2117 4651 2490 4722 turpissimam
2534 4647 2716 4718 fugam
2743 4689 2758 4711 ,
2811 4655 2866 4701 et
2909 4642 3297 4715 inopinabilem

1717 4742 2184 4817 desperationem?
2203 4740 2286 4794 An
2311 4748 2514 4794 mortes
2535 4746 2809 4792 tantorum
2838 4734 3142 4806 principum
3165 4746 3300 4786 enu-

1721 4837 2004 4903 merando,
2029 4833 2274 4906 perpetui
2309 4831 2560 4886 maeroris
2589 4835 2942 4884 monumenta
2966 4825 3305 4901 relinquatur?

1725 4931 1848 4987 [lac
1881 4939 2062 4985 autem
2095 4926 2407 4997 quicunque
2434 4938 2596 4978 nosse
2627 4921 2916 4984 desiderat,
2954 4917 3022 4972 ab
3050 4917 3174 4971 aliis
3202 4931 3300 4986 po-

1722 5026 1830 5080 tius
1856 5039 2018 5094 quam
2056 5038 2084 5074 a
2121 5019 2277 5074 nobis
2317 5017 2578 5086 requirat.
2629 5012 2743 5068 Hoc
2783 5027 2954 5066 unum
2987 5009 3140 5064 valde
3183 5024 3299 5061 me-

1713 5116 2009 5179 morabile,
2057 5111 2276 5168 silentio
2322 5110 2545 5179 dignum
2583 5119 2934 5168 cxcusamus,
2969 5099 3139 5173 quod,
3170 5099 3303 5155 dum

1714 5222 1906 5264 omnes
1937 5203 2111 5260 nostri
2132 5210 2314 5258 castra
2338 5198 2666 5266 relinquere,
2697 5193 2942 5262 arripere
2969 5190 3176 5262 fugam,
3204 5189 3301 5245 de-

1718 5313 1898 5356 serere
1925 5295 2129 5358 socios,
2158 5291 2431 5348 dimittere
2461 5285 2666 5353 omnia,
2697 5299 2820 5354 qua!
2849 5283 2917 5337 de
2945 5290 3053 5337 tam
3081 5280 3304 5352 longin-

1719 5391 1846 5462 quis
1882 5385 2200 5457 regionibus
2245 5385 2694 5451 asportaverant,
2741 5373 3164 5462 meditarentur,
3212 5386 3306 5462 per

1723 5459 2058 5539 salutiferam
2091 5474 2426 5546 panitentia
2455 5480 2619 5542 atque
2641 5465 2837 5540 jejunii
2865 5479 3046 5535 opem,
3080 5459 3146 5517 ad
3175 5459 3275 5527 pan
3293 5490 3305 5500 -

1725 5584 1833 5629 tam
1865 5568 2189 5627 constantia
2216 5563 2590 5621 fortitudinem
2629 5568 2755 5616 sunt
2799 5554 3029 5621 reducti,
3053 5560 3130 5616 ut.
3157 5553 3324 5610 solus.

1723 5666 1900 5738 pudor
1930 5664 2082 5736 prius
2110 5661 2309 5717 habita
2334 5652 2731 5726 desperationis
2763 5659 2817 5705 et
2846 5649 2986 5720 fuga
3015 5646 3305 5738 vehemen-

1727 5736 1937 5815 iissime
1981 5772 2076 5812 eos
2131 5752 2383 5810 afﬁceret.
2432 5749 2499 5803 Et
2537 5746 2605 5803 de
2657 5743 2744 5800 his
2791 5743 3054 5797 hactenus
3099 5736 3304 5792 dictum

1728 5849 1814 5904 sil.
