3838 6306
491 410 599 469 395

1109 515 1341 573 CAPUT
1376 514 1467 570 lll.

566 613 1132 675 Honoritlcentissime
1164 610 1349 680 itaque
1387 606 1456 661 ab
1486 604 1814 687 imperatore
1839 608 1894 655 et
1928 597 2081 669 prin-

403 700 416 714 ’
490 703 713 789 tlpibus
762 694 1167 773 suis‘suscepto
1195 696 1414 787 comite,
1438 688 1680 787 postulat
1724 693 2020 763 imperator
2051 705 2084 746 a

495 780 698 877 comite
724 798 1032 855 hominium
1052 803 1107 851 et
1129 781 1441 865 iuramenta
1462 780 1585 860 quae
1607 784 1789 843 caeteri
1808 781 2085 869 principes

496 871 549 953 ei
579 883 853 963 fecerant.
880 877 1179 961 Respondit
1215 874 1401 942 comes
1429 898 1483 937 se
1518 880 1638 935 ideo
1665 894 1768 961 non
1806 865 2005 931 venisse
2026 865 2085 929 ut

499 989 775 1051 dominum
811 983 1225 1053 alium'faceret,
1259 984 1355 1032 aut
1398 975 1496 1029 alii
1535 966 1815 1038 militarct,
1853 968 1957 1053 nisi
2002 967 2087 1040 illi

498 1058 713 1153 propter
736 1076 889 1150 quem
911 1048 1146 1153 patriam
1180 1070 1229 1127 et
1252 1070 1390 1153 boua
1412 1053 1603 1138 patrias
1636 1081 1749 1120 sua:
1787 1048 2084 1118 dimiserat.

500 1144 936 1240 'Et'tamen‘fore,
970 1168 1018 1222 si
1039 1146 1474 1240 imperator‘cum
1515 1150 1752 1215 βάξει-εἰει
1786 1157 1887 1211 iret
1923 1144 2088 1240 Iern-‘-

500 1254 693 1329 salem,
719 1234 860 1332 quod
891 1234 949 1314 se
968 1234 1194 1327 suosque
1212 1237 1386 1310 etisua
1410 1252 1591 1307 omnia
1610 1249 1695 1305 illi
1717 1234 2085 1332 committeret.

499 1337 609 1411 Sed
649 1326 948 1424 nuper-ator
992 1326 1222 1407 excusat
1265 1348 1370 1402 iter
1409 1345 1600 1424 dicens
1638 1334 1710 1398 “se
1749 1326 2091 1419 prwrnetuere

497 1422 846 1509 Alcman—nos,
870 1449 921 1496 et
947 1437 1253 1510 Huugaros,
1278 1426 1329 1490 et
1360 1422 1645 1507 (laniones,
1680 1428 1922 1502 aliasque
1948 1430 2090 1501 feras

499 1530 696 1605 gentes,
729 1550 848 1605 qua:
876 1518 1157 1604 imperium
1182 1523 1359 1584 'suum
1384 1516 1854 1598 depopularentur,
1898 1522 1947 1577 si
1981 1523 2094 1593 ipse

499 1618 788 1681 transitum
811 1622 934 1680 cum
957 1613 1246 1696 peregrinis
1267 1621 1485 1691 faceret.
1514 1617 1724 1673 Interea
1753 1630 1961 1683 comes,
1990 1631 2091 1671 au-

499 1712 614 1775 dita
641 1714 818 1774 merte
852 1732 1081 1773 suorum
1116 1708 1171 1770 et
1194 1713 1342 1785 fuga,
1366 1727 1427 1770 se
1457 1710 1733 1783 proditum
1763 1723 1887 1766 esse
1912 1706 2093 1763 credi-

502 1798 615 1878 dit,
651 1819 706 1867 et
737 1805 1123 1879 imperatorem
1158 1804 1430 1871 Alexium,
1474 1819 1572 1875 per
1600 1802 1866 1873 quosdam
1898 1799 2095 1871 princi-

503 1899 604 1975 pes
627 1903 695 1960 de
715 1911 913 1958 nostro
931 1900 1196 1966 exercitu,
1216 1890 1392 1955 facta!
1432 1895 1761 1971 proditionis
1783 1907 2085 1975 commone-

503 1970 663 2081 fecit.
692 1988 771 2050 At
797 1994 1020 2053 Alexius
1054 1990 1198 2049 dicit
1214 2008 1269 2047 se
1306 2000 1512 2045 nostros
1545 1970 1773 2044 nescisse
1803 1970 2094 2058 depopule-

505 2077 587 2143 ἑοὶ
622 2077 736 2141 esse
775 2090 989 2158 regnum
1014 2100 1191 2151 suum,
1213 2091 1265 2137 et
1293 2098 1416 2137 suos
1441 2080 1638 2136 multas
1661 2095 1845 2151 passos
1872 2095 1984 2135 esse
2012 2079 2096 2133 in-

494 2171 713 2251 jurias;
745 2177 880 2232 m’hil
902 2192 1012 2231 esse
1044 2169 1192 2248 quod
1213 2190 1384 2245 comes
1411 2167 1751 2245 querebatur,
1786 2174 1892 2228 nisi
1931 2172 2094 2244 quod,

501 2263 631 2323 dum
654 2263 919 2323 exercitus
952 2267 1161 2322 comitis
1196 2264 1356 2321 solito
1382 2252 1524 2321 more
1550 2266 1706 2321 villas
1731 2274 1780 2321 et
1803 2258 1982 2319 castra
2004 2260 2098 2320 ea;

501 2352 690 2436 staret,
724 2359 960 2415 exercitu
989 2374 1086 2415 suo
1118 2366 1415 2429 conspecto,
1446 2358 1630 2430 fugam
1662 2357 1982 2428 arripuerit;
2022 2352 2099 2411 ta-

503 2448 622 2507 tuen
645 2443 700 2506 se
721 2452 1127 2531 satisfacturum
1156 2452 1360 2518 comiti,
1393 2459 1556 2522 atque
1597 2448 1964 2506 Boimundum
1994 2440 2096 2505 oh-

502 2543 678 2600 sidem
720 2542 1115 2617 satisfactionis
1172 2544 1340 2599 dedit.
1399 2543 1479 2598 Ad
1521 2542 1790 2619 judicium
1830 2542 2095 2610 veniunt;

502 2634 720 2706 cogitur
745 2651 951 2704 comes,
997 2627 1195 2707 piteter
1218 2628 1341 2705 jus,
1385 2635 1670 2691 absolvere
1703 2626 1971 2690 obsidem.
2011 2632 2099 2688 ll»

500 2733 650 2784 terea
685 2726 960 2785 exercitus
997 2738 1185 2784 noster
1238 2719 1775 2799 Constantinopolim
1817 2726 1969 2783 venit
1991 2720 2103 2797 ;'ct

504 2811 641 2892 post
658 2818 776 2877 haec
817 2831 1148 2879 consecutus
1178 2831 1260 2877 est
1285 2837 1387 2877 nos
1427 2816 1720 2893 episcopus
1773 2814 2101 2892 cum'fratre

508 2907 631 2980 suo,
656 2928 819 2984 quem
843 2902 1125 2969 inﬁrmum
1163 2914 1448 2970 dimiserat
1471 2911 1733 2968 Diraehii.
1786 2911 2007 2969 blandat
2046 2920 2101 2968 et

505 3006 796 3062 remandat
822 3003 1071 3074 A‘lexius,
1099 3008 1391 3079 pollicetbr
1424 2998 1595 3062 multa
1627 3021 1686 3062 se
1728 3005 1983 3062 daturum
2013 3021 2101 3061 co-

508 3091 652 3165 miti,
687 3097 733 3153 si
773 3098 1064 3168 quazsitum
1106 3097 1413 3154 hoininium
1467 3092 1570 3155 sibi
1615 3097 1839 3165 faceret,
1867 3098 2012 3170 quod
2047 3088 2101 3152 et

505 3189 600 3280 alii
630 3190 909 3267 principes
950 3190 1055 3247 sibi
1084 3190 1343 3247 fecerant.
1375 3188 1737 3280 Meditabatur
1773 3194 1955 3280 autem
1998 3182 2100 3275 (ξοέ
2123 3215 2173 3280 C

503 3272 625 3342 mes
663 3283 903 3352 assidue,
940 3284 1177 3356 qualiter
1210 3286 1437 3341 suorum
1474 3269 1734 3357 iniuriam
1765 3268 2100 3350 vindicaret,

504 3374 562 3431 e't
600 3373 767 3432 tantae
805 3368 1331 3457 infamiaa‘dedceus
1360 3393 1392 3433 a
1422 3393 1481 3433 se
1522 3377 1747 3449 suisque
1783 3366 2094 3448 depelleret.

506 3464 615 3524 sse
641 3469 752 3525 dux
789 3467 1181 3543 Lotharingiaz,
1215 3478 1267 3526 et
1298 3460 1893 3537 Flandi-ensis‘comcs,
1934 3466 2100 3544 atque

505 3556 601 3616 alii
656 3560 956 3633 principes,
1005 3560 1325 3632 huiusmodi
1373 3554 1801 3641 detestabantur,
1852 3561 2099 3619 dicentes

502 3651 889 3707 stultissimum
919 3669 1031 3709 esse
1061 3652 1271 3709 contra
1298 3642 1652 3711 Christianos"
1678 3646 1933 3729 pugnare,
1978 3670 2099 3709 cum

509 3732 675 3799 Turéi
723 3738 1472 3801 imminerent'Boimundus
1517 3761 1650 3801 vero
1680 3761 1740 3801 se
1790 3736 2095 3816 adiutorem

505 3836 854 3906 imperatoris
889 3836 1197 3918 pollicetur,
1234 3836 1281 3893 si
1324 3837 1625 3914 quidquam
1669 3853 1854 3893 comes
1904 3818 2098 3893 contra

506 3929 694 4011 ipsum,
714 3928 1016 4011 moliretur,
1044 3930 1128 3984 vel
1151 3930 1199 3984 si
1229 3922 1531 3985 hominium
1560 3938 1613 3985 et
1632 3929 1944 3999 juramenta
1970 3929 2097 3985 diu-

508 4012 622 4093 tius
646 4007 954 4076 excusaret.
985 4019 1231 4076 Consilio
1256 4020 1440 4093 itaque
1461 4029 1686 4092 accepto
1705 4036 1735 4076 a
1757 4021 1874 4077 suis
1888 4002 2095 4086 comes,

509 4108 703 4166 Alexio
732 4111 894 4165 vitam
929 4119 981 4165 et
1008 4111 1257 4165 honorem
1290 4110 1520 4182 jurarit,
1557 4111 1695 4182 quod
1729 4127 1821 4165 nec
1850 4112 1981 4183 ipse,
2007 4127 2098 4164 nec

506 4202 604 4274 per
630 4203 799 4260 alium
828 4206 878 4259 ei
910 4199 1167 4276 auferret;
1197 4205 1449 4277 Cumque
1488 4204 1556 4260 de
1585 4204 1833 4259 hominio
1862 4203 2100 4274 appella—

510 4290 685 4379 retur,
710 4292 1011 4379 respondit,
1059 4300 1174 4353 non
1207 4313 1265 4354 se
1294 4311 1396 4369 pro
1436 4297 1631 4368 capitis
1657 4294 1742 4352 sui
1772 4295 2019 4367 periculo
2044 4294 2097 4351 id

510 4378 825 4481 facturum;
848 4386 1191 4460 Quapropter
1212 4382 1387 4460 pauca
1416 4383 1647 4473 largitus
1668 4396 1753 4444 est
1773 4387 1825 4443 ei
1850 4386 2097 4446 Alexius.

612 4480 623 4488 ”
880 4492 888 4499 ”
979 4479 995 4508 ”
1088 4478 1356 4537 ‘CAPUT
1393 4479 1484 4535 ιγ.

584 4570 773 4651 itaque
822 4586 981 4653 mare
1020 4564 1400 4649 transivimus,
1437 4572 1493 4628 et
1534 4570 1603 4626 ad
1639 4569 1884 4628 Nicaeam
1925 4588 2097 4646 usque
2129 4599 2175 4658 ο

511 4658 885 4737 pervenimus.
940 4662 1363 4720 Pmce'sserant‘
1392 4659 1541 4720 enim
1569 4664 1824 4721 comitem
1877 4666 1987 4722 dux
2043 4674 2101 4722 et

508 4744 872 4823 Boimuiidus,
902 4764 1069 4828 atque
1099 4753 1193 4811 alii
1239 4746 1534 4829 principes,
1565 4766 1622 4814 et
1656 4757 1930 4815 obsidioni
1961 4752 2093 4830 ope-

504 4841 874 4902 ram"dabant.
916 4844 1032 4903 ‘Est
1058 4846 1246 4919 itaqtte
1292 4842 1482 4906 Nicias
1532 4844 1666 4927 urbs
1703 4849 2095 4916 munitissima,

505 4931 620 4995 ta'm
649 4936 1036 5011 natura'quam'
1069 4934 1312 5016 ingenio.
1343 4936 1518 4997 Habet
1544 4929 1692 4997 enim
1719 4941 1790 4997 ab
1812 4930 2098 4998 occidente

506 5026 1035 5110 lacum‘maximum',
1063 5030 1241 5087 muris
1275 5030 1632 5097 inﬂuentem;
1662 5045 1694 5087 a
1733 5028 1959 5102 reliquis
1997 5022 2096 5087 tri-

507 5108 613 5205 bus
655 5108 905 5190 partibus
928 5119 1135 5177 'valluni
1170 5122 1239 5178 de
1281 5112 1694 5201 restagnatione‘
1726 5123 2091 5194 quorumdam

508 5206 812 5286 rivulorum
847 5213 1088 5284 plenum.
1115 5209 1389 5271 Praeterea
1404 5209 1594 5271 'muris
1622 5215 1697 5291 ita
1727 5215 2096 5273 eminentibus

506 5298 747 5375 cingitur
791 5313 853 5358 ut
896 5303 1171 5359 nullorum
1212 5302 1523 5359 hominum
1570 5304 1842 5369 asSultus,
1890 5306 2095 5363 nullius

504 5382 774 5473 machinae
809 5393 1044 5472 impetus
1079 5404 1366 5461 vereatur;
1392 5386 1678 5452 balistaria
1717 5412 1849 5453 vero
1887 5395 2096 5454 vicina-

503 5476 910 5543 rum'turrium
958 5482 1605 5558 sic'respicieutia‘Sunt
1657 5482 2003 5546 ad‘invicem
2044 5492 2104 5547 u't

503 5580 627 5638 sine
651 5563 899 5649 periculo
924 5576 1109 5651 nullus
1154 5579 1413 5635 accmlere
1444 5580 1633 5651 possit.
1668 5562 1725 5638 Si
1761 5582 1887 5653 quis
1917 5576 2107 5639 autem'

504 5662 734 5739 propius
761 5662 1021 5721 accedere
1035 5667 1287 5733 voluerit,
1300 5668 1493 5726 obesse
1507 5686 1631 5727 cum
1665 5679 1921 5743 nequeat,
1941 5670 2107 5728 facile

503 5762 571 5815 de
598 5752 887 5814 altitudine
916 5756 1152 5814 tur‘rium
1193 5761 1465 5817 obruitur.
1503 5761 1657 5820 Hanc
1697 5764 1864 5836 igitur
1908 5765 2094 5827 talem,

508 5860 565 5951 ut
588 5849 849 5945 diximus,
881 5848 1175 5915 civitatem,
1210 5852 1549 5912 Boimundus
1576 5856 1785 5913 obsedit
1819 5874 1849 5911 a
1881 5868 2098 5921 septen-

2452 234 2573 249 ..ο-σο.

1062 400 1152 457 AD
1190 393 1642 456 GODEI‘RIDUM
1682 380 1971 447 APPEND.
2016 386 2080 442 ll.

2232 383 2506 442 MONUM.
2554 381 2642 437 DE
2682 377 2907 435 ΒΕαο
2947 375 3196 434 SACRO.
3641 372 3720 432 εκ

2109 504 2155 562 Α
2188 500 2366 555 trione
2379 517 2395 567 ;
2410 499 2521 555 dux
2543 509 2598 553 et
2624 494 2913 551 Alemanni
2930 492 3001 549 ab
3019 490 3234 547 oriente
3246 506 3261 555 ;
3273 499 3460 543 eomes
3477 492 3530 541 et
3547 485 3721 556 episeo-

2185 590 2603 663 pns?odiensis
2634 603 2666 644 a
2696 585 2945 651 meridie,
2986 598 3114 640 nam
3143 578 3553 636 Nortbmanuia:
3575 593 3724 637 comes

2181 683 2430 740 nondum
2455 689 2575 737 erat
2603 679 2913 736 nobiscum.
2950 674 3059 731 Sed
3092 675 3199 729 hoc
3227 686 3402 728 unum
3434 669 3724 727 reticendum

2186 792 2295 834 non
2322 775 2622 842 credimus,
2652 772 2805 844 quia,
2832 785 2959 826 cum
2987 781 3175 825 comes
3203 763 3342 821 inibi
3374 776 3500 820 cum
3524 761 3629 819 suis
3649 762 3725 818 bo-

2188 867 2382 940 spitari
2405 866 2600 938 .vellet,
2646 862 2813 918 Turci
2851 861 2921 917 de
2966 855 3247 915 montanis
3286 850 3655 940 descendentes
3684 852 3726 907 in

2188 939 2404 1018 duabus
2425 956 2645 1023 turmis,
2673 953 2976 1011 exercitum
3014 956 3270 1005 nostrum
3300 939 3727 1016 aggrediebantur,

2188 1039 2258 1111 eo
2284 1051 2545 1107 nimirum
2577 1036 2832 1107 consilio.
2863 1053 2948 1109 ut,
2978 1042 3110 1099 dum
3139 1039 3313 1097 altera
3346 1051 3477 1108 pars
3500 1035 3670 1091 ducem
3689 1043 3731 1090 et

2189 1143 2523 1198 Alemanuos
2548 1140 2915 1210 impugnaret,
2936 1130 3042 1206 'qui
3064 1132 3134 1188 ab
3177 1131 3392 1185 oriente
3434 1134 3600 1193 erant,
3631 1141 3732 1196 pars

2191 1234 2361 1289 altera
2388 1224 2717 1296 Turcaru'm,
2743 1243 2844 1301 per
2869 1224 3288 1303 meridionaiem
3308 1218 3542 1277 civitatis
3559 1217 3734 1290 plagam

2192 1324 2524 1396 ingrediens,
2560 1338 2625 1379 ac
2648 1314 2758 1394 per'
2785 1310 3015 1376 alteram
3054 1304 3272 1388 portam
3318 1306 3530 1378 exiens,
3552 1318 3734 1367 nostros

2191 1411 2352 1471 facile
2374 1429 2407 1470 a
2436 1412 2633 1469 castris
2658 1404 3006 1483 propelleret,
3032 1407 3108 1462 nil
3129 1404 3311 1462 simile
3330 1402 3635 1475 cogitantes.
3653 1399 3737 1456 Sed

2193 1506 2288 1579 qui
2315 1505 2607 1562 consilium
2652 1503 2949 1575 impiorum
2974 1499 3295 1557 subvertere
3329 1495 3469 1551 solet
3506 1492 3654 1561 Deus,
3679 1494 3740 1550 sic

2194 1608 2490 1673 apparatus
2538 1598 2758 1653 illorum
2792 1592 3112 1652 ‘exinanivit
3162 1599 3226 1647 ut
3278 1588 3447 1646 veluti
3490 1587 3740 1659 disposito,

2196 1693 2522 1766 ingredienti
2551 1692 2670 1765 jam
2712 1691 2829 1747 fere
2876 1689 3158 1746 civitatem
3208 1685 3515 1742 1’urcarum
3558 1691 3739 1751 turma,

2196 1765 2465 1857 hospitari
2490 1785 2764 1840 volentem
2788 1781 3045 1838 comitem
3088 1793 3218 1836 eum
3254 1777 3376 1833 suis
3407 1776 3642 1842 immisit,
3667 1765 3742 1848 qui

2195 1877 2376 1949 primo
2400 1877 2604 1949 impetu
2633 1890 2729 1931 eos
2750 1873 2805 1931 in
2831 1873 3016 1946 fugam
3037 1871 3222 1939 vertit,
3247 1879 3415 1942 atque
3434 1870 3669 1941 pluribus
3686 1870 3747 1923 in-

2194 1969 2440 2030 terfectis
2475 1967 2719 2039 reliquos
2746 1967 3028 2022 insecutus
3052 1972 3140 2021 est
3169 1978 3349 2034 usque
3376 1962 3444 2017 ad
3472 1961 3662 2021 montis
3685 1960 3747 2015 al-

2195 2061 2505 2118 titudinem.
2553 2059 2690 2115 Pars
2734 2058 2903 2114 altera
2935 2055 3268 2119 Turcorutn,
3302 2068 3427 2125 qua:
3453 2052 3748 2109 Alemannos

2195 2168 2514 2226 oppugnare
2532 2151 2726 2219 voluit,
2737 2150 2991 2223 exemplo
3017 2147 3184 2205 simili
3219 2146 3442 2217 fugatur
3460 2152 3616 2215 atque
3642 2160 3747 2216 pro-

2196 2247 2478 2304 sternitur.
2512 2245 2645 2302 Bost
2666 2245 2772 2301 boe
2791 2243 3059 2300 machina:
3079 2248 3459 2305 exstruuntur,
3480 2244 3645 2310 atque
3659 2253 3751 2293 ωηο

2196 2354 2295 2396 rus
2340 2334 2642 2411 impetitur,
2664 2335 2783 2394 'sed
2839 2336 2945 2391 hoc
2985 2325 3106 2390 erat
3153 2326 3380 2399 frustra.
3411 2329 3545 2386 Nam
3585 2346 3751 2385 murus

2196 2440 2422 2489 econtra
2447 2429 2801 2487 ﬁrmissimus
2827 2422 2968 2495 erat,
2999 2436 3055 2483 et
3081 2426 3314 2482 viriliter
3341 2418 3554 2497 sagittis
3590 2432 3642 2479 et
3664 2439 3753 2478 ma-

2198 2523 2380 2580 chinis
2411 2521 2825 2579 defendebatur.
2862 2520 2957 2576 Si'e
2986 2535 3086 2590 pro
3130 2518 3307 2573 nihilo
3351 2516 3751 2573 hebdomadibus

2198 2614 2444 2690 quinque
2471 2624 2772 2688 pugnatum
2795 2622 2898 2671 est.
2931 2610 3175 2669 Tandem
3199 2627 3297 2683 per
3315 2599 3413 2667 Dei
3450 2596 3751 2665 voluntatem

2198 2711 2421 2784 quidam
2453 2710 2522 2767 de
2549 2707 2760 2766 familia
2788 2707 3009 2764 comitis
3035 2714 3090 2762 et
3116 2704 3383 2777 episcopi,
3412 2703 3548 2759 satis
3574 2702 3754 2774 pericu.

2199 2796 2313 2861 lose
2338 2794 2745 2875 aid-angularem
2773 2801 2992 2867 turrim,
3019 2815 3145 2871 quas
3174 2798 3402 2870 respicit
3428 2797 3498 2853 ad
3537 2805 3750 2853 austrum

2200 2896 2540 2963 accedentes,
2571 2904 2697 2968 post
2716 2880 2838 2950 vim
2867 2888 3007 2950 racia
3030 2878 3322 2957 testudine,
3368 2884 3534 2945 unam
3557 2886 3622 2944 de
3664 2896 3756 2967 tur-

2201 2991 2355 3047 ribus
2383 3003 2582 3045 cavare
2627 2995 2935 3059 cmpernnt,
2967 2994 3021 3041 et
3066 2984 3312 3040 eavando
3335 2967 3403 3038 ad
3429 2992 3524 3037 ter:
3541 2997 3624 3036 am
3653 2997 3753 3051 prn-

2199 3089 2531 3139 straverunt.
2563 3080 2751 3152 itaque
2784 3088 2942 3151 capta
2962 3085 3111 3136 esset
3131 3078 3349 3142 civitas,
3379 3076 3487 3132 nisi
3511 3076 3676 3131 noctis
3694 3085 3755 3129 te-

2201 3176 2384 3233 nebrze
2404 3173 2765 3231 obstitissent.
2795 3171 3142 3229 lnstauratus
3173 3178 3260 3227 est
3284 3177 3473 3226 autem
3494 3184 3677 3223 murus
3704 3168 3757 3222 ab

2198 3269 2279 3326 eis
2311 3264 2408 3341 per
2439 3277 2678 3335 noctem,
2710 3271 2777 3323 et'
2806 3265 3050 3322 laborem
3098 3262 3395 3335 pristinum
3429 3261 3590 3318 nobis
3626 3260 3759 3316 inane

2200 3362 2454 3419 reddidit.
2482 3345 2737 3417 Attamen
2763 3374 2830 3415 eo
2856 3357 3006 3415 metu
3032 3354 3319 3429 perterrita
3356 3354 3572 3422 civitas,
3594 3354 3655 3409 ad
3682 3353 3758 3408 de-

2197 3454 2461 3511 ditionem
2489 3440 2575 3509 sui
2603 3460 2794 3509 coacta
2813 3433 2932 3507 est:
2952 3443 3259 3506 Accedebat
3279 3462 3346 3505 eo
3378 3448 3527 3519 quod
3558 3447 3760 3519 impera-

2199 3546 2354 3603 toria;
2380 3561 2571 3613 naves,
2601 3560 2701 3617 per
2729 3540 2930 3599 terram
2966 3535 3158 3598 tractae
3179 3524 3256 3597 in
3281 3542 3467 3618 lacu'm
3498 3538 3760 3596 descende-

2204 3648 2348 3696 rant.
2379 3636 2477 3694 His
2501 3637 2669 3711 igitur
2686 3636 2753 3693 de
2778 3633 2985 3703 causis,
3016 3649 3141 3691 cum
3165 3634 3278 3705 jam
3305 3633 3543 3689 ulterius
3571 3646 3761 3688 succur-

2200 3747 2322 3789 sum
2375 3730 2587 3786 nullum
2623 3736 2930 3801 sperarent,
2975 3735 3031 3783 et
3070 3725 3258 3798 augeri
3294 3726 3597 3782 exercitum
3622 3723 3762 3778 Fran-

2199 3839 2389 3882 corum
2417 3822 2663 3895 quotidie
2690 3830 2995 3888 cernerent,
3026 3818 3189 3875 difﬁsi
3220 3818 3459 3885 viribus,
3500 3817 3681 3872 Alexio
3716 3829 3761 3868 se

2199 3906 2575 3974 reddiderunt.
2605 3913 2844 3969 Venerat
2862 3927 3049 3969 comes
3067 3906 3506 3967 Nortbmanniae.
3524 3908 3762 3965 Promise-

2199 4017 2289 4065 rat
2328 4007 2554 4063 Alexius
2601 4005 2946 4077 principibus
2974 4011 3031 4061 et
3069 4003 3217 4076 genti
3268 4002 3611 4061 Francorum
3644 3998 3761 4072 quod

2200 4109 2378 4156 totum
2412 4076 2617 4155 aurum,
2641 4084 2697 4154 et
2726 4105 3036 4169 argentum,
3061 4104 3115 4151 et
3141 4082 3337 4166 equos,
3369 4102 3426 4149 et
3448 4106 3661 4157 omnem
3690 4076 3763 4144 sin

2199 4194 2545 4266 pellectilem,
2575 4207 2700 4264 quae
2728 4190 2880 4247 intus
2908 4196 3048 4265 erat,
3098 4188 3180 4244 eis
3226 4178 3499 4254 redderet,
3527 4195 3581 4242 et
3606 4198 3761 4241 mena-

2200 4287 2433 4345 sterium
2471 4286 2730 4342 Latinum
2765 4292 2819 4339 et
2862 4281 3159 4353 hospitium
3187 4279 3527 4352 pauperibus
3560 4276 3764 4332 Francu—

2200 4397 2323 4438 rum
2365 4380 2441 4437 ibi
2476 4379 2713 4445 faceret;
2740 4385 3002 4449 praeterea
3043 4382 3258 4430 tantum
3291 4373 3361 4429 de
3399 4360 3637 4444 propriis
3661 4367 3762 4423 uni-

2200 4475 2400 4547 cuique
2428 4474 2497 4531 de
2527 4471 2769 4529 exercitu
2797 4468 2954 4525 daret
2982 4476 3044 4523 ut
3078 4467 3156 4522 illi
3186 4480 3407 4536 semper
3431 4463 3664 4519 militare
3688 4450 3763 4513 re.

2202 4568 2323 4625 liut.
2355 4564 2483 4623 Haec
2522 4564 2691 4637 igitur
2713 4560 2912 4618 Franci
2949 4566 3237 4634 sperantes
3272 4557 3442 4613 verba
3480 4552 3761 4612 ﬁdelissima

2199 4659 2530 4717 deditionem
2556 4654 2940 4712 laudaverunt.
2965 4649 3191 4707 Alerius
3227 4648 3434 4720 itaque,
3461 4654 3679 4717 accepta
3701 4640 3763 4695 ci-

2199 4752 2388 4819 vitate,
2414 4759 2620 4807 tantam
2644 4747 2949 4821 gratiarum
2970 4743 3241 4799 actionem
3262 4739 3530 4797 exercitui
3550 4736 3765 4821 deditut.

2198 4843 2445 4919 quandiu
2476 4818 2698 4907 vixerit,
2745 4837 2983 4910 populus
3027 4848 3248 4905 semper
3296 4830 3349 4888 ei
3390 4828 3692 4893 maledicat,
3724 4818 3767 4879 et

2198 4936 2500 5011 proclamet
2523 4933 2859 5005 proditorem
2883 4945 3033 4987 eum.

2476 5034 2479 5037 '
2818 5019 3050 5078 CAPUT
3090 5018 3156 5074 V.

2270 5118 2645 5191 Cognovimus
2692 5125 2826 5172 tunc
2877 5113 3025 5186 quod
3066 5111 3289 5168 Petrum
3333 5107 3650 5173 Eremitam,
3689 5102 3764 5174 qui

2203 5217 2359 5285 longe
2388 5213 2515 5268 ante
2536 5209 2811 5275 exercitus
2833 5214 3057 5264 nostros
3077 5220 3204 5261 cum
3228 5219 3426 5276 magna
3450 5197 3767 5259 multitudine

2200 5301 2734 5375 Constantinopolim
2767 5308 3012 5366 venerat,
3036 5298 3338 5370 imperator
3368 5311 3498 5352 eum
3527 5289 3767 5365 prodidis-

2204 5406 2322 5465 set;
2347 5378 2551 5454 etenim
2582 5396 2787 5467 ipsum,
2813 5392 2909 5466 qui
2937 5392 3165 5464 ignarus
3193 5390 3445 5446 locorum
3472 5395 3610 5456 erat,
3635 5392 3683 5441 et
3701 5391 3766 5437 tu-

2204 5488 2315 5544 tius
2342 5487 2573 5555 militiae,
2596 5493 2653 5541 et
2673 5500 2806 5542 suos
2839 5481 3197 5540 transfretare
3221 5479 3424 5552 coegit,
3456 5485 3621 5549 atque
3650 5472 3765 5528 Tur-

2204 5579 2287 5635 cis
2306 5562 2578 5651 exposuit.
2603 5568 2798 5634 Tui-cae
2828 5584 3010 5632 autem
3037 5574 3104 5630 de
3123 5571 3329 5639 Nicaea,
3354 5571 3508 5626 illam
3524 5566 3764 5625 imbellem

2204 5667 2609 5727 multitudinem
2633 5654 2905 5734 videntes;
2949 5667 3070 5724 sine
3095 5665 3285 5722 labore
3328 5672 3385 5720 et
3419 5675 3676 5729 mora,ex
3702 5654 3766 5710 eis

2202 5765 2607 5821 deeollaverunt
2650 5779 2828 5834 usque
2879 5762 2946 5817 ad
2997 5759 3279 5833 sexaginta
3325 5759 3518 5815 millia.
3580 5749 3765 5821 Reliqui

2201 5872 2329 5911 vero
2360 5857 2427 5913 ad
2453 5855 2812 5911 munitionem
2845 5851 3134 5924 quamdam
3159 5849 3563 5923 confugientes,
3587 5843 3765 5920 gladios
