3838 6306
124 402 209 459 597
1096 386 1288 444 “Alli.
1328 385 1416 441 DE
1452 382 1703 441 AGILES
1738 377 1920 436 HIST.
1964 376 2328 442 lilEROSOL.

3227 382 3340 442 598

123 516 377 572 Turcsrum
421 515 744 566 evaserunt.
788 503 1126 575 Quapropter
1178 501 1369 558 Turca:
1414 500 1651 557 audaces
1684 500 1725 560 Α
1755 496 1859 553 bus
1884 505 2002 554 erat
2029 512 2236 563 comes,
2258 495 2513 555 dicebam
2546 514 2640 568 per
2670 497 2768 554 Dei
2798 498 3203 570 inspirationsm
3246 517 3341 557 nos

115 617 161 667 et
182 602 371 676 superbi
390 598 597 667 eiecti,
616 614 765 655 arma
787 611 905 669 qua:
925 596 1002 652 ibi
1026 604 1302 666 ceperant,
1320 602 1375 650 et
1395 591 1641 663 captivos

114 694 370 755 adnobiles
414 706 536 747 sua:
582 690 757 764 gentis
789 698 842 746 et
884 688 1339 753 Sarracenorum,
1376 685 1537 756 longe
1578 699 1641 737 ea

109 787 371 851 mittebant,
392 784 699 841 scribentes
723 782 789 838 ad
809 780 1058 852 populos,
1080 788 1135 835 et
1155 778 1224 834 ad
1250 777 1497 835 civitates
1517 775 1640 832 lon-

110 878 304 950 ginqnas
326 873 456 929 nihil
477 872 667 929 valere
690 871 730 927 F
735 886 926 928 raucos
951 870 1005 926 in
1027 868 1190 926 bello.
1218 866 1453 924 Profecti
1475 865 1642 937 igitur

104 985 133 1025 s
150 967 302 1023 Niaea
320 964 539 1021 civitate
574 964 629 1019 in
672 961 1012 1027 Romaniam,
1038 959 1279 1017 secunda
1304 957 1394 1014 die
1436 965 1642 1014 temere

105 1056 397 1116 Boinundus
429 1071 561 1112 cum
597 1054 923 1126 quibusdam
959 1052 1322 1124 principibus,
1346 1065 1381 1106 a
1417 1049 1639 1115 comite,

101 1151 412 1222 etepisoopo,
437 1163 505 1205 ac
530 1147 675 1204 duce
701 1146 979 1219 digressus
1018 1153 1122 1201 est.
1153 1142 1406 1214 Cumque
1453 1142 1512 1198 in
1551 1140 1641 1198 die

99 1240 227 1297 tertia
266 1237 616 1309 digressionis
667 1252 782 1295 sua:
831 1235 1063 1293 tentoria
1107 1234 1423 1304 disponeret
1453 1232 1637 1305 ﬁgere,

96 1339 279 1388 tantum
324 1327 718 1401 quinquaginta
767 1327 936 1385 millia
968 1325 1272 1387 Turcorum
1304 1325 1359 1380 in
1400 1336 1655 1398 pugnam'

95 1427 347 1482 adventare
372 1423 740 1494 conspiciunt.
778 1420 1031 1493 Dumque
1058 1421 1282 1478 ordines
1301 1436 1404 1493 pro
1430 1430 1641 1491 tempo-

91 1534 141 1575 re
162 1517 381 1583 instruit,
406 1523 464 1572 et
484 1516 692 1572 bellum
721 1515 982 1586 disponit,
1003 1513 1190 1585 plures
1217 1513 1312 1584 qui
1333 1513 1640 1583 sequeban-

90 1624 161 1666 tur
197 1611 258 1666 de
297 1608 539 1665 exercitu
574 1623 680 1665 suo
715 1606 971 1680 perdidit.
1027 1605 1172 1662 Inter
1200 1606 1318 1663 haec
1363 1604 1552 1663 comiti
1584 1613 1640 1660 et

87 1701 189 1759 duci
218 1699 510 1767 mandavit,
550 1709 615 1756 ut
647 1700 752 1756 sibi
780 1706 1201 1767 succurrerent;
1233 1696 1463 1754 aberant
1487 1696 1638 1753 enim

85 1810 162 1866 per
178 1793 275 1849 duo
290 1790 574 1849 milliaria.
597 1791 687 1851 Uti
708 1800 889 1849 autem
906 1790 1134 1848 nuntius
1153 1788 1445 1847 Boimundi
1466 1789 1522 1846 in
1536 1805 1636 1847 ca-

1744 585 1971 653 venisse,
1999 602 2091 657 per
2111 586 2278 657 ipsius
2304 587 2726 643 misericordiam
2759 603 2854 643 nos
2894 586 3140 645 Nicaeam
3165 590 3340 647 muni"

1745 676 2009 731 tissimam
2031 671 2212 733 urbem
2233 676 2544 746 obtinuisse,
2572 689 2729 752 atque
2747 695 2841 751 per
2860 678 3095 750 ejusdem
3116 680 3339 736 clemen-

1743 768 1894 834 tiam,
1919 769 2198 824 victoriam
2224 778 2273 824 et
2290 772 2631 827 securitatem
2645 771 2707 828 de
2732 770 2920 827 Turcis
2939 770 3187 829 habuisse
3204 789 3335 844 :pa-

1742 875 1851 915 cem
1885 868 1938 915 et
1983 861 2321 916 concordiam
2369 863 2427 917 in
2465 864 2699 920 exercitu
2728 871 2909 919 nostro
2952 863 3139 935 fuisse,
3184 874 3339 938 atque

1741 949 1859 1005 ideo
1904 951 2010 1023 ipsi
2054 952 2119 1008 de
2166 952 2315 1007 nobis
2362 955 2794 1013 committendum
2837 972 2970 1015 esse.
3023 955 3147 1016 Non
3184 973 3338 1027 opor-

1742 1050 1851 1097 tere
1875 1044 2043 1098 vereri
2065 1060 2230 1116 reges,
2257 1055 2350 1102 aut
2380 1064 2560 1119 regum
2579 1048 2875 1119 principes;
2916 1064 3010 1103 nec
3040 1048 3336 1120 formidare

1738 1134 1876 1202 loca,
1899 1144 1951 1191 et
1980 1146 2238 1208 tempora,
2262 1154 2384 1193 cum
2414 1139 2673 1195 Dominus
2697 1139 2763 1194 de
2784 1148 2895 1193 tam
2916 1140 3158 1210 pluribus
3202 1143 3338 1212 peri-

1739 1228 1875 1283 culis
1899 1244 1992 1284 nos
2017 1229 2317 1301 eripuisset.
2364 1229 2537 1303 igitur
2576 1232 2645 1288 ad
2666 1230 3017 1288 Antiochiam
3054 1234 3332 1300 venimus,

1739 1329 1902 1392 atque
1949 1320 2107 1393 juxta
2148 1330 2330 1379 castra
2373 1324 2686 1395 posuimus,
2735 1323 2872 1380 adeo
2911 1332 2973 1380 ut
3012 1323 3336 1396 frequenter

1737 1413 1804 1471 de
1838 1414 2085 1472 turribus
2113 1413 2305 1471 hostes
2324 1457 2339 1482 ,
2382 1422 2439 1473 et
2457 1416 2707 1472 homines
2736 1424 2792 1471 et
2823 1431 2995 1487 equos
3024 1427 3245 1474 nostros
3273 1417 3332 1472 in

1738 1506 1987 1564 tentoriis
2034 1507 2407 1564 vulnerarent.
2455 1507 2522 1564 Et
2555 1507 2817 1579 quoniam
2845 1508 2914 1563 de
2955 1508 3242 1564 Antiochia
3275 1524 3335 1563 se

1738 1597 1959 1655 occasio
1984 1597 2145 1655 nobis
2177 1599 2443 1668 praebuit,
2476 1599 2544 1655 de
2583 1600 2692 1655 situ
2724 1599 2971 1671 ejusdem
3014 1600 3121 1657 loci
3152 1602 3334 1658 dicere

1738 1690 2113 1747 necessarium
2134 1707 2259 1750 esse
2282 1692 2499 1748 videtur
2514 1701 2575 1748 ut
2594 1689 2812 1748 facilius
2831 1692 2972 1748 bella
2991 1702 3046 1750 et
3067 1693 3330 1760 assultus,

1737 1781 1832 1852 qui
1862 1780 1938 1838 ibi
1971 1779 2101 1838 facti
2133 1791 2293 1851 sunt,
2318 1781 2388 1838 ab
2412 1782 2499 1838 bis
2527 1781 2623 1853 qui
2655 1796 2767 1837 non
2808 1781 3095 1850 viderunt,
3126 1783 3331 1843 intelli-

82 1863 171 1944 gm
190 1886 345 1955 venit,
364 1887 624 1951 certatim
655 1901 870 1953 omnes,
894 1900 1070 1957 equos
1093 1894 1149 1942 ει
1176 1899 1333 1941 arma
1359 1882 1631 1955 πτίρίυηι
1663 1863 1708 1923 Β
1734 1879 1950 1942 gantur.
1982 1870 2077 1928 Est
2098 1872 2348 1944 quaedam
2386 1872 2642 1943 planities
2674 1873 2818 1929 inter
2849 1881 3063 1929 montes
3092 1872 3283 1928 Libani
3314 1914 3330 1940 ,

79 1990 211 2051 atque
229 1979 440 2035 obviam
471 1978 921 2035 irerontendunt.
946 1976 1018 2034 Ut
1041 1986 1225 2034 autem
1248 1977 1505 2051 cognovit
1525 1975 1627 2033 So-

78 2071 315 2126 limannus
348 2079 405 2126 et
432 2070 533 2141 qui
562 2086 690 2127 cum
718 2085 788 2126 eo
814 2079 991 2137 erant,
1018 2070 1319 2126 exercitum
1350 2078 1624 2137 nostrum,

76 2162 118 2217 id
143 2170 215 2218 est
248 2161 516 2235 episcopi,
553 2162 734 2231 ducis,
760 2171 825 2217 et
854 2162 1094 2229 comitis,
1126 2171 1317 2219 contra
1366 2177 1528 2218 suum
1571 2163 1626 2217 in

75 2268 273 2324 pugriam
314 2270 672 2321 concurrere,
718 2254 788 2310 de
813 2254 1042 2311 victoria
1089 2255 1392 2325 desperans
1441 2253 1629 2327 fugere

73 2346 353 2417 compulsus
395 2355 507 2415 est,
536 2356 594 2403 et
622 2346 717 2417 qui
759 2346 1006 2419 captivos
1049 2355 1104 2404 et
1124 2346 1357 2403 tentoria
1389 2347 1627 2419 plurima

61 2438 126 2493 de
147 2440 326 2496 (astris
342 2438 648 2497 Boimundi
673 2452 974 2514 acceperat,
1000 2459 1099 2515 per
1117 2443 1212 2500 Dei
1236 2445 1496 2501 virtutem
1525 2461 1627 2502 sua

71 2529 271 2601 reliquit.
314 2529 518 2587 Fertur
558 2532 835 2604 quoddam
879 2533 1091 2607 insigne
1133 2523 1481 2604 miraculum,
1532 2536 1627 2592 sed

70 2635 152 2677 nos
174 2636 273 2677 non
294 2622 567 2693 vidimus,
601 2626 750 2696 quod
771 2625 883 2682 duo
906 2627 1120 2698 equites
1151 2628 1321 2684 armis
1354 2628 1626 2695 coruscis,

67 2721 109 2766 et
139 2712 356 2769 mirabili
392 2713 563 2781 facie,
600 2717 899 2774 exercitum
940 2727 1190 2775 nostrum
1235 2719 1627 2791 praecedentes,

69 2802 132 2857 sic
157 2802 392 2860 hostibus
436 2804 809 2863 imminebant
842 2816 903 2864 ut
931 2808 1082 2865 nullo
1124 2808 1289 2864 modo
1315 2808 1629 2866 facultatem

65 2895 301 2965 pugnandi
326 2896 411 2952 eis
435 2898 841 2967 concederent;
867 2908 924 2955 at
947 2915 1079 2956 vero
1101 2898 1314 2970 Turcas,
1341 2916 1468 2957 cum
1496 2900 1632 2959 refe-

66 2984 152 3039 rire
172 3001 259 3043 eos
277 2987 489 3046 lanceis
510 2990 736 3067 vellent,
758 2991 1142 3048 insauciahiles
1162 2992 1243 3049 eis
1271 2993 1625 3064 apparebant.

65 3073 166 3133 nec
184 3088 355 3135 autem
382 3097 515 3152 qum
545 3082 808 3150 dicimus,
846 3082 916 3139 ab
945 3084 1053 3140 illis
1073 3084 1170 3155 qui
1191 3099 1382 3140 eorum
1406 3100 1632 3142 consor-

1727 1980 1851 2037 quat
1876 1966 1931 2021 in
1956 1965 2296 2024 latitudinem
2318 1982 2417 2038 per
2444 1966 2588 2022 diem
2611 1982 2783 2022 unum
2802 2007 2816 2034 ,
2833 1973 2980 2021 tenet
3002 1965 3271 2023 viatorem
3299 2008 3316 2032 ,

1726 2065 1784 2115 et
1824 2058 1881 2114 in
1929 2058 2269 2131 longitudine
2297 2058 2443 2115 diem
2490 2068 2547 2114 et
2588 2057 2901 2116 dimidium.
2966 2058 3092 2115 llmc
3142 2067 3330 2114 autem

1727 2149 1983 2220 planities
2014 2150 2177 2206 habet
2202 2151 2273 2207 ab
2308 2149 2591 2207 occidente
2625 2150 2880 2222 paludem
2909 2151 3229 2223 quamdam,
3261 2151 3331 2207 ab

1728 2242 1939 2299 oriente
1994 2242 2254 2310 ﬂuvium,
2306 2243 2403 2314 qui
2466 2243 2763 2315 quamdam
2810 2253 3022 2315 partem
3075 2244 3325 2317 ejusdem

1728 2332 1967 2404 planitiei
2006 2334 2232 2406 cingens
2266 2333 2336 2390 ad
2375 2334 2539 2405 pedes
2558 2335 2860 2403 montium,
2894 2352 3034 2407 quas
3067 2336 3121 2392 in
3148 2337 3321 2394 latere

1731 2425 1894 2483 habet
1946 2442 1978 2482 a
2016 2426 2273 2495 meridie,
2317 2428 2393 2483 ita
2445 2428 2681 2484 recurrit
2728 2437 2789 2484 ut
2828 2429 2971 2485 inter
3022 2439 3235 2486 montes
3270 2439 3327 2487 et

1733 2515 1964 2574 ﬂuvium
1994 2520 2263 2576 transitus
2293 2519 2478 2577 nullus
2518 2521 2623 2590 sit,
2652 2529 2707 2577 et
2732 2520 2815 2577 sic
2836 2521 2975 2577 mari
3006 2519 3327 2578 Mediterra-

1732 2626 1869 2679 neo,
1922 2612 2071 2683 quod
2123 2613 2430 2670 Antiochiae
2478 2615 2789 2686 proximum
2831 2623 2951 2683 est,
2998 2614 3198 2687 inﬂuit.
3264 2612 3324 2669 in

1730 2705 2000 2777 angustiis
2056 2714 2238 2762 autem
2296 2706 2403 2762 illis
2447 2721 2587 2776 quas
2631 2707 2831 2763 ﬂuvius
2870 2708 2985 2778 jam
3037 2706 3325 2763 adhaerens

1731 2797 2063 2868 supradictis
2084 2797 2367 2854 montibus
2397 2796 2556 2865 facit,
2584 2798 2876 2856 Antiochia
2909 2799 3014 2855 sita
3049 2807 3133 2855 est
3165 2806 3224 2854 ut
3254 2798 3325 2854 ab

1731 2888 2015 2945 occidente
2038 2886 2257 2955 ﬂuvius,
2288 2885 2534 2945 inferiori
2565 2904 2723 2946 muro
2751 2888 3005 2956 inﬂuens,
3029 2888 3325 2959 quamdam

1732 2980 1793 3036 in
1830 2980 2053 3037 modum
2094 2981 2305 3052 sagitta:
2342 2989 2552 3051 partem
2577 2990 2766 3051 terrm,
2796 2982 2937 3039 inter
2975 2997 3032 3038 se
3061 2990 3115 3037 et
3146 2981 3326 3051 ipsam

1734 3073 2010 3130 civitatem
2048 3072 2330 3143 relinquit.
2365 3069 2478 3127 Hoc
2513 3073 2679 3129 modo
2697 3072 2766 3128 ab
2788 3074 2998 3128 oriente
3030 3072 3160 3128 urbs
3183 3072 3288 3128 sita
3308 3114 3324 3137 ,

67 3168 176 3224 tium
194 3185 515 3243 spernentes
547 3176 710 3231 nobis
739 3177 1090 3234 adhmscmm
1121 3178 1433 3235 didicimus,
1470 3178 1629 3247 Quod
1660 3211 1708 3273 Ο
1736 3166 1911 3240 surgit
1927 3166 1985 3221 in
2007 3164 2275 3223 orientem
2293 3206 2310 3232 ,
2333 3173 2498 3236 atque
2514 3182 2616 3222 suo
2629 3164 2836 3221 ambitu
2862 3166 3029 3220 trium
3053 3163 3323 3220 montium

66 3274 169 3317 vero
193 3278 287 3333 pro
316 3265 651 3322 testimonio
692 3266 1038 3336 adducimus,
1076 3269 1184 3325 tale
1203 3279 1325 3325 est:
1373 3269 1477 3325 Per
1518 3271 1633 3342 pri-

64 3364 182 3405 mm
207 3354 517 3410 ctalteram
558 3356 727 3423 diem,
767 3372 864 3427 per
904 3366 1070 3413 totum
1114 3357 1258 3413 viam
1304 3374 1478 3430 equos
1522 3359 1633 3415 ini-

67 3442 294 3500 micorum
341 3455 605 3505 mortuos
658 3464 783 3504 eum
836 3450 1075 3506 dominis
1121 3450 1255 3521 ipsis
1307 3452 1630 3522 reperimus.

65 3532 219 3605 itaque
260 3537 499 3595 devictis
554 3548 612 3595 et
670 3540 972 3611 proﬂigatis
1037 3540 1266 3607 Turcis,
1309 3542 1536 3613 paciﬁca
1581 3552 1635 3599 et

61 3626 277 3685 alacriter
326 3646 430 3702 per
503 3631 836 3688 Romaniam
904 3649 1078 3705 usque
1141 3634 1491 3692 Antiochiam
1541 3652 1633 3693 ve-

61 3717 229 3775 nimus.
303 3720 413 3779 Sed
472 3739 670 3781 comes
728 3725 1132 3798 aliquantulum
1191 3726 1495 3783 exercitum
1546 3743 1634 3783 re.

61 3810 277 3882 tardavit,
297 3830 475 3873 cansa
510 3816 852 3877 inﬁrmitatis
880 3835 1013 3875 suac.
1047 3818 1204 3886 Quod
1249 3819 1297 3875 si
1335 3819 1632 3877 incredulis

60 3901 299 3974 ingratum
328 3906 453 3963 {ore
482 3908 626 3966 satis
654 3910 1034 3981 cognovimus,
1065 3920 1247 3967 tamen
1276 3910 1423 3982 quod
1444 3909 1630 3967 divina

61 3992 313 4054 clementia
339 4009 638 4070 operatur,
663 4001 895 4058 reticere
916 4015 1026 4057 non
1046 4001 1331 4058 debemus.
1363 3999 1493 4057 Erat
1510 4001 1633 4073 qui-

60 4081 162 4143 dam
179 4101 360 4146 comes
410 4090 487 4146 de
526 4088 793 4158 Saxonis,
821 4092 875 4147 in
924 4100 1116 4148 nostro
1143 4092 1406 4159 exercitu,
1435 4092 1530 4163 qui
1564 4092 1633 4149 ad

56 4178 277 4236 comitem
324 4180 736 4251 Raimundum,
764 4183 932 4252 venit,
958 4193 1012 4239 et
1058 4182 1296 4255 legatum
1339 4199 1401 4242 se
1445 4182 1632 4240 Sancti

250 4274 570 4341 asserebat,
594 4283 651 4331 et
678 4276 849 4332 semel
889 4276 1242 4348 secundoque
1271 4290 1333 4333 se
1381 4275 1632 4332 admoni-

57 4366 166 4428 tum,
191 4370 248 4419 ut
271 4364 490 4424 diceret
518 4366 732 4435 comiti,
761 4366 980 4424 aiebat:
1019 4386 1038 4420 ι
1067 4366 1200 4424 Esto
1228 4382 1478 4441 securus,
1517 4383 1629 4423 non

54 4452 275 4512 morieris
302 4457 373 4512 de
399 4457 519 4514 hac
547 4456 895 4527 inﬁrmitate;
924 4450 1028 4530 eg'o
1054 4457 1150 4513 tibi
1175 4457 1428 4516 inducias
1456 4474 1489 4515 a
1518 4456 1631 4515 Deo

1730 3259 1863 3331 juga
1909 3257 2309 3330 complectitur.
2351 3256 2447 3314 ille
2492 3273 2624 3314 vero
2661 3273 2821 3315 mons
2856 3273 3020 3328 quem
3052 3272 3083 3312 a
3107 3264 3326 3328 septen-

1734 3351 1916 3409 trione
1955 3350 2150 3417 habet,
2196 3349 2435 3421 quodam
2486 3351 2727 3408 maxime
2774 3357 3047 3421 praerupto
3097 3349 3168 3405 ab
3200 3347 3327 3405 aliis

1732 3442 2014 3512 dividitur,
2049 3452 2110 3500 ut
2133 3444 2204 3500 ab
2243 3444 2334 3501 illo
2367 3445 2434 3500 ad
2465 3444 2604 3500 alios
2642 3443 2829 3498 nullus
2856 3442 2941 3496 vel
2972 3439 3323 3499 diﬂieillimus

1733 3552 1992 3594 accessus
2026 3536 2315 3593 habeatur.
2355 3535 2415 3592 ln
2458 3535 2597 3591 colle
2646 3544 2829 3591 autem
2871 3530 3282 3603 septentrionali
3302 3527 3325 3596 ,'

1732 3629 2016 3685 castellum
2047 3628 2324 3700 quoddam
2346 3638 2460 3696 est,
2485 3638 2539 3683 et
2568 3628 2624 3683 in
2654 3626 2835 3682 medio
2857 3624 3013 3680 collis
3037 3622 3322 3681 castellum
3343 3627 3375 3653 ⁶

1732 3717 1915 3786 aliud,
1950 3717 2100 3790 quod
2134 3717 2324 3789 lingua
2355 3716 2543 3773 Graeca
2591 3715 2762 3771 Colax
2793 3722 3037 3770 vocatur.
3072 3711 3131 3768 ln
3163 3712 3325 3769 tertio

1731 3812 1900 3879 colle,
1930 3820 2146 3868 tantum
2176 3820 2377 3867 turres.
2419 3808 2589 3865 Tenet
2624 3816 2809 3864 autem
2843 3807 3039 3863 civitas
3066 3806 3177 3864 duo
3195 3806 3325 3861 rel-

1732 3903 1889 3959 liaria
1931 3903 1987 3959 in
2023 3901 2393 3976 longitudine,
2436 3902 2646 3967 muris,
2685 3909 2741 3957 et
2778 3900 3041 3966 turribus,
3073 3907 3130 3955 et
3161 3906 3320 3954 ante-

1733 3995 2040 4052 muralihus
2089 3997 2165 4053 ita
2197 3996 2411 4053 munita
2436 4004 2498 4051 ut
2522 3995 2727 4051 nullius
2753 3993 3022 4050 machina:
3047 3992 3320 4064 impetus,

1733 4091 1940 4147 nullius
2008 4089 2293 4147 hominum
2357 4088 2630 4155 assultus,
2679 4086 2896 4144 etiamsi
2940 4102 3114 4158 genus
3158 4101 3323 4141 omne

1734 4182 2020 4238 hominum
2075 4181 2397 4249 conveniat,
2460 4189 2735 4237 vereatur.
2805 4177 2958 4235 Hane
3024 4179 3209 4251 igitur,
3260 4187 3324 4233 nt

1731 4272 2008 4341 diximus,
2037 4273 2203 4331 talem
2232 4283 2345 4330 tam
2386 4271 2816 4329 munitissimam
2854 4270 3132 4327 civitatem
3156 4285 3319 4325 exer-

1732 4366 1876 4422 citus
1936 4365 2276 4422 Francorum
2335 4380 2367 4419 a
2418 4363 2790 4435 septentrione
2841 4362 3072 4419 obsedit.
3133 4360 3322 4433 Neque

1735 4463 1944 4523 tamen,
1986 4456 2111 4512 licet
2150 4464 2231 4512 ter
2278 4461 2499 4511 centum
2540 4454 2625 4511 vel
2663 4462 2905 4510 trecenta
2934 4452 3106 4508 millia
3133 4468 3319 4508 arma-

54 4538 340 4615 impetravi,
375 4562 492 4620 ego
536 4562 755 4619 semper
793 4557 979 4604 tecum
1016 4564 1132 4605 ero.
1165 4568 1184 4602 ι
1238 4548 1305 4606 Et
1333 4550 1460 4607 licet
1494 4551 1630 4609 satis
1660 4567 1706 4622 ι)
1731 4558 1913 4605 torum
1958 4550 2014 4604 in
2052 4548 2297 4606 exercitu
2346 4558 2566 4617 essent,
2623 4547 2863 4619 aliquem
2923 4546 3193 4603 assultum
3243 4545 3320 4599 ibi

52 4631 147 4691 hac
181 4654 363 4696 comes
404 4640 684 4710 crederet,
714 4651 898 4698 tamen
926 4641 1002 4698 ita
1044 4656 1109 4697 ea
1148 4641 1464 4699 inﬁrmitate
1490 4643 1629 4700 aﬂ’e-

52 4733 151 4783 ctus
177 4728 275 4787 fuit
298 4742 363 4789 ut
388 4733 688 4805 depositus
715 4735 782 4790 de
804 4735 945 4792 lecto
970 4736 1028 4790 in
1059 4743 1281 4804 terram,
1327 4737 1418 4792 vix
1456 4736 1624 4793 etiam

50 4820 234 4877 vitalem
255 4826 487 4894 pulsum
542 4824 785 4882 haberet.
830 4824 987 4883 Unde
1028 4825 1319 4898 episcopus
1344 4825 1627 4884 Aurasica

50 4909 178 4966 urbis
215 4914 459 4970 cilicium
495 4916 555 4971 ei
584 4916 745 4988 quasi
779 4916 1040 4973 defuncto
1079 4916 1364 4988 impendit,
1408 4920 1505 4976 sed
1534 4919 1622 4974 di-

48 4999 154 5057 vina
179 5005 475 5063 clementia
501 5023 632 5079 quae
655 5024 781 5065 eum
811 5009 1006 5067 ducem
1027 5008 1332 5082 perfecerat
1348 5012 1625 5068 exercitus

51 5091 139 5160 sui,
170 5094 235 5151 de
262 5106 445 5154 morte
471 5113 608 5154 eum
644 5097 792 5156 illico
813 5099 1093 5168 relevavit,
1131 5108 1189 5156 et
1214 5100 1465 5171 sospitati
1499 5101 1626 5157 red-

50 5180 180 5240 didit.
238 5185 415 5260 Igitur
463 5202 605 5245 cum
645 5188 993 5247 Antiochiam
1040 5190 1621 5264 appropinquavimus,

54 5284 143 5331 non
169 5286 282 5335 erat
302 5279 618 5338 consilium
638 5280 935 5339 multorum
956 5281 1267 5354 principum
1294 5290 1353 5338 ut
1379 5297 1502 5338 eam
1524 5282 1626 5338 ob—

52 5362 343 5438 sideremus,
395 5371 718 5442 praesertim
762 5385 889 5428 cum
934 5372 1113 5428 hiems
1166 5372 1513 5441 immineret;
1569 5382 1626 5429 et

51 5459 291 5518 exercitus
346 5471 493 5520 tunc
556 5461 787 5521 diﬂ‘usus
834 5478 931 5535 per
972 5463 1225 5533 castella,
1256 5474 1312 5521 et
1355 5465 1619 5521 imminu-

52 5552 125 5603 tus
153 5551 337 5611 astivo
369 5564 636 5626 tempore
657 5552 849 5612 fuerat.
877 5553 1229 5628 Imperatoris
1270 5557 1436 5614 etiam
1478 5557 1624 5614 vires

55 5652 274 5708 oportere
298 5646 633 5719 exspectari
657 5646 923 5717 dicebant,
948 5657 1004 5704 et
1028 5647 1329 5706 exercitum
1348 5648 1416 5705 de
1438 5648 1615 5705 Fran-

56 5730 142 5799 Cia,
165 5735 254 5806 qui
284 5736 481 5795 venire
526 5738 904 5806 nuntiabatur,
940 5740 1128 5812 sicque
1174 5740 1416 5798 hiemare
1446 5758 1621 5814 usque

58 5820 104 5887 in
122 5839 273 5891 verno
293 5830 723 5908 pracipiehant.
748 5831 815 5889 At
839 5833 929 5890 alii
949 5833 1016 5890 de
1042 5833 1379 5911 principibus
1400 5833 1460 5890 in
1491 5835 1616 5916 qui-

1731 4638 2004 4705 l‘ecerunt,
2051 4640 2159 4696 nisi
2192 4640 2362 4715 .quod
2402 4639 2560 4710 juxta
2610 4647 2792 4695 castra
2837 4652 2938 4693 sua
2990 4644 3314 4707 posuerunt.

1730 4731 1901 4789 Erant
1924 4741 2189 4804 praeterea
2218 4732 2272 4788 in
2298 4733 2521 4790 civitate
2545 4732 2656 4789 duo
2688 4730 2860 4786 millia
2879 4730 3072 4802 optimi
3092 4728 3314 4795 milites,

1728 4830 1784 4878 et
1813 4831 2050 4894 quatuor
2077 4823 2162 4879 vel
2182 4823 2428 4895 quinque
2455 4824 2624 4880 millia
2654 4823 2887 4883 militum
2910 4821 3316 4893 gregariorum,

1728 4923 1896 4987 atque
1923 4915 2112 4972 decem
2149 4916 2319 4973 millia
2359 4917 2635 4988 peditum,
2677 4925 2733 4972 et
2768 4929 2836 4971 eo
2880 4913 3137 4984 amplius.
3175 4912 3316 4969 Muri

1728 5019 1860 5062 vero
1903 5006 1981 5061 ita
2023 5006 2362 5074 eminentes,
2394 5016 2450 5063 et
2487 5006 2630 5061 vallo
2670 5014 2727 5060 et
2771 5003 3063 5076 paludibus
3101 5004 3319 5060 munieo

1727 5100 1928 5156 bantur
1953 5109 2014 5155 ut
2038 5108 2210 5171 portze
2229 5098 2655 5164 custodirentur,
2686 5107 2879 5153 cratera
2905 5111 3100 5153 secura
3123 5112 3315 5153 mane-

1726 5200 1870 5249 rent.
1930 5191 2121 5265 lgitur,
2165 5202 2224 5247 ut
2272 5191 2527 5246 venimus
2562 5190 2616 5244 in
2653 5186 2955 5260 principio,
2996 5189 3072 5251 ita
3107 5197 3318 5245 temere

1729 5291 1910 5339 castra
1947 5281 2239 5353 posuimus
2282 5289 2341 5336 ut
2379 5280 2425 5334 si
2466 5278 2783 5350 praecogniti
2824 5278 2893 5333 ab
2919 5278 3000 5335 eis
3029 5293 3313 5344 essemus,

1727 5372 1909 5443 aliqua
1938 5387 2068 5443 pars
2089 5378 2397 5426 castrorum
2418 5369 2490 5424 ab
2515 5369 2767 5440 hostibus
2790 5369 2993 5440 corripi
3021 5370 3311 5441 potuisset,

1725 5480 1850 5520 cum
1872 5465 1929 5519 in
1947 5462 2190 5519 exercitu
2215 5470 2405 5518 nostro
2426 5476 2528 5518 nec
2549 5461 2761 5534 vigiliae,
2790 5477 2891 5518 nec
2911 5461 3111 5518 modus
3133 5462 3317 5532 hospi.

1726 5556 1878 5612 tandi
1920 5568 2163 5625 unquam
2203 5563 2452 5611 servatus
2473 5555 2565 5612 sit.
2617 5554 2924 5610 Accedebat
2961 5556 3126 5611 etiam
3160 5555 3309 5625 quod

1723 5647 1908 5703 omnia
1944 5646 2165 5702 castella
2203 5646 2442 5718 regionis
2483 5646 2766 5718 ejusdem,
2803 5655 2863 5702 et
2891 5646 3136 5703 ﬁnitima
3177 5645 3309 5702 civi-

1722 5749 1861 5797 tates
1908 5756 1969 5795 se
2020 5738 2226 5797 nostris
2277 5739 2664 5806 reddiderunt,
2720 5748 2836 5795 tum
2885 5740 3081 5794 timore
3128 5739 3305 5793 nostri

1720 5831 2013 5900 exercitus,
2034 5841 2151 5890 tum
2167 5847 2354 5890 amore
2373 5831 2645 5905 fugienda:
2668 5831 2970 5896 Iurcarum
2996 5830 3319 5896 servitutis.»
