3846 6306
1090 369 1182 427 AD
1219 367 1668 428 GODBFRIDUM
1708 368 2000 431 APPEND.
2039 369 2100 424 ll.
2138 401 2208 410 -—
2249 370 2519 427 MONUM.
2559 371 2648 427 DE
2682 369 2909 428 BELLO
2943 371 3169 430 SACRO

3652 380 3733 436 (ἰοῦ

526 486 663 552 Quae
706 500 796 542 res
842 486 1142 543 exercitum
1206 496 1453 542 nostrum
1507 485 1738 539 multum
1791 485 2046 555 dispersit
2091 492 2185 547 :A
2216 487 2636 558 impetebautur.
2702 487 2902 558 Sicque
2962 486 3168 544 factum
3220 496 3339 554 est,
3398 503 3494 558 per
3538 493 3734 548 astultut

539 578 757 635 Volebat
776 580 916 634 enim
931 581 1149 651 quisque
1163 580 1425 649 priuatam
1449 593 1555 632 rem
1580 578 1871 632 maximam
1897 576 2069 646 facere
2082 593 2102 643 ;

527 672 593 727 de
638 670 852 741 publica
907 686 1025 725 vero
1084 670 1226 725 nihil
1276 670 1564 741 cogitabat.
1604 667 1813 723 Interea
1847 668 1887 722 ii
1918 667 2012 737 qui
2047 668 2101 723 in

529 765 729 823 castris
791 770 1171 821 remanserant
1221 770 1428 822 tantam
1503 760 1719 831 copiam
1784 760 2102 816 victnalium

530 857 840 913 habuerunt
862 864 921 911 ut
946 856 1014 911 de
1038 855 1212 912 bobus
1233 855 1312 911 nil
1330 861 1527 926 praeter
1551 852 1758 909 femora
1774 894 1789 919 ,
1811 859 1866 907 et
1887 866 2103 919 armos,

529 957 585 1003 et
609 948 876 1005 rarissimi
904 958 1091 1019 pectus
1111 946 1292 1003 levare
1313 946 1538 1012 vellem,
1560 945 1631 1001 de
1658 960 1877 1001 annona
1898 959 2031 1001 vero
2052 954 2107 1001 et

529 1040 694 1108 vino,
742 1056 850 1100 non
887 1049 970 1096 est
1016 1039 1311 1100 dicendum
1365 1053 1530 1110 quam
1581 1038 1859 1094 levissime
1892 1038 2106 1110 accipe-a

531 1141 736 1189 rentur.
767 1130 1013 1201 Cumque
1039 1131 1156 1187 haec
1179 1130 1233 1186 in
1257 1129 1455 1187 castris
1485 1126 1744 1202 aguntur,
1774 1130 1959 1186 hostes
1986 1144 2106 1186 sese

531 1221 708 1290 primo
745 1221 816 1276 ita
855 1219 1202 1276 occultabant
1242 1219 1385 1275 infra
1414 1220 1620 1276 moenia
1644 1229 1709 1276 ut
1747 1220 1962 1288 nullus,
2000 1219 2105 1275 nisi

526 1313 744 1385 vigiles,
791 1313 847 1368 in
883 1313 1058 1370 muris
1101 1322 1435 1374 cerneretur.
1487 1312 1627 1369 Dum
1675 1312 1792 1367 haec
1840 1313 1910 1369 ita
1959 1311 2106 1367 didi-

526 1404 729 1463 cissent
744 1447 759 1473 ,
782 1408 927 1476 quod
949 1406 1128 1481 palam
1153 1415 1207 1461 et
1234 1407 1471 1461 inermes
1492 1403 1665 1461 nostri
1689 1403 1847 1460 villas
1873 1412 1925 1458 et
1947 1416 2107 1474 agros

525 1504 845 1565 vastarent,
872 1498 1087 1568 nescio.
1101 1498 1186 1553 vel
1219 1497 1287 1554 de
1330 1495 1618 1552 Antiochia
1647 1495 1834 1550 hostes
1882 1492 2105 1558 emissi,

527 1587 616 1641 vel
678 1587 746 1642 de
796 1588 902 1643 alia
955 1588 1176 1643 civitate
1231 1603 1355 1657 qua:
1407 1602 1503 1658 per
1547 1586 1667 1642 dies
1716 1586 1855 1641 duos
1889 1585 2105 1651 aberat,

526 1678 751 1737 nomine
770 1679 974 1750 Caleph
987 1721 1004 1748 ,
1028 1679 1336 1748 venientes,
1361 1684 1582 1735 nostros
1604 1675 1908 1734 interﬁcere
1930 1690 2110 1747 empe-

527 1779 659 1827 runt
678 1786 821 1841 quos
840 1772 1020 1844 palam
1050 1780 1243 1833 euntes
1259 1779 1313 1826 et
1337 1771 1572 1827 inermes
1592 1769 1950 1840 reperiebant.
1976 1767 2111 1836 Quae

529 1876 620 1919 res
665 1863 1065 1935 aliquantulum
1102 1864 1313 1935 copiam
1360 1863 1416 1918 in
1440 1862 1636 1919 castris
1681 1861 1886 1918 nostris
1927 1861 2111 1917 immi-

534 1963 746 2013 nuerat.
777 1952 861 2015 Illi
905 1969 1038 2011 vero
1073 1955 1285 2023 hostes,
1326 1954 1579 2013 facultate
1605 1956 1769 2012 credis
1797 1964 1852 2011 ct
1875 1956 2107 2027 rapinae,

533 2043 706 2102 inulto
749 2043 933 2100 acrius
976 2043 1095 2100 vias
1148 2043 1489 2100 obsidebant.
1551 2042 1622 2101 Ut
1675 2051 1857 2101 autem
1899 2045 2016 2100 haec
2053 2043 2109 2101 in

530 2141 728 2201 castris
772 2136 1061 2197 manifeste
1091 2145 1372 2214 wmpcrta
1415 2146 1570 2201 sunt,
1621 2137 1827 2192 electus
1864 2144 1949 2193 est
1981 2134 2101 2192 Boi-

532 2232 810 2299 tnundus,
850 2241 911 2287 ut
951 2233 1055 2289 iret
1094 2234 1289 2290 obvius
1332 2234 1460 2293 illis.
1494 2229 1729 2289 Profecti
1768 2239 1898 2289 sunt
1928 2237 2108 2290 autem

532 2332 657 2377 cum
681 2322 777 2383 illo
791 2324 1018 2381 comites
1039 2323 1387 2385 Flandrensis
1407 2333 1463 2380 et
1474 2322 1901 2380 Northmannite.
1925 2322 2112 2396 Neque

530 2430 717 2471 secum
743 2416 1032 2486 plusquam
1065 2425 1287 2473 centum
1321 2415 1718 2488 quinquaginta
1753 2417 1954 2479 milites
1978 2418 2111 2473 edu-

534 2521 659 2563 uere
688 2514 1002 2577 potuerunt,
1033 2516 1089 2569 ct
1116 2509 1219 2566 nisi
1252 2508 1428 2581 pudor
1456 2509 1759 2565 revertendi
1789 2510 2108 2578 obstitisset,

530 2613 632 2668 pro
670 2598 942 2670 paucitate
976 2600 1210 2657 militum
1245 2610 1664 2658 reverterentur.
1696 2598 1883 2673 Itaque
1913 2616 2110 2672 perur-

530 2699 691 2760 gente
741 2690 853 2748 Deo
893 2692 1161 2764 profecti,
1222 2696 1408 2752 hostes
1464 2696 1773 2767 reperiunt,
1818 2704 1875 2751 et
1926 2711 2111 2767 perse-

530 2792 799 2852 quuntur,
830 2795 999 2856 atque
1029 2788 1211 2844 necari
1239 2788 1293 2843 iu
1322 2786 1547 2844 ﬂumine
1583 2797 1805 2859 cogunt.
1835 2787 1927 2845 Sic
1956 2788 2111 2860 potiti

531 2874 792 2943 victoria,
840 2888 896 2933 et
947 2880 1175 2949 Spoliis,
1214 2895 1339 2936 cum
1387 2880 1591 2954 ingenti
1639 2881 2001 2945 exsultatione
2043 2883 2112 2946 ad

534 2976 715 3029 castra
744 2968 991 3031 redeunt.

1146 3060 1374 3119 CAI'UT
1411 3062 1498 3118 Vl.

2205 580 2548 651 bujusmodi,
2598 588 2662 635 ut
2722 593 2898 650 equos
2959 594 3092 636 suos
3157 594 3351 635 omnes
3395 579 3733 652 deperdeient,

2203 672 2462 743 quoniam
2486 669 2650 726 Turci
2684 686 2793 729 non
2823 672 3029 727 lanceis
3050 712 3066 738 ,
3093 672 3178 727 vel
3206 671 3403 743 gladiis
3428 672 3616 728 bellum
3632 691 3736 732 eon-

2205 764 2362 820 ferre.
2391 762 2600 834 parati,
2637 764 2734 820 sed
2768 765 2985 835 sagittis
3024 765 3242 820 eminus
3276 764 3436 835 juxta
3470 768 3736 834 metuendi,

2205 855 2335 912 dum
2368 855 2621 926 fugiunt,
2663 864 2718 911 et
2751 855 2882 910 dum
2946 856 3331 927 insequuntur.
3386 855 3621 927 Cumque
3650 859 3743 929 jam-

2205 947 2262 1004 in
2299 947 2459 1003 tertio
2491 962 2680 1004 mense
2717 948 3027 1004 obsidionis
3051 948 3237 1004 carius
3268 948 3541 1002 alimoniae
3567 964 3739 1006 merca-

2204 1046 2414 1105 rentur,
2447 1037 2656 1092 electus
2683 1047 2767 1093 est
2790 1036 3127 1092 Boimundus
3153 1045 3211 1092 et
3230 1035 3575 1092 Flandrensis
3591 1052 3740 1095 comes

2205 1140 2268 1186 ut
2292 1128 2592 1186 exercitum
2619 1137 2841 1204 propter
2879 1129 3138 1184 victualia
3171 1129 3226 1184 in
3258 1126 3574 1199 Hispaniain
3605 1129 3740 1184 duee-

2204 1229 2356 1288 rent,
2377 1221 2579 1277 comite
2598 1230 2653 1277 et
2675 1221 2936 1290 episcopo
2957 1218 3212 1275 Podiensi
3236 1220 3490 1290 praesidio
3514 1220 3682 1276 relicto
3698 1222 3741 1276 in

2205 1314 2423 1371 castris.
2438 1311 2574 1367 Nam
2590 1311 3000 1367 Northmanuizc
3022 1324 3209 1367 comes
3234 1326 3304 1367 eo
3319 1319 3559 1381 tempore
3572 1311 3741 1378 aberat,

2205 1412 2261 1461 et
2292 1405 2403 1461 dux
2425 1403 2662 1459 maxime
2688 1401 3090 1458 inﬁrmabatur.
3114 1400 3228 1458 Hoc
3246 1411 3433 1458 autem
3454 1416 3575 1457 cum
3594 1402 3745 1458 hostes

2207 1497 2633 1569 comperissent,
2682 1494 2874 1551 solitos
2922 1494 3195 1566 incmpere
3244 1493 3509 1550 assultus.
3559 1493 3748 1565 Cogitur

2208 1596 2390 1644 autem
2420 1601 2606 1643 eomes
2627 1585 2791 1642 solito
2816 1601 2970 1640 more
2991 1586 3074 1642 eis
3103 1585 3407 1650 incurrere,
3445 1593 3600 1655 atque
3625 1600 3747 1639 con:—

2208 1679 2404 1751 positis
2458 1677 2744 1734 ordinibus
2792 1676 3071 1748 peditum,
3132 1677 3248 1747 ipse
3317 1691 3446 1730 cum
3498 1675 3751 1745 aliquantis

2212 1768 2478 1825 militibus
2508 1768 2866 1824 assultatorcs
2898 1774 3216 1838 persecutus
3240 1774 3349 1832 est,
3377 1772 3539 1836 atque
3556 1765 3678 1820 duos
3697 1782 3749 1820 ex

2213 1860 2349 1933 ipsis
2406 1859 2465 1916 in
2508 1858 2778 1915 descensu
2823 1857 3110 1915 mentienti
3156 1857 3303 1927 cepit
3348 1866 3407 1913 et
3476 1855 3682 1922 occidit,
3709 1866 3755 1911 et

2212 1953 2399 2008 hostes
2429 1951 2637 2024 ingredi
2671 1965 2865 2006 omnes
2896 1965 2995 2021 per
3032 1958 3254 2021 pontem
3299 1948 3499 2019 coegit.
3545 1947 3684 2016 Quod
3708 1958 3756 2003 ut

2211 2046 2422 2117 pedites
2441 2044 2615 2101 nostri
2644 2042 2902 2100 viderunt
2918 2084 2934 2109 ,
2964 2041 3216 2098 remissis
3244 2041 3571 2097 stationibus
3593 2041 3693 2095 suis
3711 2050 3758 2095 et

2212 2137 2418 2193 relictis
2443 2135 2644 2208 signis,
2677 2150 2853 2206 usque
2884 2132 2954 2189 ad
2991 2141 3215 2203 pontem
3241 2132 3463 2187 illorum
3491 2129 3755 2200 perniistim

2212 2239 2567 2294 concurrunt.
2625 2228 2875 2297 Cumque
2909 2225 3026 2297 jam
3068 2224 3144 2280 ibi
3189 2224 3352 2295 quasi
3409 2221 3586 2279 securi
3624 2219 3757 2286 facti,

2213 2327 2422 2398 lapides
2441 2333 2498 2382 et
2527 2320 2633 2381 tela
2662 2319 2719 2378 in
2749 2333 2846 2379 eos
2867 2317 2962 2394 qui
2984 2324 3204 2393 pontem
3238 2314 3400 2377 defen
3415 2315 3601 2375 labant
3619 2317 3768 2387 conjil

2214 2426 2434 2485 ecrent,
2467 2416 2656 2483 Turci,
2708 2414 2855 2470 facto
2903 2414 3155 2485 agmine,
3205 2426 3302 2483 per
3344 2419 3565 2482 pontem
3603 2419 3654 2467 et
3684 2424 3760 2480 per

2213 2512 2412 2568 vadum
2444 2510 2591 2581 quod
2623 2508 2853 2564 inferius
2894 2515 3042 2574 erat,
3088 2513 3282 2561 contra
3316 2512 3535 2559 nostros
3574 2507 3767 2557 currere

2213 2609 2514 2673 coeperunt.
2545 2599 2753 2656 Interea
2785 2598 2986 2654 milites
3027 2596 3203 2652 nostri
3234 2610 3440 2667 equum
3465 2593 3759 2664 quemdam,

2214 2695 2358 2751 unde
2401 2694 2688 2763 dominum
2742 2707 2907 2749 suum
2946 2689 3290 2761 dejeeerant,
3339 2701 3532 2742 versus
3572 2694 3760 2755 pontem

2214 2796 2463 2844 nostrum
2485 2785 2933 2856 insequebantur.
2952 2782 3087 2851 Qua:
3109 2781 3345 2853 populus
3373 2788 3563 2835 noster
3579 2776 3762 2841 videns,

2214 2879 2397 2952 fugam
2426 2878 2660 2940 militum
2689 2876 2983 2933 arbitratus
3002 2874 3072 2929 ad
3097 2872 3353 2931 incursus
3378 2870 3641 2937 hostium,
3670 2868 3764 2924 sine

2214 2987 2370 3028 mora
2398 2970 2648 3025 hostibus
2669 2977 2816 3040 terga
2835 2966 3094 3037 praebuit;
3117 2964 3282 3021 Turci
3304 2979 3436 3021 vero
3457 2964 3765 3018 incessanter

2213 3063 2484 3137 fugientes
2525 3060 2879 3122 interficiunt.
2931 3058 3181 3129 Cumque
3223 3058 3425 3113 milites
3456 3055 3764 3118 Francorum

604 3150 815 3208 Interea
836 3151 1205 3211 Cannensium
1225 3170 1391 3211 naves
1410 3156 1582 3212 littori
1599 3198 1615 3225 ,
1636 3157 1783 3228 quod
1807 3171 1907 3229 per
1925 3159 2110 3216 decem
2139 3174 2181 3231 ο
2214 3157 2472 3214 resistere
2503 3164 2561 3210 et
2590 3168 2831 3225 pugnare
2859 3166 2959 3224 pro
2997 3150 3117 3208 suis
3139 3150 3364 3218 vellent,
3388 3165 3420 3204 a
3448 3147 3767 3204 multitudine

531 3240 787 3298 milliaria
835 3244 1024 3299 aberat
1067 3260 1099 3300 a
1143 3246 1374 3314 castris,
1425 3246 1822 3318 applicuerunt.
1871 3245 2113 3304 Vocatur

532 3344 717 3392 autem
760 3335 914 3395 locus
953 3334 1042 3391 ille
1079 3345 1271 3408 portus
1307 3338 1492 3397 Sancti
1539 3337 1832 3403 Simeonis.
1884 3339 2113 3412 Jamque

531 3426 793 3498 paulatim
845 3428 1029 3486 hostes
1057 3430 1125 3486 de
1166 3431 1387 3488 civitate
1415 3432 1788 3503 egredientes,
1814 3434 2113 3506 armigeros

528 3517 618 3573 vel
665 3519 931 3584 rusticos,
977 3521 1073 3591 qui
1117 3537 1290 3592 equos
1325 3523 1410 3578 vel
1452 3523 1622 3579 boves
1649 3525 1945 3594 pascebant
1973 3525 2114 3580 ultra

531 3609 755 3670 ﬂuvium
780 3652 794 3676 ,
827 3612 1187 3681 interﬁciunt,
1210 3622 1374 3684 atque
1402 3613 1640 3685 prmdam
1663 3614 1807 3672 infra
1837 3615 2112 3672 civitatem

530 3704 826 3763 deducunt.
858 3704 1224 3767 Posueramus
1246 3706 1391 3762 enim
1419 3707 1652 3767 tentoria
1678 3708 1835 3779 juxta
1863 3708 2113 3777 ﬂuvium,

531 3804 588 3850 et
658 3803 881 3865 pontem
933 3796 1002 3852 de
1066 3796 1299 3855 navibus
1364 3797 1441 3853 ibi
1496 3797 1724 3868 repertis
1786 3797 2112 3855 feceramus.

531 3886 779 3948 Habebat
798 3897 980 3945 autem
1020 3899 1074 3946 et
1103 3890 1296 3947 civitas
1334 3900 1557 3961 pontem
1594 3890 1753 3961 quasi
1789 3890 1845 3946 in
1869 3890 2116 3947 inferiori

533 3980 736 4051 angulo
766 3981 1117 4049 occidentali,
1140 3991 1195 4038 et
1216 3982 1576 4042 manticulum
1606 3983 1900 4054 quemdam
1925 3984 2118 4040 adver-

536 4086 664 4127 sum
713 4086 842 4138 nos,
895 4072 987 4127 ubi
1036 4074 1158 4130 duae
1182 4082 1341 4129 erant
1390 4073 1744 4145 bafumarize,
1780 4084 1834 4131 et
1866 4075 2115 4146 quaedam

535 4160 919 4229 sepulcrorum
966 4162 1193 4223 casalia.
1218 4161 1345 4218 Haec
1386 4172 1567 4219 autem
1589 4163 1713 4228 ideo
1747 4164 2022 4231 diximus,
2059 4173 2120 4219 ut

533 4248 694 4305 facile
738 4248 1026 4306 manifesta
1082 4252 1194 4307 sint
1242 4268 1366 4323 qua:
1411 4252 1486 4308 ibi
1527 4252 1672 4309 facta
1722 4255 2113 4314 narrabuntur.

537 4339 695 4399 Sicut
721 4340 989 4409 diximus,
1029 4358 1155 4399 eum
1183 4344 1445 4414 paulatim
1491 4345 1731 4401 hostium
1768 4346 1993 4405 audacia
2017 4345 2119 4401 ali-

538 4442 814 4504 quatenus
842 4435 1129 4503 crevisset,
1157 4436 1331 4493 nostri
1355 4436 1614 4495 audacter
1640 4438 1707 4493 de
1740 4439 1936 4495 castris
1956 4453 2115 4510 egre-

2214 3249 2455 3320 peditum
2499 3246 2828 3319 fugientium
2871 3243 3228 3315 apprehensi,
3268 3257 3368 3322 per
3420 3257 3576 3296 arma
3617 3248 3668 3294 et
3690 3254 3768 3310 per

2209 3341 2373 3413 iubas
2389 3381 2407 3408 ,
2432 3348 2487 3396 et
2507 3339 2711 3398 caudas
2742 3353 3009 3409 equorum
3027 3377 3043 3404 ,
3069 3335 3154 3392 vel
3174 3335 3244 3392 ab
3279 3334 3438 3405 equis
3463 3332 3767 3403 deﬁcieban-

2215 3445 2331 3501 tur,
2372 3433 2457 3489 vel
2503 3447 2604 3503 pro
2661 3430 3040 3490 misericordia
3095 3438 3152 3489 et
3214 3428 3392 3485 salute
3438 3442 3693 3489 suorum,
3725 3424 3768 3477 in

2215 3526 2402 3597 fugam
2442 3524 2776 3582 ferebantur.
2822 3522 3019 3588 Hostes
3073 3536 3239 3589 vero,
3290 3520 3411 3575 sine
3437 3535 3620 3585 mora,
3670 3518 3769 3572 sine

2215 3617 2592 3690 misericordia
2620 3616 2822 3673 aedem
2843 3614 3098 3687 persequi
3125 3622 3181 3670 et
3199 3611 3436 3683 spoliare
3455 3618 3769 3666 mortuorum

2216 3717 2501 3781 cmperunt
2541 3708 2829 3767 cadavera.
2873 3705 3091 3772 Nostris
3125 3714 3310 3760 autem
3351 3719 3464 3758 non
3511 3702 3643 3757 satis
3674 3707 3771 3753 erat

2217 3801 2526 3875 relinquere
2550 3814 2703 3859 arma
2719 3841 2734 3865 ,
2749 3798 2990 3869 arripere
3013 3795 3197 3867 fugam
3214 3837 3229 3861 ,
3252 3803 3605 3850 contemnere
3626 3789 3770 3861 pudt»

2217 3908 2333 3963 rem
2353 3933 2369 3960 ,
2395 3891 2490 3948 sed
2510 3891 2566 3945 in
2596 3888 2822 3943 ﬂuvium
2846 3885 3334 3955 immergebantur,
3359 3881 3635 3939 obruituri
3654 3878 3768 3949 lapi-

2220 3986 2382 4045 dibus
2403 3983 2491 4043 vel
2511 3981 2724 4053 sagittis
2749 3979 2986 4036 bostium
3001 4019 3017 4047 ,
3041 3978 3128 4037 vel
3146 3977 3250 4033 sub
3277 3991 3443 4032 amne
3465 3970 3769 4030 rctnansuri.

2221 4081 2279 4137 Si
2304 4095 2468 4152 quem
2506 4078 2700 4149 peritia
2719 4085 2772 4132 et
2792 4076 2877 4133 vis
2901 4074 3128 4131 natandi
3153 4075 3298 4130 ultra
3324 4072 3558 4129 ﬂuvium
3580 4071 3743 4128 evexit
3758 4110 3771 4131 ,

2217 4172 2308 4228 hic
2330 4170 2397 4229 ad
2414 4170 2692 4228 sociorum
2710 4176 2890 4225 castra
2905 4166 3170 4238 pervenit.
3190 4164 3391 4221 Tenuit
3409 4173 3595 4220 autem
3614 4171 3773 4218 nostra

2217 4263 2347 4336 fuga
2368 4278 2400 4318 a
2420 4269 2586 4334 ponte
2607 4261 2824 4317 illorum
2850 4274 3027 4329 usque
3046 4258 3116 4314 ad
3143 4265 3395 4313 nostrum
3422 4265 3664 4327 pontem.
3690 4252 3774 4307 Ce-

2217 4356 2472 4412 ciderunt
2516 4352 2592 4408 ibi
2653 4366 2830 4424 usque
2883 4350 2954 4416 ad
3006 4349 3321 4422 quindecim
3353 4347 3561 4403 milites
3592 4342 3773 4402 nostri.

2217 4447 2430 4521 pedites
2484 4458 2616 4501 vero
2661 4442 2880 4499 circiter
2937 4441 3151 4514 viginti.
3215 4438 3549 4510 interfectus
3599 4446 3680 4492 est
3717 4434 3774 4489 ili

534 4525 781 4593 diem“,
811 4526 939 4589 Ῑίθθῑ
965 4527 1216 4585 hostium“
1253 4527 1561 4600 frequente"
1589 4529 1902 4600 βαυοίοΐθε,
1933 4539 2116 4588 “mea
2149 4544 2194 4600 D
2217 4537 2485 4604 vexillifer
2522 4534 2793 4607 episcopi,
2839 4542 2895 4590 et
2948 4540 3172 4604 captum
3211 4541 3299 4588 est
3349 4530 3613 4586 vexillum
3654 4529 3771 4599 ejus.

533 4617 643 4674 illis
678 4617 961 4677 incurrere
1013 4634 1122 4679 non
1169 4620 1503 4679 metuebant.
1545 4619 1738 4677 Turcze
1762 4630 1960 4681 autem
1991 4623 2120 4681 licet

537 4710 849 4782 .‘requenter
911 4710 1019 4768 lusi
1078 4721 1136 4768 et
1180 4711 1351 4783 fugati
1403 4713 1458 4768 in
1509 4714 1709 4770 bellum
1762 4716 1907 4780 illico
1937 4732 2119 4775 resurs-

523 4803 759 4875 gebant,
794 4813 909 4865 tum
948 4804 1078 4876 quia
1119 4803 1497 4863 velocissimos
1525 4821 1697 4877 equos
1736 4806 2035 4874 habebant,
2065 4812 2123 4862 et

531 4894 801 4963 expediti,
843 4909 944 4950 nec
969 4910 1163 4966 graves
1187 4895 1310 4958 aliis
1338 4895 1507 4955 armis
1537 4911 1701 4966 quam
1731 4895 1973 4967 sagittis,
2002 4904 2121 4960 tum

530 4982 663 5052 quia
712 4985 767 5038 iu
819 4994 1278 5066 pontem,quem
1321 4985 1592 5053 diximus,
1638 5000 1765 5054 spes
1814 4985 2116 5058 refugiendi

541 5077 763 5132 illorum
799 5087 952 5147 erat,
983 5086 1039 5134 et
1065 5079 1133 5135 de
1167 5078 1466 5141 monticulo
1488 5077 1797 5134 facultatem
1828 5080 2117 5149 sagittandi

534 5167 753 5229 eminus
798 5170 1219 5241 prospiciebant.
1266 5170 1469 5228 Aberat
1498 5170 1645 5229 enim
1682 5186 1824 5241 pons
1845 5170 2061 5226 illorum
2084 5187 2116 5227 a

532 5266 726 5314 nostro
750 5269 941 5328 ponte,
965 5262 1124 5331 quasi
1142 5278 1239 5333 per
1261 5279 1431 5319 unum
1455 5263 1790 5318 milliarium.
1816 5262 1873 5319 In
1896 5264 2116 5333 planitie

534 5355 721 5402 autem
742 5388 758 5413 ,
787 5364 910 5419 quae
946 5350 1087 5406 inter
1126 5360 1389 5424 utrosque
1428 5361 1621 5423 pontes
1657 5352 1869 5427 fuerat,
1899 5353 2116 5420 assidue

534 5439 779 5500 assultus
797 5483 811 5507 ,
835 5441 1082 5517 quotidie
1103 5456 1284 5514 pugna
1306 5426 1444 5501 erat.

1136 5535 1365 5592 CAPUT
1404 5536 1514 5593 VII.

603 5621 850 5692 Contigit
890 5636 1020 5677 vero
1059 5624 1115 5680 in
1154 5626 1424 5698 principio
1445 5629 1749 5684 obsidionis
1773 5637 1833 5683 ut
1853 5644 2037 5684 comes
2067 5636 2121 5682 et

534 5710 828 5782 episcopus
852 5711 1135 5769 Podicnsis
1167 5715 1324 5784 juxta
1353 5716 1580 5775 ﬂuvium
1621 5727 1802 5776 castra
1832 5728 2116 5792 ponerent,

534 5810 589 5865 et
632 5800 756 5864 ideo
813 5802 1066 5864 hostibus
1105 5805 1394 5865 viciniorcs
1449 5808 1889 5880 frequentissime
1923 5811 1991 5865 ab
2038 5811 2118 5866 eis

2218 4630 2428 4689 lnteriit
2465 4630 2539 4685 ibi
2565 4629 2789 4701 quidam
2832 4625 3210 4687 nobilissimus
3239 4622 3461 4694 juvenis
3488 4619 3778 4677 Barnardus

2221 4722 2563 4779 Raimundus
2576 4762 2592 4789 ,
2613 4720 2790 4793 patria
2806 4716 3144 4779 Bitterensis.
3169 4713 3289 4770 Non
3307 4724 3612 4771 causentur
3632 4728 3780 4782 neque

2219 4813 2529 4875 irascantur
2544 4812 2600 4867 in
2627 4826 2729 4867 nos
2750 4850 2765 4877 ,
2789 4808 2934 4865 servi
2963 4807 3098 4875 Dei,
3123 4806 3171 4863 si
3195 4814 3309 4861 tam
3327 4813 3517 4876 aperte
3533 4805 3778 4876 pudorem

2219 4903 2392 4960 nostri
2442 4901 2716 4959 exercitus
2735 4941 2749 4966 ,
2797 4898 3076 4954 memoria:
3127 4896 3489 4963 mandamus,
3539 4894 3778 4965 quoniam

2220 4995 2392 5062 Deus,
2443 4993 2540 5064 qui
2593 4993 2698 5047 hoc
2743 4991 2910 5047 modo
2963 4987 3394 5060 ﬁagitiosorum,
3440 4983 3694 5042 adulterii
3737 4992 3781 5037 et

2223 5088 2426 5159 rapina:
2445 5130 2460 5155 ,
2510 5095 2722 5142 mentes
2773 5084 2840 5141 ad
2892 5081 3269 5155 pmnitentiam
3319 5080 3543 5137 concuti
3600 5077 3748 5134 voluit

2220 5178 2518 5234 exercitum
2547 5184 2797 5233 nostrum
2817 5175 2874 5231 in
2901 5173 3181 5246 Hispaniis
3198 5174 3389 5230 eodem
3414 5181 3660 5242 tempore
3677 5170 3773 5225 laeti

2224 5270 2421 5326 licavit.
2462 5269 2672 5324 Rumor
2711 5268 2859 5324 enim
2900 5267 2969 5322 de
3015 5265 3213 5322 castris
3250 5263 3456 5319 nostris
3482 5263 3777 5334 egrediens,

2223 5373 2483 5431 prospera
2501 5357 2682 5413 omnia
2705 5398 2720 5423 ,
2744 5365 2907 5426 atque
2918 5354 3176 5411 comitem
3198 5352 3541 5407 nobilissima
3572 5350 3777 5423 potitum

2219 5449 2449 5513 victoria
2496 5446 2801 5509 Boimundo
2839 5454 2895 5501 et
2941 5445 3108 5503 sociis
3156 5444 3280 5515 ejus
3318 5442 3625 5499 nuntiavit.
3676 5439 3778 5494 llam

2219 5549 2402 5604 autem
2440 5537 2587 5602 fama
2620 5552 2733 5592 non
2771 5536 3116 5603 mediocriter
3144 5536 3358 5599 animos
3384 5550 3586 5591 eorum
3615 5531 3774 5591 erexit

2220 5629 2433 5686 Etenim
2470 5629 2817 5695 lioimundus
2868 5643 2998 5689 cum
3036 5628 3233 5683 villam
3279 5627 3587 5698 quamdam
3630 5639 3777 5695 expu-

2221 5731 2437 5793 gnaret,
2473 5722 2655 5777 subito
2695 5721 2883 5793 fugere
2920 5729 2977 5776 et
3004 5720 3244 5775 clamare
3265 5719 3541 5789 quosdam
3575 5717 3777 5775 rusticos

2221 5812 2288 5867 de
2322 5812 2439 5867 suis
2488 5811 2713 5867 audivit.
2761 5810 3009 5882 Cumque
3047 5810 3265 5867 obviam
3309 5810 3419 5865 illis
3456 5811 3660 5867 milites
3690 5809 3750 5863 mi
