3846 6306
95 385 168 442 6m
1045 357 1236 416 RAIM.
1275 357 1364 412 DE
1403 356 1662 414 AGILES
1700 355 1881 412 lllST.
1921 354 2285 412 HlEROSOL.

3186 359 3293 416 603

95 499 244 555 sisset,
287 487 572 542 Tur-earnm
625 491 685 538 et
724 479 954 535 Arabum
1000 473 1300 528 exercitum
1350 472 1603 528 cominus
1634 477 1674 530 Α
1706 469 2082 525 discessurum
2133 486 2192 526 se
2240 469 2438 535 aiebat,
2467 486 2534 524 eo
2580 471 2726 540 quod
2763 481 2982 542 propter
3025 474 3290 532 honorem

91 588 404 656 inspexerunt.
459 575 594 630 Erat
653 580 832 628 autem
890 570 1029 624 inter
1084 581 1179 622 eos
1235 564 1330 635 qui
1375 562 1605 634 profecti

90 682 286 739 fuerant,
312 671 372 725 ad
394 666 834 740 prospiciendum
855 661 992 732 fuga:
1011 669 1063 714 et
1086 657 1346 714 clamoris
1369 673 1569 712 causas
1586 698 1601 723 ,

86 759 397 823 Flandriensis
423 772 609 813 comes
639 763 698 811 et
720 769 839 809 cum
872 767 936 807 eo
960 749 1182 821 quidam
1205 747 1601 812 Provinciales;

84 870 275 928 namque
316 865 498 908 omnes
561 848 634 903 de
692 844 1030 916 Burguudia,
1097 850 1152 897 et
1213 839 1498 906 Alvernia,
1553 848 1606 894 et

86 947 321 1012 Vasconia,
335 953 386 1000 et
399 942 559 999 Gothi
577 939 944 996 Provinciales
965 935 1404 1008 appellabantur,
1424 935 1614 991 cancri.

80 1057 180 1098 vero
207 1037 565 1110 Francigenzc,
603 1042 662 1089 et
707 1031 890 1088 hocin
925 1029 1169 1086 exercitu
1195 1046 1209 1082 :
1232 1027 1379 1083 inter
1419 1028 1606 1084 hostes

76 1146 219 1191 autem
251 1129 438 1186 Franci
480 1127 826 1184 dicebantur.
873 1123 972 1180 Hic
1015 1132 1200 1179 autem
1252 1119 1606 1177 Flandrensis

77 1239 246 1288 comes,
281 1229 338 1276 ut
364 1218 634 1286 diximus,
672 1217 936 1288 pudorem
976 1215 1313 1280 arbitratus,
1347 1211 1502 1283 prius
1539 1209 1607 1267 de

74 1315 278 1373 hostibus
309 1311 506 1368 referre
551 1325 719 1381 quam
750 1309 834 1365 eis
873 1307 1190 1373 incurrere,
1233 1303 1608 1361 irrevocabilis

75 1410 114 1462 in
125 1407 159 1460 Τ
161 1419 394 1462 urcorum
405 1418 612 1460 cuneos
624 1401 755 1458 ruit.
769 1399 1100 1456 Turezevero
1115 1399 1322 1455 insoliti
1334 1411 1492 1469 agere
1506 1396 1610 1452 Lel-

71 1503 156 1556 lum
171 1497 364 1572 gladiis,
385 1495 567 1567 fugam
579 1511 682 1567 pro
706 1492 916 1564 refugio
937 1493 1306 1564 arripuerunt.
1326 1489 1434 1545 Nec
1456 1489 1610 1560 prius

69 1609 214 1649 comes
239 1591 468 1662 gladium
497 1588 806 1646 recondidit
828 1604 993 1659 quam
1017 1595 1237 1642 centum
1266 1584 1334 1640 de
1358 1583 1610 1640 hostibus

67 1703 88 1740 a
109 1686 194 1739 vita
220 1681 488 1739 subduxit.
516 1679 770 1752 Cumque
794 1680 909 1751 jam
948 1679 1124 1734 victor
1149 1677 1217 1732 ad
1242 1673 1609 1731 Boimundum

68 1785 394 1842 reverteretur,
439 1774 732 1830 duodecim
784 1773 954 1829 millia
991 1771 1332 1835 Turcorum,
1379 1777 1505 1838 post
1551 1781 1611 1821 se

67 1867 210 1923 venire
233 1867 541 1937 conspexit,
575 1875 740 1936 atque
761 1879 792 1918 a
819 1863 956 1920 colle
989 1861 1083 1931 qui
1115 1860 1400 1931 proximus
1433 1865 1551 1912 erat
1577 1873 1608 1911 a

66 1961 289 2027 sinistris,
353 1959 817 2015 innumerabilem
892 1957 1136 2028 peditum
1200 1953 1608 2011 multitudinem

66 2066 243 2124 surgere
292 2050 447 2105 vidit.
508 2049 670 2106 Tunc
725 2046 1135 2104 communicato
1197 2043 1432 2101 consilio
1481 2058 1608 2098 cum

68 2145 248 2215 reliquis
299 2144 365 2199 de
385 2141 670 2209 exercitu,
717 2156 914 2196 rursus
968 2137 1267 2209 assumptis
1326 2135 1607 2208 pluribus,

63 2237 244 2291 viriliter
303 2236 492 2291 hostes
565 2250 860 2306 aggressus
905 2242 1009 2288 est.
1071 2230 1414 2286 Boimundns
1480 2245 1610 2284 vero

61 2330 231 2384 eminus
262 2328 602 2400 sequebatur
629 2343 756 2383 cum
792 2326 1047 2396 reliquis,
1077 2334 1131 2381 et
1175 2324 1393 2396 agmina
1424 2331 1608 2392 postc-

63 2422 173 2476 riora
206 2421 560 2476 custodiebat.
599 2419 815 2476 Etenim
865 2419 918 2474 id
945 2418 1116 2473 moris
1152 2415 1428 2488 pugnandi
1465 2413 1609 2486 apud

61 2514 224 2570 furcas
244 2525 352 2580 est,
384 2523 466 2581 ut,
497 2514 630 2569 licet
651 2514 938 2584 pauciores
961 2512 1096 2571 sint,
1120 2525 1337 2579 semper
1367 2508 1612 2562 nitantur

61 2606 234 2675 cingere
255 2620 410 2666 suos:
452 2605 608 2676 quod
637 2605 804 2660 etiam
838 2604 892 2658 in
924 2603 1029 2658 hoc
1056 2602 1196 2658 bello
1219 2600 1400 2655 facere
1425 2598 1608 2654 conati

60 2709 178 2763 sunt,
221 2699 308 2753 sed
366 2697 665 2767 prudentia
724 2694 1051 2761 Boimundi,
1108 2679 1348 2748 hostium
1399 2691 1612 2745 insidia:

61 2795 294 2854 praeventa:
336 2797 488 2842 sunt.
529 2785 731 2841 Turete
758 2800 890 2840 vero
939 2793 994 2840 et
1018 2783 1227 2838 Arabes
1248 2825 1262 2849 ,
1292 2780 1385 2852 qui
1418 2788 1608 2836 contza

59 2878 395 2935 Flaudreusem
439 2879 712 2938 comitem
763 2878 1080 2943 veniebant,
1131 2885 1190 2932 ut
1239 2875 1422 2930 videre
1464 2873 1612 2944 quod

61 2984 140 3024 non
166 2971 268 3041 jam
292 2971 513 3043 sagittis
561 2972 818 3038 eminus,
866 2970 962 3026 sed
1004 2968 1259 3025 cominus
1299 2966 1492 3038 gladiis
1525 2982 1614 3022 res

59 3063 243 3132 gerenda
272 3061 442 3130 foret,
477 3062 539 3118 in
582 3062 771 3132 fugam
813 3060 954 3116 versi
981 3067 1131 3114 sunt.
1171 3058 1504 3113 Prosecutus
1530 3063 1614 3111 est

1706 561 1940 629 venerit,
1964 570 2020 617 et
2048 561 2300 618 homines
2328 571 2381 616 et
2424 577 2598 632 cipias
2653 579 2784 618 suos
2816 563 3062 634 deperire
3083 569 3288 639 conspi-

1705 665 1872 722 ceret,
1906 671 2006 710 nec
2035 670 2158 710 esse
2205 669 2264 710 se
2299 654 2520 709 divitem
2567 655 2799 722 dicebat,
2823 658 2910 711 cui
2940 659 3005 714 ad
3030 667 3139 714 tam
3167 662 3284 716 lon-

1707 764 1830 821 gam
1851 748 2191 804 obsidionem
2221 748 2298 802 rei
2326 747 2609 804 familiaris
2643 764 2775 820 opes
2800 750 3128 807 sufficerent.
3161 752 3285 820 Qui!

1709 851 1900 914 postea
1929 842 2304 912 comperimus
2323 857 2448 896 eum
2483 842 2554 896 ob
2584 843 2687 897 hoc
2716 842 2950 911 dixisse,
2983 845 3128 914 quod
3170 861 3285 899 am-

1711 936 1917 991 bitione
1945 935 2197 1006 princeps
2222 936 2427 992 civitati
2460 932 2760 990 Antiochia:
2784 935 3046 991 inhiabat.
3081 935 3287 992 Interea

1713 1038 2060 1086 terrzemotus
2099 1029 2274 1086 factus
2304 1039 2388 1086 est
2434 1046 2664 1100 magnus
2687 1031 2740 1085 in
2782 1029 2900 1085 Kal.
2941 1028 3207 1097 Januarii,
3239 1038 3293 1085 et

1713 1122 1934 1194 signum
1965 1122 2020 1176 in
2047 1123 2188 1177 malo
2214 1123 2350 1178 satis
2400 1121 2648 1178 mirabile
2675 1122 2932 1178 vidimus.
2965 1121 3211 1192 Namque
3237 1121 3293 1176 in

1713 1212 1891 1284 prima
1920 1212 2105 1283 vigilia
2137 1213 2333 1279 noctis,
2363 1213 2436 1268 ita
2483 1214 2681 1269 emlum
2721 1213 3084 1269 rubicundum
3117 1229 3146 1268 a
3171 1228 3294 1283 sep—

1712 1305 1984 1362 tentrione
2014 1304 2118 1360 fuit
2139 1313 2199 1360 ut
2231 1305 2389 1376 quasi
2433 1305 2654 1362 suborta
2681 1321 2877 1362 aurora
2904 1305 3047 1360 diem
3081 1304 3294 1361 deferre

1708 1399 2007 1455 videretur.
2050 1396 2114 1453 Et
2142 1397 2268 1454 licet
2302 1398 2407 1454 hoc
2436 1400 2597 1454 modo
2635 1401 2935 1456 exercitum
2965 1417 3126 1456 suum
3150 1398 3294 1456 Deus

1711 1491 2025 1562 ﬂagellarct,
2054 1500 2115 1546 ut
2145 1490 2340 1546 lumini
2371 1492 2520 1563 quod
2555 1493 2608 1546 in
2638 1493 2878 1549 tenebris
2899 1494 3177 1549 oriebatur
3205 1493 3293 1549 in—

1711 1588 2082 1652 tenderemus,
2116 1595 2296 1641 tamen
2319 1587 2683 1657 quorumdam
2715 1597 2926 1643 mentes
2956 1589 3028 1643 ita
3059 1604 3218 1644 exeat
3243 1598 3298 1644 et

1711 1681 2020 1752 prtecipites
2059 1689 2237 1748 erant,
2267 1690 2327 1735 ut
2377 1697 2554 1752 neque
2577 1697 2606 1736 a
2635 1682 2852 1737 luxuria
2880 1683 2962 1736 vel
2993 1683 3182 1753 rapina
3211 1699 3298 1738 rc-

1712 1783 2061 1830 vocareutur.
2114 1773 2436 1830 Prwdicavit
2470 1789 2536 1829 eo
2578 1782 2823 1845 tempore
2865 1775 3156 1846 episcopus
3201 1776 3300 1831 tri-

1643 1841 1686 1897 Β
1711 1866 1954 1923 duanum
1997 1867 2291 1938 jejunium,
2315 1877 2368 1922 et
2398 1882 2524 1922 cum
2573 1867 2946 1938 processionc,
2977 1868 3255 1922 orationes
3281 1910 3296 1934 ,

1711 1968 1764 2015 et
1793 1959 2172 2031 eleemosynas
2195 1959 2260 2014 ad
2293 1959 2588 2030 populum;
2618 1959 2685 2015 ad
2713 1959 3060 2030 presbyteros
3117 1967 3300 2013 autem

1712 2053 1991 2107 mandavit
2021 2060 2080 2107 nt
2113 2061 2374 2107 vacarent
2398 2052 2584 2108 missis
2612 2060 2667 2108 et
2695 2052 3058 2119 orationibus,
3092 2061 3146 2107 et
3187 2053 3300 2107 cle-

1713 2146 1833 2212 rici,
1860 2146 2108 2216 psalmis.
2146 2144 2487 2202 Recordatus
2519 2146 2704 2217 itaque
2729 2146 2854 2217 pius
2879 2145 3148 2201 Dominus
3195 2146 3302 2200 mi-

1711 2238 2024 2295 sericordia:
2051 2255 2184 2308 suae,
2217 2238 2456 2294 filiorum
2484 2238 2784 2294 vindictam
2835 2237 3069 2305 distulit,
3107 2253 3176 2293 ne
3207 2237 3304 2293 ad-

1710 2331 2084 2387 versariorum
2138 2330 2395 2401 superbia
2441 2339 2732 2386 cresceret.
2767 2328 2898 2384 Erat
2941 2337 3203 2400 praeterea
3247 2330 3303 2384 in

1712 2433 1903 2481 nostro
1923 2425 2167 2480 exercitu
2195 2423 2416 2495 quidam
2441 2422 2508 2479 de
2533 2422 2739 2478 familia
2755 2421 3120 2493 imperatoris,
3139 2437 3304 2492 quem

1713 2531 1813 2588 pro
1835 2530 1895 2570 se
1921 2514 2146 2570 Mevius
2177 2515 2335 2570 nobis
2369 2511 2686 2580 tradiderat,
2721 2512 2876 2568 Tatic
2897 2513 3139 2579 nomine,
3164 2512 3308 2566 nari-

1715 2609 1817 2665 bus
1851 2618 2080 2664 truncus
2106 2651 2121 2676 ,
2154 2617 2207 2663 et
2234 2606 2384 2662 omni
2414 2607 2636 2662 virtute.
2672 2603 2848 2676 Hujus
2872 2621 2973 2676 ego
2995 2620 3132 2675 pene
3161 2603 3303 2659 obli-

1715 2712 1804 2759 tus
1828 2701 2074 2767 fueram,
2098 2701 2227 2772 quia
2249 2701 2514 2757 oblivioni
2549 2710 2825 2772 perpetua:
2854 2698 3154 2755 tradendus
3181 2698 3303 2752 fue-

1715 2808 1818 2854 rat.
1850 2795 1949 2852 llic
1975 2806 2157 2851 autem
2187 2795 2433 2867 quotidie
2464 2795 2691 2850 auribus
2716 2795 3023 2865 principum
3070 2793 3303 2848 instilla-

1711 2891 1826 2956 bat,
1853 2898 1913 2944 ut
1939 2888 2282 2944 discederent
2321 2887 2389 2943 ad
2439 2896 2620 2944 castra
2668 2887 2920 2953 finitima,
2970 2894 3133 2956 atque
3180 2885 3306 2940 inde

1716 2981 1988 3054 frequenti
2035 2979 2414 3047 assultatione,
2461 2989 2516 3036 et
2545 2978 2760 3036 insidiis
2791 2977 3139 3033 Antiochiam
3174 2991 3297 3047 pro-

1715 3076 2015 3148 pulsarent.
2053 3072 2180 3130 llaec
2236 3082 2419 3129 autem
2467 3073 2652 3128 omnia
2688 3080 2749 3127 ut
2779 3071 2967 3128 comiti
3018 3069 3307 3126 manifeste

59 3167 130 3252 ⁸9⁵
151 3170 314 3252 Ῡοωθδ
348 3172 446 3226 ρετ
470 3155 590 3211 δυο
633 3153 920 3252 “Pinaria:
949 3163 1115 3223 οιίιιιο
1138 3162 1198 3252 υξ
1228 3151 1281 3206 in
1305 3166 1468 3222 “3'05
1495 3166 1612 3204 “‘3”
1639 3197 1680 3252 ε
1716 3177 1992 3240 comperta
2025 3175 2185 3233 sunt;
2237 3182 2380 3237 mger
2427 3165 2572 3220 enim
2626 3162 2823 3230 fuerat,
2860 3179 2928 3219 ex
2952 3162 3041 3218 die
3067 3178 3177 3233 quo
3213 3160 3302 3214 fu-

60 3246 230 3317 nipulos
258 3249 490 3316 messis,
527 3249 614 3304 sic
655 3247 708 3302 in
750 3249 854 3302 hoc
891 3261 1024 3318 agro
1055 3245 1300 3316 spatioso
1339 3258 1608 3300 caesorum

58 3355 239 3410 corpora
265 3343 528 3412 resupina
555 3341 745 3411 jacere
775 3341 1006 3396 videres.
1033 3337 1287 3393 llostium
1317 3352 1446 3390 vero
1473 3335 1610 3390 insi-

58 3430 132 3485 di:e
157 3448 279 3500 quas
300 3430 656 3488 Boimundus
677 3429 1050 3495 sustinuerat,
1079 3428 1245 3484 simili
1277 3426 1442 3481 modo
1479 3426 1612 3482 fusa:

60 3521 314 3593 fugataeque
342 3533 496 3579 sunt.
531 3521 965 3578 lnnumerabilis
990 3535 1118 3575 vero
1150 3519 1307 3573 turba
1330 3517 1571 3588 peditum
1595 3559 1610 3584 ,

58 3629 183 3684 quam
224 3633 382 3687 supra
423 3617 715 3681 diximus,
755 3630 851 3686 per
894 3613 1012 3669 loca
1061 3612 1220 3682 equis
1264 3610 1446 3676 invia,
1485 3608 1613 3680 fuga

59 3707 171 3776 lapsa
214 3720 307 3764 est.
347 3708 670 3773 Auderem,
705 3707 965 3778 inquam,
1005 3704 1111 3759 nisi
1163 3718 1429 3773 arrogans
1465 3700 1614 3771 judi-

59 3817 194 3865 carer,
242 3803 439 3857 bellum
491 3803 606 3857 hoc
650 3799 1087 3856 Machabarorum
1125 3797 1280 3851 bellis
1316 3793 1610 3864 przeferre,

57 3897 299 3962 quoniam,
325 3895 371 3952 si
394 3895 758 3951 Machabtnus
782 3895 836 3948 in
865 3893 1044 3947 tribus
1069 3890 1312 3945 millibus
1329 3931 1344 3955 ,
1371 3887 1615 3944 hostium

57 3987 361 4060 quadraginta
413 3997 471 4044 et
521 3998 655 4042 octo
706 3985 876 4040 millia
927 3982 1257 4054 prostravit,
1313 3979 1432 4044 hic,
1494 3977 1617 4048 plus

59 4093 184 4146 quam
223 4080 504 4150 sexaginta
561 4077 740 4133 millia
781 4075 1056 4141 hostium,
1099 4087 1202 4143 ope
1241 4068 1614 4142 quadringen-

61 4179 197 4226 torum
225 4173 452 4229 militum
481 4173 538 4226 in
573 4171 764 4242 fugam
793 4185 951 4224 versa
994 4174 1143 4224 sunt.
1177 4163 1282 4220 Sed
1311 4178 1412 4218 nos
1439 4176 1618 4232 neque

61 4260 376 4318 llaelnalneum
411 4263 866 4328 contemnimus,
918 4275 1020 4315 nec
1071 4259 1325 4314 virtutem
1376 4255 1614 4311 militum

60 4362 322 4409 nostrorum
345 4355 746 4426 praedicamus,
769 4351 864 4407 sed
886 4349 1057 4405 Deum
1081 4360 1210 4403 tunc
1229 4347 1284 4401 in
1308 4343 1619 4400 Machame

62 4446 346 4513 mirabilem,
397 4448 455 4502 in
493 4445 711 4502 nostris
755 4443 1145 4498 mirabiliorem
1199 4437 1611 4494 annuntiamus.

1715 3277 1841 3332 gere
1867 3257 2010 3330 apud
2043 3266 2261 3329 pontem
2295 3256 2610 3327 compulsus
2631 3263 2714 3310 est
2741 3274 2752 3309 :
2780 3254 3057 3325 principes
3097 3268 3229 3308 suos
3250 3260 3306 3308 et

1715 3353 2038 3408 Podiensem
2068 3350 2388 3421 episc0pum
2421 3349 2476 3402 in
2500 3363 2670 3403 unum
2693 3355 2874 3414 vocat,
2926 3354 3089 3416 atque
3115 3344 3300 3400 habite

1714 3445 1970 3510 consilio,
1997 3443 2326 3514 quingentas
2353 3441 2610 3496 marchas
2656 3440 2867 3510 argenti
2911 3437 3017 3494 illis
3052 3437 3302 3507 largitur,

1715 3554 1780 3594 ea
1823 3537 2085 3592 nimirum
2112 3534 2424 3590 conditione
2459 3542 2540 3599 ut,
2573 3532 2618 3587 si
2655 3531 2781 3602 quis
2815 3529 3050 3585 militum
3079 3544 3308 3584 suorum

1715 3647 1920 3702 equum
1945 3645 2106 3686 suum
2131 3629 2473 3700 deperderet,
2506 3627 2573 3681 de
2595 3626 2703 3681 illis
2726 3624 3040 3696 quingentis
3069 3621 3307 3678 marcliis

1719 3723 1796 3780 illi
1828 3729 2253 3787 restauraretur,
2281 3735 2344 3775 ac
2384 3719 2451 3774 de
2482 3718 2606 3773 aliis
2632 3733 2755 3788 quze
2802 3714 3133 3771 fraternitati
3168 3729 3307 3770 con-

1717 3831 1872 3873 cessa
1925 3821 2073 3870 sunt.
2127 3811 2253 3868 Haec
2301 3821 2486 3868 autem
2545 3809 2789 3866 conditio
2843 3805 3309 3864 confraternitatis

1719 3907 1953 3962 multum
1987 3905 2080 3960 illo
2117 3913 2362 3975 tempore
2397 3901 2624 3975 profuit,
2651 3901 2916 3973 quoniam
2943 3915 3211 3972 pauperes
3243 3899 3312 3955 de

1720 4007 1912 4055 nostro
1963 3997 2242 4063 exercitu,
2272 3996 2366 4067 qui
2416 4012 2514 4067 pro
2550 3993 2872 4066 colligendis
2929 3993 3114 4048 herbis
3169 3992 3310 4047 ultra

1720 4090 1945 4146 ﬂuvium
1970 4088 2205 4144 transire
2246 4088 2522 4154 volebant,
2576 4086 2915 4158 frequentem
2948 4084 3191 4142 hostium
3221 4100 3312 4140 as-

1720 4183 2070 4241 sultationem
2120 4179 2472 4248 metuebant,
2505 4188 2559 4236 et
2604 4179 2869 4251 quoniam
2901 4178 3183 4234 rarissime
3212 4177 3316 4233 ali-

1720 4277 1817 4348 qui
1839 4276 2054 4332 obviam
2080 4274 2336 4330 hostibus
2364 4273 2442 4330 ire
2467 4273 2742 4341 volebant,
2761 4288 2888 4329 cum
2915 4271 3041 4343 equi
3077 4270 3314 4326 famelici

1719 4379 1773 4426 ct
1795 4369 2003 4424 debiles
2025 4377 2229 4436 essent,
2263 4377 2428 4438 atque
2479 4366 2772 4422 admodum
2809 4365 2993 4437 pauci,
3021 4373 3082 4419 ut
3110 4365 3165 4418 in
3198 4372 3314 4419 toto

1719 4463 1962 4518 exercitu
1999 4461 2219 4517 cornitis
2245 4470 2299 4516 et
2340 4459 2582 4531 episcopi
2613 4459 2704 4514 vix
2735 4468 2955 4514 centum
3006 4448 3314 4529 reperiren-~

60 4532 208 4604 0pene
261 4538 497 4608 pri-tium
549 4546 670 4603 est,
727 4532 1030 4606 profligatis
1082 4528 1354 4596 inimicis,
1408 4524 1611 4582 nostris

1720 4563 1828 4610 tur.
1857 4554 2122 4609 Similiter
2143 4524 2449 4608 Boimundo
2471 4524 2779 4622 et-reliquis
2809 4524 3132 4624 contigerat.
3161 4548 3316 4604 Hanc

60 4629 297 4684 audaciam
340 4629 700 4695 decrevisse,
745 4642 812 4682 ne
863 4625 1127 4681 auderent
1172 4619 1426 4693 persequi
1475 4633 1619 4692 quos

63 4723 337 4794 praecipitari
367 4722 742 4794 aspiciebant.

623 4809 855 4868 CAPUT
887 4808 1022 4865 Vill.

115 4923 254 4998 Igitur
297 4943 561 5002 regresso
599 4927 842 4982 exercitu
870 4926 1080 4982 victore
1114 4934 1168 4979 et
1206 4938 1383 4980 vacuo
1407 4966 1421 4990 ,
1466 4931 1619 4978 tanta

63 5013 200 5072 fames
225 5019 274 5072 in
298 5021 503 5076 castris
526 5018 637 5073 fuit
661 5028 722 5073 ut
750 5018 839 5073 vix
879 5017 990 5073 duo
1027 5016 1188 5073 solidi
1235 5015 1442 5070 homini
1470 5015 1619 5070 sulli-

63 5117 212 5165 cerent
251 5111 302 5167 in
329 5128 470 5184 pane
521 5127 627 5183 per
669 5111 846 5178 diem,
881 5126 982 5166 nec
1011 5119 1207 5165 caetera
1260 5108 1444 5162 minus
1490 5123 1619 5163 care

65 5200 446 5270 accipiebantur.
475 5203 786 5274 Casperunt
806 5202 991 5273 itaque
1019 5201 1299 5256 discedere
1325 5214 1615 5270 Ρθυρθτθδν

65 5299 103 5344 et
127 5295 259 5350 multi
283 5297 480 5354 divites
510 5296 836 5368 pauperiem
886 5303 1156 5352 verentes.
1201 5293 1257 5348 Si
1300 5293 1395 5364 qui
1429 5307 1618 5348 amore

67 5381 242 5442 virtutis
263 5388 313 5442 in
341 5388 546 5445 castris
581 5388 960 5453 remanebant,
990 5402 1163 5458 equos
1190 5401 1320 5442 suos
1355 5385 1617 5440 diuturna

70 5479 409 5538 contabescere
450 5481 608 5538 fame
651 5481 1014 5552 patiebantur.
1051 5479 1265 5550 Quippe
1305 5494 1407 5536 nec
1451 5479 1618 5550 palea:

72 5568 398 5641 abundabant,
422 5588 479 5630 et
509 5590 738 5630 annona
768 5583 875 5629 tam
904 5590 1031 5630 cara
1062 5581 1182 5628 erat
1217 5582 1275 5627 ut
1302 5581 1507 5643 septem
1533 5572 1617 5626 vel

72 5666 166 5712 Otto
196 5663 344 5720 solidi
381 5681 492 5721 non
538 5666 856 5721 sufﬁcerent
882 5682 1023 5738 equo
1052 5682 1147 5736 per
1171 5675 1406 5720 noctem.
1444 5665 1615 5720 Acce-

75 5747 200 5805 debat
224 5754 378 5810 etiam
409 5767 468 5811 et
514 5756 629 5811 alia
657 5756 914 5812 exercitui
950 5758 1256 5822 calamitas,
1297 5757 1444 5825 quod
1494 5755 1616 5809 Boi-

80 5844 294 5914 μιυηάυε,
324 5849 418 5921 qui
449 5849 806 5920 clarissimus
835 5849 1004 5906 factus
1037 5850 1213 5907 fuerat
1237 5847 1290 5903 in
1322 5846 1613 5920 Hispania,

1723 4647 1888 4718 igitur
1924 4646 1996 4701 ob
2035 4657 2258 4702 causam
2292 4644 2495 4701 milites
2532 4645 2708 4701 nostri
2747 4645 3000 4700 hostibus
3025 4657 3316 4699 occurrere

1723 4752 1833 4794 non
1876 4735 2268 4803 formidabant,
2302 4734 2606 4807 praasertim
2636 4734 2674 4790 ii
2703 4734 2798 4806 qui
2828 4734 2965 4789 viles
2990 4732 3076 4787 vel
3106 4731 3315 4787 debiles

1721 4847 1894 4902 equos
1923 4829 2216 4896 habebant,
2244 4844 2369 4885 cum
2414 4829 2621 4885 scirent
2646 4843 2724 4894 se,
2771 4826 2998 4898 perditis
3029 4823 3164 4889 suis,
3199 4839 3316 4879 me-

1721 4923 1884 4978 liores
1918 4921 2224 4977 habituros.
2253 4919 2501 4976 Accessit
2528 4929 2710 4976 autem
2739 4927 2792 4973 et
2820 4916 2990 4982 aliud,
3019 4914 3167 4986 quod
3194 4928 3317 4968 om-

1721 5031 1820 5071 nes
1849 5015 2145 5086 principes,
2171 5023 2369 5085 przetcr
2396 5012 2674 5077 comitem,
2707 5009 3014 5065 Boimundo
3037 5006 3316 5062 civitatem

1719 5108 1849 5164 dum
1875 5116 2182 5179 caperetur,
2206 5108 2548 5178 pepigerunt.
2580 5102 2692 5159 Hac
2715 5103 2898 5173 itaque
2921 5100 3170 5172 pactione
3191 5098 3317 5154 Boi-

1721 5202 1981 5268 mundus,
2031 5209 2086 5258 et
2133 5199 2330 5271 reliqui
2370 5198 2646 5270 principes
2672 5197 3000 5268 juraverunt
3034 5208 3093 5248 se
3120 5193 3190 5248 ab
3219 5207 3318 5262 op-

1722 5295 2056 5366 pugnatione
2106 5292 2415 5348 Antiochia:
2459 5306 2571 5347 non
2601 5289 2943 5346 discessuros
2967 5301 3064 5357 per
3109 5293 3316 5356 septem

1721 5403 1917 5454 annos,
1952 5386 2059 5442 nisi
2086 5385 2281 5442 civitas
2309 5392 2616 5453 caperetur.

2341 5473 2574 5532 CAPUT
2604 5472 2693 5528 1X.

1794 5571 1932 5626 Dum
1966 5571 2082 5626 haec
2104 5569 2159 5623 in
2193 5566 2388 5624 castris
2414 5575 2673 5638 aguntur,
2698 5577 2892 5620 rumor
2916 5560 3083 5616 etiam
3105 5553 3319 5613 exerci-

1722 5672 1838 5719 tum
1892 5661 2243 5733 imperatoris
2268 5659 2455 5714 venire
2483 5639 2781 5714 'nuntiavit
2808 5698 2824 5724 ,
2873 5653 2968 5725 qui
3011 5652 3080 5707 de
3124 5646 3318 5702 multis

1725 5731 1990 5826 gentibus
2003 5752 2262 5808 collectus
2299 5766 2422 5807 esse
2457 5750 2833 5814 nuntiabatur,
2859 5753 2920 5799 ut
2942 5749 3072 5799 sunt
3111 5731 3324 5800 Sclavi,

1726 5859 1777 5905 et
1831 5846 2134 5914 Pincenati,
2179 5854 2231 5900 et
2265 5843 2517 5914 Comani,
2564 5854 2617 5900 et
2659 5830 2973 5910 Turc0poli.
3033 5827 3320 5902 Turcopofi
