3846 6306
497 332 597 391 602

1075 327 1169 384 AD
1205 321 1659 385 CODEFRiDUDI
1699 316 1991 376 APPEND.
2032 316 2095 372 ll.
2136 345 2207 356 ——
2243 313 2516 371 NONUM.
2554 311 2644 367 DE
2679 308 2904 368 BELLO
2944 307 3193 367 SACRO.

3653 310 3734 367 804

498 445 647 504 enim
677 445 955 511 dicuntur,
980 442 1077 514 qui
1098 440 1185 498 vel
1235 438 1428 496 nutriti
1467 435 1613 508 apud
1641 433 1870 500 ancas,
1894 432 1980 487 vel
2021 430 2089 487 de
2117 438 2163 498 Α
2192 428 2368 500 piunt.
2407 424 2521 484 Hoc
2547 434 2730 482 autem
2753 434 2952 492 totum,
2981 423 3245 514 gaudium
3269 430 3326 477 et
3345 419 3626 478 exsultatio
3659 440 3734 480 ao-

501 547 683 596 matre
707 511 1021 594 Christiana
1048 576 1063 603 ,
1090 543 1247 606 patre
1270 531 1451 587 Turca
1477 533 1858 600 procreantur.
1881 521 1981 580 Hm
1996 538 2088 580 au-
2190 518 2278 574 bis
2301 516 2424 580 fuit,
2450 526 2510 572 ut
2531 516 2762 572 alteram
2784 515 3073 571 victoriam
3099 513 3168 571 de
3190 511 3422 568 incenso
3445 520 3616 568 castra
3634 529 3734 570 eoa.

502 641 613 687 tem
643 640 837 704 gentes
859 671 876 695 ,
907 629 1040 699 quia
1091 625 1251 682 nobis
1299 624 1355 679 iu
1389 621 1584 676 itinere
1637 623 1984 683 nocuerant,
2028 628 2092 674 se

503 732 865 796 prannetucre
895 719 1239 777 consortium
1292 723 1543 771 nostrum
1599 710 1931 771 fatebantur.
1964 706 2082 767 Ha

507 823 694 877 autem
717 812 901 868 omnia
925 810 1082 866 Tatic
1098 808 1187 864 ille
1211 816 1439 862 truncus
1456 809 1868 875 composuerat,
1889 801 2005 873 qui,
2030 815 2088 856 ιιι

507 905 789 961 discedere
809 911 1015 976 posset,
1041 901 1170 958 talia
1201 896 1698 959 commcntabatur.
1725 892 1826 950 ilic
1855 908 1964 948 non
1996 907 2090 949 so-

508 998 623 1054 lum
656 996 1003 1063 commentis,
1040 1008 1230 1050 verum
1258 991 1423 1048 etiam
1466 988 1725 1046 maximis
1759 986 2048 1059 impendiis
2071 1027 2088 1050 .

508 1088 816 1160 proditione
854 1086 1125 1143 sociorum
1162 1093 1217 1141 et
1241 1083 1483 1156 periurio
1517 1081 1831 1147 cumulatis,
1856 1095 1955 1152 per
1999 1078 2092 1135 fu-

507 1195 633 1251 gam
683 1179 869 1249 lapsus
912 1187 1015 1234 est.
1071 1175 1362 1233 Concessit
1400 1174 1549 1231 enim
1584 1171 1928 1241 Boimundo,
1955 1172 2094 1229 duas

506 1273 695 1329 nescio
717 1281 811 1329 aut
836 1279 949 1328 tres
975 1271 1245 1338 civitates,
1271 1268 1471 1325 Tursol
1494 1309 1511 1336 ,
1536 1267 1871 1333 lilamistam,
1896 1273 1951 1322 et
1977 1265 2090 1322 Ad-

505 1365 721 1433 devam.
753 1364 957 1421 Taliter
999 1364 1167 1435 igitur
1212 1363 1316 1420 sibi
1344 1362 1547 1418 etsuis
1595 1368 1873 1416 mercatus
1900 1373 2095 1430 perpe-

506 1467 661 1514 tuum
686 1458 975 1529 pudorem,
1002 1456 1264 1514 simulato
1293 1456 1507 1523 itinere,
1525 1454 1687 1526 quasi
1704 1453 1773 1509 ad
1789 1452 2092 1508 exercitum

506 1549 880 1622 imperatoris,
902 1550 1149 1623 dimissis
1176 1549 1426 1605 tentoriis
1450 1556 1506 1605 et
1549 1546 1915 1607 familiaribus
1944 1544 2091 1611 suis,

507 1657 633 1698 cum
664 1641 763 1699 Dei
799 1642 1181 1712 maledictione
1207 1641 1486 1713 profectus
1517 1648 1621 1696 est.
1661 1638 1981 1703 Nuntiatum
2010 1643 2097 1697 est

509 1734 670 1805 nobis
715 1750 783 1791 eo
837 1743 1083 1806 tempore
1119 1733 1266 1806 quod
1314 1733 1426 1789 dux
1471 1731 1540 1788 de
1581 1730 1782 1801 Caiep,
1821 1728 2095 1785 conducto

510 1842 714 1899 magno
759 1828 1004 1883 exercitu
1054 1826 1123 1883 de
1169 1825 1503 1893 Corrozaua,
1541 1825 1611 1880 ad
1660 1821 2094 1879 succurrendum

511 1919 717 1975 civitati
770 1919 1076 1975 Antiochia:
1102 1918 1330 1974 veniret.
1363 1917 1704 1988 Quapropter
1754 1915 1940 1971 habito
1962 1928 2096 1970 con-

512 2010 637 2081 silio
682 2011 740 2067 in
769 2011 935 2068 domo
968 2011 1251 2083 episcopi,
1302 2010 1614 2067 consultum
1665 2018 1752 2065 est
1780 2017 1841 2064 ut
1886 2008 2095 2080 pedites

512 2113 692 2175 castra
726 2113 1037 2171 servarent;
1083 2112 1139 2159 et
1183 2104 1384 2161 milites
1419 2103 1671 2160 hostibus
1696 2100 1912 2158 obviam
1938 2108 2094 2157 extra

512 2204 694 2267 castra
720 2206 1034 2269 pergerent;
1059 2195 1313 2252 dicebant
1333 2195 1480 2251 enim
1502 2194 1650 2266 quod
1677 2194 1835 2250 multi
1858 2193 1924 2249 de
1945 2208 2099 2248 exer-

512 2289 623 2363 citu
657 2299 868 2362 nostro,
894 2289 1141 2351 imbelles
1170 2298 1225 2344 et
1243 2288 1454 2360 pavidi,
1495 2289 1542 2344 si
1590 2288 1841 2345 viderent
1889 2286 2097 2342 Turca-

511 2398 636 2451 rum
686 2382 1114 2449 multitudinem,
1162 2381 1378 2439 timoris
1426 2382 1611 2452 potius
1656 2396 1823 2452 quam
1854 2380 2097 2439 audaciae

510 2474 759 2546 exempla
785 2484 1177 2532 monstrarent.
1227 2474 1398 2548 igitur
1426 2474 1531 2531 sub
1562 2482 1777 2529 noctem
1820 2472 2052 2544 profecti
2078 2514 2094 2538 ,

513 2581 581 2622 ne
604 2565 638 2620 ii
663 2566 755 2636 qui
780 2566 837 2633 in
863 2567 1085 2623 civitate
1110 2575 1269 2622 erant
1296 2567 1657 2638 perciperent,
1685 2573 1849 2635 atque
1884 2564 1971 2620 his
2001 2564 2097 2635 qui

512 2655 570 2729 in
618 2654 883 2727 auxilium
937 2671 1133 2727 eorum
1160 2665 1424 2717 venerant
1450 2655 1806 2723 nuntiarent,
1858 2655 2017 2727 longe
2066 2670 2098 2722 ιι

513 2747 718 2803 nostris
758 2746 957 2815 castris
995 2765 1092 2819 per
1113 2748 1253 2806 duas
1282 2748 1470 2820 leugas
1501 2748 1642 2819 inter
1679 2747 2008 2817 mentieulos
2041 2761 2100 2802 sc

512 2843 946 2900 occultaverunt.
990 2842 1148 2910 Mane
1178 2852 1362 2899 autem
1408 2840 1573 2908 facto,
1601 2858 1725 2897 cum
1751 2841 1867 2899 sole
1912 2841 2101 2911 hostes

514 2945 908 3006 apparuerunt.
954 2935 1196 3001 Audiant
1228 2933 1414 3006 igitur,
1439 2933 1685 2999 audiant,
1711 2932 1960 2998 obsecro,
2004 2930 2098 3001 qui

515 3026 811 3098 aliquando
865 3027 1166 3095 exercitum
1216 3026 1412 3082 lmdere
1458 3025 1639 3083 conati
1673 3032 1825 3092 sunt,
1864 3032 1944 3092 ut,
1973 3039 2097 3079 cum

2128 1799 2167 1856 ιε

2192 612 2491 671 iitcremur.

2813 717 3044 777 CAPUT
3070 717 3140 773 Χ.

2264 813 2469 871 Eodem
2498 814 2685 885 itaque
2705 812 2796 869 die
2846 818 2998 868 tanta
3038 824 3223 883 pugna
3269 809 3329 862 in
3372 806 3563 864 castris
3587 803 3740 864 fuitut

2194 906 2268 961 ibi
2291 904 2476 961 nullus
2495 904 2651 961 locus
2672 902 2838 959 fuerit
2857 944 2873 970 ,
2904 916 3102 958 versus
3129 899 3430 965 civitatem,
3457 897 3545 953 ubi
3572 897 3736 955 bellum

2193 1014 2305 1054 non
2332 1005 2498 1053 esset.
2547 995 2985 1067 Composuerant
3001 993 3149 1050 enim
3186 993 3397 1059 hostes,
3429 999 3509 1059 ut,
3538 988 3652 1046 dum
3684 992 3741 1046 ab

2193 1089 2438 1146 obsessis
2489 1088 2758 1145 acerrime
2810 1087 3286 1158 impugnaremur,
3342 1082 3415 1137 ab
3474 1082 3742 1151 improvisis

2191 1178 2616 1241 auxiliatoribus
2660 1194 2853 1235 eorum
2872 1220 2889 1245 ,
2919 1193 2951 1234 a
2993 1185 3146 1249 tergo
3184 1174 3627 1247 opprimeremur.
3655 1172 3743 1228 Sed

2193 1274 2360 1341 Deus,
2383 1273 2477 1344 qui
2511 1272 2778 1329 militibus
2802 1271 3009 1328 nostris
3043 1269 3333 1325 victoriam
3372 1263 3678 1331 conferebat,
3697 1267 3747 1321 in

2193 1367 2470 1439 peditibus
2499 1366 2707 1425 nostris
2746 1363 3119 1436 praeliabatur.
3150 1359 3262 1417 Nec
3286 1358 3555 1415 minorem
3585 1373 3745 1413 susce-

2194 1459 2380 1531 pimus
2403 1474 2470 1515 eo
2492 1457 2582 1514 die
2601 1457 2671 1515 de
2697 1456 2939 1514 obsessis
2965 1453 3307 1525 triumphum
3329 1465 3495 1522 quam
3517 1449 3581 1505 de
3600 1448 3750 1505 fauto-

2193 1553 2349 1609 ribus
2378 1567 2573 1611 eorum
2590 1550 2794 1607 milites
2817 1548 2995 1606 nostri
3017 1547 3246 1618 gloriam
3269 1544 3587 1601 retulerunt.
3607 1540 3750 1613 igitur

2196 1643 2368 1715 potita
2392 1642 2626 1698 victoria
2664 1649 2720 1697 et
2745 1639 2958 1713 spoliis,
3000 1637 3183 1709 capita
3214 1649 3487 1692 caesorum
3512 1633 3575 1689 ad
3598 1642 3753 1689 castra

2199 1742 2481 1812 deportata
2509 1747 2657 1795 sunt.
2683 1737 2752 1794 Et
2792 1746 2852 1793 ut
2876 1735 3131 1793 hostibus
3159 1733 3436 1797 timorem,
3459 1738 3515 1786 et
3537 1729 3754 1785 testiino-

2196 1834 2350 1889 nium
2380 1833 2449 1890 de
2475 1831 2762 1904 proﬂigato
2789 1844 2982 1887 eorum
3021 1842 3292 1885 succursu
3327 1822 3719 1881 ostenderemus
3740 1863 3754 1883 ,

2195 1924 2377 1981 delata
2407 1923 2589 1995 capita
2621 1923 2677 1978 in
2704 1922 2844 1993 palis
2875 1934 3144 1992 suspensa
3165 1926 3315 1974 sunt.
3364 1914 3525 1983 Quod
3549 1913 3756 1985 disposi-

2198 2016 2344 2072 tione
2370 2014 2469 2071 Dei
2511 2021 2697 2070 actum
2718 2027 2863 2080 esse,
2901 2020 3091 2084 postea
3135 2008 3494 2066 credidimus.
3541 2004 3759 2075 Namque

2197 2118 2356 2180 capto
2383 2123 2559 2178 nuper
2596 2106 2799 2163 vexillo
2845 2106 3022 2162 beata
3065 2117 3283 2174 semper
3327 2099 3556 2172 virginis
3594 2095 3757 2152 Mariae

2196 2200 2354 2273 quasi
2392 2199 2459 2255 ad
2502 2198 2861 2271 opprobrium
2900 2205 3176 2264 nostrum,
3232 2193 3516 2264 cuspidem
3551 2192 3601 2246 in
3632 2198 3760 2245 terra

2198 2295 2455 2367 ﬁgebant.
2483 2292 2672 2364 itaque
2705 2300 2889 2348 actum
2923 2299 3008 2348 cst
3032 2300 3113 2359 ut,
3156 2287 3292 2345 visis
3339 2301 3566 2343 suorum
3587 2283 3760 2338 erectis

2197 2388 2495 2460 capitibus,
2524 2387 2596 2443 ab
2615 2385 2950 2458 impropcrio
2972 2394 3165 2442 nostro
3185 2389 3591 2440 revocarentur.
3615 2377 3765 2432 Erant

2196 2497 2264 2537 eo
2291 2490 2534 2553 tempore
2564 2479 2619 2535 in
2651 2479 2857 2535 nostris
2883 2478 3083 2535 castris
3112 2477 3274 2549 legati
3306 2491 3336 2530 a
3388 2487 3515 2545 rege
3559 2469 3762 2542 Babylo-

2200 2575 2442 2640 niorum,
2490 2572 2584 2643 qui
2634 2572 2881 2628 videntes
2924 2572 3063 2627 mira
3107 2585 3232 2642 qua:
3275 2568 3423 2624 Deus
3459 2581 3555 2638 per
3595 2578 3762 2621 servos

2200 2682 2331 2724 suos
2361 2666 2710 2737 operabatur,
2742 2664 2929 2721 Iesum
2954 2663 3139 2720 Mariae
3163 2660 3397 2735 virginis
3427 2659 3595 2715 tilium
3618 2656 3763 2728 glori-

2203 2760 2459 2824 licabant,
2486 2760 2603 2828 qui,
2628 2774 2726 2830 per
2747 2772 3017 2829 pauperes
3043 2770 3197 2823 suos,
3226 2753 3634 2826 potentissimos
3650 2763 3765 2805 con-

2201 2856 2471 2911 culcabat.
2497 2853 2562 2909 ili
2594 2860 2777 2907 autem
2801 2849 2984 2922 legati,
3016 2848 3247 2921 gratiam
3268 2856 3326 2903 ct
3352 2842 3762 2902 benevolentiam

2202 2948 2344 3019 apud
2390 2962 2573 3019 regem
2624 2960 2798 3005 suum,
2837 2942 2997 2999 nobis
3040 2939 3479 3012 promittebant;
3532 2944 3765 3007 praeterea

2202 3042 2360 3113 plura
2383 3039 2645 3097 beneficia
2677 3038 2823 3109 regis
2849 3036 2904 3091 in
2933 3033 3284 3090 Christianos
3301 3029 3611 3103 Egyptios,
3631 3036 3677 3082 et
3693 3041 3766 3097 pe-

516 3118 869 3188 magmﬁca’e
921 3117 1093 3174 Deum
1153 3133 1309 3185 suam
1344 3117 1779 3209 miscricomiam
1829 3116 1883 3209 ίιι
1934 3117 2101 3209 Ρουίε
2127 3151 2172 3209 ο
2204 3134 2452 3206 regrinos
2471 3140 2695 3189 nostros
2711 3128 3037 3186 referebant.
3071 3125 3260 3197 itaque
3283 3123 3505 3180 remissi
3526 3128 3764 3178 suntcum

516 3210 893 3283 cognoverint,
916 3226 1014 3282 per
1034 3210 1368 3281 paenitentiae
1388 3211 1628 3265 lamenta
1652 3208 1755 3279 ipsi
1785 3206 2103 3267 satisfacere

517 3303 867 3359 contendant.
893 3302 1185 3374 Dispositis
1207 3302 1393 3373 itaque
1410 3301 1679 3357 militibus
1695 3301 1751 3356 in
1773 3317 1869 3363 sex
1885 3300 2103 3370 turmis,

519 3402 731 3450 tantum
760 3408 856 3451 eos
878 3393 1022 3450 Deus
1046 3393 1428 3465 multiplieavit
1457 3401 1519 3449 ut
1539 3392 1633 3464 qui
1657 3392 1748 3447 vix
1776 3392 2104 3464 septingenti

518 3495 647 3542 ante
699 3486 1098 3542 ordinationem
1161 3485 1517 3557 apparebant,
1574 3485 1757 3541 habita
1813 3485 2106 3556 partitione

516 3578 812 3650 plusquam
838 3578 948 3635 duo
988 3579 1159 3634 millia
1205 3579 1387 3635 inesse
1425 3579 1724 3649 unicuique
1754 3578 1934 3634 ordini
1963 3577 2107 3635 alllr-

519 3679 819 3727 marcntur.
846 3670 923 3727 De
944 3670 1173 3727 audacia
1197 3686 1328 3728 vero
1348 3686 1537 3727 eorum
1561 3671 1694 3743 quid
1718 3672 1915 3743 loquar
1930 3711 1950 3740 ,
1979 3687 2107 3745 cum,

518 3761 684 3817 etiam
709 3770 906 3819 cantus
929 3763 1194 3818 militares
1220 3771 1331 3817 tam
1363 3761 1557 3842 festive
1605 3762 1810 3819 milites
1849 3772 2101 3835 agerent,

518 3863 582 3910 ut
627 3856 786 3925 quasi
839 3870 940 3926 pro
1000 3844 1131 3912 ludo
1186 3856 1483 3912 imminens
1540 3856 1742 3911 bellum
1797 3855 2106 3912 haberent?

520 3947 768 4020 Contigit
795 3957 977 4004 autem
1007 3950 1060 4004 in
1091 3965 1158 4006 eo
1180 3950 1303 4007 loco
1325 3950 1526 4005 bellum
1558 3949 1696 4016 ﬁeri,
1726 3964 1838 4020 quo
1865 3949 2024 4019 palus
2052 3958 2106 4006 et

519 4040 720 4097 ﬂuvius
750 4056 847 4110 per
872 4042 1191 4098 milliarium
1232 4043 1409 4099 vicina
1440 4051 1589 4098 sunt.
1633 4040 1747 4098 Hoc
1786 4051 1971 4097 autem
2000 4042 2104 4097 ho-

521 4133 700 4189 stibus
722 4135 988 4206 evagandi
1028 4136 1306 4192 licentiam
1334 4135 1529 4202 vetuit,
1572 4150 1642 4191 ne
1673 4150 1827 4190 more
1871 4149 1973 4190 suo
2013 4149 2108 4190 ac-

520 4223 739 4295 cingere
760 4233 1002 4295 possent.
1026 4224 1274 4297 Namque
1303 4225 1470 4294 Deus,
1497 4226 1590 4297 qui
1611 4235 1804 4283 czetera
1828 4225 1986 4282 nobis
2014 4226 2107 4283 dc—

519 4317 696 4387 derat,
724 4335 821 4375 sex
850 4319 1020 4376 valles
1048 4322 1362 4388 continuas,
1389 4319 1770 4391 prodientibus
1807 4320 1876 4375 ad
1902 4320 2106 4376 bellum

519 4409 755 4480 praebuit
789 4419 954 4482 atque
995 4427 1103 4467 una
1137 4413 1275 4468 hora
1318 4410 1560 4484 egressi,
1604 4427 1909 4484 campoque
1938 4427 2106 4470 oceu-

2205 3225 2314 3283 illis
2340 3225 2502 3298 legati
2527 3223 2725 3291 nostri,
2747 3222 2842 3295 qui
2873 3220 3053 3278 foedus
3081 3219 3493 3289 amicitiamque
3514 3231 3635 3274 eum
3657 3228 3763 3285 rege

2204 3317 2426 3374 inirent.
2471 3315 2674 3372 Eodem
2706 3323 2951 3385 tempore
2994 3313 3175 3367 visum
3207 3320 3293 3367 est
3322 3309 3658 3381 principibus
3688 3321 3767 3360 no-

2205 3408 2336 3467 stris
2357 3414 2419 3463 ut
2448 3407 2501 3462 in
2526 3406 2685 3471 colle,
2708 3404 2805 3475 qui
2835 3418 3000 3475 supra
3044 3401 3280 3458 tentoria
3321 3398 3617 3455 Boimnndi
3640 3404 3767 3461 erat,

2206 3509 2446 3556 castrqu
2474 3498 2807 3563 ﬁrmaretur,
2828 3506 2897 3551 ne
2912 3496 2959 3550 Si
2980 3508 3173 3550 rursus
3197 3494 3385 3549 hostes
3408 3504 3512 3547 nos
3527 3489 3765 3553 venirent,

2205 3592 2358 3648 nullo
2390 3590 2553 3647 modo
2579 3589 2815 3647 tentoria
2856 3597 3044 3644 nostra
3074 3585 3355 3657 impellere
3381 3592 3626 3655 possent.
3651 3580 3765 3636 Cum

2206 3683 2313 3738 hoc
2336 3680 2538 3737 factum
2567 3679 2784 3745 fuisset,
2812 3676 3034 3733 fuerunt
3062 3685 3243 3731 castra
3273 3682 3462 3729 nostra
3491 3671 3566 3727 ita
3595 3669 3768 3726 ﬁrmis-

2206 3775 2346 3833 sima
2367 3782 2430 3831 ut
2468 3773 2536 3829 ad
2585 3772 2759 3829 instar
2783 3769 3021 3827 civitatis
3057 3767 3255 3831 clausi,
3284 3776 3395 3821 tarn
3439 3779 3603 3835 opere
3628 3777 3764 3833 quam

2206 3874 2403 3921 natura
2448 3863 2690 3935 undique
2738 3875 3007 3918 essemus.
3074 3857 3207 3913 Erat
3266 3857 3414 3911 enim
3456 3857 3528 3910 ab
3580 3855 3766 3909 oriente

2207 3957 2366 4013 nobis
2418 3966 2663 4013 castrum
2706 3954 2833 4023 hoc,
2880 3968 2912 4009 a
2963 3951 3215 4018 meridie,
3266 3947 3411 4004 muri
3451 3947 3698 4012 civitatis,
3727 3956 3768 3998 et

2207 4050 2386 4122 palus,
2411 4064 2535 4121 qute
2560 4061 2749 4103 muros
2771 4044 3074 4111 muniebat,
3088 4051 3272 4099 castra
3293 4041 3460 4097 etiam
3473 4048 3656 4095 nostra
3673 4047 3767 4091 tae-

2205 4142 2426 4207 bantur,
2466 4154 2569 4196 nec
2620 4137 2935 4195 facultatem
2980 4134 3289 4207 pugnandi,
3344 4133 3435 4189 bis
3466 4130 3535 4187 de
3581 4131 3769 4187 civitate

2207 4217 2541 4290 concedebat
2598 4230 2705 4287 nisi
2748 4245 2847 4301 per
2888 4237 3077 4300 portas
3127 4225 3556 4298 egrederentur;
3590 4221 3655 4278 ab
3691 4236 3767 4276 or-

2208 4325 2424 4383 cidente
2447 4339 2579 4380 vero
2604 4322 2804 4378 ﬂuvius
2830 4328 2984 4387 erat;
3021 4335 3053 4375 a
3100 4316 3476 4390 septentrione
3522 4313 3765 4386 quoddam

2208 4428 2367 4476 vetus
2389 4418 2616 4484 vallum,
2646 4416 2792 4488 quod
2820 4431 2851 4471 a
2879 4422 3067 4470 monte
3091 4411 3453 4479 descendens,
3481 4408 3551 4466 ad
3574 4409 3767 4465 ﬂuvium

519 4509 670 4572 pato,
696 4501 810 4558 sole
830 4503 994 4559 etiam
1020 4503 1344 4577 refulgente,
1362 4504 1417 4559 in
1430 4504 1600 4561 armis
1620 4516 1675 4561 et
1701 4506 1903 4579 elypeis
1922 4523 2104 4579 pugna
2138 4514 2187 4576 ι)
2210 4526 2386 4581 usque
2411 4507 2782 4581 perveniebat.
2827 4503 3114 4561 Laudabat
3153 4503 3318 4559 etiam
3346 4500 3588 4572 populus
3614 4507 3669 4555 ut
3693 4514 3767 4553 ca-

520 4596 906 4655 committitur.
940 4597 1124 4656 Nostri
1166 4607 1347 4655 autem
1373 4642 1390 4667 ,
1417 4599 1597 4672 primo
1623 4601 1887 4673 paulatim
1920 4616 2113 4672 cmpos

520 4697 652 4745 runt
681 4691 974 4761 procedere
1006 4711 1020 4747 :
1066 4691 1260 4748 Turcxe
1288 4708 1418 4748 vero
1443 4693 1773 4762 discurrere,
1806 4694 2068 4765 sagittare
2086 4734 2104 4761 ,

519 4790 705 4839 tamen
727 4784 1001 4840 recedere.
1029 4785 1100 4840 At
1127 4785 1302 4841 nostri
1332 4795 1540 4841 tantum
1571 4787 1938 4858 patiebantur,
1972 4786 2104 4843 dum

520 4874 733 4946 priores
762 4874 831 4931 de
860 4874 1056 4939 Turcis
1092 4877 1491 4948 posterioribus
1525 4877 1935 4933 infarcirentur.
1977 4876 2104 4934 Ete-

520 4967 658 5035 nim,
705 4976 770 5024 ιιι
813 4983 844 5024 a
888 4967 1135 5042 profugis
1159 4985 1348 5027 eorum
1396 4970 1708 5035 didicimus,
1762 4985 1873 5025 non
1923 4970 2108 5028 minus

520 5076 689 5132 quam
726 5060 919 5134 viginti
965 5071 1020 5118 et
1057 5072 1181 5118 octo
1219 5064 1390 5117 millia
1414 5062 1718 5118 Turcarum
1751 5061 1805 5116 in
1834 5062 1939 5118 hoc
1964 5063 2108 5119 bello

521 5154 696 5211 fuisse
716 5154 1045 5212 referuntur.
1078 5155 1254 5227 thue
1284 5156 1421 5213 satis
1450 5155 1600 5227 prior
1629 5155 1778 5211 acies
1800 5153 2105 5227 Turcarum

521 5247 984 5318 subsequentibus
1029 5248 1240 5304 inclusa
1289 5257 1393 5316 est,
1425 5247 1680 5302 invocato
1710 5245 1842 5314 Deo,
1883 5262 2112 5318 procur-

521 5346 654 5393 runt
698 5336 916 5396 Franci.
948 5338 1061 5395 Nec
1109 5354 1286 5408 mora,
1335 5339 1493 5395 adest
1531 5337 1824 5403 Dominus,
1869 5339 2028 5410 fortis
2057 5348 2111 5394 et

520 5436 703 5497 potens
732 5429 791 5483 in
816 5429 1004 5499 praelia
1043 5427 1220 5498 (Psal.
1259 5446 1419 5495 χχιιι,
1449 5428 1504 5501 8)
1535 5446 1547 5481 :
1577 5429 1813 5500 protexit
1835 5430 1975 5487 filios
2000 5471 2017 5497 ,
2056 5440 2110 5487 et

519 5521 819 5594 prostravit
840 5519 1114 5575 inimicos.
1131 5517 1319 5597 itaque
1340 5522 1613 5591 prosecuti
1638 5531 1767 5579 sunt
1786 5538 1883 5580 eos
1910 5522 2105 5579 Franci

523 5628 703 5685 usque
720 5615 791 5670 ad
813 5622 1056 5670 castrum
1074 5627 1267 5669 eorum
1288 5616 1740 5686 munitissimum,
1762 5618 1908 5690 quod
1934 5635 1966 5674 a
1986 5619 2109 5676 loco

522 5715 724 5776 pugnas
757 5705 947 5761 decem
976 5702 1306 5763 milliaribus
1345 5708 1552 5767 aberat.
1599 5711 1895 5770 Castellani
1925 5721 2127 5770 autem.

526 5812 760 5856 suorum
789 5795 976 5869 fugam
1002 5794 1270 5869 videntes,
1294 5799 1515 5861 incenso
1534 5813 1716 5864 castro
1760 5804 1945 5879 fugam
1971 5806 2109 5864 arri-

2211 4602 2428 4659 stellum
2465 4599 2611 4657 aliud
2652 4598 2707 4654 in
2743 4596 3077 4662 monticulo,
3105 4595 3201 4666 qui
3239 4608 3405 4665 supra
3429 4601 3650 4664 pontem
3673 4588 3767 4643 ille-

2210 4707 2334 4748 rum
2363 4698 2513 4758 erat,
2539 4689 2868 4745 firmaretur.
2911 4685 3092 4741 Factae
3123 4691 3254 4740 sunt
3299 4682 3465 4738 etiam
3508 4681 3569 4737 in
3606 4678 3768 4735 castris

2212 4783 2501 4847 machina},
2526 4796 2651 4852 qua:
2680 4794 2869 4835 muros
2909 4775 3148 4833 civitatis
3186 4774 3550 4845 impellerent,
3577 4770 3665 4828 sed
3686 4770 3767 4823 hoc

2213 4875 2416 4932 frustra
2457 4873 2578 4930 fuit.
2615 4871 2865 4943 Cumque
2888 4871 3001 4941 jam
3033 4870 3088 4924 in
3124 4867 3318 4939 quinto
3345 4880 3536 4921 mense
3561 4858 3765 4919 obsidio—

2213 4968 2302 5025 nis
2328 4976 2531 5023 ncstrte
2565 4980 2734 5021 naves
2758 4963 3000 5033 undique
3024 4976 3150 5018 cum
3185 4957 3464 5016 aiimoniis
3495 4957 3567 5013 ad
3586 4962 3764 5027 portum

2214 5069 2463 5117 nostrum
2499 5056 2856 5128 applicarent,
2910 5052 3103 5109 Turca:
3152 5050 3425 5117 civitatis,
3464 5048 3587 5103 vias
3632 5042 3768 5101 maris

2214 5152 2466 5209 obsidere
2498 5190 2516 5218 ,
2560 5158 2725 5220 atque
2776 5146 3070 5219 portitores
3125 5141 3445 5199 victualium
3500 5138 3767 5196 interﬁcere

2214 5253 2518 5317 coeperunt.
2549 5240 2735 5298 Nostri
2769 5255 2899 5296 vero
2935 5237 3211 5310 principes
3244 5235 3422 5307 primo
3456 5241 3663 5289 tantum
3689 5243 3765 5299 pa-

2215 5340 2522 5405 tiebantur;
2569 5335 2762 5392 Turca‘.
2811 5342 2993 5389 autem
3048 5329 3277 5387 sceleris
3318 5328 3658 5400 impunitate,
3693 5335 3766 5392 spe

2173 5428 2176 5431 ’
2219 5432 2422 5503 rapinze
2444 5474 2459 5498 ,
2490 5430 2580 5486 die
2609 5436 2885 5498 noctuque
2922 5423 3216 5480 instabant.
3257 5420 3681 5489 Cousultumque
3703 5422 3765 5468 ea

2215 5526 2431 5582 tandem
2468 5530 2528 5578 ut
2555 5521 2621 5576 ad
2664 5528 2878 5590 pontem
2918 5517 3135 5572 illorum
3166 5523 3411 5571 castrum
3434 5512 3761 5568 iirmaremus.

2217 5618 2344 5686 Sed,
2377 5616 2505 5688 quia
2530 5612 2751 5686 plurimi
2780 5612 2847 5668 de
2880 5609 3042 5667 nobis
3063 5609 3130 5666 ad
3149 5616 3368 5680 portum
3397 5605 3658 5669 abierant,
3682 5599 3764 5654 cie

2214 5721 2338 5769 ctus
2377 5719 2463 5766 est
2502 5721 2688 5778 comes
2712 5713 2768 5761 ct
2806 5698 3142 5760 Boimuudus
3183 5710 3244 5756 ut
3271 5715 3371 5756 eos
3415 5698 3542 5754 inde
3569 5694 3765 5752 adduce-

2215 5814 2364 5873 rent,
2392 5818 2517 5860 cum
2553 5798 2781 5868 rastris,
2816 5805 2870 5854 et
2895 5795 3018 5853 aliis
3055 5791 3443 5851 instrumentis
3465 5790 3653 5864 quibus
3672 5780 3762 5840 vela
