3846 6306
101 344 176 402 605

1045 317 1234 383 ΒΑΝ.
1273 325 1362 382 DE
1395 326 1647 385 AGILES
1687 325 1868 386 lllST.
1910 327 2276 388 HIEROSOL.

3179 335 3284 392 606

99 462 181 513 lunt
205 449 306 507 novi
327 444 511 504 castelli
533 445 721 504 ﬂeret.
748 444 980 515 Cumque
1005 452 1342 513 compertum
1371 451 1516 499 esset
1537 442 1592 497 in
1620 445 1669 507 Α
1697 459 1728 500 ι
1754 444 1940 501 multis
1963 446 2029 502 de
2058 461 2155 501 sua
2178 454 2338 517 gente
2367 447 2818 517 comprehensus,
2847 458 2902 503 et
2926 450 2995 504 ab
3017 466 3160 521 equo
3183 466 3286 506 suo

95 547 262 604 civitate
299 537 528 595 comitem
576 546 640 592 et
687 537 1038 593 Boimundum
1081 535 1326 602 abesse,.
1353 534 1596 590 assultus

95 638 240 706 solitos
260 633 589 699 incmperunt.
627 626 813 684 Nostri
848 638 1022 682 autem
1042 668 1058 694 ,
1086 625 1250 682 nimis
1280 634 1481 682 temere
1515 634 1598 680 at-

93 743 173 801 que
195 723 464 780 inordinate
495 721 806 792 progressi,
839 718 1061 790 turpiter
1089 717 1198 773 fusi
1227 727 1390 790 atque
1425 715 1597 789 fugati

93 826 202 886 sunt.
223 814 440 886 Cumque
457 810 543 867 die
561 821 768 883 quarto
793 825 969 866 comes
1003 817 1058 865 et
1087 809 1446 876 Boimundus,
1471 824 1598 865 cum

92 905 372 965 multitudine
399 903 656 970 maxima,
689 919 720 958 a
756 912 905 973 portu
948 911 1370 970 reverterentur,
1401 917 1433 958 a
1457 901 1598 957 Tur-

90 1002 147 1056 ris
167 996 393 1069 explorati
422 1004 576 1060 sunt;
627 995 800 1051 nost'ai
842 1001 1020 1050 autem
1064 994 1184 1050 solo
1224 995 1459 1051 tumultu
1496 1011 1598 1052 suo

87 1096 222 1154 securi
243 1108 353 1150 csse
370 1091 792 1163 arbitrabantur.
832 1089 935 1146 Sed
964 1106 1064 1147 cur
1088 1090 1337 1162 pluribus
1374 1089 1602 1146 moror?

87 1188 266 1260 Yentum
296 1192 373 1242 est
408 1181 472 1238 ad
505 1197 747 1254 pugnam
779 1201 792 1236 :
825 1180 1004 1238 Nostri
1035 1191 1218 1238 autem
1261 1190 1411 1253 terga
1437 1181 1600 1237 dede-

85 1290 196 1336 runt.
225 1275 543 1334 Perdidimus
574 1274 668 1329 ubi
708 1290 880 1345 usque
901 1273 970 1329 ad
1012 1282 1286 1330 trecentos
1311 1273 1596 1340 homines;

89 1379 301 1442 quantum
344 1381 469 1422 vero
521 1365 824 1436 spoliorum
866 1374 921 1422 et
973 1380 1253 1422 armorum
1281 1406 1297 1431 ,
1354 1381 1463 1420 non
1516 1371 1603 1420 est

82 1470 280 1536 nostrum
307 1458 503 1524 dicere,
542 1458 784 1529 dumque
809 1472 962 1513 more
1004 1457 1273 1529 pecudum
1311 1473 1406 1528 per
1438 1473 1600 1512 mon-

79 1565 140 1608 tes
183 1561 228 1608 et
267 1550 486 1621 abrupta
532 1566 765 1623 quaeque
814 1550 1212 1605 trucidaremur
1267 1560 1323 1605 et
1375 1547 1598 1605 collide-

77 1627 249 1708 remur,
289 1641 340 1695 hi
377 1640 442 1695 de
487 1641 686 1696 castris
737 1640 988 1696 hostibus
1033 1640 1251 1696 obviam
1307 1637 1601 1710 procedere

74 1741 336 1803 torperent:
370 1731 561 1802 sicque
595 1730 798 1786 factum
829 1741 916 1789 est
950 1740 1009 1787 ut
1041 1747 1072 1786 a
1108 1731 1253 1788 caede
1276 1729 1597 1802 fugientium

70 1829 412 1878 revocarentur.
453 1821 600 1888 Quid
636 1823 834 1894 igitur,
863 1811 1086 1877 Domine
1117 1822 1299 1879 Deus?
1324 1823 1379 1876 in
1405 1822 1598 1876 castris

67 1918 156 1968 rirti
173 1923 307 1979 sunt;
328 1923 376 1968 et
404 1913 459 1967 hi
481 1912 590 1967 duo
619 1915 840 1968 maximi
863 1915 1125 1984 principes
1153 1915 1207 1968 in
1229 1914 1462 1969 exercitu
1487 1921 1599 1980 tuo,

67 2019 178 2060 utra
213 2015 375 2058 castra
411 2005 538 2058 ricti
569 2005 730 2058 sunt!
764 2006 843 2058 An
879 2006 948 2059 ad
983 2014 1162 2059 castra
1198 2004 1459 2074 fugiemus
1483 2003 1508 2056 ?
1533 2019 1602 2056 an

65 2100 103 2164 lii
123 2100 172 2152 de
194 2098 367 2152 castris
394 2097 464 2151 ad
494 2114 591 2155 nos
607 2099 634 2152 ἔ)
659 2097 898 2169 Exsurge
917 2107 967 2152 et
991 2098 1186 2169 adjuva
1216 2113 1332 2162 nos,
1358 2095 1600 2161 Domine,

64 2197 228 2256 propter
258 2203 439 2241 nomen
477 2196 630 2240 tuum
660 2185 832 2256 (Psal.
867 2189 1041 2258 mu).
1078 2186 1232 2252 Quod
1257 2187 1305 2239 si
1332 2187 1387 2242 in
1410 2185 1601 2241 castris

63 2281 258 2334 rescitum
284 2288 359 2334 est
399 2279 544 2350 quod
583 2279 849 2349 principes
886 2279 1012 2332 victi
1032 2279 1163 2346 sint,
1194 2276 1272 2333 vel
1304 2278 1352 2332 si
1383 2293 1476 2332 nos
1507 2292 1602 2331 ca-

61 2372 286 2424 strensittm
310 2371 491 2441 fugam
519 2386 677 2424 nosse
713 2370 1018 2441 contigerit,
1048 2370 1342 2426 communis
1367 2369 1602 2424 omnium

60 2464 151 2533 fuga
169 2463 264 2531 ﬁet.
295 2461 546 2518 Surrexit
573 2463 760 2534 itaque
789 2462 1006 2533 adjutor
1032 2462 1086 2517 in
1115 2462 1601 2534 opportunitatibus

59 2554 260 2608 Dominus
285 2553 457 2625 (Psal.
491 2555 598 2622 ix),
631 2564 795 2625 atque
822 2553 944 2610 illos
970 2569 1112 2626 quos
1140 2554 1294 2625 prius
1322 2553 1598 2620 truderat,

57 2645 217 2714 priores
249 2645 297 2700 in
337 2661 588 2718 pugnam
625 2644 908 2700 animavit.
944 2642 1150 2700 Videns
1189 2644 1356 2716 igitur
1385 2642 1603 2699 Cassia-

56 2751 160 2800 nus,
184 2736 266 2807 qui
294 2736 537 2792 civitatis
571 2744 756 2791 rector
780 2743 926 2802 erat,
958 2744 1014 2792 et
1049 2745 1363 2792 nostrorum
1395 2733 1601 2804 spolia,

55 2838 93 2884 et
113 2845 307 2884 suorum
330 2828 628 2884 victoriam
650 2871 664 2895 ,
694 2837 748 2884 et
775 2829 954 2884 adhuc
987 2827 1354 2900 quorumdam
1382 2834 1603 2882 nostro-

58 2937 149 2975 rum
174 2920 441 2976 audaciam
469 2965 484 2988 ,
510 2920 722 2977 milites
749 2930 802 2977 et
839 2921 1047 2993 pedites
1077 2936 1211 2991 suos
1239 2935 1430 2986 omnes
1459 2918 1601 2985 emi-

55 3014 126 3080 sit;
156 3023 300 3086 atque
327 3015 377 3069 in
415 3030 578 3086 spem
610 3000 856 3080 victoriae
885 3014 1176 3085 adductus,
1207 3023 1392 3085 portas
1415 3012 1604 3072 οἰγίιτιτ

1697 533 1974 603 deiectus,
2006 534 2061 588 in
2106 535 2286 591 medio
2327 535 2569 592 ﬂuminis
2617 539 2849 595 obrutus
2888 548 2972 594 est
3013 557 3140 598 cum
3194 541 3285 597 illa

1698 625 2046 680 multitudine
2089 641 2212 697 quae
2256 642 2382 682 eum
2433 629 2880 699 apprehenderat.
2923 627 3115 701 Operae
3158 648 3283 702 pre-

1699 715 1835 772 tium
1856 725 1940 772 est
1970 716 2171 773 vidisse
2193 719 2458 788 quosdam
2490 734 2756 790 pauperes
2783 736 2812 776 a
2835 721 3068 778 victoria
3100 738 3284 778 rever-

1699 815 1908 875 tentes;
1946 807 2037 862 alii
2080 825 2316 880 namque
2357 810 2498 867 intra
2547 813 2778 867 tentoria
2824 814 2877 867 in
2913 815 3072 884 equis
3112 813 3283 878 variis

1698 899 2104 966 discurrentes,
2132 901 2516 957 relevationem
2565 919 2681 960 sua:
2734 907 3072 977 paupertatis
3118 907 3284 973 sociis

1699 991 2089 1058 ostendebant;
2135 993 2230 1048 alii
2277 1003 2458 1049 autem
2502 995 2717 1053 duobus
2768 999 2852 1053 vel
2896 1000 3072 1055 tribus
3111 1001 3284 1056 induti

1700 1085 1892 1142 sericis
1934 1085 2306 1154 vestimentis,
2335 1087 2644 1160 largitorem
2689 1091 2930 1148 victoria:
2957 1102 3011 1147 et
3045 1095 3286 1151 muneris

1702 1175 1872 1232 Deum
1921 1176 2372 1245 magnilicabant;
2406 1180 2498 1234 alii
2547 1197 2676 1237 vero
2722 1184 2897 1240 tribus
2944 1185 3028 1240 vel
3054 1195 3281 1256 quatuor

1701 1268 1899 1324 muniti
1943 1269 2168 1340 clypeis,
2202 1270 2447 1326 victoria:
2485 1288 2600 1329 suae
2645 1275 2984 1348 triumphum
3035 1278 3280 1333 alacriter

1701 1361 2126 1432 praetendebant.
2174 1361 2424 1434 Dumque
2468 1363 2555 1421 his
2603 1375 2658 1421 et
2706 1368 2827 1424 aliis
2875 1371 3285 1426 ostentamenti.

1703 1452 1864 1508 ﬂdem
1905 1453 2206 1525 magniﬁca:
2247 1455 2492 1511 victoriae
2531 1457 2690 1514 nobis
2738 1461 3172 1530 persuasissent,
3223 1460 3292 1516 de

1704 1543 2052 1600 multitudine
2090 1546 2502 1603 interfectorum
2550 1551 2782 1606 suadere
2825 1569 2934 1606 non
2974 1563 3289 1623 potuerunt.

1702 1633 1975 1702 Quoniam
2025 1636 2252 1693 victoria
2298 1639 2403 1693 sub
2445 1648 2606 1696 nocte
2654 1641 2838 1696 habita
2873 1651 2978 1710 est,
3022 1658 3292 1698 caesorum

1705 1730 1881 1800 capita
1917 1729 1988 1784 ad
2015 1739 2197 1786 castra
2229 1731 2405 1786 delata
2434 1747 2543 1786 non
2571 1742 2718 1788 sunt.
2747 1731 2996 1804 Cumque
3033 1734 3296 1804 postridie

1701 1830 1944 1878 castrum
1974 1830 2101 1877 ante
2131 1831 2351 1893 pontem
2384 1823 2602 1879 illorum
2631 1825 3028 1893 aedificaretur,
3063 1827 3118 1880 in
3153 1827 3298 1882 vallo

1701 1913 1924 1984 quidam
1955 1913 2023 1969 de
2048 1912 2243 1970 Turcis
2272 1916 2473 1986 reperti
2499 1924 2656 1983 sunt;
2682 1924 2802 1971 erat
2834 1918 2982 1971 enim
3017 1932 3179 1972 mons
3208 1917 3298 1972 ille

1703 2005 1757 2061 in
1799 2006 2138 2076 sepulturam
2170 2005 2623 2063 Sarracenorum.
2676 2007 2752 2062 Ex
2786 2008 2873 2064 bis
2911 2008 3076 2079 igitur
3105 2023 3298 2064 eorum

1703 2099 1983 2170 provocati
2017 2115 2306 2171 pauperes,
2344 2100 2531 2155 omnia
2572 2116 2761 2156 eorum
2800 2111 3153 2156 monumenta
3184 2100 3298 2158 fre-

1703 2202 1915 2263 gerunt.
1943 2191 2168 2249 Eﬂ‘ossis
2190 2194 2373 2264 itaque
2399 2193 2616 2261 Turcis,
2645 2194 2824 2264 qualis
2849 2194 3081 2251 victoria
3112 2195 3303 2262 fuerit,

1703 2285 1840 2340 nulli
1893 2284 2124 2340 dubium
2163 2285 2285 2341 fuit.
2329 2285 2575 2357 Namque
2605 2289 2875 2342 numerati
2919 2298 3049 2344 sunt
3084 2289 3302 2345 circiter

1702 2379 1852 2436 mille
1882 2379 2195 2450 quingenti;
2224 2390 2380 2435 taceo
2412 2379 2578 2435 modo
2613 2363 2667 2436 et
2707 2381 2762 2436 in
2793 2381 3011 2437 civitate
3035 2381 3298 2452 sepultos,

1701 2480 1758 2527 et
1785 2471 1839 2525 in
1866 2471 2090 2526 ﬂumine
2137 2479 2361 2526 tractos.
2393 2471 2530 2526 Cum
2554 2481 2735 2528 autem
2766 2471 2936 2529 fetore
2973 2472 3301 2528 intolerabili

1704 2562 2082 2620 laborantibus
2133 2563 2188 2618 in
2239 2565 2464 2620 castello
2516 2565 2858 2622 obstitissent
2907 2566 3208 2634 cadavera,
3239 2565 3298 2620 in

1704 2654 1929 2710 ﬂumine
1955 2655 2197 2726 proiecta
2234 2665 2383 2712 sunt.
2423 2655 2614 2712 Nautaa
2643 2672 2806 2724 vero,
2838 2657 2933 2728 qui
2961 2657 3014 2712 in
3047 2655 3174 2728 fuga
3204 2669 3300 2712 co-

1706 2749 1858 2804 mitis
1886 2756 1942 2804 et
1977 2746 2269 2804 Boimundi
2301 2749 2534 2821 dispersi
2564 2759 2619 2805 et
2647 2750 2917 2805 vulnerati
2953 2747 3204 2816 fuerant,
3232 2747 3302 2804 de

1705 2840 1937 2897 victoria
1985 2841 2167 2897 adhuc
2213 2857 2325 2914 prae
2378 2843 2571 2898 timore
2618 2842 2960 2898 dubitabant.
3005 2840 3070 2895 Hi
3116 2849 3300 2896 autem

1705 2933 1951 2989 videntes
1999 2942 2208 2989 tantam
2262 2934 2701 3002 multitudinem,
2751 2934 2912 3006 quasi
2953 2933 3021 2988 de
3061 2933 3303 3004 quadam

1706 3022 2056 3079 multitudine
2086 3023 2531 3080 convalescentes
2552 3065 2568 3090 ,
2611 3023 2781 3080 Deum
2814 3023 3166 3095 magnificare
3191 3037 3306 3078 coe-

55 3105 106 3158 tis
121 3115 220 3174 post
235 3121 358 3163 suos
381 3105 809 3195 recludijussit,
828 3106 1161 3162 denuntians
1190 3105 1458 3160 militibus
1486 3103 1604 3160 suis
1632 3145 1674 3202 ϐ
1707 3125 1903 3186 pel-un;
1920 3158 1936 3185 ν
1965 3116 2060 3187 qui
2100 3116 2242 3173 alios
2273 3131 2406 3173 suos
2453 3116 2728 3190 con-igere
2773 3124 2827 3172 ει
2865 3116 3140 3171 [minare
3167 3130 3304 3171 con-

54 3197 208 3252 sincere
218 3197 286 3253 uel
301 3200 455 3254 mori.
470 3183 696 3254 Interea
710 3198 882 3255 nostri
899 3198 1184 3270 paulatim,
1199 3207 1251 3253 et
1262 3212 1361 3268 pro
1375 3196 1604 3268 imperio

55 3291 315 3360 procedere;
341 3291 545 3348 Turcze
569 3303 758 3348 autem
781 3292 1109 3356 discurrere,
1134 3291 1415 3362 sagittare,
1442 3289 1606 3346 nimis

54 3377 258 3446 audacter
284 3380 615 3449 incurrere;
650 3389 707 3435 at
736 3380 908 3436 nostri
934 3377 1205 3435 interdum
1237 3378 1604 3450 patiebantur,

54 3469 149 3523 dum
190 3470 419 3529 densatis
469 3473 768 3528 incurrere
807 3481 1066 3543 possent,
1109 3486 1209 3525 nec
1242 3469 1310 3524 ad
1338 3470 1603 3541 impetum

52 3575 195 3614 mrum
223 3563 676 3618 retardabantur.
707 3561 916 3618 Tantus
953 3577 1082 3617 vero
1103 3560 1284 3617 luctus
1309 3571 1363 3617 et
1399 3546 1608 3618 clamor

51 3652 92 3704 in
110 3654 276 3710 castris
318 3656 386 3711 ad
417 3653 606 3711 Deum
655 3665 776 3711 erat
817 3664 878 3711 ut
918 3647 1194 3710 aﬂluentia
1235 3655 1604 3728 lacrymarum

51 3740 122 3796 Dei
153 3744 388 3813 pietatem
439 3746 889 3803 descendendam
935 3755 1176 3817 putares.
1214 3745 1464 3818 Cumque
1488 3747 1606 3818 jam

49 3834 249 3890 cominus
267 3851 352 3892 res
373 3837 625 3909 gerenda
651 3835 809 3903 foret,
835 3837 1054 3910 quidam
1080 3836 1341 3894 lsuardus
1363 3837 1520 3893 miles
1541 3837 1608 3894 de

51 3922 196 3997 Gagia,
220 3909 581 3998 provincialis
615 3909 1014 3998 nobilissimus,
1041 3945 1168 3986 cum
1199 3939 1420 3987 centum
1447 3929 1608 4001 quin-

47 4021 254 4101 quaginta
279 4023 586 4093 peditibus,
624 4023 878 4079 invocato
907 4023 1037 4091 Deo,
1069 4024 1299 4095 genibus
1321 4023 1498 4090 ﬂexis,
1524 4039 1610 4079 so-

49 4112 134 4167 cios
148 4113 378 4171 hortatus
399 4126 512 4183 est,
544 4115 778 4172 dicens:
804 4115 930 4183 Eia,
959 4116 1152 4170 milites
1177 4116 1410 4187 Christi!
1431 4116 1608 4186 Atque

46 4205 248 4263 hostibus
274 4210 514 4264 incurrit
551 4229 565 4263 :
601 4207 853 4264 similiter
897 4219 950 4264 et
973 4209 1094 4264 alite
1123 4208 1269 4265 acies
1300 4216 1502 4265 nostra:
1523 4209 1608 4263 in-

48 4310 245 4356 currunt.
283 4300 544 4358 Hostium
597 4301 781 4372 itaque
826 4302 1080 4373 superbia
1122 4302 1408 4368 turbatur;
1449 4310 1606 4371 porta

47 4391 189 4446 clausa
217 4403 294 4450 cst
315 4439 328 4460 ,
359 4404 416 4451 et
448 4411 603 4466 pons
643 4395 899 4480 strictus,
926 4394 1125 4450 ﬂuvius
1152 4410 1278 4449 vere
1307 4394 1603 4448 maximus.

1707 3210 1902 3266 suevit.
1942 3209 2035 3266 Sic
2058 3210 2241 3281 itaque
2270 3209 2366 3270 Dei
2397 3210 2760 3282 dispositione
2788 3220 2970 3265 actum
3012 3218 3096 3265 est
3122 3217 3182 3264 ut
3209 3208 3304 3278 qui

1705 3298 2025 3354 victualium
2069 3299 2451 3366 conductores,
2484 3300 2538 3354 in
2572 3299 2754 3354 littore
2793 3309 2848 3354 et
2889 3298 3025 3369 ripis
3057 3297 3303 3353 ﬂuminis

1707 3397 2039 3459 peremptos,
2072 3387 2204 3444 feris
2227 3397 2284 3444 et
2306 3388 2622 3444 volucribus
2647 3387 2928 3454 dederant,
2961 3387 3015 3442 in
3039 3387 3176 3443 locis
3197 3386 3309 3442 eis—

1707 3480 1831 3536 dem
1859 3479 1990 3536 feris
2016 3490 2072 3536 et
2112 3480 2432 3536 volucribus
2471 3480 2726 3536 victualia
2775 3480 2987 3536 ﬂerent.
3021 3479 3306 3535 Celebrate

1710 3572 1892 3643 itaque
1913 3581 1968 3628 et
1992 3573 2213 3644 cognita
2236 3571 2486 3640 victoria,
2511 3581 2567 3628 et
2587 3581 2770 3629 castro
2793 3572 3081 3639 aedificato,
3112 3571 3306 3627 civitas

1708 3666 2011 3723 Antiochiae
2033 3682 2064 3722 a
2097 3667 2468 3738 septentrione
2501 3675 2556 3722 et
2585 3666 2812 3721 meridie
2841 3665 3071 3720 obsessa
3100 3672 3204 3720 est.

2313 3757 2544 3814 CAPUT
2601 3757 2695 3814 XI.

1779 3849 2104 3907 Consultum
2133 3858 2220 3907 est
2240 3865 2307 3906 eo
2335 3859 2580 3922 tempore
2608 3849 2733 3922 quis
2761 3849 2829 3905 de
2863 3847 3203 3919 principibus
3236 3846 3306 3902 ad

1708 3941 2129 3998 custodiendum
2172 3950 2420 3998 castrum
2462 3940 2699 4012 migrare
2742 3938 3054 4010 potuisset,
3104 3935 3308 4007 quippe

1710 4049 1790 4087 res
1821 4033 2114 4086 communis
2142 4031 2385 4102 pluribus
2408 4031 2704 4101 frequenter
2729 4028 3035 4099 negligitur,
3058 4027 3186 4082 dum
3207 4025 3307 4081 alii

1708 4117 1774 4172 ab
1814 4118 1940 4172 aliis
1987 4119 2245 4172 custodiri
2283 4135 2401 4173 eam
2441 4117 2794 4172 arbitrantur.
2830 4111 3080 4188 Dumque
3110 4116 3205 4172 alii
3237 4117 3308 4172 de

1708 4207 2070 4280 principibus,
2099 4208 2259 4280 quasi
2284 4224 2385 4279 pro
2409 4206 2679 4274 mercede,
2703 4207 2928 4278 vigilum
2958 4206 3216 4278 suﬂ‘ragia
3235 4208 3308 4263 ab

1709 4299 1834 4356 aliis
1862 4308 2190 4370 quaererent,
2226 4313 2433 4366 comes,
2460 4306 2656 4370 praeter
2686 4314 2914 4354 suorum
2945 4298 3305 4366 voluntatem,

1707 4393 1874 4449 castri
1904 4393 2210 4450 custodiam
2235 4392 2496 4464 arripuit,
2525 4392 2690 4448 simul
2717 4401 2778 4448 ut
2803 4391 3070 4447 desidiam
3092 4399 3147 4446 et
3168 4405 3308 4446 ava-

47 4478 154 4545 Quid
187 4484 378 4556 igitur?
422 4488 626 4542 hostes
656 4478 883 4543 turbati
907 4493 1362 4558 prosternuntur,
1407 4494 1463 4540 et
1502 4501 1605 4539 caa-
1641 4492 1683 4547 D
1711 4483 1891 4540 ritiam
1920 4495 2241 4553 excusaret,
2272 4492 2327 4542 et
2355 4483 2562 4557 vigoris
2599 4491 2764 4555 atque
2797 4481 3102 4554 prudentia:
3133 4480 3302 4537 semi-

42 4571 231 4643 duntur,
253 4588 306 4633 et
339 4580 498 4634 saxis
535 4579 598 4632 in
637 4577 861 4634 ﬂumine
891 4579 1230 4645 obruuntur,
1257 4575 1383 4648 fuga
1418 4584 1602 4630 autem

47 4665 158 4721 nulla
177 4680 330 4738 patet.
355 4670 524 4739 Quod
567 4671 676 4726 nisi
713 4671 1012 4727 Cassianus
1033 4671 1215 4742 pontis
1238 4678 1452 4740 portam
1477 4683 1606 4739 ape-

42 4759 234 4828 ruisset,
262 4758 349 4819 illa
385 4764 480 4819 die
514 4763 592 4818 de
624 4762 914 4818 Antiochia
956 4777 1145 4833 pacem
1194 4760 1600 4817 habuissemus.

43 4850 198 4908 Audivi
255 4872 354 4927 ego
383 4871 415 4911 a
448 4855 682 4921 multis,
709 4855 805 4924 qui
837 4855 911 4911 ibi
941 4854 1182 4920 fuerunt,
1213 4854 1359 4925 quod
1386 4852 1607 4924 triginta

41 4939 209 5019 'l'urcos
232 4958 283 5004 et
303 4949 582 5020 amplius,
609 4947 674 5002 de
701 4956 865 5018 ponte
893 4947 1127 5018 sumptis
1155 4945 1512 5017 spondalibus
1547 4945 1603 4999 in

43 5034 223 5093 ﬂumine
245 5039 598 5106 obruissent.
630 5039 842 5094 Claruit
886 5039 958 5094 ibi
985 5039 1229 5093 multum
1261 5038 1371 5092 dux
1399 5036 1603 5091 Lotba-

38 5126 208 5199 ringize.
242 5129 341 5186 llic
369 5145 630 5201 namque
658 5131 843 5187 hostes
873 5131 938 5187 ad
967 5139 1186 5202 pontem
1217 5129 1498 5201 praevenit,
1522 5137 1605 5182 at-

39 5233 118 5285 que
140 5236 356 5280 ascenso
382 5223 574 5296 gradu
608 5223 886 5279 venientes
917 5240 1013 5296 per
1038 5222 1278 5278 medium
1305 5221 1599 5277 dividebat.

37 5307 273 5371 Cclebrata
318 5317 512 5388 itaque
544 5315 784 5372 victoria
817 5331 941 5371 cum
978 5317 1182 5388 ingenti
1217 5315 1602 5382 exsultatione,

39 5411 78 5452 et
98 5406 261 5462 multis
301 5410 538 5479 spoliis,
569 5417 628 5463 et
662 5409 819 5480 equis
855 5409 1070 5476 multis,
1099 5408 1273 5464 nostri
1315 5408 1382 5463 ad
1419 5420 1598 5463 castra

39 5496 240 5556 redeunt.
280 5499 534 5572 Contigit
577 5501 653 5555 ibi
703 5501 974 5571 quoddam
1022 5500 1401 5566 memorabile,
1454 5499 1599 5571 quod

41 5583 207 5641 utinam
235 5591 326 5659 qui
365 5605 474 5644 nos
502 5587 632 5644 suis
661 5599 1064 5660 prosequuntur
1099 5591 1262 5656 votis,
1295 5590 1480 5645 videre
1504 5605 1597 5661 po-

40 5677 262 5738 tuissent!
293 5682 543 5753 Quidam
581 5683 734 5737 cnim
760 5699 945 5740 eorum
983 5702 1148 5756 eques
1169 5728 1183 5750 ,
1212 5685 1409 5740 timore
1447 5700 1596 5738 mor-

41 5768 238 5856 tis,dum
267 5793 519 5846 praeceps
563 5774 896 5845 profundum
928 5777 1166 5834 ﬂuminis
1199 5777 1595 5851 ingrederetur,

1705 4588 1820 4636 tam
1865 4579 2208 4651 torpentibus
2248 4579 2671 4634 demonstraret.
2719 4575 2966 4647 Namque
3015 4573 3306 4646 praeterita:

1706 4674 1913 4730 aestatis
1939 4672 2090 4744 gravi
2135 4686 2202 4727 ac
2227 4671 2492 4727 diuturno
2543 4671 2737 4726 morbo
2766 4669 3026 4740 fatigatus
3051 4709 3067 4730 .
3090 4675 3144 4722 et
3170 4665 3310 4722 adeo

1653 4755 1658 4758 ’
1707 4764 1891 4820 mollis
1918 4780 2016 4836 per
2044 4772 2218 4820 totam
2250 4763 2488 4819 hiemem
2512 4761 2724 4829 fuerat,
2750 4770 2810 4817 ut
2840 4776 2941 4817 nec
2964 4759 3032 4815 ad
3061 4758 3300 4814 militan-

1708 4855 1874 4923 dum,
1907 4871 2009 4911 nec
2044 4855 2113 4912 ad
2151 4855 2494 4927 largiendum
2528 4862 2816 4926 promptus
2848 4868 2970 4908 esse
2997 4851 3304 4917 diceretur,

1707 4957 1764 5004 et
1802 4949 1926 5004 licet
1961 4949 2165 5016 multa,
2189 4949 2319 5019 quia
2361 4949 2517 5019 plura
2545 4961 2708 5018 posse
2731 4945 3087 5010 credebatur,
3122 4943 3307 4998 nullus

1705 5056 1830 5097 esse
1864 5043 2210 5097 credebatur.
2269 5040 2437 5112 igitur
2474 5047 2672 5096 nactus
2712 5037 2856 5092 hanc
2892 5035 3300 5102 difﬁcultatem,

1711 5134 1919 5190 scilicet
1943 5135 2226 5190 materiam
2264 5133 2502 5200 virtutis,
2531 5138 2744 5186 tantam
2767 5129 3014 5186 omnium
3045 5127 3302 5183 invidiam

1709 5241 1907 5296 passus
1934 5237 2019 5282 est
2045 5235 2104 5281 ut
2133 5242 2270 5297 pene
2299 5241 2330 5280 a
2368 5225 2484 5281 suis
2510 5222 2740 5295 privatis
2767 5220 3181 5277 dissociaretur.
3211 5217 3303 5273 ln-

1709 5329 1857 5376 terea
1899 5320 2030 5376 dum
2080 5335 2267 5375 comes
2312 5319 2429 5374 haec
2470 5317 2715 5390 negligit,
2748 5329 2978 5387 sperans
3013 5314 3198 5370 hostes
3236 5311 3305 5367 de

1710 5413 1929 5468 civitate
1963 5411 2205 5466 maxima
2245 5427 2312 5466 ex
2357 5421 2509 5482 parte
2541 5422 2838 5480 oppressos
2859 5449 2874 5475 ,
2905 5407 3052 5463 illico
3093 5404 3303 5476 fugitu-

1709 5520 1829 5571 ros,
1856 5505 2095 5575 quodam
2125 5503 2365 5559 diluculo
2399 5502 2469 5556 ab
2507 5501 2762 5558 hostibus
2795 5499 3168 5555 circumdatus
3194 5504 3299 5552 est.

1708 5594 1918 5650 Claruit
1946 5595 2020 5649 ibi
2053 5610 2312 5667 magnum
2341 5591 2542 5650 divina
2565 5591 2920 5665 protectionis
2950 5588 3300 5653 miraculum,

1709 5685 1859 5758 quod
1886 5687 2168 5757 sexaginta
2194 5687 2298 5740 viri
2327 5686 2395 5742 de
2424 5684 2632 5742 nostris
2651 5726 2667 5751 ,
2697 5696 2934 5754 pugnam
2965 5678 3312 5744 Sarracenos

1712 5795 1840 5832 rum
1880 5788 2084 5848 septem
2119 5778 2350 5835 millium
2386 5781 2794 5849 sustinuerunt,
2827 5781 3010 5846 atque,
3035 5784 3144 5841 quo
3177 5783 3314 5840 αλλ-τ,
