3846 6306
492 313 597 369 607

1067 306 1159 363 AD
1195 304 1646 364 GODEFRIDUM
1681 304 1975 363 APPEND.
2015 305 2081 363 Il.
2123 340 2189 349 -—
2229 307 2504 367 MONUM.
2545 304 2636 363 DE
2669 300 2895 362 BELLO
2932 305 3181 364 SACRO.
3660 311 3742 370 608

489 431 574 505 gis
609 429 814 485 mirum
855 425 935 494 tit,
979 424 1273 497 praeteritis
1310 422 1506 482 diebus
1545 422 1718 478 imber
1753 423 2081 479 immodera-
2111 429 2154 486 Α
2186 435 2449 499 prompta
2493 441 2620 482 cum
2665 425 2930 482 fratribus
2970 433 3027 483 et
3074 440 3177 496 pro
3230 422 3494 483 fratribus
3536 427 3740 498 pericula

490 531 603 589 tus,
637 529 839 579 terram
868 525 1143 575 recentem
1172 514 1583 582 humefactans,
1605 514 1810 570 vallum
1835 515 1962 570 novi
1990 530 2086 571 ca-

491 616 635 674 stelli
680 614 1072 684 compleverat.
1121 609 1323 680 Sicque
1366 609 1553 665 hostes
1600 607 1751 663 nulla
1786 607 1963 676 invia,
1993 607 2088 664 sed

492 709 612 766 sola
635 709 809 764 virtus
836 705 933 762 Dei
965 692 1448 761 retardabaL'Non
1484 700 1724 756 arbitror
1751 699 1916 755 modo
1944 715 2086 771 quo-

491 800 747 858 rumdam
772 798 1004 854 militum
1029 806 1343 851 nostrorum
1371 792 1643 865 egregiam
1671 794 1931 848 virtutem
1954 792 2090 848 reti-

496 894 748 958 cendam,
777 889 873 962 qui
899 886 1158 960 praeventi
1185 886 1255 942 ab
1280 884 1540 952 inimicis,
1570 885 1703 941 dum
1733 901 1925 941 eorum
1946 901 2089 957 pon-

498 993 608 1040 tem
635 982 982 1048 custodiunt,
1027 979 1096 1035 ad
1142 978 1427 1034 castellum
1466 976 1718 1049 refugere
1766 993 1877 1034 non
1924 987 2089 1049 potu-

495 1084 690 1143 erunt;
718 1075 905 1130 aberat
929 1071 1076 1128 enim
1099 1069 1386 1128 castellum
1413 1085 1445 1126 a
1466 1078 1629 1140 ponte
1658 1069 1901 1136 illorum,
1928 1068 2090 1139 quasi

491 1168 643 1238 jactu
693 1165 857 1221 unius
907 1163 1139 1235 sagittae.
1186 1160 1360 1235 Igitur
1400 1162 1456 1216 hi
1499 1160 1742 1227 milites,
1777 1160 1924 1217 facto
1956 1175 2090 1233 gyro

495 1258 639 1315 inter
668 1256 912 1312 hostium
946 1254 1350 1314 multitudinem
1372 1294 1388 1321 ,
1416 1251 1485 1309 ad
1514 1253 1775 1325 angulum
1802 1252 2089 1324 cujusdam

492 1349 686 1407 vicina:
700 1350 899 1406 domus
930 1355 1316 1421 pervenerunt,
1350 1345 1535 1417 ibique
1561 1345 1803 1401 hostium
1828 1344 2089 1416 impetus,

489 1451 550 1498 et
569 1443 895 1514 sagittarum
921 1442 1153 1509 rabiem,
1179 1450 1236 1497 et
1260 1454 1520 1496 saxorum
1549 1437 1790 1509 undique
1810 1438 2090 1509 nebulam,

491 1534 726 1591 viriliter
748 1542 804 1591 et
834 1533 1185 1605 imperterriti
1225 1532 1587 1589 sustulerunt.
1624 1528 1837 1587 Interea
1877 1531 2092 1588 sonitus

492 1641 692 1697 pugna:
714 1626 935 1681 auditus
973 1625 1029 1680 in
1057 1623 1256 1681 castris
1284 1630 1506 1679 nostros
1535 1621 1754 1689 excivit,
1785 1622 1975 1693 sicque
1999 1636 2094 1678 ca-

493 1731 672 1779 strum
701 1719 772 1774 ab
815 1717 1072 1774 hostibus
1110 1716 1403 1772 liberatum
1443 1725 1557 1783 est;
1590 1722 1645 1772 et
1687 1714 1816 1771 licet
1853 1730 1884 1770 a
1933 1716 2094 1788 longe

2188 521 2395 589 subire,
2424 520 2684 588 venisset,
2709 519 2939 591 quidam
2981 518 3049 575 de
3101 517 3358 575 Turcatis
3409 518 3505 590 qui
3555 533 3663 579 erat
3700 526 3741 584 in

2188 614 2430 681 civitate,
2463 629 2560 684 per
2586 613 2957 669 Boimundum
2997 610 3343 683 principibus
3373 612 3644 671 mandavit
3664 633 3744 673 no-

2186 709 2341 776 stris,
2359 707 2505 779 quod
2539 706 2816 763 civitatem
2847 705 3007 763 nobis
3034 705 3307 761 redderet.
3332 702 3504 776 Igitur
3528 720 3742 763 commu-

2188 801 2372 856 nicato
2416 800 2650 857 consilio
2700 799 3013 871 principes,
3061 796 3434 855 Boimundum
3480 806 3535 854 et
3580 798 3741 856 ducem

2190 892 2591 966 Lotharingiaz,
2618 902 2674 949 et
2700 892 3101 948 Flandrensem
3141 890 3424 958 comitem,
3451 890 3519 946 ad
3544 890 3648 947 base
3667 907 3742 947 er-

2189 985 2447 1058 perienda
2485 984 2779 1040 miserunt.
2810 982 3062 1055 Cumque
3084 998 3182 1055 per
3206 982 3453 1038 medium
3485 983 3649 1039 noctis
3666 1000 3740 1039 ve-

2190 1078 2422 1142 nissent,
2452 1074 2521 1130 ad
2559 1075 2757 1130 collem
2793 1072 3054 1140 civitatis,
3096 1071 3368 1129 remissus
3413 1071 3741 1130 internuntius

2191 1169 2262 1224 ab
2284 1183 2349 1224 eo
2371 1167 2468 1239 qui
2501 1167 2776 1223 civitatem
2809 1166 3089 1234 reddebat,
3113 1164 3251 1221 dixit
3275 1183 3290 1221 :
3317 1163 3623 1234 Exspectate
3638 1164 3743 1220 dum

2190 1261 2399 1331 lampas
2446 1267 2701 1315 transeat.
2738 1257 2953 1315 Etenim
2982 1266 3097 1315 tres
3136 1257 3240 1313 viri
3269 1255 3356 1312 vel
3388 1264 3616 1327 quatuor
3640 1272 3742 1320 cum

2191 1351 2536 1423 lampadibus
2565 1364 2663 1421 per
2693 1365 2885 1405 muros
2926 1347 3167 1405 civitatis
3218 1354 3337 1403 tota
3378 1354 3539 1402 nocte
3585 1361 3747 1417 perge-

2193 1446 2327 1502 bant
2375 1443 2668 1501 excitando
2701 1452 2756 1499 et
2804 1441 3208 1499 commonendo
3249 1439 3467 1511 vigiles.
3503 1437 3625 1495 Post
3652 1440 3748 1496 hac

2194 1547 2380 1595 autem
2414 1537 2921 1608 appropinquantes
2958 1534 3027 1590 ad
3056 1548 3303 1600 murum,
3335 1539 3394 1587 et
3412 1540 3587 1588 erecta
3606 1531 3747 1597 scala,

2194 1636 2481 1701 cmperunt
2531 1627 2830 1686 ascendere
2894 1626 3091 1683 nostri.
3163 1624 3499 1695 Primusque
3558 1623 3750 1695 quidam

2194 1723 2465 1791 Francus,
2489 1721 2712 1778 nomine
2739 1719 3085 1787 Fulcherius,
3112 1717 3285 1773 frater
3325 1716 3538 1773 scilicet
3573 1713 3754 1770 Budelli

492 1818 787 1885 prospecto
816 1824 1085 1867 succursu
1111 1808 1181 1865 ab
1215 1808 1622 1880 Oppugnatione
1652 1807 2013 1875 destitissent,
2039 1816 2096 1863 et

2205 1816 2588 1884 Carnotensis,
2612 1829 2835 1870 murum
2882 1811 3188 1883 intrepidus
3222 1807 3572 1875 conscendit;
3613 1822 3755 1878 quem

494 1904 624 1961 licet
651 1912 812 1973 ponte
849 1902 1069 1957 illorum
1100 1901 1385 1972 proximo,
1416 1910 1598 1958 tamen
1630 1901 1965 1971 posteriores
1993 1915 2092 1957 eo-

495 2009 621 2049 rum
644 1993 953 2064 interempti
974 2002 1122 2048 sunt.
1158 1990 1372 2048 Rursus
1393 1993 1577 2063 itaque
1602 1992 1909 2048 instaurate
1928 1991 2092 2059 vallo,

496 2094 555 2145 et
592 2085 868 2141 nitentibus
897 2084 1104 2152 castri,
1144 2083 1465 2140 victualium
1497 2083 1859 2140 conductores
1902 2097 2097 2142 secure

498 2180 583 2236 ire
608 2188 664 2236 et
691 2179 869 2236 redire
898 2194 931 2234 a
956 2186 1116 2249 portu
1146 2187 1462 2249 potuerunt.
1500 2177 1673 2250 Igitur
1694 2178 1900 2234 invidia
1925 2193 2095 2250 quam

497 2285 684 2327 comes
728 2268 1047 2340 pertulerat,
1091 2269 1227 2325 adeo
1275 2269 1444 2326 lenita
1488 2277 1573 2325 est
1615 2277 1677 2324 ut
1719 2269 1791 2324 ab
1834 2269 2095 2327 omnibus

495 2373 653 2435 pater
681 2371 737 2418 et
770 2370 1126 2418 conservator
1168 2361 1446 2417 exercitus
1485 2360 1871 2432 appellaretur.
1894 2350 2002 2417 ‘Ab
2029 2375 2099 2418 eo

496 2454 683 2525 itaque
703 2464 949 2524 tempore
971 2452 1142 2508 crevit
1165 2452 1383 2509 comitis
1410 2467 1632 2520 nomen,
1656 2468 1723 2508 eo
1751 2452 1899 2523 quod
1922 2452 2097 2523 solus,

496 2546 741 2603 hostium
770 2545 1014 2602 assultus
1048 2546 1363 2602 sustineret.
1393 2542 1634 2601 Obsesso
1662 2544 1829 2617 igitur
1855 2553 2019 2615 ponte
2045 2553 2099 2601 et

497 2647 657 2709 porta
700 2638 938 2695 civitatis
960 2681 976 2707 ,
1013 2647 1300 2710 coeperunt
1342 2638 1526 2709 egredi
1572 2636 1767 2694 Turcaa
1800 2653 1895 2708 per
1933 2638 2098 2693 aliam

496 2741 737 2804 portam,
772 2747 897 2803 qua:
941 2731 1163 2803 respicit
1208 2731 1277 2787 ad
1325 2731 1609 2791 meridiem
1646 2730 1802 2802 juxta
1849 2730 2098 2799 fluvium,

499 2834 666 2897 atque
697 2828 946 2882 emittere
978 2841 1152 2897 equos
1186 2840 1318 2881 suos
1361 2825 1430 2880 ad
1471 2825 1765 2896 quemdam
1794 2840 2098 2893 recessum,

500 2918 597 2989 qui
627 2918 767 2974 inter
788 2927 1005 2974 montes
1032 2926 1088 2973 ct
1108 2917 1332 2972 fluvium
1361 2925 1481 2973 erat
1507 2917 1714 2988 optima
1744 2932 1968 2988 pascua.
1992 2915 2103 2972 Ex-

502 3009 718 3082 plorato
747 3009 935 3081 itaque
968 3010 1091 3066 loco
1126 3026 1156 3064 a
1184 3010 1423 3078 nostris,
1451 3019 1507 3065 et
1542 3010 1834 3066 terminato
1859 3010 1974 3075 die,
2006 3025 2104 3082 per

502 3103 803 3173 quamdam
832 3103 1037 3160 montis
1060 3101 1431 3160 difﬁcule
1461 3102 1722 3159 circinata
1752 3103 2002 3171 civitate,
2035 3105 2102 3160 ad

502 3189 828 3269 pascua'illa
852 3204 1143 3265 venerunt,
1166 3202 1330 3268 atque
1352 3196 1445 3252 alii
1472 3212 1567 3267 per
1592 3196 1789 3252 vadum
1815 3206 2106 3253 transeun-
2132 3174 2174 3232 (ἶ

504 3299 624 3357 tes,
653 3291 765 3346 duo
793 3289 960 3344 millia
992 3296 1260 3361 equorum
1302 3289 1428 3345 inde
1455 3289 1834 3357 adduxerunt,
1863 3290 2104 3360 exceptis

502 3382 675 3439 mulis
717 3395 772 3439 et
823 3382 1080 3439 mulabus
1126 3398 1252 3454 quas
1295 3390 1615 3452 recuperata
1662 3391 1828 3450 sunt;
1865 3384 2102 3452 etenim,

503 3475 785 3548 praeterito
814 3484 1057 3546 tempore
1086 3475 1284 3531 hiemis
1305 3516 1322 3544 ,
1359 3474 1415 3529 in
1451 3473 1647 3531 itinere
1671 3475 1869 3542 maris,
1901 3476 2107 3533 multas

503 3569 665 3626 nobis
690 3570 870 3626 mulas
904 3569 1273 3637 abstulerant,
1304 3582 1427 3641 quae
1460 3569 1625 3625 modo
1655 3577 1830 3641 capta:
1858 3578 1915 3625 et
1952 3584 2108 3625 reco-

504 3661 671 3732 gnittp
686 3670 818 3717 sunt
837 3678 869 3717 a
890 3660 1128 3718 dominis
1149 3661 1286 3729 suis,
1304 3661 1619 3732 etpristina:
1639 3660 1866 3717 dictioni
1881 3675 2109 3716 εοιιορε-

505 3769 601 3810 sa).
615 3753 745 3812 Post
763 3756 866 3810 hoc
887 3764 1103 3825 tempus
1124 3753 1359 3809 munivit
1379 3752 1697 3809 Tancredus
1710 3752 2107 3808 monasterium

506 3847 785 3917 quoddam
814 3849 957 3902 ultra
995 3847 1223 3902 fluvium
1245 3889 1260 3916 ,
1294 3850 1367 3902 et'
1393 3847 1546 3903 dedit
1587 3847 1637 3902 ei
1683 3862 1869 3903 comes
1906 3846 1977 3902 ob
2006 3845 2111 3900 hoc

507 3947 730 3996 centum
753 3940 1009 3997 marchas
1033 3940 1334 4010 argenti,et
1355 3939 1447 3994 alii
1468 3940 1536 3995 de
1558 3938 1921 4011 principibus,
1946 3945 2112 4009 prout

507 4041 826 4104 potuerunt,
885 4033 994 4088 hoc
1035 4032 1183 4088 enim
1238 4032 1470 4089 multum
1520 4031 1709 4087 hostes
1757 4029 2107 4087 constrinxit.

511 4124 672 4181 Libet
699 4125 883 4196 itaque
911 4125 1188 4181 attendere
1208 4123 1340 4196 quia
1360 4133 1560 4196 quanto
1586 4125 1865 4195 pauciores
1894 4138 2111 4178 numero

511 4234 724 4287 sumus,
758 4227 907 4273 tanto
937 4218 1183 4289 fortiores
1234 4233 1327 4272 nos
1362 4215 1461 4271 Dei
1501 4217 1679 4288 gratia
1721 4217 1868 4288 fecit.
1901 4214 2113 4272 Interea

512 4311 694 4367 nuntii
729 4310 917 4367 venire
953 4319 1241 4382 coeperunt
1276 4308 1754 4382 frequentissime,
1791 4309 1939 4381 quod
1985 4322 2114 4365 suc-

511 4419 712 4469 cursus
734 4402 984 4460 hostibus
1009 4404 1236 4459 veniret.
1266 4402 1395 4460 Haec
1422 4411 1603 4459 autem
1625 4401 1771 4457 fama
1803 4417 1913 4457 non
1935 4401 2113 4458 solum

512 4499 584 4572 ab
599 4498 903 4555 Armenicis
936 4507 990 4553 et
1019 4497 1225 4554 Graecis
1256 4494 1414 4553 nobis
1439 4496 1709 4564 veniebat,
1730 4511 1924 4552 verum
1947 4495 2111 4551 etiam

515 4595 586 4661 ab
630 4595 717 4652 his
753 4595 849 4667 qui
887 4595 945 4649 in
982 4595 1205 4651 civitate
1246 4600 1408 4649 erant
1453 4592 1613 4648 nobis
1657 4591 2112 4670 annuntiabatur,

513 4688 774 4758 quoniam
799 4686 992 4743 Turcae
1010 4702 1109 4758 per
1131 4701 1306 4743 annos
1327 4683 1743 4756 quatuordecim
1766 4682 2113 4739 Antiochiam

514 4781 885 4849 obtinuerant,
932 4789 1098 4853 atque
1142 4779 1435 4835 Armenios
1472 4780 1723 4851 juvenes,
1771 4786 1826 4832 et
1870 4774 2113 4842 Griecos,

514 4876 674 4948 quasi
719 4892 821 4948 pro
881 4868 1110 4947 penuria
1159 4872 1591 4930 domesticorum
1646 4876 2017 4935 turcaverant,
2062 4876 2117 4923 et

515 4985 720 5026 uxores
748 4968 830 5026 eis
857 4969 1139 5025 dederant.
1187 4966 1254 5021 Ili
1286 4966 1448 5032 tales,
1485 4979 1612 5019 cum
1642 4963 1948 5017 libertatem
1976 4958 2117 5032 fugae

517 5060 720 5118 habere
755 5069 1036 5132 poterant,
1068 5076 1194 5118 cum
1235 5057 1393 5130 equis
1426 5065 1480 5113 et
1509 5055 1681 5111 armis
1708 5055 1774 5110 ad
1810 5070 1909 5109 nos
1937 5052 2120 5108 venie-

517 5152 668 5213 bant.
697 5152 949 5224 Cumque
988 5153 1107 5209 hare
1149 5151 1297 5207 fama
1338 5151 1405 5206 de
1431 5162 1701 5205 succursu
1728 5147 1969 5202 hostium
1995 5162 2117 5201 cre-

518 5243 822 5310 bresceret,
841 5244 1001 5299 multi
1034 5243 1102 5299 de
1131 5242 1338 5298 nostris
1364 5237 1784 5312 pavidi,_fugere
1812 5246 2117 5309 coeperunt,

519 5342 575 5390 et
600 5333 848 5391 Armenii
875 5343 1232 5392 mercatores.

1126 5424 1358 5482 CAPUT
1397 5424 1514 5481 XII.

591 5515 805 5572 Interea
828 5516 1030 5573 milites
1056 5517 1187 5574 boni
1216 5519 1311 5589 qui
1344 5535 1442 5590 per
1479 5516 1703 5573 castella
1727 5515 1907 5573 diﬂ‘usi
1943 5525 2119 5584 erant,

519 5606 713 5662 venire
749 5617 913 5679 atque
956 5624 1108 5665 arma
1153 5625 1367 5679 emere,
1409 5618 1464 5666 et
1502 5609 1761 5681 adaptare
1802 5617 1857 5666 et
1899 5608 2123 5665 reticere

525 5707 831 5769 cmperunt.
860 5697 1111 5771 Dumque
1155 5701 1290 5758 satis
1321 5701 1716 5758 contabescens
1743 5699 2026 5756 tumiditas
2052 5699 2122 5755 ab

527 5789 771 5847 exercitu
810 5798 1002 5848 nostro
1043 5793 1392 5864 deduxisset,
1421 5805 1477 5852 et
1519 5792 1873 5863 animositas,
1907 5806 2121 5864 semper

2195 1923 2383 1967 comes
2420 1907 2777 1965 Flandrensis
2820 1912 3188 1974 consecutus,
3234 1900 3544 1958 Boimundo
3570 1909 3619 1955 et
3646 1899 3756 1955 duci

2195 2001 2477 2060 mandavit
2511 2010 2571 2057 ut
2602 1999 2981 2057 ascenderent.
3035 1997 3286 2068 Cumque
3328 2008 3525 2051 omnes
3561 1991 3761 2049 festina-

2194 2102 2339 2163 rent,
2367 2103 2429 2150 ut
2453 2094 2595 2148 alius
2627 2092 2795 2149 alium
2822 2090 3167 2164 praeveniret,
3193 2087 3342 2146 scala
3373 2084 3549 2143 fracta
3584 2094 3675 2141 est.
3699 2086 3761 2140 At

2198 2203 2326 2245 vero
2350 2187 2390 2243 ii
2416 2188 2512 2259 qui
2549 2186 2949 2253 ascenderant,
2976 2182 3373 2241 descendentes
3403 2180 3461 2236 in
3490 2179 3761 2245 civitatein,

2196 2281 2536 2354 posterulam
2582 2279 2879 2350 quamdam
2933 2283 3286 2350 aperuerunt.
3328 2272 3569 2346 lngressi
3603 2271 3766 2343 itaque

2198 2375 2375 2433 nostri
2419 2389 2614 2430 omnes
2646 2389 2756 2429 non
2803 2380 3075 2443 ceperunt
3112 2369 3354 2441 aliquem
3406 2368 3477 2424 de
3522 2367 3608 2423 bis
3642 2381 3765 2438 quos

2198 2468 2544 2524 invenerunt.
2570 2464 2823 2537 Cumque
2844 2464 2952 2521 diei
2988 2479 3191 2522 aurora
3210 2459 3763 2532 comparuisset,cen-

2198 2559 2595 2615 elamaverunt.
2624 2556 2707 2613 Ad
2750 2557 2895 2612 hanc
2947 2569 3140 2610 vocem
3190 2567 3319 2609 cum
3367 2550 3551 2607 omnis
3596 2548 3768 2605 civitas

2201 2651 2536 2719 turbaretur,
2567 2649 2826 2705 mulieres
2854 2658 2909 2705 et
2942 2646 3157 2720 parvuli
3197 2660 3390 2702 eorum
3434 2641 3566 2698 ﬂere
3606 2655 3768 2712 cmpe-

2200 2753 2349 2802 runt.
2383 2742 2466 2801 Illi
2499 2760 2630 2801 vero
2656 2742 2751 2815 qui
2775 2743 2830 2798 in
2861 2741 3087 2799 castello
3108 2738 3328 2796 comitis
3355 2744 3536 2805 erant,
3555 2733 3621 2797 ad
3646 2734 3772 2788 hanc

2201 2851 2393 2894 vocem
2430 2851 2624 2892 omnes
2648 2833 2891 2901 excitati,
2915 2832 3116 2903 quippe
3144 2829 3591 2902 propinquiores,
3611 2827 3770 2883 dicere

2205 2937 2489 3000 cmperunt
2525 2927 2594 2983 ad
2642 2926 2919 2981 invicem:
2954 2922 3252 2979 Succursus
3279 2938 3461 2977 eorum
3486 2920 3643 2976 venit.
3679 2917 3771 2972 Alii

2206 3031 2392 3079 autem
2425 3028 2652 3077 econtra
2682 3038 2695 3076 :
2725 3017 2851 3073 Non
2912 3017 3119 3073 videtur
3166 3031 3266 3073 vox
3323 3016 3429 3070 ista
3474 3013 3767 3069 (latentium.

2208 3114 2459 3186 Cumque
2483 3115 2602 3172 dies
2631 3111 2956 3177 albesceret,
2986 3109 3039 3163 in
3063 3107 3410 3164 meridionali
3433 3106 3571 3162 colle
3603 3104 3770 3161 civitas

2211 3205 2282 3263 tis
2308 3206 2465 3278 signa
2491 3213 2682 3260 nostra
2708 3207 3157 3273 comparuerunt.
3189 3195 3418 3253 Turbati
3442 3197 3611 3261 igitur
3628 3194 3771 3257 cives,

2209 3314 2336 3355 cum
2366 3299 2423 3353 in
2453 3306 2638 3353 monte
2668 3310 2833 3367 super
2866 3309 2927 3351 se
2974 3301 3199 3349 nostros
3240 3290 3651 3361 conspicerent,
3697 3286 3773 3341 alii

2208 3408 2306 3465 per
2348 3401 2538 3465 portas
2591 3389 2782 3462 fugere
2839 3393 3147 3458 cmperuut,
3182 3384 3275 3441 alii
3323 3399 3382 3440 se
3427 3381 3771 3454 praecipitare;

2207 3483 2409 3540 restitit
2438 3481 2643 3549 nullus,
2667 3480 2866 3551 quippe
2896 3477 3211 3532 turbaverat
3239 3488 3337 3531 eos
3366 3472 3654 3527 Dominus.
3693 3468 3773 3525 Juo

2210 3573 2453 3631 cundum
2484 3572 2858 3645 spectaculum
2882 3570 3103 3626 tandem
3152 3576 3280 3640 post
3326 3565 3502 3621 multa
3556 3575 3776 3634 tempora

2210 3668 2375 3723 nobis
2397 3666 2626 3734 factum,
2656 3674 2717 3721 ut
2753 3664 2849 3735 qui
2885 3662 3075 3718 tandiu
3109 3659 3461 3715 Antiochiam
3485 3667 3674 3713 contra
3694 3671 3773 3710 nos

2210 3766 2522 3824 tenuerant,
2546 3755 2615 3812 de
2642 3754 2734 3810 illa
2774 3755 2940 3810 modo
2976 3753 3163 3823 fugere
3190 3766 3303 3806 non
3333 3749 3611 3813 valerent;
3656 3744 3775 3816 quod

2212 3850 2259 3906 si
2284 3849 2508 3921 quidam
2534 3864 2727 3904 eorum
2760 3846 3004 3918 arripere
3048 3844 3232 3917 fugam
3279 3843 3399 3898 ausi
3442 3850 3595 3911 sunt,
3621 3850 3775 3896 tamen

2213 3950 2446 4000 mortem
2476 3940 2710 3997 evadere
2735 3955 2846 3995 non
2870 3944 3187 4011 potuerunt.
3239 3935 3457 3991 Accidit
3504 3934 3586 3988 ibi
3629 3931 3775 4003 quo-i-

2212 4035 2338 4092 dam
2369 4035 2503 4092 satis
2526 4034 2684 4089 nobis
2710 4031 3019 4104 jucundum
3066 4038 3230 4101 atque
3278 4026 3624 4083 delectabile.
3669 4022 3777 4076 Dum

2212 4129 2361 4186 enim
2400 4143 2497 4200 per
2518 4134 2814 4198 praerupta,
2837 4140 2962 4196 qua:
2989 4123 3189 4180 collem
3223 4120 3477 4177 dividunt
3515 4134 3550 4173 a
3590 4127 3777 4188 septen-

2214 4221 2415 4290 trione,
2445 4219 2641 4276 Turca:
2670 4218 2895 4291 quidam
2931 4214 3311 4288 subterfugere
3348 4213 3680 4278 niterentur,
3701 4222 3780 4262 ne-

2214 4315 2347 4372 stris
2377 4314 2709 4385 quibusdam
2763 4311 3157 4378 obviaverunt;
3210 4320 3451 4378 cumque
3485 4303 3679 4359 Turca:
3716 4316 3781 4355 re-

2217 4411 2368 4484 gredi
2415 4408 2878 4480 compellerentur
2926 4412 3085 4460 tanto
3133 4402 3342 4472 impetu
3398 4414 3462 4456 se
3511 4398 3780 4455 aﬂ’ecerunt

2220 4502 2424 4575 repulsi
2465 4501 2732 4573 fugientes
2762 4507 2822 4555 ut
2858 4512 3052 4553 omnes
3088 4495 3292 4566 pariter
3314 4492 3778 4564 praecipitarentur.

2218 4594 2490 4651 Gaudium
2517 4591 2739 4664 quidem
2765 4589 2869 4644 fuit
2890 4588 3053 4644 nobis
3078 4587 3147 4642 de
3169 4584 3521 4657 praecipitatis
3539 4580 3779 4640 hostibus,

2219 4689 2312 4744 sed
2342 4688 2408 4743 de
2430 4686 2588 4758 equis
2626 4685 2919 4757 plusquam
2949 4679 3211 4737 trecentis
3239 4676 3376 4732 inibi
3405 4674 3689 4731 decollatis
3706 4671 3779 4725 do.

2219 4780 2447 4835 luimus.
2472 4776 2674 4845 Quanti
2705 4784 2889 4831 autem
2922 4771 2990 4830 de
3028 4768 3353 4826 Sarracenis
3398 4777 3456 4822 et
3502 4766 3578 4823 de
3626 4760 3780 4819 Turcis

2220 4880 2351 4928 tunc
2396 4870 2701 4942 perierunt,
2753 4867 2935 4923 dicere
2990 4863 3299 4929 nescimus;
3355 4874 3522 4932 quam
3585 4853 3780 4915 diversis

2218 4963 2511 5030 mortibus,
2536 4971 2590 5017 et
2611 4976 2777 5032 quam
2807 4958 2979 5015 variis
3011 4955 3356 5021 ceciderunt,
3385 4950 3665 5023 explicare
3685 4962 3780 5004 cru-

2220 5058 2341 5114 dele
2365 5065 2468 5112 est.
2497 5054 2776 5123 Quantum
2810 5067 2939 5109 vero
2964 5050 3267 5122 spoliorum
3300 5056 3385 5104 est
3418 5056 3645 5117 captum
3672 5039 3779 5098 infra

2221 5149 2592 5218 Antiochiam,
2619 5163 2730 5203 non
2749 5153 2835 5203 est
2859 5152 3111 5201 nostrum
3141 5142 3346 5208 dicere,
3378 5138 3490 5201 nisi
3519 5137 3670 5209 quod
3691 5150 3779 5191 crc-

2220 5239 2332 5296 dite
2353 5246 2623 5311 quantum
2663 5236 2853 5303 vultis,
2877 5243 2933 5290 et
2959 5233 3230 5289 aastimate
3258 5244 3447 5301 supra.
3504 5225 3594 5286 Illi
3638 5232 3780 5283 autem

2222 5334 2413 5391 hostes
2436 5330 2531 5404 qui
2562 5329 2852 5388 castellum
2876 5327 2944 5384 de
2966 5323 3149 5381 medio
3197 5322 3335 5379 colle
3372 5322 3689 5388 servabant,
3719 5316 3780 5369 vi-

2221 5426 2415 5483 dentes
2442 5438 2669 5480 suorum
2694 5434 2906 5488 necem,
2930 5427 2984 5475 et
3034 5424 3255 5472 nostros
3301 5414 3373 5470 ab
3408 5412 3780 5486 oppugnatione

2223 5518 2309 5576 sui
2331 5518 2619 5583 desistere,
2642 5512 2933 5571 castellum
2979 5524 3142 5566 suum
3184 5507 3557 5565 retinuerunt.
3607 5500 3782 5561 Cassi:-

2223 5629 2329 5668 nus
2358 5620 2540 5668 autem
2570 5622 2828 5681 egressus
2859 5620 2956 5678 per
2996 5603 3337 5677 posterulam
3386 5601 3699 5673 quamdam,
3732 5589 3782 5647 ab

2222 5700 2497 5757 Armeniis
2525 5697 2746 5754 rusticis
2776 5704 2970 5767 captus
2993 5703 3049 5750 et
3069 5693 3435 5765 decapitatus,
3471 5699 3638 5762 atque
3657 5690 3782 5753 eam!

2227 5793 2348 5865 ejus
2371 5790 2529 5849 nobis
2554 5790 2800 5847 oblatum
2823 5796 2937 5858 est;
2980 5785 3125 5859 quod
3150 5783 3411 5842 inetI‘abili
3444 5781 3548 5838 Dei
3593 5773 3771 5849 disposi
