3846 6306
84 423 160 479 609
465 409 467 411 ‘
647 465 651 467 Α
1028 397 1216 454 RAIM.
1259 405 1350 452 tm
1385 411 1580 452 Ausut

1685 393 1856 450 iilST.
1900 392 2270 452 HIEROSOL.

3167 403 3274 460 6|0

83 535 195 590 tione
213 532 367 582 actum
401 520 574 588 credo,
598 531 666 576 ut
714 521 810 592 qui
851 519 1046 574 multos
1095 514 1342 586 ejusdem
1398 514 1577 586 gentis
1604 522 1653 580 Α
1680 529 1789 569 res.
1823 511 1992 584 Igitur
2026 511 2260 584 ingressi
2306 513 2592 569 castellum
2635 513 2856 582 Turcre,
2889 516 2944 571 in
2992 517 3274 574 civitatem

81 622 276 679 homines
291 614 526 672 decollari
552 613 784 669 fecerat.
823 611 987 682 Capta
1037 617 1123 666 est
1176 608 1344 679 igitur
1388 607 1586 664 civitas

80 710 321 769 Antiochia:
343 707 490 762 tertio
512 704 706 760 Nonas
740 703 914 769 Junii,
958 703 1180 758 obsessa
1204 710 1386 756 autem
1422 697 1587 754 circi-

77 814 138 859 ter
154 799 397 855 undecimo
423 795 648 852 Kalend.
687 793 948 850 Novemb.
979 792 1213 857 Interea,
1245 791 1380 847 dum
1404 790 1581 845 nostri

78 889 382 950 citumerando
405 896 458 944 et
486 885 931 959 recognoscendo
959 884 1155 955 spolia,
1185 883 1255 937 ab
1296 895 1583 952 oppugna-

74 987 182 1040 tione
200 979 466 1051 superioris
500 979 667 1035 castri
704 978 1046 1039 desisterent,
1094 982 1260 1044 atque
1310 971 1584 1029 audiendo

75 1076 316 1133 saltatriccs
341 1087 692 1143 paganorum,
728 1069 1006 1141 splendide
1044 1083 1108 1124 ac
1137 1066 1369 1136 superbe
1390 1065 1583 1135 epula-

73 1181 235 1232 rentur,
259 1166 556 1221 nullatenus
583 1163 680 1218 Dei
713 1177 1003 1227 memores,
1029 1159 1122 1230 qui
1161 1165 1375 1213 tantum
1413 1157 1581 1210 liene-

71 1265 207 1318 ticium
234 1261 304 1315 eis
343 1258 666 1322 contulerat,
700 1264 824 1327 post
850 1253 1067 1310 tertium
1109 1251 1255 1306 diem
1307 1249 1361 1302 in
1413 1245 1585 1302 Nonis

70 1355 258 1426 ejusdem
284 1351 480 1406 mensis
508 1349 658 1405 Junii
689 1365 722 1404 a
757 1348 983 1419 paganis
1016 1346 1228 1403 obsessi
1272 1353 1421 1401 sunt.
1465 1342 1585 1399 Sic-

68 1459 146 1515 que
162 1451 316 1497 actum
337 1448 417 1495 est
451 1440 628 1510 utqui
653 1438 846 1494 tandiu
873 1452 971 1508 per
1005 1435 1103 1491 Dei
1144 1434 1580 1490 misericordiam

64 1533 366 1590 Antiochenos
411 1529 622 1587 Turcas
670 1529 1017 1595 obsederant,
1048 1543 1146 1598 per
1189 1527 1309 1597 ejus
1341 1525 1582 1596 disposi-

64 1629 218 1681 tionem
241 1640 268 1679 a
288 1623 475 1679 Turcis
509 1623 917 1680 obsiderentur.
935 1622 1113 1692 Atque
1143 1629 1204 1677 ut
1232 1621 1407 1692 magis
1428 1621 1586 1676 timc-

62 1733 216 1782 remus,
239 1716 512 1773 castellum
556 1715 816 1786 superius
851 1714 1081 1780 dictum,
1109 1713 1258 1784 quod
1301 1711 1460 1783 quasi
1506 1712 1586 1767 ei-

62 1811 199 1864 vitatis
237 1809 473 1865 custodia
518 1819 626 1874 est,
680 1809 735 1863 in
800 1807 1054 1862 manibus
1107 1806 1349 1862 hostium
1401 1816 1519 1860 erat
1568 1823 1580 1859 :

1689 604 1949 664 deorsum
1990 603 2324 660 descendere
2363 605 2676 662 voluerunt.
2733 606 2863 663 Erat
2919 609 3066 664 enim
3117 611 3279 667 vallis

1688 694 1830 749 inter
1850 695 2135 751 castellum
2173 695 2418 766 ipsorum
2465 706 2520 752 et
2554 707 2802 754 montem
2851 709 3134 768 nostrum,
3163 717 3276 758 non

1686 802 1882 858 magna
1914 787 2156 856 quidem,
2191 798 2244 842 et
2278 787 2516 846 cisterna
2543 790 2793 860 quaedam
2835 801 2957 847 erat
3004 792 3059 847 in
3096 795 3279 850 medio

1687 887 1740 934 et
1766 877 1980 934 modica
2015 875 2288 948 planities.
2330 877 2444 936 Nec
2467 889 2588 935 erat
2622 881 2922 940 descensus
2974 882 3032 939 in
3078 884 3276 942 civita-

1686 978 1817 1038 tem,
1844 969 1954 1026 nisi
1992 985 2089 1041 per
2135 970 2376 1026 medium
2428 973 2605 1028 nostri
2660 975 2885 1029 montis.
2933 974 3278 1048 Quapropter

1687 1059 1838 1116 omni
1863 1061 2165 1117 intentione
2193 1072 2249 1117 et
2275 1064 2424 1118 omni
2456 1065 2654 1121 virtute
2675 1053 2786 1122 sua‘
2816 1083 2916 1123 nos
2940 1084 3276 1139 expugnare,

1685 1161 1740 1209 et
1767 1169 2048 1209 removere
2071 1154 2354 1210 abitinere
2377 1171 2478 1211 suo
2529 1156 2585 1211 in
2632 1157 2853 1214 civitate
2897 1174 2999 1214 nos
3050 1171 3279 1216 conten-

1685 1246 1842 1312 dunt,
1881 1255 2044 1318 atque
2069 1246 2142 1301 ibi
2179 1255 2328 1302 tanta
2368 1248 2420 1302 vi
2456 1265 2486 1303 a
2527 1266 2689 1305 mane
2743 1267 2918 1322 usque
2963 1253 3031 1308 ad
3083 1271 3278 1324 vespe-

1685 1354 1808 1393 rum
1838 1347 2139 1410 pugnatum
2190 1347 2274 1394 est
2322 1347 2384 1394 ut
2433 1357 2708 1412 nusquam
2758 1345 2937 1401 simile
2990 1348 3274 1402 audiatur.

1685 1427 1930 1500 Contigit
1979 1429 2052 1484 ibi
2115 1430 2394 1501 quoddam
2440 1433 2648 1487 nostris
2707 1435 2842 1490 satis
2895 1435 3274 1502 horrendum,

1685 1530 1850 1592 atque
1878 1521 2144 1577 hactenus
2181 1522 2524 1588 inauditum,
2571 1526 2719 1595 quod
2764 1527 2904 1582 inter
2953 1530 3276 1600 sagittarum

1684 1613 2119 1685 grandinem,et
2169 1627 2431 1670 saxorum
2483 1626 2649 1687 atque
2697 1619 2928 1674 telorum
2982 1623 3281 1678 continuos

1685 1705 1977 1776 impulsus,
2003 1715 2058 1761 et
2080 1707 2226 1762 inter
2274 1717 2480 1766 mortes
2525 1718 2831 1778 tantorum,
2872 1716 3046 1769 nostri
3097 1716 3279 1786 sapies

1685 1798 1905 1853 bantur.
1937 1797 2126 1854 Finem
2154 1800 2318 1870 hujus
2349 1817 2543 1872 pugnae
2565 1803 2612 1858 si
2636 1805 2902 1874 qumritis,
2927 1822 3034 1860 nox
3069 1805 3192 1862 fuit.
3219 1807 3278 1862 In

62 1905 205 1957 timore
223 1900 376 1972 igitur
406 1901 587 1957 coacti
617 1899 816 1965 nostri,
857 1898 1062 1954 castelli
1085 1896 1428 1953 obsidionem
1448 1896 1588 1950 arri-
1623 1890 1662 1944 Β
1689 1899 1849 1945 nocte
1873 1900 2054 1946 autem
2104 1907 2228 1948 cum
2255 1894 2425 1950 nostri
2457 1893 2554 1950 Dei
2589 1895 3023 1953 misericordiam
3051 1913 3277 1970 sperare

60 2001 254 2063 pnerunt.
305 1990 575 2047 Corbaras
616 2001 826 2058 autem,
857 1989 1165 2046 Turcorum
1209 1987 1489 2054 dominus,
1525 1991 1582 2041 ln

61 2084 266 2154 principio
286 2084 551 2140 adventus
585 2083 696 2151 sui,
726 2099 954 2154 sperans
997 2083 1202 2139 bellum
1248 2081 1394 2138 illico
1434 2079 1584 2136 futu-

61 2193 163 2241 rum,
181 2177 320 2246 longe
349 2192 380 2231 a
406 2176 664 2243 civitate,
689 2176 849 2248 quasi
873 2191 971 2247 per
998 2175 1109 2231 duo
1149 2174 1432 2241 milliaria,
1460 2181 1584 2230 ten—

59 2269 157 2324 toria
182 2284 267 2324 sua
283 2267 418 2336 ﬁxit,
449 2277 624 2340 atque
652 2267 939 2324 ordinibus
969 2265 1128 2324 factis
1150 2281 1327 2338 usque
1352 2265 1420 2321 ad
1447 2280 1585 2336 pon-

59 2371 131 2415 tem
151 2361 360 2416 civitatis
389 2361 668 2432 pervenit.
698 2359 881 2416 Nostri
921 2368 1102 2415 autem
1142 2358 1322 2429 prima
1367 2357 1453 2412 die
1487 2373 1581 2412 ca-

56 2453 219 2509 stellum
240 2454 448 2510 wmitis
470 2454 822 2520 munierunt,
842 2461 1168 2518 metuentes,
1193 2451 1240 2506 si
1278 2449 1348 2505 ad
1382 2449 1582 2504 bellum

55 2546 362 2613 procederent,
385 2555 447 2601 ut
482 2547 554 2602 ab
587 2545 848 2602 hostibus
892 2545 987 2616 qui
1038 2545 1093 2599 in
1129 2543 1359 2600 castello
1403 2550 1581 2608 erant,

53 2636 196 2693 civitas
217 2639 595 2710 cocriperetur,
609 2639 698 2694 vel
729 2638 778 2694 si
804 2638 1090 2694 castellum
1115 2637 1263 2708 quod
1285 2643 1412 2692 ante
1442 2651 1582 2706 pon-

54 2739 130 2784 tem
167 2739 267 2785 erat
319 2731 666 2796 desererent,
719 2740 775 2787 et
831 2733 1016 2787 hostes
1055 2731 1186 2786 illud
1227 2737 1582 2800 occuparent,

51 2819 296 2878 facultatem
347 2824 662 2896 pugnandi,
707 2833 762 2879 et
806 2823 1012 2879 aditum
1061 2821 1374 2895 egrediendi
1425 2821 1584 2877 nobis

51 2913 338 2970 recluderent.

577 3004 816 3063 CAPUT
854 3005 993 3062 XIII.

97 3097 197 3154 Erat
223 3109 392 3155 autem
426 3101 482 3155 in
515 3101 773 3155 exercitu
809 3100 964 3156 miles
985 3099 1351 3166 clarissimus,
1376 3108 1430 3154 et
1452 3098 1583 3154 cha-

49 3190 242 3246 rissimus
268 3191 864 3264 omnibus,Rotgerius
895 3193 1116 3248 nomine
1137 3192 1204 3248 de
1239 3191 1577 3257 Barnevilla;

1684 1982 2023 2049 debuissent,
2055 1985 2211 2039 multi
2243 1986 2536 2056 desperare
2566 1998 3051 2062 cmperunt,atque
3076 1990 3276 2062 praeci-

1689 2074 1848 2145 pites,
1875 2091 1971 2144 per
1997 2074 2156 2132 funes
2182 2078 2251 2132 ab
2286 2078 2576 2133 altitudine
2613 2095 2898 2136 murorum
2944 2082 3279 2150 dejiciebas-

1684 2176 1792 2222 tur.
1835 2168 1939 2222 Alii
1978 2176 2157 2222 autem
2213 2184 2243 2222 a
2304 2169 2446 2224 bello
2475 2171 2819 2228 discedentes
2875 2172 2931 2228 in
2978 2174 3278 2241 civitatem,

1686 2274 2036 2316 communem
2062 2263 2311 2318 omnium
2341 2263 2796 2334 decapitationctn
2822 2268 3038 2324 venisse
3060 2269 3279 2325 cunctis

1685 2353 2050 2421 nuntiabant;
2084 2364 2278 2426 etquo
2318 2357 2495 2430 magis
2521 2358 2702 2415 timeri
2732 2369 2967 2432 poterat,
3007 2362 3138 2416 dum
3184 2364 3280 2417 alii

1685 2444 1827 2501 alios
1863 2445 2301 2503 adhortabantur
2326 2457 2388 2504 ut
2430 2450 2663 2506 viriliter
2710 2452 3051 2520 resisterent,
3076 2454 3182 2524 ipsi
3219 2453 3278 2507 in

1685 2534 1870 2608 fugam
1901 2547 2208 2595 vertuntur.

2271 2631 2502 2690 CAPUT
2540 2633 2682 2690 XIV.

1755 2718 1966 2792 Itaque,
1992 2730 2054 2777 ut
2081 2722 2344 2792 diximus,
2392 2727 2523 2782 dum
2563 2728 2740 2783 nostri
2786 2729 3271 2796 conturbarcntur,

1684 2814 1817 2869 etin
1846 2814 2285 2884 desperationem
2335 2825 2576 2881 ruerent,
2619 2819 2803 2874 divina
2852 2819 2932 2875 eis
2980 2821 3268 2877 clementia

1683 2903 1887 2971 adfuit;
1913 2915 1968 2960 et
1989 2921 2112 2976 quae
2132 2906 2478 2965 lascivientes
2506 2909 2649 2965 filios
2676 2918 3012 2977 correxerat,
3039 2911 3288 2968 nimium-

1684 2999 1870 3055 tristes
1900 2999 1992 3055 tali
2021 3000 2186 3056 modo
2218 3002 2536 3058 consolatus
2569 3011 2672 3058 est.
2726 3002 2898 3074 Igitur
2940 3020 3066 3060 cum
3119 3013 3278 3076 capta

1685 3100 1833 3148 esset
1875 3092 2070 3147 civitas
2126 3090 2451 3161 Antiochiae,
2482 3111 2614 3150 usus
2649 3111 2750 3151 sua
2795 3096 3038 3166 potentia
3084 3105 3139 3151 et
3181 3097 3278 3151 bc-

1687 3185 1954 3257 nignitate.
2004 3185 2293 3254 Dominus,
2334 3202 2629 3258 pauperem
2671 3190 2964 3259 quemdam
3002 3189 3274 3245 rusticum

49 3283 251 3347 bic,cum
275 3286 584 3341 exercitum
626 3285 877 3340 omnium
902 3285 1290 3341 revertentium
1331 3283 1582 3340 inimico-
1611 3266 1654 3326 (ἶ
1687 3277 1869 3350 0108“,
1890 3276 2288 3334 Ρτονίηείῦιθῐη
2339 3295 2556 3352 Senem,
2581 3295 2678 3351 Ρθτ
2723 3297 2885 3351 quem
2929 3297 3122 3336 omnes
3171 3297 3275 3336 "05

50 3388 132 3428 rum
163 3386 565 3448 assequeretur,
596 3386 796 3448 captus
840 3387 895 3434 et
940 3379 1118 3449 capite
1155 3387 1445 3434 truncatus
1477 3385 1582 3433 est.

49 3463 238 3524 Invasere
258 3469 418 3539 igitur
438 3479 676 3526 nostros
701 3469 858 3525 dolor
877 3478 933 3525 et
956 3470 1143 3536 timor,
1168 3470 1304 3526 adeo
1327 3477 1389 3525 ut
1410 3484 1584 3540 usque

47 3556 94 3610 ad
119 3557 526 3629 desperationem
557 3561 833 3617 evadendi
863 3561 1020 3617 multi
1055 3563 1407 3619 ducerentur.
1428 3561 1583 3618 Passi

46 3650 168 3720 igitur
189 3652 365 3710 Turca:
387 3655 592 3722 semel,
625 3666 684 3710 ct
708 3655 954 3710 secundo
980 3657 1254 3726 repulsam
1279 3657 1579 3730 pugnandi,

47 3743 160 3798 tertia
176 3746 250 3802 die
265 3752 508 3802 castrum
533 3755 883 3819 oppugnant,
910 3756 1074 3818 atque
1102 3748 1175 3803 ibi
1201 3757 1350 3805 tanta
1380 3751 1432 3805 vi
1463 3766 1582 3806 cer-

44 3844 168 3891 tatum
192 3848 350 3894 estut
393 3841 516 3896 sola
555 3839 658 3895 Dei
692 3839 869 3896 virtus
911 3838 1203 3896 defendere
1237 3850 1504 3908 castrum,
1527 3850 1583 3897 et

44 3929 242 3986 resistere
263 3933 609 3989 adversariis
634 3933 970 3988 crederetur.
1007 3931 1252 4004 Namque
1290 3950 1416 3989 cum
1463 3935 1578 4004 jam

43 4023 362 4079 transcendere
387 4023 604 4078 vallum
656 4031 712 4076 et
760 4021 979 4078 diruere
1029 4038 1248 4078 murum
1303 4033 1580 4094 pararent,

43 4114 182 4170 inscio
201 4117 353 4185 unde,
381 4125 667 4188 concepto
698 4115 922 4182 timore,
949 4115 1262 4186 praccipites
1295 4115 1349 4169 in
1393 4115 1579 4188 fugam

42 4218 176 4263 ruunt.
198 4208 431 4267 Decurso
463 4211 664 4282 itaque
689 4208 1030 4280 aliquantulo
1056 4208 1255 4278 spatio,
1285 4224 1411 4263 cum
1439 4209 1580 4279 fuga:

41 4310 209 4354 causam
233 4303 434 4357 nullam
474 4302 890 4372 conspicerent,
916 4301 1224 4356 tarditatem
1263 4315 1419 4355 suam
1449 4316 1581 4356 cau-

41 4399 174 4446 santes
196 4391 256 4447 ad
275 4393 754 4465 oppugnationem
787 4391 1054 4458 redeunt;
1110 4399 1196 4456 et,
1232 4390 1390 4461 quasi
1444 4390 1580 4446 satis

42 4477 187 4536 facturi
211 4500 302 4554 pro
325 4486 544 4555 pudore
575 4485 779 4539 habita:
805 4483 967 4555 fugae,
992 4483 1372 4540 vehementius
1397 4483 1576 4538 immi-

39 4581 146 4632 nem.
160 4590 332 4631 rursus
357 4576 454 4630 diu
483 4575 873 4631 vehementius
900 4584 1161 4652 pugnant.
1183 4574 1370 4647 Itaque
1392 4575 1580 4632 hostes

38 4673 82 4711 ea
98 4662 167 4717 die
192 4664 252 4719 ad
279 4674 462 4722 castra
500 4681 609 4722 sua
640 4665 890 4721 redeunt.
941 4667 1061 4720 Alia
1098 4675 1280 4722 autem
1304 4667 1412 4733 die,
1449 4682 1578 4723 cum

37 4753 222 4810 maximo
239 4766 504 4828 apparatu
531 4757 606 4812 ad
636 4764 882 4812 castrum
925 4756 1103 4811 redire
1145 4766 1449 4828 cmperunt,
1473 4771 1577 4812 no-

37 4843 109 4895 stri
134 4861 242 4902 vero
254 4859 501 4904 castrum
521 4848 848 4914 incendunt,
865 4856 1030 4918 atque
1045 4849 1321 4906 moenibus
1341 4849 1579 4906 civitatis

35 4934 368 4995 seintrodunt.
416 4940 643 4996 Auctus
670 4940 858 5011 itaque
893 4939 1059 4996 timor
1098 4941 1438 4998 Francorum
1471 4951 1578 5011 est,

35 5033 71 5075 ct
87 5026 292 5085 hostium
313 5033 573 5088 excrevit
597 5033 856 5102 audacia;
893 5035 1097 5106 quippe
1117 5035 1213 5106 qui
1245 5035 1379 5090 nihil
1421 5044 1575 5091 extra

34 5116 253 5178 civitatem
282 5124 660 5191 haberemus,
694 5134 748 5181 et
801 5127 870 5181 ab
922 5127 1163 5182 inimicis
1206 5127 1434 5193 nostris,
1483 5144 1574 5183 ca-

35 5210 220 5282 stellum,
242 5218 386 5286 quod
413 5225 594 5288 caput
621 5217 860 5274 civitatis
886 5229 995 5286 est,
1016 5219 1359 5275 retineretur.
1406 5219 1575 5291 Igitur

34 5303 285 5363 conﬁrmati
313 5309 518 5366 Turcae
543 5311 756 5382 ingredi
782 5311 850 5366 ad
891 5326 993 5367 nos
1024 5327 1120 5382 per
1149 5312 1434 5368 castellum
1461 5313 1575 5369 dis-

33 5405 294 5457 POSuerunt.
317 5399 514 5458 Nostri
543 5410 731 5456 autem
761 5401 864 5457 loci
891 5403 1318 5472 opportunitate,
1353 5411 1407 5458 et
1443 5403 1571 5458 emi-

36 5487 171 5543 nentia
186 5491 394 5561 conﬁsi,
409 5494 641 5550 obviam
672 5493 922 5549 hostibus
944 5495 1302 5561 contendunt,
1319 5503 1374 5551 et
1394 5495 1572 5564 primo

37 5574 190 5645 impetu
214 5599 306 5639 eos
333 5592 743 5656 prosternunt;
791 5585 1032 5656 dumque
1073 5586 1409 5643 imminentis
1450 5587 1575 5642 belli

35 5666 375 5732 obhviscuntur
401 5685 460 5732 et
481 5675 688 5748 praeda:
717 5675 950 5746 inhiant,
974 5677 1276 5735 foedissime
1303 5680 1357 5733 in
1390 5678 1572 5750 fugam

35 5770 284 5821 vertuntur.
317 5767 544 5824 Etenim
593 5767 886 5838 plusquam
939 5779 1161 5826 centum
1216 5772 1469 5828 homines
1520 5773 1573 5826 in

38 5860 152 5909 00m
169 5858 395 5917 civitatis
424 5859 695 5917 suﬂ‘ocati
723 5872 878 5929 sunt;
903 5866 1029 5935 equi
1080 5879 1210 5920 vero
1246 5882 1414 5936 quam
1454 5866 1573 5938 plu-

1687 3369 2050 3439 conl‘ortavit,
2105 3381 2160 3427 et
2205 3372 2395 3428 comiti
2445 3381 2502 3428 ct
2550 3373 2808 3429 Podiensi
2853 3373 3111 3444 episcOpo
3160 3373 3279 3428 haec

1683 3466 1848 3521 verba
1883 3467 2202 3522 mandavit:
2233 3458 2475 3522 Andreas
2509 3467 2605 3522 Dei
2631 3478 2680 3523 et
2712 3468 2927 3523 Domini
2952 3469 3121 3526 nastri
3142 3467 3289 3529 Iesu

1686 3556 1889 3613 Christi
1912 3559 2184 3630 apostolus
2208 3577 2288 3615 me
2314 3570 2503 3632 quater
2532 3561 2660 3614 olim
2697 3562 3007 3627 admonuit,
3038 3570 3087 3615 et
3107 3561 3276 3630 jussit

1684 3661 1741 3706 ut
1767 3652 1836 3707 ad
1874 3668 1962 3707 vos
1999 3655 2248 3721 venirem,
2283 3669 2345 3707 ac
2374 3652 2615 3708 lanceam
2639 3669 2758 3724 qua:
2787 3651 3083 3708 Saluatoris
3127 3652 3272 3706 tatas

1683 3744 1912 3814 aperuit,
1936 3752 2092 3814 capta
2118 3744 2353 3810 civitate,
2378 3745 2522 3798 vobis
2559 3744 2846 3799 redderem.
2901 3741 3075 3797 Hodie
3095 3751 3274 3798 autem

1683 3848 1804 3885 cum
1838 3833 1908 3886 ad
1937 3848 2170 3904 pugnam
2201 3832 2466 3902 profectus
2489 3849 2656 3887 essem
2684 3840 2838 3886 extra
2862 3833 3132 3886 civitatem
3151 3849 3272 3886 cum

1683 3923 1923 3994 reliquis,
1947 3933 2104 3997 atque
2139 3925 2540 3995 comprehensus
2562 3941 2595 3978 a
2619 3924 2822 3979 duobus
2849 3925 3111 3996 equitibus
3145 3941 3288 3994 pene.

1681 4016 1975 4084 suffocatus
2016 4017 2074 4070 in
2117 4032 2355 4087 regressu
2398 4016 2828 4087 fuissem;quasi
2858 4018 3120 4071 exanimis
3155 4017 3271 4071 illic

1681 4122 1838 4176 super
1865 4104 2097 4177 lapidem
2125 4107 2408 4177 quemdam
2440 4107 2610 4160 tristis
2641 4106 2810 4160 recedi
2843 4119 2861 4160 :
2900 4122 3120 4176 cumque
3161 4123 3274 4176 pro:

1680 4196 1862 4251 dolore
1897 4205 1949 4252 et
1994 4198 2201 4264 timore,
2223 4198 2361 4252 sicut
2407 4199 2580 4253 tristis
2629 4198 2936 4265 titubarent,
2969 4200 3106 4253 venit
3151 4210 3275 4254 ante.

1681 4306 1762 4343 mc
1788 4290 1971 4344 beatus
2007 4288 2248 4345 Andreas
2294 4308 2415 4345 cum
2465 4293 2609 4346 socio
2641 4293 2903 4363 quodam,
2947 4302 2994 4347 et
3043 4293 3273 4348 multum

1682 4380 1813 4434 mihi
1838 4381 2210 4435 interminatus
2239 4391 2339 4447 cst,
2372 4384 2476 4437 nisi
2513 4384 2620 4438 cito
2663 4383 2806 4438 vobis
2854 4385 3120 4439 redderem
3153 4386 3278 4440 lanv

1681 4491 1847 4529 ccam.
1875 4473 2124 4545 Cumque
2151 4475 2222 4530 ab
2256 4491 2322 4530 eo
2355 4492 2542 4533 comes
2569 4486 2622 4534 et
2651 4477 2944 4548 episcopus
2987 4479 3273 4534 revelatio-

1682 4567 1770 4624 nis
1793 4575 1847 4622 et
1865 4566 2094 4624 visionis
2114 4569 2429 4637 apostolica:
2472 4570 2720 4626 ordinem
2764 4571 3127 4641 requirerent,
3177 4587 3269 4624 rc-

1611 4633 1656 4691 ο
1683 4659 1903 4728 spondit
1942 4677 1954 4713 :
2000 4657 2068 4713 In
2091 4633 2356 4730 principio
2381 4671 2536 4718 terra:
2560 4672 2756 4728 motus,
2783 4633 2874 4732 qui
2903 4662 3045 4732 apud
3079 4633 3265 4714 Antio-

1682 4751 1858 4805 chiam
1887 4752 2062 4822 factus
2090 4761 2191 4820 cst,
2219 4769 2341 4806 cum
2361 4755 2624 4808 exercitus
2649 4753 2983 4808 Francorum
3010 4753 3270 4807 obsideret

1679 4859 1817 4910 eam,
1845 4852 2022 4899 tantus
2047 4845 2206 4900 timor
2236 4861 2317 4900 me
2343 4846 2537 4900 invasit
2587 4855 2644 4900 ut
2696 4846 2829 4900 nihil
2879 4855 3072 4915 prcrtcr
3125 4843 3271 4898 Deus

1681 4937 1878 5008 adjuva
1902 4939 2075 4994 dicere
2086 4956 2311 5010 possem.
2332 4939 2466 4994 Erat
2489 4942 2628 4994 enim
2652 4956 2777 5006 nox,
2801 4950 2849 4994 et
2879 4957 2971 5010 ego
2988 4938 3267 5008 jacebam;

1682 5046 1772 5084 nec
1797 5033 1854 5084 in
1878 5032 2089 5103 tugurio
2119 5049 2231 5087 meo
2255 5040 2371 5086 erat
2405 5033 2600 5103 aliquis
2643 5032 2793 5100 cujus
2828 5011 3264 5101 consortio'rcfo-

1679 5140 1840 5179 verer.
1869 5124 2003 5179 Cum
2027 5133 2228 5191 autem,
2251 5135 2307 5178 ut
2333 5125 2472 5190 dixi,
2496 5125 2772 5178 concussio
2797 5124 3001 5178 diutius
3024 5124 3267 5192 duraret,

1658 5211 1726 5274 ἐι
1764 5221 1924 5275 timor
1952 5237 2096 5276 meus
2125 5236 2330 5290 semper
2353 5227 2694 5284 excrescerct,
2724 5235 2902 5272 coram
2926 5235 3004 5272 mc
3024 5219 3130 5273 duo
3167 5221 3268 5274 tiri

1681 5315 1988 5379 astiterunt,
2012 5315 2070 5368 in
2088 5322 2224 5368 veste
2253 5312 2594 5377 clarissima;
2624 5312 2763 5367 alter
2787 5323 2902 5367 erat
2925 5314 3120 5380 senior,
3147 5316 3269 5385 rufo

1679 5421 1912 5476 canoque
1936 5405 2153 5476 capillo,
2197 5403 2340 5458 oculi
2363 5403 2522 5474 nigri,
2575 5413 2626 5458 et
2680 5405 3038 5460 convenientes
3075 5407 3268 5476 facici;

1683 5499 1849 5554 barba
1885 5516 2003 5554 vero
2025 5516 2190 5563 cana,
2222 5507 2274 5553 et
2311 5498 2427 5552 lata
2467 5505 2622 5568 atque
2653 5499 2906 5568 prolixa;
2964 5509 3014 5554 ct
3058 5509 3268 5555 statura

1679 5591 1793 5661 ejus
1831 5591 2007 5645 media
2035 5606 2054 5644 :
2077 5589 2213 5644 alter
2250 5606 2367 5644 vero
2390 5589 2598 5660 junior,
2621 5599 2670 5645 et
2700 5593 2969 5661 procerior
2992 5601 3129 5656 erat,
3152 5609 3272 5661 spe--

1679 5683 1854 5736 ciosus
1879 5680 2055 5751 forma
2088 5696 2198 5750 pra:
2226 5680 2356 5750 ﬁliis
2384 5681 2679 5737 hominum.
2704 5680 2774 5736 Et
2801 5684 2880 5736 ait
2902 5683 3033 5737 mihi
3055 5683 3231 5736 senior
3248 5697 3268 5735 :

1680 5772 1820 5839 Quid
1849 5773 2006 5843 agis?
2045 5771 2111 5826 Et
2148 5789 2240 5843 ego
2283 5775 2513 5830 maxime
2550 5776 2728 5842 timui,
2757 5775 2883 5846 quia
2913 5774 3118 5829 nullum
3173 5773 3272 5825 ad—

1680 5883 1790 5920 esse
1843 5866 2096 5922 sciebam.
2147 5863 2216 5918 Et
2262 5869 2506 5937 respondi
2554 5885 2574 5923 :
2623 5867 2761 5934 Quis
2805 5883 2866 5922 es
2907 5866 3001 5922 tu?
3036 5865 3106 5922 Et
3146 5865 3268 5919 ait:
