3846 6306
509 403 607 459 (ill

1077 400 1168 455 AD
1201 380 1652 456 GODEFRIDUM
1693 393 1986 452 APPEND.
2031 394 2094 451 ll.
2137 426 2204 435 —
2243 395 2514 454 MOMJM.
2556 397 2644 451 DE
2681 395 2905 454 BELLO
2947 396 3194 456 SACRO.

3661 403 3745 458 6|!

514 515 707 587 Surge,
734 524 788 571 et
815 514 922 571 noli
956 503 1176 579 tiinerci
1213 521 1268 567 ct
1288 510 1412 566 audi
1436 523 1559 580 quae
1577 522 1678 578 ego
1713 507 1909 579 loquar
1929 507 1998 562 ad
2019 517 2088 562 te.
2122 515 2165 574 Α
2197 525 2326 564 mete
2377 509 2706 564 debilitatem
2752 512 3068 582 recogitans,
3109 513 3292 566 timere
3338 512 3491 581 carpi,
3515 513 3561 565 si
3594 515 3660 566 ad
3677 533 3746 571 eos

514 609 630 682 Ego
679 625 802 666 sum
844 609 1090 662 Andreas
1127 605 1425 676 apostolus.
1459 602 1744 672 Congrega
1777 601 2094 671 episcopum

515 701 874 766 Podiensem,
901 708 957 754 et
1000 698 1252 754 comitem
1296 697 1480 751 Sancti
1509 693 1746 765 Egidii,
1773 703 1829 748 et
1873 693 2096 748 Petrum

517 791 892 848 Baimundum
932 791 998 846 de
1032 790 1328 860 Altopullo,
1375 799 1429 844 et
1467 791 1583 846 haec
1618 787 1770 843 dices
1817 785 1885 840 ad
1929 785 2095 840 illos:

522 883 637 939 Cur
667 882 889 953 negligit
911 881 1200 950 cpisc0plls
1227 880 1546 949 praedicare,
1577 888 1632 934 et
1653 889 2027 943 commonere,‘
2047 882 2102 930 et

519 988 646 1029 cum
673 985 835 1028 cruce
865 987 1030 1041 quam
1053 968 1273 1040 praal'ert
1305 971 1524 1042 signare
1550 967 1848 1040 populum?
1897 965 2101 1022 etenim

521 1065 754 1119 multum
785 1063 1065 1133 prodesset
1087 1061 1214 1117 illis.
1245 1061 1314 1114 Et
1341 1061 1552 1116 addidit
1578 1076 1596 1114 :
1624 1059 1794 1125 Veni,
1828 1067 1882 1114 et
1917 1050 2104 1113 ostené

521 1154 649 1208 dam
685 1152 781 1207 tibi
812 1151 989 1206 Patris
1019 1151 1192 1206 nostri
1235 1149 1363 1207 Jesu
1403 1150 1612 1206 Christi
1645 1151 1910 1216 lanceam,
1937 1159 2104 1218 quam

521 1242 710 1296 comiti
748 1241 999 1308 donabis,
1023 1241 1225 1296 etenim
1254 1255 1377 1296 eam
1411 1239 1556 1296 Deus
1596 1239 1875 1296 concessit
1910 1238 2008 1304 illi,
2038 1251 2106 1292 ex

521 1349 632 1403 quo
655 1333 872 1404 genitus
899 1343 1001 1388 est.
1031 1332 1253 1389 Surrexi
1277 1335 1458 1404 itaque
1476 1376 1490 1400 ,
1517 1341 1568 1388 et
1602 1341 1812 1387 secutus
1844 1338 1962 1385 sum
1988 1345 2107 1384 eum

521 1427 579 1480 in
610 1427 876 1481 civitatem
905 1426 1051 1480 nullo
1079 1426 1444 1480 circumdatus
1479 1426 1697 1491 amictu,
1725 1433 1915 1494 praeter
1937 1421 2104 1475 cami-

523 1521 682 1573 siam.
710 1518 780 1572 Et
816 1519 1030 1572 induxit
1055 1536 1134 1572 me
1159 1519 1215 1572 in
1241 1518 1519 1572 ecclesiam
1542 1518 1679 1572 beati
1707 1516 1856 1571 Petri
1884 1531 1976 1586 per
2011 1512 2109 1568 Se-

523 1610 952 1682 ptemtrionalem
991 1619 1221 1680 portam,
1254 1627 1412 1681 quam
1451 1619 1606 1664 antea
1634 1608 1916 1664 Sarraceni
1939 1605 2112 1675 Bafu-

526 1706 759 1758 muriam
819 1704 1074 1774 fecerant.
1114 1702 1181 1757 In
1219 1703 1440 1758 ecclesia
1500 1719 1618 1758 vero
1669 1703 1788 1757 dua:
1839 1700 2110 1770 lampades

527 1805 719 1862 erant,
772 1811 891 1866 qua:
949 1804 1157 1849 tantum
1215 1793 1391 1850 lumen
1446 1795 1521 1849 ibi
1563 1795 1880 1861 reddebant,
1947 1809 2010 1846 ac
2063 1794 2110 1847 si

2199 604 2448 670 venirem,
2475 603 2781 674 famelicum
2806 621 2886 659 me
2909 621 3040 671 esse,
3066 613 3116 660 et
3144 621 3239 674 pro
3263 606 3404 658 victu
3427 607 3560 659 talia
3587 608 3747 676 referre

2201 711 2283 748 me
2329 693 2757 765 proclamaretis.
2803 694 2993 767 Itaque
3041 706 3091 750 et
3123 713 3187 752 ea
3223 698 3332 750 vice
3385 699 3624 752 conticui.
3667 699 3748 755 Ds-

2201 786 2394 855 fluente
2427 786 2606 856 itaque
2650 795 2898 856 tempore,
2935 803 3054 840 cum
3079 786 3221 858 apud
3247 797 3460 856 portum
3489 787 3660 843 Sancti
3681 790 3749 845 Si-

2203 877 2401 931 meonls
2422 893 2616 942 essem;
2639 886 2797 949 atque
2819 895 2938 932 cum
2961 879 3176 932 domino
3220 895 3335 933 meo
3379 879 3637 936 Willelmo
3668 881 3750 938 Pe-

2206 970 2297 1035 tri,
2317 968 2462 1038 infra
2489 970 2774 1023 tentorium
2802 973 2909 1024 una
2933 965 3260 1040 recubarem',‘
3282 971 3462 1041 adfuit
3482 969 3649 1028 beatus
3663 975 3730 1029 An

2204 1059 2358 1114 dreas
2381 1077 2499 1115 cum
2525 1063 2689 1128 socio,
2721 1071 2771 1117 et
2810 1062 2995 1116 habitu
3022 1063 3203 1118 eodem
3243 1081 3346 1134 quo
3374 1065 3522 1134 prius
3559 1078 3750 1133 venerat,

2205 1161 2363 1223 atque
2389 1153 2466 1206 sic
2493 1153 2620 1206 mihi
2648 1152 2857 1208 locutus
2879 1163 2954 1208 est
2979 1169 2996 1207 :
3019 1154 3133 1209 Cur
3156 1170 3266 1210 non
3311 1155 3500 1211 dixisti
3521 1157 3684 1214 comiti
3711 1171 3753 1214 et

2206 1244 2488 1314 episcopo,
2513 1254 2566 1300 ct
2590 1246 2733 1313 aliis,
2771 1262 2894 1317 qua:
2923 1262 3025 1318 ego
3057 1249 3424 1318 praeceperam
3454 1247 3579 1304 tibi?
3603 1249 3662 1303 Et
3685 1268 3753 1305 re-

2209 1338 2398 1408 spondi
2413 1353 2434 1391 :
2462 1337 2655 1394 Nonne
2671 1354 2772 1411 ego
2787 1349 3042 1411 precatus
3057 1357 3177 1396 sum
3207 1350 3280 1408 te,
3292 1341 3531 1409 domine,
3547 1353 3602 1397 ut
3617 1345 3755 1400 alium

2210 1443 2310 1500 pro
2351 1445 2438 1485 me
2491 1432 2756 1498 mitteres,
2795 1432 2891 1502 qui
2926 1441 2981 1486 et
3023 1433 3322 1502 sapientior
3352 1443 3521 1501 esset;
3551 1445 3600 1490 et
3621 1453 3754 1506 quem

2212 1523 2411 1578 vellent
2439 1523 2628 1578 audire
2659 1542 2671 1577 :
2697 1527 2958 1595 praeterea
2989 1522 3182 1579 Turca:
3208 1532 3338 1580 sunt
3373 1525 3428 1578 in
3455 1524 3652 1591 itinere,
3680 1529 3758 1596 qui

2212 1615 2492 1671 venientes
2519 1625 2574 1670 et
2592 1616 2857 1671 abeuntes
2877 1615 3230 1671 interﬁciunt.
3266 1615 3336 1670 Et
3357 1618 3434 1670 ait
3455 1625 3653 1671 sanctus
3671 1619 3763 1670 An-

2214 1708 2369 1762 dreas
2403 1724 2420 1761 :
2449 1707 2567 1762 Noli
2615 1708 2824 1775 timere,
2865 1707 2994 1780 quia
3036 1709 3173 1764 nihil
3207 1708 3306 1763 tibi
3355 1709 3635 1769 nocebunt.
3659 1709 3765 1765 Hac

2215 1814 2436 1869 quoque
2459 1799 2607 1854 dices
2637 1798 2845 1864 comiti,
2875 1815 3000 1853 cum
3028 1799 3238 1853 venerit
3264 1799 3330 1854 ad
3367 1797 3646 1855 Iordanem
3675 1800 3764 1856 ﬂu-

530 1890 778 1943 meridies
813 1889 1126 1944 illuxisset:
1157 1887 1226 1942 Et
1268 1889 1406 1943 dixit
1457 1889 1586 1943 mihi
1611 1905 1629 1942 :
1669 1887 1936 1959 Exspecta
2001 1887 2110 1942 hic.
2145 1867 2190 1925 Β
2217 1867 2390 1957 vium,
2445 1907 2554 1946 non
2598 1891 2940 1962 intinguatur
2992 1890 3088 1957 ibi,
3118 1891 3215 1946 sed
3265 1891 3483 1962 navigio
3532 1893 3767 1956 transeat;

531 1979 602 2034 Et
660 1981 826 2051 jussit
896 1999 976 2036 me
1034 1983 1282 2036 assistere
1343 1982 1631 2049 colurnum,
1687 1999 1804 2053 qua:
1871 1981 2115 2052 proxima

529 2085 644 2129 erat
699 2076 973 2147 gradibus,
1031 2077 1219 2148 quibus
1275 2077 1664 2132 ascendebatur
1720 2078 1790 2131 ad
1847 2077 2018 2132 altare
2082 2095 2116 2130 a

533 2168 752 2223 meridie
810 2183 828 2222 .'
886 2177 935 2222 et
1002 2171 1177 2222 socius
1241 2169 1356 2239 ejus
1431 2187 1463 2224 a
1529 2169 1681 2240 longe
1741 2169 1930 2237 stetit,
1995 2176 2116 2222 ante

532 2259 730 2328 gradus
766 2259 978 2314 altaris.
1029 2258 1308 2330 Ingressus
1339 2270 1517 2315 autem
1553 2261 1648 2314 sub
1674 2270 1872 2314 terram
1898 2269 2115 2314 sanctus

528 2350 790 2418 Andreas,
820 2351 1071 2421 produxit
1113 2352 1376 2418 lanceam,
1417 2362 1573 2423 atque
1612 2353 1670 2406 in
1711 2352 1954 2406 manibus
1985 2352 2116 2406 mihi

530 2443 776 2509 tradidit,
807 2453 856 2497 et
885 2444 1025 2498 dixit
1055 2445 1226 2500 mihi:
1252 2442 1391 2501 Ecce
1437 2445 1624 2501 lancea
1670 2461 1793 2516 quae
1820 2445 1964 2501 latus
1989 2461 2118 2516 ape-

529 2535 661 2603 ruit,
685 2537 828 2591 unde
856 2537 1026 2593 totius
1069 2537 1259 2593 mundi
1284 2538 1435 2594 salus
1459 2538 1752 2592 emanavit.
1784 2536 2025 2609 Dumque
2061 2537 2116 2591 in

530 2628 774 2682 manibus
800 2645 916 2683 eam
951 2623 1196 2697 tenerem,
1227 2629 1572 2700 lacrgmando
1610 2647 1720 2701 pra:
1755 2631 1971 2702 gaudio,
2000 2631 2116 2684 dixi

530 2720 578 2773 ei
605 2735 622 2772 :
652 2718 906 2787 Domine,
937 2721 984 2778 si
1011 2723 1096 2777 vis
1143 2724 1373 2794 portabo
1401 2738 1544 2791 eam,
1577 2733 1631 2778 et
1657 2724 1878 2779 reddam
1904 2713 2112 2780 comiti.

531 2811 603 2866 Et
635 2813 773 2867 dixit
803 2815 931 2869 mihi
963 2831 980 2868 :
1006 2814 1136 2870 Sine
1165 2815 1350 2882 modo,
1405 2815 1650 2871 futurum
1674 2817 1820 2872 enim
1846 2826 1904 2871 ut
1925 2817 2118 2873 civitas

531 2906 800 2976 capiatur.
854 2906 923 2962 Et
971 2919 1100 2964 tunc
1143 2909 1332 2965 venies
1383 2926 1509 2965 cum
1569 2910 1856 2966 duodecim
1886 2910 2038 2977 viris,
2065 2920 2120 2966 et

531 3010 746 3071 quarres
767 3015 890 3058 eam
921 3002 1030 3070 hic,
1077 3001 1220 3058 unde
1247 3017 1348 3075 ego
1370 3003 1636 3070 abstraxi,
1675 3012 1728 3058 et
1749 3005 1840 3060 ubi
1872 3020 1993 3060 eam
2027 3021 2116 3060 re-

533 3094 788 3149 condam.
821 3093 891 3148 Et
923 3095 1218 3150 recondidit
1249 3113 1386 3150 eam.
1433 3079 1533 3150 His
1557 3097 1635 3150 ita
1681 3098 1931 3168 peractis,
1964 3114 2120 3168 super

533 3200 744 3238 murum
773 3185 1003 3240 civitatis
1039 3187 1248 3242 reduxit
1271 3203 1351 3241 me
1372 3187 1426 3241 in
1449 3190 1664 3242 domum
1690 3204 1878 3256 meam,
1901 3197 1952 3242 et
1977 3190 2053 3242 sic
2085 3207 2117 3242 a

534 3295 617 3334 me
664 3291 1002 3336 recesserunt.
1041 3281 1184 3336 Tunc
1211 3298 1303 3353 ego
1333 3299 1534 3337 mecum
1577 3284 1892 3354 recogitans,
1915 3293 1962 3337 et
1985 3300 2118 3354 pau-

533 3373 757 3441 pertatis
791 3389 918 3428 mea:
944 3372 1206 3440 habitum,
1234 3382 1282 3427 et
1317 3383 1542 3428 vestram
1572 3375 2007 3446 magnitudinem,
2031 3391 2118 3430 vc-

534 3465 670 3518 ritus
695 3481 810 3517 sum
837 3465 906 3518 ad
929 3483 1016 3519 vos
1042 3466 1306 3522 accedere.
1322 3465 1450 3520 Post
1469 3466 1606 3520 illud
1631 3477 1831 3538 tempus
1855 3485 1973 3522 cum
1998 3475 2124 3538 pro-'

534 3555 701 3626 fectus
744 3573 909 3611 essent
962 3558 1032 3611 ad
1073 3556 1345 3629 quoddam
1383 3566 1638 3626 castrum,
1683 3561 1821 3631 quod
1860 3571 1936 3616 est
1959 3561 2120 3632 juxta

530 3649 746 3719 Ilojam,
768 3659 980 3720 propter
1019 3651 1349 3717 alimoniam,
1369 3653 1545 3722 prima
1571 3651 1658 3706 die
1688 3651 2121 3725 Quadragesimaz

530 3739 587 3792 in
617 3740 750 3810 galli
779 3751 961 3808 cantu,
991 3742 1168 3811 adfuit
1207 3743 1337 3797 mihi
1373 3743 1555 3798 beatus
1601 3744 1842 3798 Andreas
1865 3746 1920 3799 in
1943 3747 2120 3800 eodem

531 3831 737 3897 habitu,
767 3842 816 3886 et
839 3849 957 3886 cum
997 3851 1056 3887 eo
1092 3851 1193 3905 quo
1223 3836 1372 3904 prius
1401 3845 1607 3890 venerat
1636 3836 1819 3900 socio;
1850 3846 1897 3890 et
1929 3854 2120 3907 magna

532 3923 756 3977 claritas
779 3925 994 3978 domum
1028 3925 1262 3996 replevit.
1292 3925 1362 3981 Et
1405 3919 1481 3982 ait
1509 3927 1689 3982 beatus
1716 3928 1955 3983 Andreas
1979 3944 1995 3981 :
2024 3927 2121 3982 Vi-

533 4015 780 4086 gilasne?
810 4016 900 4072 Sic
927 4019 1342 4089 expergefactus,
1377 4020 1619 4090 respondi
1651 4036 1669 4074 :
1707 4018 1848 4086 Non,
1900 4020 2120 4076 domine

535 4107 610 4161 mi
631 4113 658 4174 ,'
697 4124 804 4164 non
830 4108 1046 4163 dormio
1074 4119 1086 4164 :‘
1119 4118 1167 4163 et
1200 4111 1278 4163 ait
1329 4110 1457 4163 mihi
1495 4127 1513 4166 :
1559 4109 1753 4167 Dixisti
1782 4126 1844 4166 ea
1878 4127 1999 4182 qum
2027 4111 2122 4166 du-

534 4200 666 4256 dum
721 4200 815 4255 tibi
847 4201 1074 4256 dicenda
1129 4196 1422 4256 mandavi?
1455 4201 1526 4256 Et
1554 4203 1840 4274 respondi:
1869 4203 2116 4268 Domine,

536 4305 720 4344 nonne
765 4299 1021 4361 precatus
1070 4307 1194 4346 sum
1221 4307 1340 4358 vos,
1379 4301 1439 4347 ut
1466 4292 1636 4348 alium
1665 4295 1746 4350 eis
1791 4293 2122 4349 Initteretis?

536 4381 749 4436 Etenim
805 4392 1057 4438 metuens
1087 4385 1394 4454 paupertati
1421 4401 1575 4453 meae,
1607 4385 1867 4440 accedere
1892 4386 1957 4440 ad
1998 4385 2119 4440 illos

534 4474 802 4530 dubitavi.
838 4474 907 4529 Et
947 4477 1086 4529 dixit
1117 4477 1247 4530 mihi
1271 4492 1288 4528 :
1310 4475 1570 4533 Nescisnc
1597 4493 1696 4532 cur
1724 4475 1868 4532 Deus
1895 4477 2001 4531 huc
2021 4492 2120 4533 vos

2217 2001 2342 2039 eum
2375 1990 2554 2039 autem
2583 1984 2887 2050 transierit,
2914 1976 3139 2039 camisia
3163 1993 3216 2038 et
3236 1978 3451 2040 braccis
3471 1984 3620 2040 lineis
3643 1986 3774 2040 indu.

2217 2087 2329 2142 tus,
2355 2077 2421 2132 de
2445 2077 2668 2131 ﬂumine
2693 2085 3034 2148 aspergatur.
3059 2075 3125 2130 Et
3152 2085 3442 2148 postquam
3466 2077 3655 2133 siccata
3675 2077 3777 2133 lue-

2217 2171 2328 2224 rint
2366 2169 2488 2240 ejus
2529 2169 2874 2235 vestimenta,
2919 2178 3144 2240 reponat
3189 2183 3275 2236 ea,
3318 2179 3371 2225 ct
3420 2181 3690 2224 conservet
3719 2185 3775 2223 ea

2218 2275 2343 2315 cum
2372 2261 2560 2315 lancea
2585 2259 2822 2315 Domini.
2842 2259 2910 2313 Et
2933 2261 3043 2315 lucc
3068 2261 3313 2314 dominus
3337 2278 3482 2316 meus
3503 2261 3777 2317 Willclmus

2220 2351 2370 2407 Petri
2395 2353 2622 2420 audivit,
2663 2354 2804 2407 licet
2822 2369 2924 2406 non
2951 2353 3149 2408 videret
3173 2353 3493 2424 apostolum.
3525 2353 3780 2424 Conforta-

2220 2456 2304 2501 tus
2330 2448 2518 2518 igitur,
2549 2447 2620 2501 ad
2653 2446 2944 2501 exercitum
2967 2461 3202 2501 reversus
3240 2464 3378 2502 sum.
3410 2445 3640 2518 Cumque
3658 2448 3782 2500 vobis

2219 2540 2329 2595 [nec
2355 2541 2557 2611 pariter
2583 2539 2759 2594 dicere
2792 2538 2995 2605 vellem,
3035 2539 3338 2594 coadunare
3363 2556 3452 2594 vos
3499 2557 3600 2594 non
3634 2541 3779 2610 potui.

2222 2631 2409 2702 Itaque
2428 2631 2694 2702 profectus
2717 2645 2834 2684 sum
2853 2643 2923 2683 aa
2950 2639 3160 2699 portum
3185 2631 3249 2684 de
3277 2630 3552 2686 Mamista.
3587 2631 3666 2686 Ibi
3685 2649 3783 2686 vero

2219 2731 2336 2773 cum
2361 2719 2610 2790 navigare
2635 2717 2691 2771 in
2721 2717 2954 2788 Cyprum
2977 2717 3207 2772 insulam
3237 2735 3332 2789 pro
3361 2720 3673 2774 victualibus
3692 2721 3783 2774 κ’-

2219 2809 2341 2876 lem,
2390 2808 2743 2863 comminatus
2785 2819 2863 2863 est
2899 2810 3029 2864 mihi
3073 2808 3297 2863 multum
3328 2809 3509 2866 beatus
3539 2812 3786 2872 Andreas;

2221 2905 2326 2959 nisi
2371 2905 2475 2959 cito
2511 2906 2770 2972 redirem,
2815 2916 2864 2960 et
2903 2907 3048 2960 vobis
3079 2907 3318 2976 injuncta
3363 2910 3494 2963 mihi
3542 2913 3785 2982 referrem.

2222 2997 2457 3070 Cumque
2483 3000 2770 3070 cogitarem
2804 2999 3004 3054 mecum
3025 2996 3284 3070 quomodo
3315 3013 3601 3058 reverterer
3629 3006 3690 3057 ad
3713 3023 3788 3057 (ιιι

2223 3099 2363 3156 stra,
2391 3090 2573 3146 aberat
2619 3093 2760 3146 enim
2806 3101 2990 3162 portus
3027 3091 3118 3146 ille
3156 3095 3220 3147 ab
3267 3097 3503 3149 exercitu
3538 3099 3684 3167 quasi
3713 3116 3788 3168 per

2223 3192 2326 3237 tres
2353 3184 2485 3250 dies,
2511 3185 2850 3238 amarissime
2874 3185 3000 3254 ﬂere
3028 3185 3179 3255 ccepi,
3210 3203 3329 3240 cum
3361 3188 3613 3243 redeundi
3634 3192 3787 3261 facul-

2223 3286 2387 3331 tatem
2416 3278 2642 3348 reperire
2671 3294 2774 3332 non
2797 3294 3024 3348 possem.
3070 3278 3304 3334 Tandem
3330 3298 3362 3334 a
3383 3284 3543 3336 sociis
3565 3293 3615 3337 et
3636 3285 3788 3336 domi-

2223 3385 2289 3424 no
2325 3385 2438 3425 meo
2487 3371 2861 3436 commonitus,
2898 3371 3165 3442 navigium
3202 3372 3468 3443 ingressus
3493 3376 3548 3427 in
3583 3374 3790 3445 Cyprum

2222 3463 2512 3533 remigrare
2549 3463 2821 3534 coepimus.
2855 3460 2924 3514 Et
2945 3479 3064 3515 cam
3104 3479 3197 3533 per
3224 3472 3388 3516 totam
3412 3464 3552 3518 diem
3579 3467 3725 3518 remis
3754 3475 3791 3517 ct

2220 3553 2485 3624 prosperis
2538 3553 2704 3606 ventis
2742 3569 3042 3622 ageremur,‘
3077 3569 3236 3624 usque
3265 3554 3334 3607 ad
3367 3555 3496 3608 solis
3546 3572 3790 3618 occasum,

2222 3653 2340 3698 orta
2361 3643 2538 3698 subito
2579 3653 2908 3714 tempestate,
2934 3645 2988 3698 in
3011 3645 3186 3714 spatio
3210 3645 3366 3698 unius
3392 3645 3538 3700 Itone
3571 3646 3648 3699 vel
3678 3647 3793 3699 dua-

2224 3754 2341 3792 rum
2383 3738 2452 3791 ad
2495 3737 2738 3792 relictum
2766 3747 2979 3807 portum
3016 3739 3210 3792 reversi
3244 3753 3448 3793 sumus.
3482 3738 3568 3792 Ibi
3597 3739 3792 3810 langue-

2224 3846 2330 3884 rem
2367 3829 2742 3901 gravissimum
2772 3829 2994 3884 incurri.
3042 3829 3215 3900 Capta
3253 3841 3432 3885 autem
3478 3833 3709 3896 civitate,
3740 3835 3792 3883 ad

2223 3939 2310 3977 vos
2332 3922 2466 3976 veni.
2499 3919 2568 3975 Et
2593 3936 2730 3974 nunc
2752 3922 2800 3975 si
2830 3921 2973 3976 vobis
2993 3921 3187 3992 placet,
3202 3924 3518 3993 experimini
3539 3942 3659 3996 qua
3675 3927 3791 3978 dico.

2224 4013 2528 4086 Episcopus
2573 4022 2758 4069 autem
2783 4013 2921 4068 nihil
2963 4029 3107 4082 esse,
3138 4024 3336 4085 praeter
3363 4017 3529 4072 verba
3561 4019 3793 4088 putavit:

2221 4106 2420 4162 Comes
2443 4120 2572 4160 vero
2599 4105 2748 4161 illico
2782 4105 3033 4173 credidit,
3066 4116 3119 4162 et
3162 4107 3314 4162 illum
3351 4109 3445 4179 qui
3479 4110 3590 4165 hoc
3609 4111 3797 4166 diser-at

2223 4198 2503 4268 capellano
2529 4211 2632 4254 suo
2660 4196 2992 4262 Raimundo,
3021 4199 3444 4255 custodiendum
3475 4201 3718 4257 tradidit.

2835 4288 3066 4344 CAPUT
3105 4288 3222 4346 XV.

2293 4383 2557 4454 Apparuit
2591 4382 2645 4436 in
2681 4383 2797 4453 ipsa
2821 4391 3001 4448 nocte,
3038 4398 3161 4453 qua:
3194 4392 3383 4439 secuta
3413 4393 3518 4452 est,
3553 4384 3796 4441 Dominus

2224 4485 2408 4531 noster
2429 4474 2587 4530 Jesus
2611 4474 2865 4530 Christus
2885 4475 3101 4530 cuidam
3131 4461 3422 4544 sacerdoti,
3447 4479 3678 4533 nomine
3697 4479 3795 4533 Stc-

533 4567 780 4634 adduxit,
827 4576 880 4623 et
918 4577 1185 4640 quantum
1231 4586 1329 4626 vos
1375 4570 1582 4641 diligat,
1613 4579 1667 4624 et
1712 4570 1989 4640 quomodo
2025 4585 2122 4627 vos
2155 4577 2198 4634 1)
2225 4567 2428 4638 phano,
2473 4566 2800 4638 lacrymanti
2850 4583 2951 4637 pro
2997 4567 3218 4622 interitu
3273 4585 3376 4624 suo
3418 4580 3474 4624 et
3515 4572 3794 4630 sociorum,

533 4660 805 4730 prtecipue
847 4659 1026 4731 elegit.
1057 4659 1164 4716 Pro
1187 4669 1499 4731 contemptu
1537 4659 1622 4716 sui
1660 4669 1715 4716 et
1749 4675 1974 4716 suorum
2003 4661 2122 4716 vin-

533 4753 699 4818 dicta,
725 4768 822 4808 vos
845 4752 954 4808 huc
975 4753 1164 4808 venire
1195 4751 1542 4824 fecit.;Diligil
1565 4767 1662 4808 vos
1677 4752 1814 4807 adeo
1838 4761 1897 4807 ut
1923 4753 2119 4820 sancti,

529 4844 644 4914 jam
677 4844 732 4898 in
772 4846 960 4916 requie
1011 4845 1196 4916 positi,
1225 4846 1429 4901 divina:
1468 4845 1849 4916 dispositionis
1891 4847 2146 4916 gratiaru-

533 4950 962 5010 przenoscentes,
1011 4941 1064 4994 in
1096 4956 1260 4996 carne
1303 4955 1445 5006 esse,
1477 4949 1532 4994 et
1576 4947 1892 4994 concertare
1937 4940 2122 4996 vobis-

535 5047 660 5085 cum
690 5032 909 5086 vellent.
942 5031 1115 5102 Elegit
1137 5048 1232 5088 vos
1260 5031 1424 5097 Deus,
1461 5047 1527 5086 ex
1554 5030 1809 5086 omnibus
1845 5031 2118 5100 gentibus,

535 5123 677 5178 sicut
705 5124 926 5178 triticea:
947 5124 1110 5192 spieze
1142 5125 1208 5179 de
1243 5125 1498 5178 avenaria
1527 5124 1875 5195 colliguntur.
1907 5123 2118 5179 Etenim

535 5214 746 5269 meritis
771 5223 823 5268 et
852 5213 1025 5285 gratia
1056 5215 1362 5283 praeceditis
1393 5231 1605 5282 omnes,
1641 5215 1736 5285 qui
1770 5225 1895 5271 ante
1916 5225 1968 5272 et
1997 5226 2121 5287 post

533 5323 630 5361 vos
666 5306 905 5369 venient,
930 5305 1072 5360 sicut
1096 5321 1289 5361 aurum
1321 5307 1496 5377 pretio
1530 5307 1785 5377 praecedit
1809 5317 2118 5378 argentum.

532 5396 662 5452 Post
698 5397 808 5450 lucc
830 5397 1200 5465 discesserunt,
1236 5409 1285 5454 et
1321 5416 1400 5454 me
1429 5409 1580 5454 tanta
1617 5401 1878 5472 ccgritudo
1902 5417 2117 5473 oppres-

531 5489 602 5544 sit
633 5496 690 5541 ut
715 5487 892 5540 lumen
918 5487 1189 5542 oculorum
1209 5493 1507 5561 perderem;
1533 5503 1584 5549 et
1609 5494 2013 5564 dispositionem
2038 5503 2116 5548 te-

532 5579 810 5634 nuissimae
855 5583 1181 5647 paupertatis
1212 5600 1338 5641 mete
1369 5585 1616 5655 facerem.
1667 5585 1812 5640 Tunc
1847 5602 1941 5657 ego
1988 5586 2118 5656 ca’pi

530 5686 737 5727 mecum
759 5669 994 5738 cogitare
1016 5674 1175 5742 quod,
1208 5676 1270 5730 ob
1303 5679 1676 5749 negligentiam
1712 5677 2019 5748 apostolica:
2041 5678 2119 5731 vi-

527 5763 717 5826 sionis,
748 5760 859 5815 lucc
879 5761 1024 5830 juste
1065 5766 1192 5820 mihi
1227 5771 1604 5842 contingerent.
1639 5769 1984 5837 Confortatus
2013 5769 2119 5822 ita-

522 5871 642 5925 que,
671 5855 747 5910 ad
772 5854 1096 5911 obsidionem
1118 5875 1348 5918 reversus
1371 5879 1508 5920 sum.
1540 5863 1763 5929 Rursus,
1787 5862 2117 5931 paupertatis

2223 4675 2387 4729 quem
2437 4657 2685 4713 futurum
2737 4659 2883 4713 illico
2929 4660 3203 4729 sperabat.
3257 4658 3471 4714 Etenim
3509 4671 3798 4716 terrueram

2221 4765 2346 4805 eum
2376 4749 2620 4819 quidam,
2650 4750 2744 4820 qui
2773 4750 2841 4805 de
2864 4751 3089 4806 castello
3111 4751 3530 4817 descenderant,
3578 4754 3797 4807 dicentes

2223 4840 2431 4896 Turcos
2454 4840 2566 4912 jam
2615 4841 2948 4897 descendere
2987 4841 3055 4898 de
3091 4852 3276 4898 monte
3314 4843 3370 4897 in
3395 4843 3700 4908 civitatem,
3732 4855 3797 4897 at-

2223 4949 2329 5005 que
2355 4941 2576 4988 nostros
2619 4930 2828 5004 fugere,
2861 4942 2916 4988 et
2936 4933 3112 4988 victos
3139 4949 3279 4988 esse.
3307 4933 3615 5005 Propterea
3644 4952 3798 4991 sacer-

2225 5028 2326 5083 dos
2349 5027 2541 5082 volens
2564 5027 2762 5082 habere
2785 5025 2956 5081 Deum
2997 5027 3194 5082 mortis
3224 5043 3338 5083 sua:
3359 5038 3587 5096 testem,
3617 5031 3799 5100 ingres-

2221 5136 2316 5176 sus
2352 5119 2641 5174 ecclesiam
2672 5118 2844 5172 beata:
2873 5134 3088 5189 semper
3131 5120 3360 5190 virginis
3401 5120 3619 5190 Maria,
3641 5123 3798 5177 habita

2221 5211 2586 5278 confessione,
2610 5222 2664 5266 et
2687 5219 2906 5280 sumpta
2927 5212 3105 5279 venia,
3133 5228 3259 5268 cum
3282 5213 3629 5284 quibusdam
3661 5217 3798 5271 sociis

2221 5304 2464 5376 psalmos
2494 5312 2720 5359 cantare
2755 5303 2941 5374 coepit,
2973 5303 3487 5376 dormientibusque
3523 5310 3663 5364 aliis
3695 5324 3794 5360 cum

2221 5398 2371 5453 solus
2390 5397 2661 5468 vigilaret,
2683 5404 2847 5466 atque
2874 5411 2998 5452 cum
3018 5395 3276 5452 dixisset:
3307 5396 3564 5464 Domine,
3593 5402 3703 5472 quis
3722 5400 3797 5450 ba-

2221 5491 2412 5544 bitabit
2457 5491 2514 5544 in
2560 5488 2902 5543 tabernaculo
2953 5497 3079 5554 tuo,
3127 5499 3222 5543 aut
3271 5493 3391 5560 quis
3450 5492 3797 5562 requiescetin

2221 5591 2394 5636 monte
2426 5591 2608 5637 sancto
2645 5591 2735 5636 tuo
2765 5579 2942 5650 (Psal.
2970 5597 3081 5647 nv,
3128 5582 3202 5649 Ι).
3237 5581 3398 5637 Stetit
3437 5597 3634 5639 coram
3657 5581 3798 5639 eovir

2221 5674 2466 5745 quidam,
2506 5676 2647 5729 ultra
2675 5688 2896 5730 omnem
2921 5673 3176 5744 speciem,
3216 5673 3428 5729 habens
3453 5672 3798 5745 pulchritudi-

2222 5781 2369 5830 nem,
2400 5775 2454 5820 ct
2476 5763 2614 5820 dixit
2646 5765 2695 5820 ei
2726 5783 2738 5819 :
2767 5763 2961 5831 Homo,
3002 5781 3248 5834 quamam
3275 5774 3354 5820 est
3389 5767 3504 5821 Iure
3531 5784 3676 5838 gens,
3703 5779 3799 5836 quc

2224 5861 2488 5917 civitatem
2516 5861 2752 5934 ingressa
2777 5871 2855 5917 est
2875 5862 2901 5915 7
2920 5859 2985 5918 Et
3011 5859 3088 5916 ait
3116 5859 3405 5930 presbyter
3432 5879 3445 5915 :
3476 5861 3790 5917 Christiani.
