3846 6306
35 351 210 479 ελκῖ

71 479 262 580 ’ille
282 479 406 526 dixit
442 490 458 526 ε
513 479 876 544 Cujusmodi
914 479 1245 530 Christiani?
1299 479 1366 529 Et
1406 479 1684 539 sacerdos,

45 535 84 638 En
113 564 213 638 Αἱ
243 563 430 618 credunt
457 564 773 622 Christum
798 569 866 623 de
897 566 1106 637 Virgine
1144 574 1351 634 natum,
1374 575 1424 620 et
1445 566 1502 618 in
1536 581 1684 618 cruce

190 673 306 723 stum,
326 666 637 726 mortuum,
663 669 722 714 et
753 659 1054 730 sepultum;
1075 667 1124 713 et
1154 659 1502 713 resurrexisse
1528 659 1685 711 tertia

90 748 132 836 ἀί
143 768 216 818 ι,
233 758 353 820 atque
377 749 450 834 in‘
478 750 690 805 cretum
725 753 1046 808 ascendisse.
1075 750 1138 805 Et
1165 749 1306 806 dixit
1337 750 1420 803 vir
1453 750 1544 804 ille
1573 765 1587 802 :
1616 748 1685 802 Et

107 869 136 917 ιλ
195 838 446 894 Christiani
471 849 632 908 sunt,
673 856 776 894 cur
814 856 1137 912 paganorum
1169 838 1569 892 multitudinem
1602 852 1686 893 ve-

120 934 306 1003 ττι-ιιτῖ
325 931 386 986 ΕΙ.
402 932 626 988 addidit
661 952 676 988 :
705 934 1029 1004 Agnoscisne
1051 948 1129 986 me
1143 933 1168 985 .9
1197 930 1262 987 Et
1285 931 1570 1002 presbyter
1593 945 1683 985 re-

137 1025 341 1105 spondit:
376 1024 498 1079 Non
531 1042 769 1096 agnosco
800 1035 870 1092 te,
893 1026 1118 1091 domine,
1152 1025 1258 1078 nisi
1277 1023 1418 1095 quod
1442 1022 1686 1092 pulcher-

147 1125 295 1176 rimam
327 1117 560 1170 omnium
603 1117 759 1172 video
796 1127 865 1171 te.
912 1115 978 1170 Et
1003 1116 1079 1171 ait
1099 1116 1184 1171 vir
1219 1134 1232 1171 :
1268 1115 1686 1186 Diligentissima

147 1215 302 1266 intuere
327 1225 420 1263 me.
450 1208 713 1280 Cumque
750 1208 806 1263 in
837 1224 964 1263 eum
999 1209 1384 1279 perspicaciter
1431 1207 1685 1264 sacerdo-

147 1304 223 1358 dos
257 1301 566 1368 intenderet,
599 1301 669 1356 de
698 1301 877 1371 capite
904 1301 1043 1371 ejus,
1080 1302 1314 1371 speciem
1360 1301 1541 1358 crucis
1571 1301 1685 1356 sole

139 1395 276 1448 multo
318 1393 610 1448 clariorem
662 1393 958 1464 procedere
986 1393 1137 1449 vidit.
1186 1392 1252 1448 Et
1285 1395 1359 1450 ait
1401 1395 1686 1465 presbyter

135 1487 226 1540 viro
255 1486 612 1556 interroganti
635 1486 704 1540 de
738 1501 838 1541 se:
873 1485 1114 1552 Domine,
1161 1487 1412 1556 imagines
1468 1485 1683 1540 Domini

124 1579 266 1632 nostri
307 1577 440 1632 Iesu
494 1576 698 1632 Christi
728 1594 839 1631 esse
872 1577 1120 1641 dicimus,
1163 1593 1278 1648 qua:
1329 1579 1558 1631 similent
1589 1578 1683 1631 tibi

115 1672 318 1740 speciem
343 1672 661 1742 prmferunt.
684 1670 752 1726 Et
770 1671 908 1726 dixit
932 1671 1007 1725 illi
1034 1669 1298 1725 Dominus
1325 1689 1336 1723 :
1361 1669 1499 1724 Bene
1535 1669 1682 1722 dixi-

111 1764 184 1828 sti,
218 1763 349 1832 quia
395 1778 492 1832 ego
523 1778 662 1816 sum.
721 1760 910 1816 Nonne
947 1762 1202 1831 scriptum
1239 1769 1316 1814 est
1351 1761 1414 1814 de
1445 1776 1524 1813 me
1557 1760 1683 1830 quia

106 1869 204 1904 sum
247 1871 268 1903 ι
321 1851 587 1906 Dominus
619 1853 774 1922 fortis
802 1861 853 1906 et
877 1861 1095 1922 potens;
1125 1850 1382 1904 Dominus
1423 1860 1603 1920 potens
1627 1852 1683 1904 in

99 1943 316 2011 pralio?
355 1963 373 1995 ι
426 1944 606 2015 (Psal.
642 1959 803 2009 xxut,
850 1943 930 2015 8.)
982 1943 1051 1997 Et
1073 1945 1190 2015 quis
1230 1953 1307 1998 est
1339 1943 1591 1997 Dominus
1627 1945 1684 1997 in

95 2039 364 2091 exercitu?
387 2037 457 2091 Et
497 2037 782 2108 respondit
825 2037 1107 2109 presbyter
1140 2056 1153 2091 :
1181 2035 1425 2102 Domine,
1451 2053 1554 2090 non
1581 2037 1681 2108 fuit

92 2127 155 2181 ibi
172 2145 320 2181 unus
353 2129 506 2182 solus
551 2128 812 2183 Dominus
851 2145 1103 2198 unquam,
1142 2127 1232 2182 sed
1255 2128 1422 2196 magis
1445 2127 1683 2198 episcopo

88 2220 328 2273 credunt.
355 2219 425 2274 Et
450 2219 590 2275 dixit
613 2219 878 2274 Dominus
903 2235 915 2271 :
948 2219 1076 2275 llatc
1100 2219 1240 2273 dices
1265 2220 1504 2289 episcopo
1528 2234 1546 2272 :
1571 2217 1682 2272 Po-

83 2310 226 2379 pulus
261 2313 374 2365 iste
403 2311 548 2365 male
583 2311 784 2382 agendo
807 2328 888 2366 me
921 2312 1181 2384 elongavit
1211 2330 1243 2366 a
1267 2328 1340 2378 se,
1369 2323 1417 2366 et
1455 2313 1569 2366 ideo
1599 2313 1685 2366 di-

81 2419 157 2456 cas
179 2405 268 2457 eis
297 2418 321 2456 :
355 2402 490 2459 Haec
515 2403 653 2459 dicit
684 2403 969 2471 Dominus,
997 2402 1374 2460 Convertimini
1407 2404 1478 2458 ad
1519 2421 1601 2459 me
1633 2415 1682 2460 et

79 2511 156 2563 ego
177 2504 442 2550 reuertar
463 2494 534 2548 ad
557 2511 668 2548 vos.
690 2493 904 2550 Etcum
927 2510 1164 2566 pugnam
1189 2493 1430 2561 inierint,
1462 2493 1677 2550 dicant:

80 2586 413 2660 Congregati
446 2597 574 2642 sunt
601 2587 808 2642 inimici
837 2588 1035 2652 nostri;
1071 2597 1120 2642 et
1170 2586 1474 2658 gloriantur
1494 2588 1550 2642 in
1571 2588 1681 2642 vir-

78 2690 172 2735 tute
214 2699 360 2748 sua,
406 2689 622 2734 contere
679 2680 1044 2750 fortitudinem
1082 2679 1317 2746 illorum,
1367 2679 1610 2746 Domine,
1632 2688 1683 2734 et

76 2773 322 2844 disperge
352 2773 509 2840 illos,
540 2772 672 2843 quia
696 2788 801 2826 non
842 2781 917 2826 est
944 2771 1084 2825 alius
1106 2772 1196 2843 qui
1235 2781 1427 2842 pugnet
1458 2787 1553 2842 pro
1583 2788 1680 2825 no-

75 2865 156 2933 bis,
200 2867 327 2921 nisi
380 2876 443 2919 tu
491 2865 637 2921 Deus
668 2874 864 2920 noster.
909 2863 976 2920 Et
1024 2865 1139 2920 haec
1183 2880 1402 2935 quoque
1436 2864 1586 2920 dices
1613 2863 1681 2919 ad

75 2972 151 3012 eos
181 2978 199 3013 :
233 2958 309 3014 Si
349 2959 618 3029 feceritis,
657 2975 776 3029 qua:
812 2974 905 3029 ego
945 2957 1194 3028 prtecipio
1230 2957 1395 3024 vobis,
1426 2973 1588 3027 usque
1612 2956 1682 3008 ad

76 3054 307 3122 quinque
353 3051 497 3118 dies,
544 3051 706 3118 uestri
759 3050 1060 3104 miserebor.
1117 3047 1243 3104 Hmc
1279 3058 1461 3104 autem
1497 3064 1564 3104 eo
1597 3048 1682 3104 di-

77 3153 244 3211 cente,
305 3144 521 3198 mulier
576 3141 828 3213 quaedam
870 3155 1032 3212 supra
1074 3139 1297 3196 modum
1358 3139 1675 3196 inﬂammati

78 3235 250 3288 mltos
297 3235 566 3290 accessit.
608 3232 678 3289 Et
723 3233 916 3288 intuita
949 3231 1258 3299 Dominum,
1292 3232 1429 3287 dixit
1448 3233 1496 3287 ei
1535 3252 1546 3287 :
1575 3231 1680 3286 Do-
1709 3230 1752 3258 “

80 3327 220 3393 nine,
239 3338 300 3382 et
331 3328 472 3398 quid
495 3327 623 3381 huic
651 3327 763 3380 viro
790 3326 1010 3380 dicitis?
1028 3335 1082 3380 et
1110 3324 1375 3380 Dominus
1397 3325 1463 3380 ad
1493 3325 1637 3379 illam
1662 3343 1674 3378 :

79 3415 336 3486 Domina,
360 3435 547 3490 qurere
576 3418 642 3472 ab
667 3435 726 3473 eo
737 3419 801 3472 de
826 3418 923 3472 hac
953 3429 1118 3489 gente,
1141 3436 1259 3490 qua:
1281 3420 1334 3472 in
1359 3420 1571 3474 civitate
1591 3419 1677 3472 in-

77 3525 242 3576 gressa
267 3521 384 3577 est,
427 3528 551 3581 quae
583 3511 676 3566 sit.
719 3509 788 3566 Et
818 3511 893 3566 ait
943 3511 1170 3566 Domina
1203 3529 1216 3563 :
1251 3510 1296 3567 0
1329 3511 1552 3566 Domine
1583 3511 1676 3577 mi,

75 3599 273 3655 ltislnt
311 3618 416 3671 pro
462 3600 658 3672 quibus
687 3618 780 3672 ego
812 3611 1020 3655 tantum
1058 3612 1106 3657 te
1129 3619 1271 3673 rogo.
1309 3602 1557 3672 Cumque
1587 3618 1678 3658 sa-

73 3692 258 3748 cerdos
302 3708 481 3747 suum
515 3692 731 3748 socium
765 3692 861 3764 qui
896 3708 1065 3763 prope
1085 3693 1389 3748 dormiebat
1417 3693 1678 3764 pulsaret,

69 3791 115 3836 ut
134 3791 338 3839 tantae
361 3784 605 3839 visionis
629 3793 822 3840 testem
853 3784 1050 3840 habere
1085 3785 1383 3854 potuisset,
1410 3786 1480 3840 ab
1504 3785 1681 3840 oculis

68 3876 169 3944 ejus
219 3877 455 3934 sublati
487 3885 638 3932 sunt.
673 3876 830 3932 Mane
865 3887 1046 3933 autem
1069 3877 1214 3933 facto
1234 3879 1288 3933 in
1311 3887 1552 3933 montem
1592 3894 1682 3933 sa-

68 3968 263 4023 cerdos
321 3967 605 4037 ascendit,
637 3967 732 4022 ubi
756 3967 1030 4038 principes
1082 3969 1255 4023 nostri
1303 3968 1678 4036 morabantur,

67 4069 253 4115 mntra
286 4059 621 4115 Turcarum
639 4060 946 4127 castellum,
959 4068 1153 4130 praeter
1174 4061 1367 4117 ducem
1386 4103 1402 4127 ,
1427 4062 1516 4118 ille
1535 4063 1680 4118 enim

70 4152 372 4207 castellum
398 4151 556 4222 quod
586 4159 703 4205 erat
722 4150 780 4204 in
809 4151 1220 4220 septentrionali
1245 4152 1378 4208 colle
1407 4153 1679 4208 servabat.

67 4237 398 4300 Convocata
422 4243 614 4314 itaque
637 4241 894 4299 sacerdos
907 4243 1394 4313 concione,habuit
1415 4245 1532 4302 haec
1560 4262 1685 4301 ver-

67 4330 112 4388 bs
132 4338 218 4393 ad
255 4344 508 4392 nostros
544 4335 841 4407 principes,
871 4344 1034 4407 atque
1066 4345 1127 4392 ut
1159 4353 1348 4392 verum
1371 4353 1492 4394 esse
1521 4353 1681 4393 mon-

66 4437 299 4496 ιιι-πει,
334 4445 508 4502 super
534 4443 754 4485 crucem
799 4429 1022 4500 jnravit.
1055 4429 1356 4486 lncredulis
1376 4440 1560 4486 autem
1589 4446 1682 4487 sa-

63 4521 347 4579 tisfacere
364 4523 584 4590 volens,
609 4523 692 4579 vel
715 4523 949 4579 transire
972 4539 1070 4594 per
1106 4524 1308 4598 ignem,
1331 4526 1414 4581 vel
1435 4526 1682 4597 praecipi-
1712 4541 1757 4600 ι)
1787 4534 1908 4575 nem
1931 4561 1946 4587 ,
1993 4529 2217 4576 sanctus
2266 4520 2515 4576 Andreas
2558 4521 2634 4576 ait
2680 4539 2694 4575 :

61 4623 165 4673 tare
199 4633 280 4674 se
309 4617 387 4672 de
417 4616 898 4678 altitudineturris
947 4617 1137 4673 voluit.
1169 4617 1324 4674 Tunc
1355 4618 1681 4689 iuraverunt

58 4710 390 4781 principes,
435 4710 588 4780 quod
624 4709 692 4765 de
731 4709 1017 4765 Antiochia
1056 4726 1166 4766 non
1195 4710 1462 4783 fugerent,
1505 4727 1682 4782 neque

57 4802 512 4870 egrederentur,
544 4801 651 4858 nisi
676 4801 743 4857 de
787 4802 1070 4858 communi
1117 4803 1348 4860 consilio
1381 4803 1629 4860 omnium
1665 4823 1678 4860 :

56 4895 276 4950 etenim
345 4893 592 4965 populus
643 4909 708 4950 ea
764 4904 1087 4965 tempestate
1137 4896 1483 4952 existimabat
1536 4898 1680 4968 quod

55 4985 368 5057 principes
391 4985 597 5041 vellent
648 4985 835 5057 lugere
861 4987 929 5043 ad
954 4997 1194 5058 portum.
1219 4987 1524 5046 Confortati
1553 4998 1682 5045 sunt

56 5072 253 5148 itaque
296 5078 495 5133 multi.
534 5076 748 5133 Etenim
784 5078 839 5132 in
887 5086 1046 5134 nocte
1086 5080 1358 5149 praeterita
1389 5081 1547 5150 pauci
1572 5091 1682 5136 ste-

55 5175 253 5226 terunt
289 5171 357 5226 in
395 5171 527 5238 ﬁde,
556 5171 651 5242 qui
685 5169 874 5242 fugere
904 5187 1013 5226 non
1048 5172 1363 5228 voluissent.
1387 5171 1544 5240 Quod
1575 5173 1680 5227 nisi

59 5264 382 5337 episcopus
416 5273 476 5320 et
518 5263 863 5318 Boimundus
917 5273 1106 5333 portas
1152 5264 1387 5320 civitatis
1424 5265 1682 5320 reclusis-

61 5365 196 5424 tent,
261 5355 584 5411 admodum
633 5353 798 5424 pauci
849 5353 1260 5410 remansissent.
1291 5353 1451 5425 Fugit
1485 5365 1678 5409 tamen

63 5437 372 5504 Wilelmus
403 5448 476 5503 de
498 5445 825 5507 Granduna,
839 5444 1004 5500 simul
1026 5452 1080 5499 et
1102 5443 1271 5500 frater
1293 5444 1432 5515 ejus,
1463 5452 1518 5500 et
1540 5445 1681 5499 mul-

61 5535 242 5607 “alii,
279 5541 419 5596 laici
449 5547 505 5596 et
527 5538 741 5596 clerici.
775 5535 958 5592 Multis
983 5547 1166 5593 autem
1191 5539 1417 5608 contigit
1445 5547 1526 5605 ut,
1553 5554 1678 5594 cum

58 5624 106 5685 de
163 5633 414 5689 civitate
458 5647 591 5688 cum
655 5627 908 5684 maximo
952 5628 1194 5697 periculo
1240 5628 1570 5695 evasissent,
1623 5629 1680 5682 in

51 5728 258 5782 manus
284 5724 604 5784 Turcarum
639 5719 839 5790 majus
866 5719 1162 5788 periculum
1186 5721 1382 5777 mortis
1433 5720 1680 5776 incurre-

49 5806 200 5875 bant.
239 5817 627 5896 Contigerant
650 5828 724 5870 eo
757 5819 998 5880 tempore
1021 5813 1197 5889 nobis
1244 5811 1491 5884 plurima:
1527 5827 1679 5867 reve-

1105 357 1293 415 RA'IM.
1337 359 1425 414 DE
1463 357 1712 415 AGILES
1748 355 1929 413 HIST.
1971 353 2342 412 lllEROSOL.

204 469 262 525 ille
282 469 406 526 dixit
442 490 458 526 :
513 472 876 544 Cujusmodi
914 473 1245 530 Christiani?
1299 473 1366 529 Et
1406 472 1685 539 sacerdos,
1719 484 1762 537 Λ
1793 470 2021 526 lationes
2059 485 2154 540 per
2190 468 2388 526 fratres
2409 478 2627 527 nostros
2648 514 2664 538 ,
2690 481 2744 528 et
2772 473 2989 545 signum
3019 475 3072 531 in
3101 479 3242 534 caelo
3270 481 3376 534 mia

3265 365 3373 422 GH

1789 566 1961 621 rabile
2009 566 2266 622 vidimus.
2308 565 2446 621 Nam
2501 569 2655 623 stella
2702 571 2950 639 quzedam
2987 573 3248 642 maxima,
3275 591 3376 647 per

1787 665 2004 712 noctem
2033 673 2196 728 super
2217 657 2490 714 civitatem
2515 660 2691 726 stetit,
2724 676 2846 730 quae
2867 672 2987 731 post
3007 665 3288 734 paululum
3317 668 3372 722 in

1787 756 1901 804 tres
1931 757 2116 819 partes
2140 749 2314 804 divisa
2337 756 2441 816 est,
2468 759 2631 821 atque
2660 752 2717 805 in
2743 750 3047 808 Turcorum
3074 765 3256 824 partes
3278 773 3370 812 oc-

1787 839 1936 895 cidit.
1989 838 2291 895 Confortati
2347 840 2513 912 igitur
2569 842 2968 912 aliquantulum
3002 847 3195 913 nostri,
3227 847 3371 903 diem

1786 931 2059 1001 quintum,
2110 947 2272 1001 quem
2304 934 2628 1002 praedixerat
2660 936 2937 1002 sacerdos,
2960 940 3367 1007 exspectabant.

1788 1021 1884 1076 Die
1907 1031 2090 1076 autem
2123 1023 2249 1088 alia,
2278 1025 2596 1094 praeparatis
2622 1026 2970 1093 necessariis,
2997 1042 3121 1080 cum
3152 1027 3373 1083 homine

1787 1112 1900 1180 illo,
1925 1113 2019 1184 qui
2050 1113 2117 1168 de
2168 1114 2357 1169 lancea
2384 1115 2618 1181 dixerat,
2650 1116 2838 1187 ejectis
2872 1117 2939 1172 de
2969 1119 3194 1172 ecclesia
3220 1118 3371 1173 Beati

1785 1204 1932 1260 Petri
1957 1207 2216 1261 omnibus
2245 1206 2388 1273 aliis,
2420 1206 2606 1262 fodere
2631 1209 2914 1278 coepimus.
2942 1208 3066 1263 Fuit
3097 1219 3279 1264 autem
3314 1211 3368 1264 in

1787 1299 1896 1355 illis
1917 1298 2206 1354 duodecim
2232 1299 2385 1366 viris,
2423 1301 2712 1370 episcopus
2733 1300 3135 1368 Aurasicensis,
3163 1313 3219 1356 et
3241 1300 3372 1356 Rai-

1789 1391 2026 1445 mundus
2062 1390 2279 1446 comitis
2334 1392 2688 1462 capellanus,
2737 1393 2832 1462 qui
2878 1395 2992 1449 haec
3041 1396 3279 1466 scripsit,
3315 1403 3372 1449 et

1788 1483 1904 1552 ipse
1932 1497 2140 1550 comes,
2167 1492 2222 1538 et
2242 1481 2473 1538 Pontius
2496 1485 2563 1539 de
2603 1483 2904 1553 Baladuno,
2932 1496 2984 1540 et
3011 1486 3275 1543 Faraldus
3301 1487 3372 1541 de

1787 1574 2014 1631 Tboart.
2054 1576 2304 1646 Cumque
2353 1591 2513 1631 mane
2555 1591 2732 1646 usque
2772 1577 2839 1630 ad
2875 1587 3162 1647 vesperum
3200 1578 3373 1634 fodis-

1791 1677 1934 1733 sent,
1975 1668 2031 1722 in
2063 1683 2289 1737 vespere
2325 1668 2548 1738 quidam
2577 1669 2644 1723 de
2686 1669 3000 1724 inventione
3044 1670 3244 1726 lancea:
3271 1671 3371 1726 de-

1787 1775 2010 1830 sperare
2037 1770 2343 1830 creperum.
2400 1759 2736 1816 Discesserat
2765 1762 2910 1815 enim
2939 1772 3124 1816 comes
3151 1771 3373 1833 propter

1718 1833 1756 1890 η
1787 1851 1997 1906 mstelli
2042 1850 2382 1916 custodiam;
2425 1851 2520 1907 sed
2558 1851 2678 1906 loco
2719 1851 2866 1906 illius
2895 1860 2951 1906 et
2984 1852 3240 1921 aliorum,
3275 1852 3372 1923 qui

1785 1943 2039 2000 fodiendo
2065 1943 2456 2015 fatigabantur,
2495 1944 2632 2000 alios
2675 1953 2923 2000 recentes
2954 1944 3373 2012 inducebamus,

1783 2040 1880 2112 qui
1913 2039 2146 2096 viriliter
2168 2039 2320 2110 operi
2347 2039 2679 2094 insisterent.
2712 2037 2916 2094 Videns
2947 2047 3129 2094 autem
3152 2039 3376 2110 juvenis

1783 2133 1879 2204 qui
1913 2133 1980 2189 de
2009 2133 2198 2188 lancea
2227 2132 2460 2199 dixerat,
2505 2147 2608 2188 nos
2638 2130 2945 2202 deiatigari,
2969 2133 3291 2199 discinctus,
3318 2139 3374 2186 et

1781 2225 2125 2282 discaloeatis
2156 2225 2387 2296 pedibus
2432 2225 2488 2279 in
2535 2225 2765 2281 camisia
2806 2225 2861 2280 in
2893 2224 3106 2280 foveam
3137 2226 3370 2280 descen-

1783 2317 1894 2384 dit;
1944 2327 2107 2389 atque
2138 2317 2445 2373 obtestatus
2481 2324 2566 2372 est
2609 2333 2712 2372 nos
2741 2325 2801 2372 ut
2837 2316 3008 2372 Deum
3056 2317 3374 2387 deprecare-

1783 2424 1927 2474 mur,
1980 2417 2254 2478 quatenus
2300 2407 2459 2464 nobis
2509 2407 2756 2462 lanceam
2811 2422 2969 2462 suam
3008 2407 3282 2472 redderet,
3311 2406 3370 2460 in

1784 2496 2238 2554 confortationcm
2283 2506 2338 2553 et
2375 2499 2661 2554 victoriam
2704 2514 2819 2554 suae
2866 2499 3058 2569 plebis.
3124 2497 3370 2553 Tandem

1782 2606 1878 2662 per
1907 2591 2138 2662 gratiam
2167 2607 2282 2646 sua:
2314 2591 2532 2661 pietatis
2554 2593 2926 2647 commonitus
2951 2590 3217 2647 Dominus
3248 2591 3371 2646 lan-

1781 2694 1936 2735 ceam
1978 2695 2134 2736 suam
2171 2680 2332 2735 nobis
2354 2681 2614 2736 ostendit.
2645 2679 2710 2736 Et
2755 2697 2856 2752 ego
2885 2682 2980 2751 qui
3009 2683 3124 2737 haec
3147 2668 3369 2752 scripsi,

1782 2783 1908 2823 cum
1958 2769 2110 2824 solus
2139 2783 2352 2836 mucro,
2404 2769 2583 2824 adhuc
2635 2782 2919 2840 appareret
2957 2786 3121 2842 super
3145 2779 3368 2837 terram,

1779 2860 2062 2917 osculatus
2085 2876 2207 2916 sum
2230 2876 2378 2915 eum.
2403 2861 2678 2928 Quantum
2714 2861 2972 2930 gaudium
2999 2872 3054 2918 et
3077 2863 3373 2919 exsultatio

1779 2960 1912 3007 tunc
1933 2950 2206 3006 civitatem
2239 2951 2485 3022 replevit,
2519 2968 2627 3008 non
2650 2968 2877 3024 possunt
2903 2953 3104 3008 dicere.
3145 2953 3371 3009 Inventa

1779 3053 1863 3100 est
1883 3053 2064 3100 autem
2089 3044 2276 3099 lancea
2300 3053 2496 3100 octavo
2524 3046 2738 3100 decimo
2765 3045 2992 3100 Kalend.
3023 3045 3177 3100 Julii.

2371 3135 2600 3193 CAPUT
2640 3136 2780 3192 XVI.

1858 3229 2110 3286 Secunda
2132 3247 2264 3286 vero
2291 3240 2447 3286 nocte
2471 3231 2644 3287 astitit
2671 3232 2866 3288 beatus
2893 3232 3140 3288 Andreas
3161 3231 3370 3302 juveni,

1782 3336 1880 3390 per
1908 3338 2071 3392 quem
2123 3323 2286 3378 nobis
2326 3322 2570 3378 lanceam
2627 3325 2958 3392 reddiderat,
3011 3333 3064 3379 ct
3103 3325 3241 3380 dixit
3275 3325 3368 3379 ei:

1781 3409 1919 3465 Ecce
1976 3411 2118 3466 Deus
2157 3412 2370 3466 donarit
2402 3414 2584 3467 comiti
2612 3414 2753 3484 quod
2780 3414 2936 3468 nulli
2989 3414 3087 3468 alii
3138 3431 3372 3485 unquam

1781 3506 1978 3560 donare
2026 3507 2211 3572 coluit,
2243 3517 2291 3562 et
2340 3509 2617 3561 constituit
2653 3524 2772 3562 eum
2815 3509 3168 3579 vexilli/erum
3214 3511 3372 3562 istius
3412 3539 3414 3544 ν

1779 3598 2043 3651 exercitus
2089 3599 2136 3651 si
2184 3598 2396 3671 quidem
2447 3601 2850 3669 perseveraverit
2897 3601 2952 3653 in
3007 3617 3185 3654 antore
3231 3601 3370 3670 ejus.

1780 3689 2029 3758 Cumque
2061 3689 2131 3744 ab
2153 3705 2220 3744 eo
2244 3689 2676 3745 misericordiam
2713 3707 2812 3762 pro
2836 3693 3036 3762 populo
3073 3693 3374 3762 postularet

1777 3780 2019 3851 juvenis,
2067 3782 2352 3852 respondit
2378 3782 2428 3837 ei
2458 3792 2682 3837 sanctus
2731 3782 2979 3838 Andreas
3019 3785 3156 3854 quod
3193 3800 3370 3837 revera

1782 3872 2041 3926 Dominus
2073 3873 2407 3929 misereretur
2435 3874 2616 3944 populi
2638 3875 2743 3930 sui.
2765 3873 2831 3929 Et
2858 3891 3047 3930 rursus
3070 3891 3193 3931 cum
3222 3892 3374 3946 qua:-

1783 3975 1928 4021 rcret
1951 3966 2020 4022 ab
2049 3966 2239 4022 eodem
2268 3967 2336 4022 de
2361 3967 2512 4022 socio
2543 3983 2646 4023 suo
2697 3968 2824 4038 quis
2848 3976 2996 4023 esset
3020 3984 3181 4038 quem
3211 3969 3374 4024 toties

1783 4059 2013 4126 viderat,
2045 4059 2184 4114 dixit
2203 4059 2253 4113 ei
2281 4058 2341 4112 B.
2384 4059 2633 4114 Andreas
2663 4077 2674 4113 :
2712 4059 2911 4114 Accede
2932 4069 2981 4114 et
3005 4061 3248 4115 osculare
3278 4077 3372 4131 pe-

1782 4152 1900 4207 dem
1921 4153 2054 4221 ejus.
2087 4151 2343 4207 Festinus
2374 4152 2557 4222 itaque
2580 4152 2769 4208 volens
2790 4152 3068 4220 accedere,
3099 4152 3232 4206 vidit
3256 4153 3376 4222 pla-

1783 4258 1908 4314 gam
1941 4257 2107 4297 unam
2139 4257 2306 4313 super
2333 4243 2527 4312 pedem
2570 4242 2690 4312 ejus
2737 4243 2809 4297 ita
2843 4252 3136 4310 recentem,
3161 4254 3214 4299 et
3243 4259 3373 4300 san-

1784 4335 2178 4406 guinulentam,
2227 4350 2293 4390 ac
2339 4335 2385 4389 si
2430 4335 2593 4390 modo
2632 4335 2773 4390 facta
2833 4336 3054 4392 fuisset.
3092 4336 3230 4392 Cum
3268 4353 3372 4393 au-

1785 4435 1891 4482 tem
1936 4427 2210 4484 dubitaret
2257 4427 2516 4483 accedere
2563 4437 2783 4498 propter
2831 4430 3030 4485 vulnus
3056 4439 3109 4485 et
3151 4431 3375 4502 sangui-

2742 4521 2878 4576 Ecce
2932 4522 3022 4576 ille
3076 4522 3242 4577 Pater
3281 4524 3373 4593 qui

1782 4628 1878 4681 pro
1915 4613 2063 4667 nobis
2086 4613 2389 4668 vulneratus
2419 4613 2520 4683 fuit
2561 4615 2614 4668 in
2645 4631 2816 4681 cruce,
2841 4624 2891 4669 et
2917 4616 3028 4670 lucc
3051 4615 3172 4670 inde
3191 4614 3370 4686 plaga.

1786 4706 1916 4762 llwc
1950 4709 2112 4762 etiam
2150 4707 2409 4762 Dominus
2445 4710 2697 4781 pra'cipit.
2732 4719 2788 4764 ut
2835 4710 3087 4765 celebrem
3132 4710 3373 4763 habeatis

1783 4799 1924 4854 diem
1967 4799 2155 4868 illum,
2197 4801 2252 4854 in
2297 4818 2399 4872 quo
2445 4802 2686 4856 lanceam
2731 4818 2883 4856 suam
2929 4803 3070 4856 vobis
3119 4802 3371 4856 reddidit.

1785 4889 1854 4943 Et
1893 4891 2019 4962 quia
2055 4891 2112 4944 in
2165 4907 2376 4961 vespera
2417 4901 2623 4962 reperta
2655 4902 2767 4960 est,
2805 4901 2855 4946 et
2913 4908 3016 4945 non
3051 4892 3222 4961 potuit
3259 4891 3373 4945 dies

1781 4980 1880 5036 illa
1905 4981 2120 5036 celebris
2156 4983 2360 5052 haberi,
2391 4987 2626 5056 sequenti
2673 4985 3003 5039 hebdomada
3043 4986 3099 5037 in
3149 4985 3374 5052 octavis,

1783 5073 2168 5130 solemnitatem
2189 5076 2556 5141 celebrabitis;
2592 5086 2642 5132 et
2676 5076 2900 5148 singulis
2945 5077 3098 5130 armis
3129 5077 3375 5146 deinceps

1782 5169 1838 5220 in
1858 5167 1945 5222 die
1967 5169 2280 5222 inventionis
2313 5170 2479 5239 ipsius
2505 5169 2721 5224 lancea).
2750 5169 2882 5224 Hcce
2905 5185 3108 5240 quoque
3137 5171 3277 5224 dices
3302 5172 3372 5224 ad

1781 5259 1925 5326 illos,
1950 5269 2006 5314 ut
2035 5262 2338 5315 contineant
2367 5278 2422 5315 se
2451 5262 2587 5315 sicut
2613 5261 2857 5332 Epistola
2881 5263 3026 5316 docet
3052 5263 3238 5333 fratris
3270 5266 3373 5318 mei

1783 5352 1952 5419 Petri,
1984 5370 2101 5424 qua:
2128 5354 2282 5408 hodie
2307 5353 2517 5425 legitur.
2546 5353 2612 5410 Et
2649 5353 2887 5425 Epistola
2920 5354 3025 5410 fuit
3062 5357 3176 5412 bmc
3206 5375 3218 5410 :
3251 5356 3335 5411 Ila
3356 5386 3375 5397 -
3407 5381 3409 5384 ⁴

1784 5443 2068 5498 miliamini
2091 5443 2184 5498 sub
2207 5446 2407 5514 potenti
2433 5461 2592 5499 manu
2615 5445 2712 5501 Dei
2739 5445 2790 5514 (ι
2814 5445 2933 5503 Pet.
2961 5462 3013 5515 v,
3041 5447 3120 5517 6).
3148 5445 3215 5502 Et
3236 5461 3378 5517 quo.

1783 5539 1913 5595 tidie
1945 5537 2130 5594 clerici
2167 5549 2292 5594 ante
2325 5539 2571 5595 lanceam
2613 5549 2834 5597 cantent
2865 5542 3012 5597 hunc
3063 5541 3326 5613 hymnum
3356 5583 3368 5595 .

1785 5630 1980 5685 Lustra
2004 5647 2095 5686 sex
2117 5634 2207 5704 qui
2222 5633 2338 5703 jam
2366 5643 2600 5704 peracta.
2631 5635 2697 5690 Et
2728 5651 2854 5690 cum
2891 5635 3130 5690 dixerint
3154 5653 3166 5688 :
3189 5634 3372 5703 Agnus

1783 5725 1836 5777 in
1860 5725 2032 5778 crucis
2055 5725 2260 5779 levatur
2286 5725 2644 5781 immolandas
2681 5727 2883 5796 stipite,
2926 5725 3080 5781 ﬂexis
3120 5725 3369 5796 genibus,

1785 5817 2048 5888 hymnum
2076 5808 2286 5873 ﬁniant.
2325 5817 2461 5874 Cum
2491 5831 2670 5875 autem
2703 5820 2768 5874 ad
2796 5820 2911 5873 hinc
2939 5819 3228 5889 episcopus
3259 5818 3404 5872 Au~
