3846 6306
521 391 628 448 615

1095 387 1187 442 AD
1223 383 1678 446 GODEFRIDUM
1718 381 2012 438 APPEND.
2050 381 2112 436 ll.
2157 412 2222 421 —
2262 379 2534 438 MONUM.
2573 381 2662 436 DE
2699 380 2924 439 BELLO
2961 381 3207 441 SACRO.
3678 391 3757 446 (illi

520 500 835 566 rasicensis,
874 507 930 555 ct
974 513 1076 571 ego
1098 513 1475 570 quaereremus
1499 499 1545 554 si
1577 498 1734 552 sciret
1764 498 1996 560 litteras,
2021 509 2106 548 rc—
2136 499 2180 557 Λ
2212 494 2364 562 mini,
2398 496 2489 566 qui
2532 495 2799 566 apostolos
2839 496 3092 563 deseruit,
3125 507 3176 551 ct
3205 496 3493 552 Dominum
3527 515 3664 554 suum
3682 503 3759 558 lu—

519 595 780 665 spondit:
817 591 1007 648 Nescio
1040 591 1440 657 :Existimans,
1490 591 1537 646 si
1581 590 1787 645 diceret
1821 589 1962 654 scio,
2001 603 2109 643 non

517 688 868 743 crederemus
895 686 967 742 ei.
1005 684 1072 740 Et
1099 694 1218 740 erat
1247 683 1645 754 aliquantulum
1683 683 1882 747 sciens,
1920 680 2013 736 sed
2054 681 2110 736 in

520 780 642 850 ipsa
678 781 815 836 hora
855 780 927 834 ita
963 777 1235 850 ignoravit
1261 785 1320 830 ut
1348 791 1448 832 nec
1478 776 1686 830 litteras
1722 781 2108 846 cognosceret;

523 890 702 944 neque
737 873 939 943 aliquid
986 886 1175 926 eorum
1205 885 1329 940 quae
1366 869 1564 923 litteris
1601 867 1866 923 didicerat
1904 879 2112 920 memor

521 975 688 1030 esset,
721 963 981 1033 exceptis,
1011 961 1175 1014 Pater
1192 969 1398 1024 noster;
1422 966 1496 1025 et,
1523 957 1693 1014 Credo
1722 958 1776 1012 in
1809 956 2004 1021 Deum,
2035 963 2110 1021 et,

529 1057 877 1127 Magniﬁeat;
901 1062 974 1118 et,
1001 1051 1186 1106 Gloria
1205 1052 1259 1105 in
1279 1050 1501 1105 excelsis
1528 1047 1667 1114 Deo;
1692 1058 1767 1115 et,
1797 1047 2111 1102 Benedictus

525 1149 785 1202 Dominus
816 1147 952 1199 Deus
978 1143 1169 1198 Israel.
1199 1144 1406 1198 Caetera
1428 1142 1573 1197 enim
1598 1142 1673 1196 ita
1689 1139 2019 1211 perdiderat,
2049 1152 2114 1194 ac

522 1241 566 1292 si
599 1253 880 1308 nunquam
907 1253 970 1291 ea
1002 1236 1244 1292 audisset
1280 1253 1293 1289 :
1331 1243 1385 1290 et
1420 1235 1545 1290 licet
1590 1249 1716 1289 cum
1756 1232 1996 1287 maximo
2034 1231 2115 1286 la—

522 1330 674 1393 bore,
709 1343 884 1398 pauca
912 1335 1098 1398 postea
1131 1340 1456 1396 recuperare
1480 1324 1676 1395 potuit.
1706 1322 1850 1379 lnter
1881 1323 1996 1378 haec
2015 1337 2114 1376 au-

518 1430 627 1474 tem
661 1427 809 1474 tanta
841 1417 1014 1474 fames
1042 1419 1095 1472 in
1131 1417 1352 1473 civitate
1376 1416 1501 1483 fuit,
1540 1424 1620 1482 ut,
1657 1424 1882 1486 excepta
1905 1415 2111 1486 lingua,

519 1522 682 1583 caput
709 1513 973 1583 equinum
995 1512 1212 1567 duobus
1235 1510 1319 1566 vel
1341 1511 1516 1567 tribus
1545 1511 1738 1568 solidis
1757 1511 2110 1577 venderetur;

518 1603 779 1659 intestina
811 1620 940 1658 vero
972 1618 1168 1673 caprae,
1194 1603 1439 1672 quinque
1485 1602 1710 1670 solidis;
1739 1601 1960 1673 gallina,
1990 1610 2114 1658 octo

517 1699 604 1753 vel
633 1715 827 1754 novem
869 1699 1078 1755 solidis.
1127 1697 1201 1752 De
1237 1712 1377 1768 pane
1403 1697 1535 1768 quid
1563 1696 1740 1751 dicam
1758 1736 1774 1764 ,
1801 1711 1927 1751 cum
1955 1696 2117 1767 quin-

519 1806 630 1861 quc
676 1790 836 1846 solidi
891 1804 1002 1844 non
1061 1788 1372 1844 sullieerent
1425 1787 1490 1842 ad
1550 1785 1854 1856 pellendam
1913 1783 2113 1840 famem

519 1882 721 1937 unius?
751 1879 862 1936 Nec
897 1889 1015 1936 erat
1038 1879 1237 1935 mirum
1262 1921 1277 1944 ,
1304 1893 1405 1934 nec
1431 1893 1592 1949 grave
1617 1892 1740 1933 esse
1769 1885 1982 1946 poterat
2029 1876 2116 1932 his

518 1974 615 2044 qui
645 1981 755 2028 tam
778 1988 904 2028 care
932 1972 1339 2036 mercabautur,
1370 1985 1494 2025 cum
1540 1983 1677 2024 auro
1721 1979 1775 2023 et
1810 1976 2035 2040 argento
2061 1976 2117 2023 et

519 2063 701 2134 palliis
727 2063 1086 2118 abundarent.
1115 2060 1241 2117 Haec
1262 2070 1443 2116 autem
1475 2059 1596 2115 ideo
1616 2075 1744 2115 cara
1771 2068 1948 2127 erant,
1985 2059 2115 2130 quia

523 2156 878 2212 conscientia:
906 2155 1140 2210 militum
1177 2153 1404 2209 audacia
1428 2153 1708 2208 carebant.
1739 2150 1903 2207 Ficus
1932 2160 2112 2206 autem

521 2249 848 2303 immaturas
883 2249 953 2302 ab
980 2247 1270 2302 arboribus
1303 2245 1703 2316 decerpebant;
1737 2253 1901 2315 atque
1929 2252 2116 2300 coctus

519 2339 846 2395 cbarissime
880 2339 1203 2394 vendebant.
1232 2336 1393 2392 Coria
1409 2351 1537 2391 vero
1562 2336 1729 2392 boum
1751 2345 1804 2392 et
1825 2351 2113 2406 equorum,

521 2437 577 2484 et
601 2429 710 2484 alia
735 2429 977 2500 neglecta
1008 2444 1076 2483 ex
1121 2428 1284 2499 longo
1324 2439 1568 2496 tempore
1606 2425 1694 2479 illa
1741 2425 1994 2481 similiter
2021 2425 2116 2479 diu

518 2532 708 2588 cocta,
751 2521 1073 2577 cbarissime
1112 2520 1522 2584 vendebantur,
1553 2519 1690 2573 adeo
1719 2527 1778 2573 ut
1807 2519 1944 2574 duas
1981 2518 2114 2572 soli-

411 2641 418 2646 -
517 2617 675 2670 datas
697 2615 924 2686 quilibet
947 2613 1234 2669 comedere
1264 2621 1468 2684 posset.
1488 2613 1740 2682 Plerique
1757 2611 1959 2668 milites
1988 2627 2116 2666 sau-

518 2709 930 2778 guine'suorum
985 2722 1254 2777 equorum
1301 2707 1577 2772 vivebant,
1629 2715 1683 2762 et
1732 2713 2116 2776 exspectantes

523 2801 619 2855 Dei
669 2799 1126 2864 misericordiam,
1168 2797 1428 2854 nolebant
1464 2813 1560 2854 eos
1615 2797 1794 2854 adhuc
1841 2795 2110 2852 occidere.

520 2891 647 2948 llaec
676 2901 856 2948 autem
879 2901 934 2947 et
955 2891 1060 2946 alia
1089 2892 1260 2946 multa
1287 2893 1431 2947 mala
1456 2892 1697 2948 obsessis
1734 2891 2113 2957 imminebant,

520 3000 645 3055 quae
669 2999 995 3039 enumerare
1029 2983 1245 3039 dillicile
1280 2991 1384 3040 est.
1421 2982 1729 3038 Accedebat
1765 2982 1932 3038 etiam
1965 2982 2115 3038 aliud

523 3075 661 3130 satis
702 3091 886 3144 grave,
919 3076 1064 3146 quod
1097 3075 1319 3146 quidam
1349 3075 1417 3130 de
1450 3075 1656 3130 nostris
1685 3075 1755 3131 ad
1789 3074 2000 3131 Turcos
2025 3074 2114 3130 fu-

519 3169 768 3239 giebant,
799 3178 852 3224 et
891 3169 1168 3223 miseriam
1195 3184 1318 3238 qua!
1338 3178 1456 3224 erat
1492 3168 1548 3223 in
1579 3167 1796 3224 civitate
1824 3182 1924 3225 eos
1950 3169 2116 3224 doce~
2145 3196 2188 3259 ε

522 3261 672 3314 bant.
718 3259 815 3314 llis
859 3268 1039 3314 autem
1089 3268 1254 3330 atque
1281 3259 1404 3315 aliis
1435 3260 1598 3315 rebus
1640 3258 1832 3316 Turca:
1877 3260 2114 3316 audaces

521 3352 721 3417 enecti,
750 3352 1232 3408 vehementissime
1271 3353 1432 3409 nobis
1466 3353 1848 3410 imminebant.
1884 3353 1981 3414 Die
2017 3369 2115 3408 au-

526 3458 635 3500 tem
683 3446 921 3516 quadam
967 3446 1166 3512 media,
1218 3447 1271 3500 in
1330 3456 1537 3502 turrem
1585 3463 1751 3501 unam
1797 3446 1864 3501 de
1910 3447 2118 3503 nostris

523 3537 1120 3597 ascenderantcirciter
1141 3539 1363 3610 triginta
1387 3538 1576 3607 Turci,
1606 3539 1698 3610 qui
1726 3548 1946 3595 nostros
1980 3541 2118 3595 satis

524 3630 950 3685 exhorruerunt.
983 3628 1188 3685 Tamen
1222 3631 1394 3686 nostri
1436 3646 1534 3702 pro
1578 3631 1821 3701 periculo
1845 3640 2118 3686 certantes

530 3722 626 3777 Dei
657 3723 954 3794 adjutorio,
983 3723 1122 3779 alios
1151 3724 1489 3791 occiderunt,
1514 3725 1650 3780 alios
1673 3723 2000 3796 praecipitari
2025 3738 2119 3779 co‘

523 3826 770 3886 egerunt.
802 3815 885 3872 Ob
915 3817 1057 3872 hanc
1088 3817 1254 3889 igitur
1277 3832 1526 3885 causam,
1573 3833 1768 3874 omnes
1812 3817 2120 3873 Boimundo

525 3907 886 3962 obedientiam
910 3909 1298 3978 promiserunt,
1336 3924 1511 3980 usque
1553 3909 1621 3965 ad
1659 3908 1971 3980 quindecim
2001 3909 2120 3964 dies

526 4008 648 4069 past
675 3999 897 4066 bellum,
931 4008 991 4054 ut
1018 3999 1086 4056 de
1115 4001 1363 4056 custodia
1379 4002 1638 4069 civitatis,
1679 4012 1733 4057 et
1753 4003 1820 4058 de
1845 4002 2120 4072 belloipse

527 4094 862 4163 disponeret.
903 4091 1039 4148 Nam
1077 4109 1264 4150 comes
1293 4095 1448 4151 valde
1473 4095 1874 4161 inﬁrmabatur,
1914 4104 1968 4150 et
2003 4095 2120 4165 epi-

528 4200 749 4256 scopus.
783 4184 1094 4257 Stephanus
1113 4195 1296 4242 autem
1317 4201 1504 4242 comes
1521 4228 1538 4253 ,
1563 4201 1728 4257 quem
1755 4194 1882 4241 ante
1903 4193 2118 4256 captam

531 4280 808 4334 civitatem
837 4295 936 4350 pro
959 4280 1224 4335 dictatore
1256 4279 1347 4333 alii
1381 4279 1656 4350 principes
1689 4278 1988 4349 elegerant,
2020 4293 2119 4332 au-

528 4373 686 4428 diens
718 4371 917 4427 famam
947 4373 1095 4437 belli,
1117 4372 1423 4443 aufugerat.
1457 4372 1612 4426 Sicut
1632 4371 1893 4436 diximus,
1914 4371 1987 4425 ita
2016 4385 2118 4425 no-

530 4465 660 4520 stris
686 4465 944 4532 devictis,
977 4474 1032 4520 et
1069 4465 1366 4535 depressis,
1412 4473 1466 4520 et
1499 4464 1849 4536 angustiatis,
1899 4465 2119 4520 cmleste

2214 585 2345 640 decis
2368 587 2622 641 vendidit.
2648 586 2888 658 Pugnent
2912 604 3031 642 vero
3045 588 3100 642 in
3130 588 3236 658 ﬁde
3267 589 3407 644 beati
3434 589 3600 657 Petri,
3625 602 3760 648 tenen-

2214 686 2292 732 tes
2320 679 2460 750 quod
2495 678 2740 736 Christus
2784 681 2885 735 sibi
2932 681 3210 750 promisit,
3259 681 3400 753 quod
3439 691 3553 753 post
3588 687 3759 741 tertiani

2211 770 2352 824 diem
2389 781 2700 842 resurgeret,
2736 781 2786 826 et
2825 773 2873 828 ei
2915 784 3226 844 appareret;
3263 775 3314 828 ei
3362 791 3458 844 pro
3497 775 3592 830 hac
3633 781 3760 832 etiam

2213 879 2396 930 causa,
2433 865 2572 935 quod
2603 865 2714 919 htec
2750 874 2890 920 terra
2901 867 3048 936 juris
3092 866 3158 920 Β.
3198 866 3347 921 Petri
3369 869 3460 934 sit,
3491 877 3540 922 et
3567 885 3659 922 non
3690 887 3760 940 pa-

2214 956 2582 1029 ganorum.;Et
2605 958 2676 1011 sit
2699 959 2909 1029 signum
2940 959 3191 1014 clamoris
3207 963 3388 1026 vestri,
3414 959 3557 1016 Deus
3583 963 3760 1033 adjuva,

2212 1057 2264 1102 et
2313 1065 2489 1103 revera
2526 1049 2667 1104 Deus
2714 1051 2988 1120 adjuvabit
3018 1069 3106 1107 vos
3131 1068 3151 1108 :
3181 1053 3375 1108 Omnes
3405 1056 3566 1108 etiam
3605 1057 3762 1124 fratres

2215 1140 2374 1193 uestri
2401 1139 2490 1210 qui
2527 1139 2792 1207 obierunt,
2823 1140 2888 1194 ab
2910 1142 3114 1211 incepto
3142 1143 3351 1210 itinere,
3378 1144 3597 1198 aderunt
3621 1147 3763 1199 vobis-

2215 1248 2332 1285 cum
2363 1233 2417 1287 in
2437 1231 2536 1286 hac
2565 1250 2772 1304 pugna,
2797 1245 2847 1288 et
2880 1251 2966 1288 ros
2995 1247 3292 1307 expugnate
3314 1237 3572 1291 decimam
3596 1250 3764 1308 partem

2215 1322 2466 1388 hostium,
2493 1325 2620 1395 quia
2651 1327 2753 1395 ipsi
2778 1327 2833 1380 in
2865 1327 3057 1382 virtute
3093 1329 3212 1394 Dei,
3239 1345 3420 1383 novem
3448 1339 3615 1399 partes
3636 1348 3768 1402 erpua

2216 1413 2470 1482 gnabunt.
2498 1413 2567 1466 Et
2589 1415 2930 1484 nedi/feratis
2961 1416 3026 1469 de
3053 1417 3208 1472 bello.
3237 1417 3503 1484 Quoniam
3524 1417 3766 1491 [subaud',

2216 1505 2264 1559 si
2294 1520 2396 1558 non
2420 1507 2634 1576 egeritis
2661 1524 2780 1578 quae
2813 1507 2958 1580 dico]
2992 1509 3208 1564 totidem
3229 1511 3404 1565 hostes
3435 1511 3500 1564 ab
3525 1511 3675 1568 altero
3698 1515 3770 1566 la-

2219 1606 2326 1651 tere
2351 1597 2575 1650 adducet
2619 1597 2876 1653 Dominus
2897 1641 2912 1664 ,
2947 1609 3072 1670 quot
3099 1601 3302 1655 habetis
3338 1601 3404 1654 ab
3434 1617 3536 1655 uno
3561 1611 3641 1656 :et
3665 1612 3769 1655 tan-

2217 1687 2308 1742 diu
2333 1703 2420 1742 vos
2448 1688 2534 1741 hic
2561 1688 2750 1742 tenebit
2775 1689 3031 1757 inclusos,
3054 1690 3217 1745 donec
3234 1691 3335 1744 alii
3350 1693 3616 1746 comedunt
3635 1694 3768 1748 alios.

2221 1778 2324 1836 Sed
2353 1782 2540 1836 scitote
2577 1783 2812 1852 profecto
2853 1783 2980 1853 quia
3029 1783 3350 1838 advenerunt
3390 1786 3504 1839 dies
3533 1785 3632 1850 illi,
3659 1803 3772 1855 quos

2151 1849 2193 1905 Β
2218 1873 2462 1944 promisit
2502 1849 2761 1927 Dominus
2810 1849 2978 1928 beata:
3035 1890 3236 1944 semper
3270 1876 3463 1946 virgini
3500 1849 3690 1942 Marias,
3733 1889 3774 1932 et

2217 1967 2472 2037 apostolis
2514 1966 2648 2032 suis,
2679 1967 2818 2036 quod
2855 1965 3078 2021 eleuaret
3103 1985 3318 2038 regnum
3359 1968 3774 2035 Christianorum,

2215 2059 2417 2128 dejecto
2442 2068 2491 2113 et
2533 2057 2840 2112 conculcata
2882 2075 3213 2130 paganorum
3260 2077 3439 2131 regno.
3496 2062 3575 2115 Ad
3631 2073 3776 2116 tento-

2217 2158 2302 2212 ria
2363 2174 2544 2213 eorum
2593 2167 2808 2228 propter
2862 2173 3054 2212 aurum
3099 2169 3149 2213 et
3200 2170 3478 2231 argentum
3526 2178 3586 2216 ne
3626 2162 3777 2216 direr-

2219 2252 2366 2305 tatis.

2790 2339 3024 2398 CAPUT
3057 2341 3223 2398 XV“.

2290 2433 2492 2490 Statuit
2522 2444 2654 2491 tunc
2685 2433 2779 2491 Dei
2813 2435 3053 2506 potentia
3076 2444 3137 2490 ut
3155 2436 3250 2506 qui
3277 2436 3438 2492 nobis
3466 2452 3564 2508 per
3589 2447 3782 2509 aposto-

2218 2528 2332 2582 lum
2354 2544 2514 2583 suum
2532 2529 2853 2600 supradicta
2875 2529 3157 2600 praedicari
3177 2531 3360 2600 jussit,
3376 2532 3540 2586 corda
3560 2535 3782 2588 omnium

2217 2619 2354 2675 adeo
2393 2617 2722 2675 confortavit
2749 2629 2811 2675 ut
2835 2619 2941 2676 ﬁde
2973 2628 3029 2676 et
3069 2635 3165 2690 spe
3205 2620 3319 2691 jam
3351 2637 3413 2676 sc
3442 2623 3782 2694 triumphasse

2216 2711 2450 2784 quisque
2475 2711 2542 2768 de
2588 2713 2842 2768 hostibus
2875 2713 2994 2768 suis
3031 2713 3328 2769 videretur.
3363 2714 3784 2771 Adhortabantur

2217 2803 2311 2858 alii
2332 2804 2491 2872 alios,
2517 2812 2572 2860 et
2591 2805 2934 2860 adhortando
2954 2805 3102 2861 vites
3128 2807 3405 2877 pugnandi
3431 2808 3780 2864 resumebaut.

2219 2893 2427 2968 Vulgus
2462 2895 2651 2963 etiam,
2678 2896 2826 2966 quod
2859 2896 3056 2952 diebu’s
3093 2898 3382 2968 praeteritis
3422 2898 3606 2970 inopia
3641 2910 3784 2971 atque

2219 2987 2515 3044 formidine
2536 2996 2926 3060 consumptum
2961 3004 3085 3046 esse
3131 2990 3440 3058 videbatur,
3465 2991 3784 3062 principibus

2218 3081 2383 3136 modo
2421 3079 2857 3148 conviciabatur,
2903 3080 2970 3135 de
3013 3079 3140 3137 belli
3183 3082 3466 3138 dilatione.
3501 3081 3785 3138 Constituis

2220 3182 2401 3228 autem
2433 3172 2521 3228 die
2541 3171 2607 3227 ad
2635 3188 2895 3244 pugnam,
2923 3173 3193 3229 miserunt
3221 3176 3394 3230 nostri
3425 3175 3642 3230 Petrum
3673 3173 3784 3230 Erro

2220 3267 2408 3322 mitam
2444 3267 2512 3321 ad
2542 3264 2825 3320 Corbaran
2851 3266 3046 3321 ducem
3090 3265 3419 3332 Terrorum,
3450 3277 3509 3322 ut
3540 3268 3786 3321 desisteret

2218 3358 2282 3413 ab
2301 3361 2689 3429 oppugnatione
2700 3358 3097 3429 ciuitatis,quic
3111 3359 3256 3428 juris
3279 3368 3395 3412 erat
3418 3360 3562 3413 beati
3591 3358 3724 3412 Petri
3748 3367 3788 3410 et

2217 3447 2668 3506 Christianorum.
2696 3448 2998 3520 Respondit
3033 3451 3122 3505 ille
3146 3452 3414 3520 superbus
3439 3453 3569 3522 quia
3588 3450 3705 3520 jure
3725 3449 3788 3503 rel

2217 3542 2420 3612 injuria
2451 3541 2690 3596 Francos
2736 3551 2784 3595 et
2829 3542 3100 3596 ciuitatem
3137 3542 3324 3597 habere
3373 3541 3600 3597 rolebat.
3633 3544 3788 3612 Atque

2220 3633 2439 3688 Petrum
2471 3631 2771 3688 Ercmitam
2790 3633 3055 3688 inclinare
3076 3633 3349 3688 nolentem
3383 3634 3787 3704 supplicarcsibi

2219 3725 2417 3795 coegit.
2459 3723 2761 3790 Quaesitum
2797 3733 2902 3790 est,
2947 3739 3015 3778 eo
3059 3733 3322 3794 tempore,
3365 3726 3492 3795 quis
3537 3725 3788 3780 civitatem

2221 3816 2519 3872 custodiret
2540 3825 2731 3872 contra
2758 3816 2880 3871 illos
2904 3816 2999 3887 qui
3023 3816 3074 3870 in
3105 3817 3330 3872 castello
3363 3827 3544 3884 erant,
3571 3819 3696 3874 dum
3717 3818 3789 3872 alii

2221 3911 2287 3965 ad
2332 3925 2570 3980 pugnam
2621 3909 3100 3981 progrederentur.
3150 3907 3216 3964 Et
3268 3908 3517 3965 fecerunt
3573 3911 3631 3966 in
3677 3911 3791 3965 colle

2221 4003 2425 4059 montis
2473 4001 2682 4069 nostri,
2733 4009 2926 4058 contra
2975 4003 3163 4057 hostes
3202 4014 3422 4060 murum
3469 4003 3713 4058 calceum
3750 4012 3793 4055 et

2221 4093 2661 4166 propugnacula;
2693 4101 2749 4150 et
2792 4094 3114 4149 munierunt
3161 4093 3278 4148 bzcc
3313 4094 3504 4148 multis
3535 4095 3790 4164 petrariis.

2219 4196 2274 4242 et
2299 4187 2628 4242 dimiserunt
2651 4185 2724 4240 ibi
2747 4184 3120 4240 Raimundum
3143 4185 3398 4241 comitem
3422 4186 3516 4256 qui
3544 4201 3717 4257 usque
3737 4186 3792 4239 ad

2220 4289 2450 4335 mortem
2487 4279 2886 4345 iuﬁrmabatur,
2908 4287 2964 4333 et
2989 4278 3139 4333 viros
3163 4293 3338 4349 usque
3351 4279 3645 4335 ducentos.
3669 4277 3793 4333 Ven-

2221 4382 2337 4428 tum
2365 4383 2484 4430 erat
2512 4373 2580 4429 ad
2625 4372 2771 4428 diem
2811 4385 3028 4442 pugna.
3069 4369 3226 4426 Mane
3267 4371 3796 4427 communicaverunt

2222 4482 2433 4532 omnes,
2465 4475 2522 4522 et
2548 4481 2608 4522 se
2634 4464 2746 4520 Deo
2773 4464 3059 4528 dederunt,
3099 4463 3182 4519 vel
3213 4461 3280 4517 ad
3313 4472 3576 4531 mortem,
3610 4465 3659 4520 si
3699 4465 3794 4518 vcl-

529 4555 793 4610 auxilium
825 4555 1018 4610 adfuit.
1052 4554 1116 4609 Et
1138 4555 1414 4625 quomodo
1441 4564 1566 4608 ante
1591 4553 1790 4608 bellum
1813 4563 1868 4609 et
1895 4554 1950 4609 in
1977 4555 2119 4611 bello
2149 4562 2196 4620 D
2221 4560 2313 4627 let,
2338 4560 2422 4614 vel
2442 4559 2510 4614 ad
2537 4558 2705 4614 decus
2728 4555 2991 4612 Romana:
3012 4555 3270 4611 Ecclesiae
3288 4564 3343 4609 et
3371 4556 3556 4625 gentis
3575 4555 3795 4611 France.

530 4663 691 4718 agerc
736 4648 1023 4714 debemus,
1061 4646 1124 4702 Β.
1163 4635 1409 4703 Ᾱηάτρειε
1443 4645 1820 4716 pcrjuvcnem
1846 4648 1999 4704 illum
2021 4653 2116 4721 qui

528 4739 599 4794 de
630 4739 816 4794 lancea
855 4739 1087 4804 dixerat,
1126 4737 1364 4794 edocuit.
1407 4736 1742 4806 Offendistis,
1778 4737 1973 4809 inquit,
2001 4757 2118 4795 om-

531 4845 620 4885 nes
653 4832 904 4902 grariter,
949 4840 999 4885 et
1030 4830 1148 4886 ideo
1181 4830 1451 4884 Itumiliati
1481 4830 1606 4884 estis
1626 4845 1645 4884 :
1670 4839 1719 4884 et
1753 4831 2026 4888 clamastis
2050 4835 2120 4888 ad

535 4925 846 4993 Dominum,
876 4934 928 4980 et
953 4924 1225 4979 exaudivit
1264 4941 1357 4979 nos
1407 4923 1686 4982 Dominus.
1737 4925 1806 4980 Et
1848 4945 1986 4982 nunc
2027 4946 2120 5000 pro

531 5021 643 5076 suis
691 5021 907 5090 offensis
954 5020 1310 5090 unusquisque
1357 5037 1411 5074 se
1461 5020 1688 5074 Domino
1729 5023 2043 5087 committat,
2069 5030 2123 5078 et

532 5113 777 5183 quinque
819 5113 1162 5183 eleemoynas
1193 5110 1383 5177 faciat,
1420 5123 1631 5183 propter
1667 5115 1894 5184 quinque
1935 5115 2120 5184 plagas

535 5205 772 5260 Domini.
832 5203 986 5269 Quod
1030 5205 1078 5257 si
1120 5203 1229 5258 Ilaec
1272 5205 1587 5276 nequiverit,
1631 5207 1904 5277 quinquies
1951 5206 2120 5273 dicat,

536 5296 692 5353 Pater
723 5305 930 5362 noster,
952 5303 1059 5350 etc.
1087 5295 1187 5349 His
1213 5296 1289 5350 ita
1304 5298 1554 5366 peractis,
1577 5299 1631 5351 in
1656 5315 1718 5352 ea
1743 5299 1997 5352 sententia
2017 5315 2122 5368 qua

535 5388 844 5441 conveniant
877 5387 1137 5456 principes
1158 5387 1222 5440 de
1244 5385 1397 5453 bello,
1435 5387 1650 5456 incipite
1685 5388 1741 5441 in
1779 5388 1988 5442 nomine
2008 5388 2120 5441 Do-

536 5479 692 5544 mini,
731 5494 822 5546 per
861 5478 1001 5532 diem
1026 5479 1132 5534 sive
1157 5495 1249 5549 per
1275 5488 1499 5546 noctem,
1531 5481 1656 5550 quia
1689 5497 1878 5534 manus
1905 5481 2120 5536 Domini

538 5569 640 5622 erit
663 5567 947 5621 uobiscum.
976 5567 1034 5622 Si
1055 5569 1172 5640 quis
1197 5578 1371 5625 autem
1399 5571 1463 5625 de
1484 5572 1707 5626 victoria
1736 5571 1968 5636 dubitat,
1998 5589 2121 5642 ape-

539 5661 753 5714 riantur
773 5659 821 5712 ei
846 5667 1028 5727 portw,
1051 5671 1099 5714 et
1127 5663 1284 5716 vadat
1327 5662 1396 5716 ad
1437 5662 1656 5729 Turcas,
1682 5671 1732 5717 et
1773 5663 1964 5716 videbit
1991 5679 2121 5732 quo-

539 5750 696 5804 modo
719 5749 860 5804 Deus
883 5751 1112 5819 illorum,
1135 5745 1338 5810 salvum
1361 5756 1519 5825 faciet
1542 5755 1718 5810 illum.
1743 5752 1802 5808 Si
1826 5763 2001 5808 autem
2025 5771 2123 5824 pu-

539 5859 704 5908 qnare
727 5843 920 5904 aliquis
943 5848 1277 5913 recusaverit,
1309 5849 1378 5901 sit
1408 5863 1526 5901 cum
1547 5845 1580 5898 J
1587 5847 1692 5900 uda
1721 5846 1988 5904 proditore
2015 5845 2122 5898 Do-

2221 4668 2365 4706 rum.
2399 4649 2818 4706 Constituerunt
2851 4657 3032 4703 autem
3063 4648 3130 4703 de
3174 4647 3315 4702 bello
3339 4648 3421 4702 sic
3457 4656 3524 4702 ut
3569 4648 3639 4703 de
3663 4657 3796 4718 gente

2221 4745 2438 4800 comitis
2478 4753 2533 4799 et
2554 4742 2794 4813 episcopi
2827 4743 3020 4796 tierent
3058 4740 3169 4795 duo
3213 4733 3436 4794 ordines
3458 4740 3727 4811 duplices.
3751 4750 3796 4792 ut

2221 4838 2428 4909 pedites
2459 4836 2717 4907 praairent
2741 4834 3024 4899 militibus,
3054 4842 3109 4888 et
3133 4848 3234 4902 pro
3251 4832 3481 4902 imperio
3502 4834 3796 4903 principum

2223 4931 2364 4987 irent
2388 4940 2444 4986 et
2467 4937 2706 4996 starent,
2752 4937 2807 4984 et
2850 4927 3052 4983 milites
3080 4933 3441 4996 sequerentur
3459 4941 3569 4982 eos
3599 4936 3753 4997 atque
3774 4941 3796 4976 a

2223 5031 2375 5093 tergo
2406 5019 2768 5077 custodirent.
2811 5017 2887 5074 De
2917 5026 3077 5090 gente
3125 5017 3416 5074 Boimundi
3439 5028 3497 5074 et
3525 5016 3797 5076 Tancrcdi.

2223 5114 2502 5180 similiter;
2529 5113 2598 5170 de
2625 5120 2784 5184 gente
2808 5111 3027 5168 comitis
3052 5109 3469 5166 Northmannia:
3495 5123 3562 5168 et
3597 5110 3797 5166 Franci-

2223 5206 2397 5282 genis,
2433 5205 2718 5270 similiter;
2761 5204 2830 5260 de
2857 5211 3015 5276 gente
3041 5203 3198 5259 ducis
3224 5212 3279 5258 et
3309 5203 3796 5274 Burgundionibus.

2223 5295 2496 5352 similiter.
2539 5294 2697 5350 Ibant
2725 5302 2908 5350 autem
2939 5309 3219 5364 praecones
3262 5310 3359 5364 per
3380 5296 3669 5352 civitatem
3712 5295 3800 5348 cla-

2224 5397 2456 5454 mantes,
2490 5397 2550 5444 ut
2571 5387 2804 5458 quisque
2835 5387 3004 5443 homo
3030 5386 3372 5456 principibus
3411 5406 3475 5442 ue
3521 5403 3630 5443 sua
3669 5395 3800 5455 gente

2223 5481 2542 5536 adhaereret.
2575 5480 2888 5536 Mandatum
2911 5489 2995 5536 est
3015 5481 3179 5536 etiam
3219 5489 3279 5534 ut
3327 5479 3489 5552 ’lugo
3523 5483 3744 5553 Magnus
3760 5489 3802 5534 ct

2223 5590 2407 5630 comes
2432 5573 2804 5639 Flandrensis,
2827 5572 3304 5628 etNorthmannite
3319 5586 3541 5639 comes,
3568 5575 3720 5645 primi
3749 5573 3804 5625 ad

2223 5664 2364 5720 bella
2399 5662 2774 5734 procederent,
2810 5663 3005 5718 deinde
3033 5663 3174 5729 dux;
3223 5671 3352 5733 post
3377 5663 3587 5720 ducem
3617 5677 3804 5734 cpiscoo

2226 5770 2349 5825 pus,
2394 5755 2590 5810 deinde
2619 5763 2941 5825 sequeretur
2965 5768 3062 5808 eos
3085 5753 3453 5808 Boimundus.
3496 5749 3800 5824 CougrcgaI-i

2227 5854 2354 5900 sunt
2383 5860 2515 5912 ergo
2551 5845 2929 5911 unusquisque
2969 5845 3037 5899 ad
3077 5844 3295 5908 signum
3337 5854 3397 5900 et
3440 5846 3802 5910 cognatione
