3846 6306
97 377 179 432 sn
743 327 758 335 ’
1015 363 1203 422 nam.
1245 365 1334 421 nn
1372 367 1624 423 aeuus
1656 367 1834 428 HIST.
1875 369 2240 428 nmnoson

3187 386 3303 447 648

93 507 234 555 suam,
275 485 398 560 infra
433 483 705 539 civitatem
741 489 862 537 ante
888 491 1093 550 portant
1123 483 1328 552 pontis.
1365 482 1412 537 Ο
1439 500 1602 553 quam
1629 489 1680 548 Α
1707 485 1902 542 cedere
1923 486 2450 558 eoscompulerunt;
2483 489 2721 549 habebat
2743 495 2891 551 enim
2920 495 3076 556 locus
3102 499 3193 557 ille
3219 502 3306 560 fe-

90 590 206 641 beata
226 597 350 654 gens,
372 578 516 648 cujus
535 587 612 631 est
629 576 889 630 Dominus
911 575 1046 630 Deus
1061 577 1208 646 ejus!
1230 576 1408 648 (Psal.
1436 593 1610 646 xxxn,

89 673 298 744 cxtm.)0
309 687 453 743 quam
469 672 649 723 beatus
662 667 908 739 populus,
921 684 1070 738 quem
1084 668 1224 723 Deus
1237 669 1420 740 elegit!
1432 669 1609 742 (Psal.

87 761 465 833 xxxu.)0quam
489 759 832 815 immutatam
857 758 1048 814 faciem
1072 759 1238 829 hujus
1262 760 1562 825 exercitus,
1579 775 1612 814 a

85 856 255 912 tristitia
283 854 332 907 in
355 851 686 907 alacritatem
705 853 717 905 !
736 851 906 922 Cujus
935 851 1155 921 quippe,
1180 852 1471 922 praeteritis
1497 851 1613 908 die.

82 950 172 1012 bus,
192 946 322 1001 ibant
349 959 438 1014 per
460 943 670 1013 plateas
708 943 963 1009 civitatis,
990 942 1089 998 Dei
1136 943 1406 999 auxilium
1427 944 1613 1016 appel-

80 1041 213 1094 lantes
228 1038 285 1092 ad
299 1035 582 1102 Ecclesias,
596 1035 876 1107 principes
891 1044 946 1090 et
957 1036 1196 1103 nobiles,
1211 1045 1267 1091 et
1286 1036 1324 1092 ii
1337 1037 1434 1109 qui
1454 1045 1612 1094 erant

77 1132 127 1186 de
140 1129 308 1200 populo
333 1127 485 1183 nudis
510 1127 745 1196 pedibus
771 1127 1154 1198 lacrymantes,
1190 1135 1247 1182 et
1275 1135 1493 1198 pectora
1510 1143 1612 1184 sua

76 1222 399 1292 percutientes,
437 1221 576 1274 adeo
600 1220 787 1277 tristes
806 1229 866 1275 ut
879 1229 1035 1291 pater
1055 1218 1230 1274 lilium
1253 1220 1474 1275 obvium
1495 1235 1607 1277 non

74 1315 358 1380 resalutaret,
385 1327 562 1383 neque
589 1313 907 1383 respiceret,
940 1327 1117 1383 neque
1155 1310 1324 1368 frater
1359 1310 1604 1368 fratrem.

73 1405 196 1460 Modo
218 1419 332 1460 vero
359 1419 612 1461 cerneres
635 1407 734 1459 eos
759 1404 968 1460 alacres
989 1418 1165 1474 equos
1192 1403 1464 1470 emittere,
1501 1419 1604 1459 ex-

72 1510 212 1556 cutere
235 1513 374 1554 arma
410 1507 466 1554 et
491 1499 714 1554 vibrare
749 1500 958 1565 hastas,
988 1515 1090 1555 nec
1118 1514 1283 1571 posse
1308 1500 1420 1572 pati
1450 1500 1607 1572 quie-

69 1605 166 1658 tem,
185 1593 299 1662 quin
329 1591 472 1646 dictu
494 1592 580 1647 vel
598 1607 788 1663 opere,
819 1592 1028 1663 aliquid
1039 1591 1607 1664 jocundumfacerent

67 1685 127 1740 vel
149 1684 381 1740 dicerent.
411 1681 518 1738 Sed
545 1699 650 1740 cur
675 1684 929 1754 pluribus
955 1685 1177 1741 moror?
1202 1684 1481 1741 Concessa
1519 1694 1606 1742 est

67 1779 145 1832 illis
169 1777 453 1848 egrediendi
495 1786 768 1848 potestas,
798 1784 854 1833 et
879 1793 1003 1848 qua:
1038 1793 1070 1834 a
1101 1777 1444 1849 principibus
1469 1793 1605 1835 con-

67 1866 171 1920 sulta
211 1865 430 1932 fuerant,
481 1867 680 1923 ordine
723 1868 1089 1939 complentur.
1144 1866 1291 1924 Inter
1343 1869 1459 1925 haec
1495 1869 1608 1924 dux

64 1958 307 2015 Turcomm
328 1959 628 2028 Corbaras,
658 1960 801 2018 infra
830 1963 1128 2018 tentorium
1171 1977 1335 2019 suum
1359 1962 1609 2020 schaecis

66 2053 248 2120 ludebat,
273 2062 324 2109 et
343 2063 570 2125 accepto
599 2055 798 2110 nuntio
845 2055 995 2126 quod
1024 2054 1223 2111 Franci
1257 2054 1326 2110 ad
1365 2071 1606 2128 pugnam

65 2146 482 2216 progrederemur,
515 2147 780 2204 turbatus
805 2148 1013 2215 animo,
1053 2147 1203 2219 quod
1230 2156 1428 2219 praeter
1450 2163 1604 2218 spem

65 2237 146 2292 hac
169 2238 419 2306 audiebat,
441 2239 745 2310 appellavit
767 2240 1063 2312 quemdam
1087 2239 1354 2307 Turcum,
1381 2240 1607 2298 nomine

60 2327 284 2384 lliredalin
309 2329 400 2400 qui
451 2329 523 2385 de
573 2331 872 2387 Antiochia
926 2329 1239 2405 aufugerat,
1281 2331 1522 2387 nobilem
1550 2339 1608 2388 et

59 2418 174 2472 nobis
189 2426 361 2474 notum
383 2434 481 2489 per
501 2420 765 2476 militiam
795 2437 974 2490 suam,
998 2431 1053 2478 et
1076 2421 1216 2478 dixit
1238 2421 1289 2478 ei
1318 2440 1331 2478 :
1359 2421 1503 2488 Quid
1523 2432 1605 2478 est

56 2508 152 2561 hoc?
171 2507 336 2564 Nam
360 2520 416 2565 tu
441 2511 577 2565 mihi
600 2511 794 2567 dixisti
833 2514 960 2584 quia
985 2512 1190 2569 Franci
1231 2523 1382 2570 erant
1421 2517 1602 2586 pauci,

55 2611 89 2653 et
111 2619 337 2673 umquam
355 2619 566 2658 mecum
586 2607 926 2676 pugnarent?
948 2604 1017 2662 Et
1039 2607 1324 2677 respondit
1357 2607 1408 2663 ei
1435 2607 1602 2663 Mire-

53 2691 161 2746 dalin
188 2711 200 2747 :
227 2692 342 2748 Non
369 2694 486 2750 dixi
514 2695 668 2766 quod
691 2711 794 2750 non
820 2705 1136 2768 pugnarent,
1168 2697 1260 2752 sed
1291 2697 1428 2764 veni,
1453 2706 1505 2752 et
1527 2699 1603 2753 ui-

53 2783 146 2837 debo
161 2801 254 2853 eos,
274 2795 321 2840 et
357 2787 538 2842 dicam
577 2787 686 2842 tibi
705 2789 756 2843 si
781 2790 978 2860 poteris
1006 2804 1093 2844 eos
1139 2787 1301 2859 facile
1328 2805 1598 2859 superare.

54 2873 185 2932 Etiam
199 2870 380 2936 tertius
408 2879 552 2936 ordo
577 2881 1038 2952 progrediebatur
1063 2897 1077 2936 :
1101 2880 1354 2951 Cumque
1370 2881 1602 2938 vidisset

55 2973 251 3029 ordinum
300 2975 723 3046 dispositioncs,
767 2973 1051 3030 Miredalin
1082 2973 1221 3031 dixit
1273 2974 1344 3031 ad
1385 2973 1599 3030 Corba-

52 3080 138 3120 ram
164 3083 176 3120 :
208 3065 380 3123 Occidi
408 3068 638 3138 quidem
663 3076 881 3138 possunt
902 3067 1016 3134 isti,
1053 3067 1144 3122 sed
1173 3068 1306 3122 uerti
1331 3068 1388 3122 in
1417 3068 1600 3139 fugant

53 3169 272 3227 nequeut.
305 3159 367 3215 Et
395 3171 536 3217 tunc
563 3160 846 3216 Corbaras
875 3160 952 3216 illi
1001 3178 1014 3215 :
1056 3159 1213 3216 Nulli
1260 3177 1442 3216 eorum
1467 3177 1594 3232 pra-

51 3247 140 3313 pelli
173 3250 490 3321 aliquatenus
539 3252 808 3322 possunt?
835 3249 902 3306 Et
929 3251 1212 3321 respondit
1267 3250 1550 3308 Miredalin
1577 3269 1592 3306 :

54 3337 386 3411 Nou‘quantum
415 3343 616 3413 planta
646 3343 795 3413 pedis
829 3342 983 3398 habet
1015 3343 1218 3410 cedent,
1247 3343 1295 3397 si
1329 3359 1482 3398 omne
1500 3335 1593 3416 ge-

49 3447 118 3484 m
133 3448 428 3500 paganorum
450 3434 538 3488 eis
563 3435 832 3488 incurrat.
860 3431 1016 3490 Tunc
1037 3432 1147 3499 ille,
1165 3433 1292 3489 licet
1317 3434 1592 3503 turbatus,

50 3523 213 3578 ordines
242 3525 441 3581 multos
496 3533 558 3582 et
627 3524 980 3597 multiplices,
1025 3525 1252 3582 instruit
1300 3525 1594 3584 adversum

48 3629 136 3668 nos.
159 3613 212 3669 Et
235 3631 352 3671 cum
383 3615 576 3687 primo
609 3615 921 3686 potuissent
957 3615 1168 3672 exitum
1215 3615 1376 3673 nobis
1406 3615 1598 3688 prohi-

46 3705 155 3770 bere,
176 3709 381 3776 pacifice
405 3709 570 3764 exire
594 3708 1004 3779 permittebant.
1030 3706 1215 3766 Nostri
1236 3717 1422 3765 tamen
1447 3709 1596 3767 acies

44 3812 139 3855 suas
153 3815 322 3856 versus
341 3810 623 3857 montana
653 3800 981 3872 dirigebant,
1007 3808 1263 3858 caventes
1286 3815 1356 3856 ne
1377 3815 1478 3858 nos
1502 3801 1592 3858 in-

43 3891 263 3962 cingerent
295 3909 328 3949 a
370 3903 553 3967 tergo.
595 3893 772 3949 Erant
821 3902 1004 3950 autem
1054 3901 1320 3950 montana
1367 3895 1528 3968 longe
1561 3909 1592 3950 a

41 3994 180 4052 ponte,
207 3988 356 4059 quasi
382 3989 619 4044 duobus
650 3986 866 4060 magnis
881 3987 1229 4044 milliaribus.
1253 3985 1594 4046 Procedeba—

41 4089 132 4130 tuus
155 4078 218 4132 ita
244 4079 494 4148 spatiosi,
525 4078 683 4135 sicut
704 4078 758 4134 in
780 4077 1232 4150 processionibus
1264 4079 1448 4136 clerici
1469 4095 1593 4151 per-

39 4181 129 4234 gere
149 4169 337 4238 solent;
374 4177 432 4228 et
465 4186 672 4227 revera
701 4170 860 4227 nobis
903 4170 1184 4241 processio
1206 4179 1344 4226 erat.
1372 4169 1590 4228 Etenim

39 4264 290 4321 sacerdotes
306 4273 362 4321 et
387 4265 560 4321 multi
589 4265 875 4334 monachi,
898 4265 1074 4322 induti
1096 4266 1237 4323 albis
1255 4267 1433 4336 stolis,
1465 4277 1593 4325 ante

36 4352 144 4409 acies
183 4357 408 4414 militum
451 4366 807 4426 nostrorum,
851 4359 1171 4431 pergebant,
1219 4358 1317 4415 Dei
1379 4360 1594 4432 adjutO'

37 4443 138 4498 rium
164 4456 213 4502 et
248 4460 580 4507 sanctorum
613 4450 917 4520 patrocinia
943 4449 1252 4506 iuvocando
1279 4459 1586 4509 cantantes.

1717 592 1848 632 num
1879 579 2111 633 multum
2147 587 2203 634 et
2224 580 2452 636 siccum.
2482 581 2733 654 Egressis
2763 585 2950 657 itaque
2994 590 3308 664 ordinibus,

1715 667 1935 723 stabant
1956 671 2270 726 sacerdotes
2294 673 2454 729 nudis
2479 673 2712 744 pedibus
2751 686 2806 733 et
2848 678 3023 735 induti
3051 686 3308 741 sacerdo-

1714 761 1918 818 talibus
1941 764 2285 820 vestimentis
2312 783 2478 837 supra
2509 783 2701 825 muros
2723 770 2982 839 civitatis,
3022 772 3193 831 Deum
3224 778 3310 832 iu-

1713 862 1973 910 vocantcs
2006 864 2066 910 ut
2091 857 2354 926 populum
2381 875 2542 918 suum
2577 860 2910 931 defenderet,
2948 874 3112 937 atque
3147 877 3310 925 testa-

1714 953 1958 1000 mentum
1983 946 2129 1016 quod
2153 949 2418 1020 sanguine
2441 965 2545 1007 suo
2567 953 2890 1022 sancivit,in
2918 957 3024 1014 hoc
3041 958 3186 1016 bello
3209 975 3307 1031 per

1711 1041 2002 1100 victoriam
2031 1043 2402 1116 Francorum,
2446 1050 2854 1110 testiﬁcaretur.
2889 1053 2949 1110 ln
2983 1057 3092 1114 hoc
3119 1069 3305 1116 autem

1711 1147 1894 1217 spatio
1916 1148 2062 1219 quod
2086 1151 2461 1219 processimus
2483 1168 2515 1208 a
2538 1163 2702 1224 ponte
2726 1171 2902 1228 usque
2921 1159 2992 1215 ad
3015 1151 3302 1232 montana,

1713 1245 1956 1303 maxime
1989 1247 2366 1306 laboravimus
2393 1260 2619 1323 propter
2664 1255 2771 1312 hoc
2794 1258 2944 1328 quod
2973 1258 3080 1330 ipsi
3113 1261 3302 1318 hostes

1711 1355 1814 1396 nos
1829 1340 2089 1396 volebant
2111 1341 2417 1414 accingam.
2446 1343 2591 1402 lnter
2611 1347 2748 1417 haec,
2776 1336 2904 1407 licet
2929 1353 3169 1424 majores
3196 1356 3302 1412 ho-

1709 1433 1876 1489 stium
1909 1433 2161 1502 ordines,
2189 1436 2351 1492 nobis
2374 1437 2470 1509 qui
2499 1439 2552 1494 in
2575 1448 2756 1498 turma
2783 1445 3026 1518 episcopi
3070 1463 3292 1506 eramus

1707 1525 2107 1595 incumberent,
2145 1535 2329 1583 tamen
2357 1544 2456 1600 per
2488 1532 2805 1600 praesidium
2835 1534 3135 1595 Dominica:
3173 1539 3296 1596 lau-

1707 1633 1836 1686 ceae,
1869 1635 1994 1691 qua
2023 1620 2099 1676 ibi
2136 1629 2294 1690 erat,
2333 1622 2548 1679 nullum
2596 1625 2670 1680 ibi
2712 1627 3166 1700 vulneraverunt,
3196 1633 3299 1690 sed

1698 1739 1882 1796 neque
1922 1724 2182 1796 sagittam
2230 1725 2391 1782 nobis
2432 1725 2795 1787 intorserunt.
2852 1729 2976 1788 Vidi
3025 1749 3127 1805 ego
3180 1735 3298 1791 haec

1640 1840 1683 1900 Β
1710 1831 1834 1887 qua:
1881 1815 2100 1888 loquor,
2151 1825 2206 1873 et
2234 1816 2576 1876 Dominicam
2608 1821 2854 1878 lanceam
2902 1823 2976 1878 ibi
3031 1824 3297 1882 ferebam.

1712 1907 1869 1976 Quod
1916 1909 1962 1964 si
1994 1909 2121 1980 quis
2154 1907 2469 1967 Heracliam
2497 1912 2896 1982 vicccomitem,
2933 1916 3299 1975 vexillifcrum

1710 1998 1976 2071 episcopi,
2008 1998 2065 2054 in
2091 1999 2197 2056 hoc
2223 2000 2367 2058 bello
2391 2003 2736 2058 vulneratum
2765 2003 2937 2061 fuisse
2968 2005 3137 2074 dicat,
3162 2009 3302 2064 sciat

1708 2089 1857 2163 quod
1884 2100 1938 2147 et
1964 2091 2224 2148 vexillum
2249 2108 2412 2150 suum
2440 2094 2532 2150 alii
2563 2095 2902 2165 tradiderat,
2952 2105 3007 2154 et
3046 2099 3299 2156 ordinem

1708 2195 1964 2242 nostrum
1991 2187 2151 2260 longe
2177 2189 2492 2261 reliquerat.
2537 2186 2609 2245 Ut
2628 2205 2761 2246 vero
2785 2207 2978 2249 omnes
3002 2193 3106 2249 viri
3130 2195 3300 2252 bella-

1707 2286 1855 2335 tores
1893 2278 1960 2334 de
1987 2279 2211 2335 civitate
2233 2280 2439 2352 egressi
2470 2289 2620 2350 sunt,
2650 2294 3022 2354 apparuerunt
3047 2287 3300 2360 quinque

1706 2371 1828 2428 aliae
1857 2371 2001 2429 acies
2034 2371 2177 2428 inter
2206 2387 2328 2428 nos.
2379 2371 2596 2429 Etenim
2617 2415 2632 2440 ,
2678 2383 2738 2430 ut
2768 2375 2883 2446 jam
2934 2377 3140 2434 dictum
3189 2389 3296 2447 est,

1706 2473 1832 2522 octo
1862 2465 2010 2522 acies
2043 2464 2222 2521 nostri
2245 2464 2523 2538 principes
2550 2474 2762 2523 tantum
2791 2469 3218 2540 constituerant,
3242 2483 3298 2530 et

1707 2557 1966 2613 tredecim
1996 2557 2216 2614 ordines
2235 2565 2391 2614 extra
2418 2557 2694 2614 civitatem
2719 2558 2962 2617 fuerunt.
2986 2561 3098 2620 Hoc
3120 2581 3293 2620 unum

1703 2648 1862 2715 valde
1896 2649 2254 2706 memorabile
2287 2665 2397 2706 non
2423 2658 2815 2722 praetereamus
2859 2672 2875 2708 ι
2925 2653 2982 2709 1η
3023 2656 3296 2728 principio

1702 2739 2037 2810 egressionis
2059 2748 2260 2797 nostra:
2283 2741 2356 2796 ad
2377 2756 2640 2814 pugnam,
2668 2743 2898 2800 imbrem
2928 2745 3174 2803 divinum
3199 2764 3292 2810 sui

1702 2846 1802 2904 per
1835 2846 2057 2889 omnem
2096 2832 2398 2890 exercitum
2428 2849 2592 2891 suum
2627 2836 2782 2893 misit
2829 2835 3129 2898 Dominus.
3161 2855 3291 2911 par-

1701 2949 1871 3002 vum,
1909 2933 2004 2991 sed
2040 2943 2154 2991 tam
2209 2944 2425 3007 gratum
2460 2951 2572 3008 quo
2615 2937 2710 3009 qui
2754 2947 2935 2996 tactus
2981 2949 3087 3007 est,
3140 2942 3293 2997 omni

1701 3026 1874 3098 gratia
1898 3027 2137 3098 repletus
2159 3037 2214 3083 et
2235 3025 2577 3096 fortitudine,
2595 3039 2650 3084 et
2665 3030 2854 3087 hostes
2883 3033 3288 3098 contemnebat,

1701 3134 1755 3182 et
1777 3113 1938 3198 quasi
1976 3133 2034 3190 in
2063 3128 2275 3186 deliciis
2303 3129 2471 3202 regiis
2501 3145 2718 3202 semper
2756 3133 3030 3190 enutritus
3073 3135 3292 3190 exsilie-

1620 3188 1667 3252 ο
1700 3229 1795 3286 bat
1823 3247 1836 3284 :
1864 3227 1983 3286 Non
2011 3231 2196 3288 minus
2239 3231 2346 3288 hoc
2395 3232 2540 3288 idem
2592 3232 2864 3302 mirabile,
2895 3234 3056 3312 equis
3083 3235 3290 3292 nosuis

1695 3329 1863 3386 etiam
1891 3330 2142 3406 contigit.
2185 3329 2288 3387 Cui
2317 3332 2466 3390 enim
2495 3331 2697 3391 defecit
2721 3344 2900 3407 equus
2947 3351 3085 3392 suus
3109 3377 3124 3404 ,
3174 3339 3287 3394 nisi

1695 3438 1918 3502 peracta
1948 3446 2131 3503 pugna
2179 3432 2398 3490 etiamsi
2433 3448 2544 3491 non
2583 3434 2886 3507 gustaverit
2905 3435 3112 3507 aliquid
3145 3452 3289 3508 pras-

1697 3532 1780 3580 ter
1800 3524 2036 3582 cortices
2064 3532 2122 3581 et
2145 3523 2276 3582 folia
2311 3527 2571 3583 arborum
2603 3543 2698 3600 per
2730 3536 2940 3600 septem
2964 3528 3120 3586 dies?
3147 3526 3288 3584 Mul-

1698 3617 1963 3689 tiplicavit
1983 3619 2211 3690 insuper
2235 3618 2372 3675 adeo
2400 3617 2669 3678 Dominus
2701 3621 3002 3677 exercitum
3032 3630 3284 3680 nostrum

1697 3721 1758 3766 ut
1791 3711 1887 3781 qui
1915 3719 2042 3767 ante
2066 3725 2310 3784 pugnam
2332 3712 2624 3783 pauciores
2646 3727 2868 3770 eramus
2887 3730 3055 3785 quam
3073 3717 3282 3783 hostes,

1695 3803 1752 3858 in
1775 3803 1920 3862 bello
1943 3803 2127 3874 plures
2146 3804 2229 3860 eis
2245 3803 2474 3861 fuimus.
2501 3803 2712 3877 Itaque,
2744 3806 2954 3862 nostris
2973 3807 3283 3880 progressis

1693 3904 1751 3951 et
1769 3894 2081 3966 dispositis,
2119 3909 2230 3952 non
2260 3895 2417 3953 licuit
2450 3897 2612 3954 nobis
2644 3896 2988 3955 committere
3016 3914 3280 3973 pugnam,

1693 3985 1956 4056 quoniam
1995 3985 2101 4056 ipsi
2124 3985 2272 4042 versi
2295 3995 2428 4044 sunt
2467 3987 2524 4043 in
2567 3986 2776 4062 fugam.
2831 3986 3112 4046 Persecuti
3152 3999 3283 4048 sunt

1692 4091 1790 4134 eos
1813 4076 2008 4145 nostri,
2032 4091 2209 4148 usque
2229 4077 2299 4133 ad
2326 4092 2588 4136 occasum
2617 4078 2775 4135 solis.
2824 4076 3168 4154 Operabatur
3203 4081 3279 4136 ibi

1694 4169 2020 4226 mirabiliter
2044 4169 2313 4227 Dominus
2339 4179 2452 4226 tam
2473 4169 2532 4226 in
2561 4171 2695 4228 viris
2723 4187 2889 4244 quam
2912 4171 2969 4230 in
2994 4173 3152 4244 equis
3178 4189 3279 4229 no.

1694 4263 1855 4331 stris;
1904 4262 2107 4334 quippe
2143 4263 2273 4331 viri,
2306 4261 2538 4319 avaritia
2566 4278 2600 4320 a
2625 4264 2768 4320 bello
2795 4279 2908 4320 non
2938 4266 3277 4322 revocaban-

1695 4367 1823 4422 tur,
1862 4363 1919 4410 et
1964 4355 2042 4412 illi
2067 4355 2197 4426 equi
2225 4354 2485 4424 famelici,
2514 4371 2658 4428 quos
2703 4357 2796 4412 vix
2835 4355 3046 4414 domini
3081 4357 3188 4423 sui,
3220 4358 3278 4413 in

1692 4447 1943 4520 praelium
1971 4446 2247 4519 pascendo
2265 4447 2628 4516 deduxerant,
2642 4447 2920 4505 levissime
2941 4463 3116 4520 equos
3139 4447 3280 4504 Tur-

33 4532 81 4588 At
107 4548 269 4596 contra
298 4542 493 4599 hostes
523 4542 692 4597 nobis
734 4541 1014 4598 incurrere
1043 4543 1299 4599 volebant
1326 4552 1382 4600 et
1417 4545 1587 4616 sagit-
1619 4553 1664 4609 Ι)
1688 4559 1903 4611 carum,
1935 4544 2169 4617 pingues
2193 4553 2249 4603 et
2275 4544 2746 4612 currentissimos,
2775 4543 2942 4600 modo
2966 4558 3275 4614 conseque-

30 4627 190 4684 tabant.
220 4631 500 4689 laudavit
530 4633 710 4688 etiam
753 4631 1031 4688 Corbaras
1059 4633 1128 4688 ad
1165 4633 1442 4704 principes
1482 4649 1581 4688 no-

29 4727 137 4776 stros
159 4741 171 4776 :
191 4723 418 4782 Paratus
447 4734 582 4782 erat
623 4724 808 4782 facere
837 4725 1003 4781 modo
1030 4726 1179 4796 quod
1213 4741 1389 4796 nuper
1413 4725 1584 4781 abne-

27 4815 153 4883 gavit,
180 4830 233 4872 ut
255 4822 493 4890 quinque
531 4819 616 4875 uel
637 4819 813 4874 decem
845 4818 1007 4873 Turci
1027 4827 1323 4891 pugnarent
1352 4835 1475 4873 cum
1497 4828 1583 4872 to-

26 4903 150 4959 tidem
173 4907 416 4979 Francis,
461 4920 518 4967 et
550 4927 778 4982 quorum
816 4909 1016 4965 milites
1048 4911 1398 4978 vincerentur,
1431 4909 1585 4980 pa’ci-

25 4993 94 5059 βα
115 4999 503 5059 aliiscedercnt.
531 5001 961 5074 Responderunt
978 5002 1048 5058 ad
1078 5003 1196 5059 haec
1221 5003 1394 5059 nostri
1423 5021 1435 5056 :
1471 5000 1586 5056 Νο-

25 5086 178 5159 luistis,
215 5112 331 5150 cum
356 5098 460 5152 hoc
490 5097 784 5164 voluimus,
823 5112 960 5150 nunc
991 5105 1171 5152 autem
1201 5098 1328 5168 quia
1369 5097 1587 5168 paravi-

23 5181 152 5237 t’imss
195 5205 281 5243 nos
331 5191 405 5244 ad
458 5205 725 5260 pugnam,
773 5189 1040 5244 decertant
1094 5189 1294 5260 singuli
1340 5205 1434 5259 pre
1487 5204 1584 5243 suo

19 5268 124 5336 im.
152 5277 410 5352 Cumque,
438 5291 506 5336 ut
533 5281 806 5349 diximus,
837 5281 1123 5352 planitiem
1149 5291 1322 5337 totam
1349 5296 1584 5351 occupa-

23 5365 260 5440 vissemus,
289 5376 560 5446 quaedam
586 5391 715 5446 pars
742 5373 1055 5431 Turcorum
1082 5385 1209 5447 post
1233 5389 1336 5431 nos
1373 5389 1588 5429 reman-

26 5455 91 5519 sit,
112 5470 254 5534 atque
272 5466 568 5536 peditibus
592 5468 796 5524 nostris
819 5468 1086 5536 incurrit;
1110 5469 1318 5538 pedites
1339 5483 1470 5522 vero
1484 5464 1582 5532 illi,

26 5544 133 5604 facto
155 5571 296 5627 gyro,
324 5560 609 5631 impetum
643 5561 891 5617 hostium
920 5561 1155 5617 viriliter
1180 5561 1580 5617 sustinuerunt.

24 5635 222 5715 Cumque
245 5647 414 5707 Turci
443 5651 606 5706 nullo
651 5653 816 5709 modo
859 5669 958 5710 eos
999 5654 1303 5725 propellere
1336 5659 1586 5724 possent,

26 5730 163 5796 ignem
189 5740 329 5796 circa
377 5757 484 5798 eos
543 5744 926 5812 accenderunt,
975 5754 1035 5801 nt
1081 5745 1177 5818 qui
1237 5744 1444 5817 gladios
1475 5760 1584 5800 non

25 5817 363 5901 lormidabant,
412 5835 616 5890 saltem
648 5837 718 5891 ab
755 5837 877 5909 igne
919 5839 1346 5910 corriperentur.
1391 5836 1580 5907 Itaque

292 5928 582 5988 PATROL.
615 5930 788 5993 CLV.

1685 4637 1907 4692 bantur.
1933 4636 2045 4694 Nec
2067 4638 2174 4694 hoc
2202 4638 2382 4696 solum
2410 4639 2672 4711 gaudium
2720 4637 2893 4694 voluit
2928 4653 3028 4694 nos
3073 4638 3277 4693 habere

1686 4725 1974 4784 Dominus.
2009 4727 2222 4786 Etenim
2249 4729 2444 4786 Turca:
2471 4729 2568 4802 qui
2609 4729 2898 4787 castellum
2943 4729 3012 4784 de
3055 4728 3275 4784 civitate

1685 4818 2020 4884 munierant,
2049 4817 2298 4875 videntes
2320 4834 2549 4875 suorum
2575 4819 2909 4890 praecipitem
2940 4816 3149 4890 fugam,
3173 4816 3272 4871 de-

1685 4920 1990 4980 sperantes,
2023 4911 2118 4966 alii
2147 4921 2357 4969 tantum
2388 4913 2532 4984 pacti
2561 4913 2728 4968 vitam
2771 4927 2832 4967 se
2855 4909 3059 4968 nostris
3087 4909 3270 4966 reddi-

1685 4999 1904 5068 derunt,
1935 5001 2028 5057 alii
2050 5003 2360 5078 praecipites
2384 5002 2661 5075 fugerunt.
2685 5001 2754 5057 Et
2779 5002 2907 5058 licet
2935 5002 3137 5058 bellum
3164 5000 3271 5056 hoc

1685 5100 1797 5148 tam
1821 5100 1980 5148 atrox
2007 5101 2174 5164 atque
2203 5094 2456 5152 timidum
2486 5101 2652 5161 esset,
2675 5101 2861 5149 tamen
2889 5092 3049 5164 pauci
3070 5089 3270 5147 milites

1686 5184 1753 5239 de
1793 5185 2048 5240 hostibus
2079 5183 2155 5240 ibi
2177 5185 2512 5252 ceciderunt,
2537 5185 2632 5241 sed
2672 5183 2742 5239 de
2771 5183 3052 5254 peditibus
3076 5195 3271 5238 eorum

1686 5278 1777 5333 vix
1805 5278 2008 5348 aliquis
2037 5277 2230 5334 evasit.
2256 5276 2454 5333 Omnia
2479 5285 2663 5332 autem
2683 5275 2923 5332 tentoria
2956 5290 3150 5331 eorum
3175 5288 3272 5329 ca-

1686 5380 1780 5442 pta
1828 5380 1978 5439 sunt,
2030 5381 2085 5427 et
2123 5372 2244 5428 auri.
2269 5379 2324 5427 et
2343 5370 2556 5442 argenti
2596 5369 2852 5438 multum,
2886 5377 2941 5424 et
2967 5367 3270 5440 spoliorum

1685 5463 2017 5534 plurimum;
2041 5478 2274 5521 annonae
2296 5477 2429 5519 vero
2453 5471 2508 5520 et
2537 5477 2797 5535 pecorum
2815 5477 2883 5519 ac
2907 5460 3266 5526 camelorum,

1687 5557 1808 5613 sine
1836 5573 2096 5614 mensura
2125 5566 2181 5613 et
2202 5572 2453 5615 numero.
2497 5557 2952 5628 Renovatumque
2999 5561 3084 5611 est
3107 5551 3269 5608 nobis

1683 5651 1822 5706 illud
1863 5650 2147 5718 Samariae,
2170 5651 2238 5708 de
2262 5667 2520 5709 mensura
2564 5650 2890 5723 similaginis
2931 5656 2988 5705 ct
3033 5645 3268 5711 hordei,

1688 5757 1812 5812 qua:
1860 5755 1959 5811 pro
2012 5748 2217 5799 statere
2266 5742 2692 5814 accipiebantur.
2726 5741 2890 5798 Facta
2921 5747 3047 5796 sunt
3082 5743 3268 5790 autem

1691 5835 1806 5891 haec
1829 5830 1886 5886 in
1906 5831 2090 5904 vigilia
2120 5835 2493 5905 apostolorum
2518 5833 2663 5892 Petri
2685 5842 2736 5888 et
2761 5829 2938 5898 Pauli,
2961 5826 3161 5900 quibus
3182 5823 3268 5880 iu-

2867 5927 2947 5988 20
