3806 6306
559 299 710 366 ⁸619

595 514 722 570 tulit
743 513 886 568 hanc
906 509 1189 567 victoriam
1211 507 1510 581 peregrina:
1537 505 1800 562 Ecclesiae
1827 504 2186 571 Francorum,

587 609 688 680 'qui
711 607 838 662 vivit
864 613 914 661 et
937 612 1116 659 manet
1145 619 1264 656 cum
1289 603 1452 656 servis
1477 602 1612 669 suis,
1636 599 1900 671 propitius
1933 597 2074 653 Deus
2093 613 2189 669 per

592 702 778 756 omnia
799 697 998 754 stecula
1024 694 1367 761 sweulorum,
1395 693 1596 749 Amen.

715 787 718 790 ’
1167 784 1396 842 CAPUT
1436 783 1624 839 XVIII;

669 885 897 940 Factum
927 890 1010 937 est
1033 887 1219 936 autem
1241 886 1368 949 post
1386 877 1698 944 victoriam,
1733 874 1882 948 quod
1904 874 2184 946 principes

565 993 570 998 ‘
597 977 769 1035 nostri
794 1018 810 1045 ,
849 972 1210 1038 Boimundus,
1243 979 1297 1026 et
1323 985 1539 1038 comes,
1563 976 1617 1024 et
1641 968 1753 1024 dux
1782 975 1839 1023 et
1877 966 2184 1022 Flandren-

595 1071 674 1128 sis
707 1083 912 1135 comes,
947 1063 1317 1123 communiter
1359 1071 1608 1120 castrum
1666 1060 1908 1117 Civitatis
1959 1073 2183 1129 recepe-

593 1172 744 1230 runt,
775 1158 1237 1217 sedBoimundus
1287 1157 1512 1214 altiores
1554 1163 1736 1212 turres
1780 1154 2045 1225 suscepit,
2068 1153 2180 1224 jam

521 1259 524 1262 ’
591 1263 724 1310 tunc
753 1251 1072 1324 concipiens
1101 1249 1375 1317 dolorem,
1407 1248 1501 1320 qui
1537 1247 1785 1320 protulit
1813 1246 2179 1318 iniquitatem.

569 1350 804 1407 Etenim
833 1354 1235 1419 consequenter
1255 1344 1508 1402 homines
1531 1344 1708 1412 ducis,
1727 1351 1782 1400 et
1802 1342 2180 1410 Flandrensis,

589 1451 646 1498 et
681 1439 902 1497 comitis
943 1436 1132 1494 Sancti
1167 1434 1406 1506 IEgidii,
1433 1435 1700 1490 violenter
1729 1434 1796 1490 de
1829 1433 2054 1489 castello
2082 1448 2180 1488 ex-

589 1533 749 1605 pulit,
781 1531 972 1588 dicens
1002 1545 1063 1587 se
1078 1530 1299 1602 iurasse
1325 1528 1403 1583 illi
1430 1527 1630 1595 Turco,
1645 1526 1738 1598 qui
1758 1526 2032 1583 civitatem
2063 1525 2183 1581 red-

587 1624 747 1692 didit,
773 1622 922 1694 quod
945 1622 1066 1692 ipse,
1087 1621 1242 1677 solus
1266 1619 1658 1675 habereteam.
1713 1616 1796 1674 Ob
1828 1618 1936 1674 hoc
1975 1617 2174 1684 etiam,

585 1716 721 1788 quia
735 1715 959 1786 impune
982 1713 1036 1769 id
1057 1713 1429 1779 commiserat,
1448 1711 1672 1768 castella
1695 1711 1955 1776 civitatis,
1976 1719 2029 1778 et
2048 1725 2178 1781 por-

587 1817 674 1864 tas
700 1821 840 1878 quas
865 1821 1053 1862 comes
1081 1812 1138 1862 et
1172 1804 1464 1876 episcopus
1486 1813 1540 1859 et
1558 1803 1691 1870 dux,
1714 1817 1782 1858 ex
1804 1810 2047 1874 tempore
2069 1819 2178 1875 quo

589 1895 805 1952 obsessi
867 1893 1151 1951 fueramus
1203 1901 1560 1950 servaverant
1583 1934 1600 1962 ,
1649 1893 1932 1963 requirere
1989 1893 2174 1964 coepit.

586 1985 996 2043 Conoesserunt
1023 1985 1075 2041 ei
1121 1999 1313 2041 omnes
1337 1993 1533 2056 pra'ter
1565 1983 1844 2039 comitem.
1878 1981 1972 2038 llle
2004 1983 2173 2050 enim,

585 2079 716 2134 licet
739 2076 997 2134 inﬁrmus
1016 2083 1198 2146 esset,
1234 2085 1416 2132 tamen
1443 2084 1662 2147 portam
1693 2075 1898 2146 pontis,
1926 2090 2027 2131 nec
2051 2091 2178 2146 pre-

583 2186 671 2240 ce,
708 2185 811 2228 nec
834 2170 1147 2242 promissis,
1181 2184 1284 2225 nec
1309 2168 1476 2224 minis
1517 2167 1794 2224 dimittere
1821 2167 2014 2224 voluit.
2065 2165 2176 2224 Nec

581 2264 764 2320 solum
795 2263 1070 2336 principes
1094 2269 1316 2316 nostros
1355 2275 1422 2316 eo
1466 2268 1714 2332 tempore
1737 2259 2015 2316 discordia
2041 2275 2174 2316 con-

583 2355 781 2424 cussit,
829 2369 1020 2411 verum
1059 2353 1224 2410 etiam
1269 2351 1459 2424 populi
1516 2351 1749 2422 gratiam
1799 2351 1876 2406 ita
1923 2351 2175 2408 dissolvit

581 2457 648 2503 ut
675 2447 839 2519 pauci
870 2455 1074 2513 essent,
1101 2445 1198 2516 qui
1232 2459 1345 2500 nou
1381 2445 1509 2500 cum
1544 2444 1714 2500 sociis
1733 2437 1828 2499 vel
1856 2443 2173 2500 domesticis

581 2540 700 2597 suis
723 2581 741 2610 ,
776 2537 1033 2613 detorti,
1057 2538 1144 2594 vel
1186 2537 1392 2608 rapinae
1418 2537 1604 2594 causis
1625 2544 2031 2594 concertarent.
2063 2537 2174 2594 Nec

581 2635 637 2688 in
675 2633 895 2689 civitate
913 2629 1083 2702 judex
1106 2630 1309 2702 aliquis
1334 2638 1451 2686 erat
1470 2630 1564 2702 qui
1591 2637 1781 2700 posset
1794 2629 1879 2685 vel
1900 2629 2062 2684 vellet
2086 2629 2171 2685 di-

579 2725 785 2782 rimere
830 2739 1060 2791 causas,
1113 2722 1208 2780 sed
1262 2730 1533 2793 quantum
1565 2722 1803 2794 quisque
1831 2730 2072 2793 poterat,
2103 2737 2170 2778 eo

581 2817 778 2872 modus
803 2815 1022 2886 injurias
1056 2814 1230 2883 venit.
1289 2813 1488 2870 Comes
1537 2822 1720 2869 autem
1770 2822 1825 2870 et
1872 2813 2168 2885 episcopus

579 2906 736 2963 valde
768 2905 1212 2974 infirmabantur,
1249 2919 1351 2960 nec
1387 2905 1530 2961 tueri
1573 2919 1670 2961 eos
1697 2905 1767 2960 ab
1795 2905 1993 2976 injuria
2020 2912 2171 2976 pote-

581 3007 725 3054 rant.
747 2995 854 3053 Sed
875 2996 1007 3069 quid
1034 3011 1249 3052 moram
1279 2996 1336 3050 in
1365 2995 1452 3050 his
1475 2993 1731 3066 agimus}?
1753 2993 1963 3067 Quippe
1991 3002 2166 3052 nostri

577 3091 692 3148 otio
720 3099 774 3148 et
808 3090 1016 3148 divitiis
1050 3089 1291 3158 remissi,
1316 3089 1384 3146 de
1403 3088 1600 3146 itinere
1625 3099 1849 3161 propter
1883 3091 2034 3162 quod
2062 3106 2161 3148 ve-

577 3193 795 3254 nerant,
819 3197 999 3255 usque
1047 3183 1104 3238 in
1151 3181 1271 3238 Kal.
1310 3180 1574 3238 Novemb.
1605 3189 1796 3238 contra
1825 3181 1918 3238 Dei
1961 3198 2164 3254 praece-

575 3284 757 3347 ptum,
784 3273 1135 3331 distulerunt.
1161 3271 1375 3328 Etenim
1413 3285 1480 3327 eo
1511 3279 1790 3343 tempore,
1837 3272 1912 3328 ita
1961 3275 2163 3330 territae

575 3375 742 3438 atque
779 3363 1044 3422 confectae
1085 3364 1283 3420 timore
1331 3362 1761 3421 Sarracenorum
1811 3364 2063 3423 civitates
2105 3368 2162 3423 in

569 3462 702 3533 fuga
732 3459 1041 3517 Turcorum
1070 3457 1297 3515 fuerunt
1315 3501 1330 3527 ,
1363 3466 1426 3514 ut
1446 3458 1492 3516 si
1523 3467 1654 3515 tunc
1680 3459 2018 3530 equitassent
2056 3477 2160 3518 no~

569 3555 671 3611 stri
700 3551 921 3622 Franci,
942 3568 1051 3609 non
1083 3561 1230 3610 esset
1267 3567 1444 3624 usque
1471 3552 1526 3608 in
1569 3549 1912 3608 Hierusalem
1938 3553 2156 3622 civitas,

567 3660 694 3718 quae
717 3646 984 3718 lapidem,
1018 3653 1078 3702 ut
1105 3645 1209 3702 nes
1239 3644 1534 3713 credimus,
1562 3644 1646 3702 eis
1689 3646 2040 3704 eremitteret.
2069 3645 2158 3702 ln-

564 3733 721 3797 terea
745 3737 1006 3795 dominus
1040 3738 1353 3795 Adamarus
1381 3731 1676 3810 episcopus
1699 3737 1992 3796 Podiensis
2012 3779 2027 3808 ,
2072 3739 2158 3796 di-
2192 3741 2198 3747 ’

566 3833 745 3888 lectus
790 3829 911 3888 Deo
961 3840 1020 3888 et
1060 3830 1416 3898 hominibus,
1447 3831 1532 3885 vir
1553 3845 1649 3902 per
1676 3831 1863 3886 omnia
1897 3832 2156 3888 omnibus

566 3925 795 3994 cltarus,
823 3924 909 3981 die
923 3922 1043 3979 Kal.
1070 3923 1210 3996 Aug.
1231 3923 1291 3978 in
1317 3937 1452 3994 pace
1467 3921 1724 3995 migravit
1745 3922 1814 3980 ad
1837 3922 2151 3981 Dominum.

563 4015 889 4088 Tantusque
927 4017 1110 4072 luctus
1137 4015 1386 4072 omnium
1436 4015 1876 4072 ChriStianorum
1929 4017 2005 4072 ibi
2036 4033 2156 4074 mo-

565 4109 809 4164 rantium
845 4107 898 4162 in
927 4115 1106 4164 morte
1126 4107 1246 4179 ejus
1267 4093 1372 4163 fuit
1397 4114 1460 4163 ut
1479 4121 1581 4163 nos
1609 4108 1705 4179 qui
1726 4108 1986 4177 vidimus,
2025 4119 2153 4167 cum

562 4213 668 4269 pro
729 4195 1114 4269 magnitudine
1171 4211 1358 4251 rerum
1420 4195 1660 4252 scribere
1721 4197 2150 4270 curavissemns,

563 4288 1034 4362 comprehendere
1091 4287 1450 4360 aliquatenus
1505 4289 1910 4360 nequissemus.
1972 4291 2150 4361 Quam

559 4380 714 4436 utilis
742 4387 925 4435 autem
946 4377 1049 4434 Dei
1069 4379 1332 4435 exercitui
1355 4388 1409 4436 et
1425 4379 1770 4452 principibus
1801 4381 2006 4452 fuerat,
2029 4394 2152 4456 post

558 4479 794 4552 mortem
825 4470 948 4543 eius
976 4469 1331 4526 πὶθηίίεεῑυηὶ
1365 4469 1491 4539 tu“,
1535 4486 1662 4527 cum
1706 4472 1850 4529 inter
1901 4489 1960 4531 se
1987 4475 2148 4534 divisi
2177 4502 2226 4562 Β
2254 4481 2436 4540 postea
2459 4488 2562 4526 non
2587 4472 2692 4542 fuit
2730 4473 2806 4528 ibi
2837 4476 3099 4546 cognitus.
3133 4475 3208 4531 Et
3236 4479 3283 4532 si
3305 4477 3482 4547 aliquis
3508 4472 3562 4528 ibi
3580 4471 3702 4562 imor

529 4564 854 4638 'principes,
884 4563 1225 4620 Boimundus
1254 4563 1310 4618 in
1349 4563 1678 4622 Bomaniam
1711 4573 1797 4622 est
1827 4582 2146 4640 regressus,

552 4666 609 4713 et
633 4658 743 4714 dux
773 4655 1148 4729 Lotharingise
1168 4647 1362 4712 versus
1393 4655 1564 4713 Roais
1603 4655 1888 4728 profectus
1908 4653 2015 4716 est.
2053 4661 2153 4718 Se-

552 4750 708 4826 pulto
751 4749 919 4822 igitur
953 4748 1222 4820 episcopo
1250 4747 1306 4803 in
1331 4747 1578 4805 ecclesias
1597 4748 1748 4805 Beati
1774 4749 1922 4806 Petri
1956 4751 2150 4810 Antio-

551 4841 719 4910 chiae,
761 4841 1002 4899 secunda
1031 4847 1189 4897 nocte
1237 4839 1412 4896 astitit
1457 4838 1746 4897 Dominus
1775 4839 1962 4910 Jesus,
2019 4859 2146 4899 cum

549 4934 710 4992 beato
726 4934 944 4992 Andrea
964 4941 1020 4992 et
1043 4933 1164 5004 ipso
1184 4932 1379 4990 eodem
1405 4932 1688 5004 episcopo,
1713 4930 1878 4988 Petro
1906 4933 1984 4988 illi
2007 4933 2146 4990 Bar-

552 5027 846 5083 tholomteo
867 5025 963 5098 qui
986 5025 1054 5082 de
1090 5025 1282 5081 lancea
1310 5023 1550 5093 dixerat,
1577 5025 1632 5080 in
1663 5025 1872 5096 capella
1897 5026 2139 5094 comitis,

551 5119 647 5173 ubi
687 5119 877 5175 lancea
909 5117 1129 5174 Domini
1157 5127 1294 5174 erat.
1323 5117 1391 5174 Et
1411 5119 1630 5175 locutus
1655 5131 1741 5176 est
1767 5120 1819 5174 ei
1853 5120 2142 5192 episcopus

547 5210 735 5265 dicens
768 5229 781 5266 :
812 5209 1031 5266 Gratias
1060 5208 1190 5279 Deo,
1224 5220 1276 5266 et
1297 5205 1541 5265 omnibus
1569 5209 1828 5280 fratribus
1875 5212 2039 5278 meis,
2090 5221 2141 5266 et

548 5299 867 5369 Boimundo,
899 5303 991 5372 qui
1033 5319 1113 5358 me
1146 5303 1210 5358 de
1241 5293 1465 5375 inferno
1511 5302 1887 5358 liberaverunt.
1925 5302 2137 5359 Etenim

527 5393 754 5462 peccavi
776 5393 1008 5463 graviter
1035 5403 1313 5466 postquam
1338 5395 1556 5450 Domini
1578 5393 1764 5450 lancea
1801 5403 2008 5467 reperta
2033 5405 2132 5453 est.

526 5474 627 5540 Ὀὐ
669 5482 765 5538 hoc
803 5484 983 5555 itaque
1015 5485 1070 5538 in
1099 5486 1368 5556 infernum
1402 5486 1661 5542 deductus
1694 5503 1812 5542 sum
1859 5497 2016 5559 atque
2059 5489 2133 5544 ibi

541 5575 848 5647 flagellatus
899 5577 1184 5644 acerrime;
1207 5589 1278 5633 et
1304 5589 1462 5651 caput
1506 5597 1680 5636 meum
1707 5589 1758 5635 et
1787 5581 1955 5652 facies
1981 5597 2130 5636 com-

541 5668 697 5725 busta
731 5679 883 5739 sunt,
917 5670 1057 5726 sicut
1078 5671 1253 5728 videre
1280 5682 1444 5743 potes.
1489 5673 1620 5729 Fuit
1640 5683 1817 5730 autem
1847 5677 1922 5732 ibi
1945 5679 2128 5733 anima

539 5776 678 5830 mea,
709 5763 773 5818 ab
798 5763 930 5818 hora
961 5777 1064 5834 qua
1091 5764 1156 5819 de
1194 5780 1407 5833 corpore
1434 5783 1644 5837 egressa
1669 5776 1744 5823 est
1766 5808 1782 5838 ,
1811 5769 1976 5827 donec
2008 5785 2126 5825 cor-

1147 305 1239 359 AD
1279 299 1728 361 GODEFRIDUM
1766 297 2170 356 APPENDLII.
2212 329 2281 340 ——
2318 301 2590 360 MONUM.
2631 301 2721 359 DE
2756 301 2983 364 BELLO
3021 306 3253 365 SACRO.
3612 323 3672 381 tu

595 408 999 478 tercessoribus
1021 413 1186 472 Jesus
1218 409 1478 471 Christus
1521 412 1792 506 Dominus
1819 419 2029 506 noster,
2055 425 2191 467 con-
2221 413 2268 472 A
2293 414 2574 506 pusculum
2601 432 2776 472 meum
2809 417 3016 489 pulveri
3043 421 3286 476 traditum
3306 431 3388 479 est.
3415 423 3589 486 Reddidi;
3606 440 3674 494 ,ω

2255 1347 2448 1410 usque
2489 1341 2560 1395 ad
2604 1352 2828 1397 mortem
2857 1345 3095 1400 esuriem
3149 1346 3210 1400 de
3252 1347 3432 1417 inferno
3469 1352 3684 1420 progredere.

2249 1915 2254 1918 -
2283 1884 2360 1941 bit
2388 1898 2682 1958 perustum.
2727 1889 2958 1947 Domino
2996 1908 3112 1947 meo
3153 1894 3329 1947 comiti
3375 1893 3578 1964 familiast
3605 1909 3692 1944 sua
3721 1884 3755 1966 ιι

2245 2449 2324 2498 ,ἐξ
2353 2457 2532 2498 omnes
2559 2443 2754 2512 fratres
2785 2447 2890 2499 mei
2919 2448 3010 2517 qui
3041 2448 3232 2516 vitam,
3260 2459 3316 2502 ut
3336 2465 3437 2519 ego,
3469 2449 3696 2518 ﬁnieram!

2243 2712 2470 2783 inferni
2494 2755 2510 2782 ,
2551 2731 2670 2786 qua:
2689 2725 2806 2771 tam
2841 2735 3026 2789 graves
3059 2731 3110 2775 et
3148 2723 3411 2777 horrenda:
3451 2731 3558 2776 sunt.
3593 2718 3698 2774 Sans
3725 2712 3755 2789 I1

2233 4048 2235 4050 -
2261 4013 2522 4082 operaris,
2549 4013 2608 4066 in
2629 4013 2839 4068 nomine
2863 4013 2980 4084 ejus
3020 4030 3274 4085 operare,
3297 4026 3356 4071 ut
3392 4014 3593 4070 Dominus
3624 4006 3702 4073 {uti

2231 4111 2304 4156 “et
2331 4103 2477 4157 dicta
2505 4111 2600 4157 tua
2628 4104 2867 4176 dirigat,
2904 4115 2956 4160 et
2983 4109 3262 4164 orationes
3287 4118 3402 4164 tuas
3419 4093 3694 4164 exaudiatis

2219 4311 2224 4314 ·
2260 4287 2527 4356 Nicaeam,
2560 4298 2638 4343 est
2666 4306 2852 4345 aversa
2884 4290 2949 4345 ab
2988 4309 3080 4359 eo;
3135 4293 3397 4348 Dominus
3433 4288 3598 4345 donarit
3629 4279 3704 4334 ποδέι

2291 505 2576 576 Dominus,
2607 509 2750 564 inter
2775 511 2893 581 ipsa
2918 513 3247 582 ﬂammarum
3280 515 3492 588 incendia,
3514 528 3675 582 καὶαπ.

2293 608 2406 652 tum
2435 602 2575 672 quod
2609 601 2782 670 vides,
2812 605 2941 675 quia
2969 621 3091 660 cum
3119 618 3412 678 episcopatus
3433 587 3598 669 ordinas
3613 637 3677 672 tu.

2290 693 2426 762 cepi,
2448 691 2588 748 illud
2617 711 2714 765 pro
2744 694 2856 750 Deo
2901 696 3117 751 cuidam
3157 701 3354 769 pauperi
3377 701 3516 757 tribui.
3551 705 3595 759 Et
3615 711 3677 764 licet

2287 791 2608 840 esttuaret
2630 785 2888 857 gehenna,
2914 796 2964 842 et
2996 789 3279 844 insanireut
3297 791 3516 848 adversam
3531 805 3679 854 latuist-

2288 877 2388 932 stri
2415 879 2671 946 tartarei,
2702 880 2839 934 nihil
2886 889 3063 936 tamen
3103 882 3276 937 subtus
3318 884 3472 941 ledere
3501 902 3676 959 potum.
3727 877 3755 962 Ι,

2293 966 2491 1024 Tamen
2521 971 2657 1026 nihil
2683 972 2748 1026 de
2783 974 3051 1042 omnibus,
3083 992 3198 1046 qua:
3219 976 3279 1030 de
3303 981 3450 1047 patria
3483 997 3561 1035 me
3580 985 3680 1044 ludi

2287 1061 2418 1116 adeo
2449 1063 2580 1117 mihi
2613 1065 2816 1135 profuit
2847 1066 2986 1120 sicut
3044 1066 3156 1122 haec
3210 1069 3421 1135 candela,
3455 1049 3568 1142 quam
3599 1083 3680 1128 auia

2286 1153 2389 1207 mei
2413 1153 2500 1208 hic
2522 1171 2618 1225 pro
2649 1173 2730 1210 me
2767 1158 3110 1224 obtulerunt;
3149 1170 3196 1215 et
3223 1161 3300 1215 illi
3329 1172 3414 1216 tres
3435 1164 3682 1236 denarii,qsa
3727 1153 3755 1236 ι,

2283 1260 2378 1316 ego
2401 1245 2600 1302 lancete
2629 1247 2818 1304 obtuli.
2855 1249 2988 1305 Haec
3028 1253 3220 1306 etenim
3263 1270 3335 1307 me
3367 1255 3599 1324 refecerunt,
3626 1277 3685 1311 cm

3753 489 3755 506 Ι

3753 569 3755 578 η

3753 937 3755 962 ε

3754 1299 3755 1314 l

3753 1481 3755 1490 .

3753 1501 3755 1511 ι

3749 1575 3755 1606 ;

3753 1685 3755 1694 ι

3753 1940 3755 1954 l

3754 1957 3755 1966 η

3753 2143 3755 2156 Ι

3754 2309 3755 2320 l

3747 2677 3755 2704 ‘.|

3751 2751 3755 2798 Ῑ

2283 1427 2544 1485 Dominus
2569 1448 2714 1486 meus
2739 1431 3074 1489 Boimundus
3103 1435 3239 1488 dixit
3255 1476 3270 1503 ,
3300 1436 3420 1506 quod
3443 1449 3576 1507 corpus
3598 1455 3688 1490 Icta
3725 1427 3755 1511 l1

2283 1519 2340 1574 in
2383 1518 2688 1576 Jerusalem
2721 1532 2978 1593 portaret.
3029 1522 3113 1579 Sit
3147 1525 3226 1580 illi
3251 1542 3339 1596 pro
3361 1528 3500 1596 gratia
3523 1545 3688 1580 suum
3725 1518 3755 1606 IJ

2283 1619 2507 1678 moveat,
2538 1612 2667 1683 quia
2689 1612 2755 1667 de
2776 1615 3036 1686 sanguine
3058 1615 3272 1670 Domini
3297 1617 3446 1672 adhuc
3479 1618 3533 1672 ibi
3561 1629 3622 1682 ut,
3649 1623 3688 1670 cu‘

2282 1719 2365 1758 me
2395 1703 2638 1764 sociavit.
2679 1697 2784 1760 Sed
2812 1707 2860 1760 si
2887 1706 3101 1762 dubitat
3135 1709 3199 1764 de
3227 1710 3305 1763 his
3325 1726 3425 1780 qua
3441 1711 3513 1763 tibi
3529 1711 3690 1776 dicam
3725 1697 3755 1785 ll

2283 1797 2388 1850 riat
2414 1798 2717 1868 sepulcrum
2742 1816 2938 1867 meum,
2963 1809 3014 1855 et
3044 1811 3204 1872 caput
3227 1812 3275 1856 et
3303 1802 3468 1872 faciem
3488 1819 3603 1856 mn
3620 1805 3692 1854 riu-

2281 1981 2557 2048 commisi;
2592 1983 2893 2054 benefaciat
2919 1984 3003 2052 ei,
3045 1995 3105 2038 ut
3133 1984 3274 2040 Deus
3303 1985 3448 2055 faciat
3478 2000 3598 2039 secum
3615 2000 3694 2035 litt-

2279 2072 2576 2128 ricordiam
2593 2115 2610 2142 ,
2637 2083 2688 2128 et
2713 2075 3009 2147 adimpleat
3035 2093 3158 2148 qum
3182 2077 3264 2132 illi
3291 2078 3515 2148 promisit.
3535 2075 3693 2129 Etudu-
3721 2072 3755 2156 I;

2277 2163 2420 2218 (eant
2454 2165 2651 2236 fratres
2701 2169 2804 2223 mei
2837 2169 2884 2222 si
2911 2185 3005 2241 ego
3034 2170 3200 2224 vitam
3227 2171 3386 2241 finivi,
3418 2171 3600 2241 quoniam
3626 2185 3696 2220 ns-

2276 2273 2440 2328 quam
2470 2267 2680 2314 tantum
2699 2262 2776 2316 eis
2808 2263 2991 2333 profui
3015 2273 3275 2334 quantum
3304 2264 3568 2335 prodero,si
3590 2277 3696 2332 prsa-
3723 2262 3755 2335 ι

2274 2356 2369 2418 pta
2393 2347 2496 2403 Dei
2527 2366 2736 2406 servare
2757 2353 3042 2408 voluerint.
3073 2353 3285 2409 Etenim
3305 2371 3414 2410 cum
3435 2354 3524 2409 illis
3542 2353 3696 2412 habitus,

2271 2531 2347 2586 eis
2380 2533 2642 2603 apparebo
2659 2543 2710 2588 et
2734 2534 2902 2589 multo
2926 2536 3115 2592 melius
3137 2538 3509 2594 consolaboreos
3524 2534 3699 2610 quaint-

2273 2631 2444 2682 tenus.
2491 2622 2562 2678 Et
2590 2641 2699 2692 vos,
2729 2627 2924 2696 fratres
2953 2630 3077 2696 mei,
3101 2640 3268 2686 estote
3305 2647 3518 2686 memores
3543 2641 3698 2700 pawn!
3723 2622 3752 2700 Ι,

2271 2807 2451 2878 itaque
2481 2807 2734 2878 Domino,
2761 2813 2853 2882 qui
2875 2828 2964 2866 vos
2985 2813 3221 2870 liberare
3246 2826 3404 2887 potest
3440 2817 3492 2870 de
3525 2815 3698 2879 binaque

2271 2896 2398 2952 aliis
2424 2898 2603 2954 malis.
2640 2901 2732 2969 Et,
2759 2918 2790 2956 ο
2820 2919 2980 2973 quam
3009 2904 3138 2960 bene
3184 2917 3370 2976 natus,
3395 2908 3472 2978 qui
3495 2904 3628 2976 inftrli
3645 2916 3698 2970 μ’
3723 2896 3755 2986 ιτ

2269 3005 2366 3043 nas
2395 2990 2682 3062 ignorabit.
2715 2991 2926 3049 Poterit
2954 2995 3052 3051 hoc
3076 2998 3193 3053 illis
3219 3001 3439 3070 conferre
3458 2997 3699 3061 Salutem:

2266 3096 2533 3158 praecepta
2575 3088 2690 3158 ejus
2721 3093 3067 3147 servaverint.
3113 3091 3272 3160 Quod
3319 3092 3581 3167 superaverit
3601 3088 3699 3142 ltiti

2269 3179 2495 3242 candela
2519 3181 2576 3236 in
2601 3198 2776 3253 mane,
2799 3200 3069 3240 conserva.
3097 3185 3174 3241 Et
3197 3189 3358 3260 eligat
3376 3204 3532 3252 cernes,
3551 3199 3629 3237 csa
3639 3181 3702 3250 φ’

2268 3271 2364 3326 bus
2389 3272 2500 3342 ipse
2533 3271 2792 3342 voluerit,
2835 3276 3141 3348 episcopum
3171 3278 3292 3334 loco
3319 3281 3431 3347 mei,
3459 3276 3699 3350 qualitati

2264 3373 2344 3418 est
2366 3363 2600 3434 justum,
2635 3375 2696 3420 ut
2716 3367 2764 3420 si
2811 3383 2904 3438 ego
2940 3368 3230 3440 defunctus
3272 3387 3403 3438 sum,
3445 3370 3564 3424 beata
3592 3375 3702 3428 2W

2265 3457 2413 3528 virgo
2435 3455 2618 3512 Maria
2639 3459 2942 3530 episcopum
2976 3477 3082 3516 non
3115 3462 3332 3518 habent.
3363 3462 3508 3519 Unum
3527 3460 3574 3513 de
3601 3453 3700 3524 ρίίίὲε

2265 3550 2395 3604 meis
2443 3549 2640 3604 donate
2681 3550 2750 3604 ad
2787 3550 3067 3606 ecclesiam
3095 3553 3243 3609 beati
3271 3554 3490 3608 Δηώ-ιω.
3535 3548 3704 3602 Etherius

2262 3641 2513 3700 Andreas
2556 3643 2887 3715 supplicavit
2909 3645 2982 3700 ei.
3025 3643 3162 3702 Post
3201 3647 3316 3704 haec
3368 3647 3529 3702 beatus
3559 3638 3702 3712 induat

2261 3732 2531 3791 assistens
2566 3734 2828 3805 propius,
2857 3734 3036 3791 taliter
3069 3737 3428 3796 locutusest:
3461 3735 3702 3790 Auditum-

2261 3843 2382 3893 nes,
2413 3825 2543 3898 quid
2563 3843 2656 3897 per
2677 3843 2759 3882 me
2786 3826 3023 3899 loquitur
3051 3828 3223 3899 Deus,
3249 3831 3452 3885 dicens:
3473 3827 3701 3882 Memorem.

2261 3935 2454 3987 comes,
2485 3918 2636 3974 illius
2667 3919 2826 3989 doni,
2856 3920 2997 3991 quod
3023 3921 3126 3977 tibi
3158 3924 3384 3980 tradidit
3407 3921 3704 3980 Dominum"

2259 4213 2404 4252 mum
2441 4196 2642 4251 donum
2669 4199 2810 4269 quod
2841 4199 2986 4254 vobis
3035 4202 3266 4256 contulit
3314 4200 3564 4258 Dominus,
3589 4188 3703 4244 εᾰίὶίίτ

2255 4379 2524 4434 civitatem
2578 4379 2745 4449 hanc,
2800 4391 2850 4436 et
2899 4382 3121 4437 abstulit
3145 4401 3267 4439 eam
3297 4383 3504 4440 inimicis
3535 4374 3705 4432 unus,“

2254 4565 2329 4618 vit
2366 4580 2554 4620 nomen
2582 4564 2822 4634 Domini,
2850 4568 3161 4640 flagellatus
3203 4571 3333 4641 fuit,
3360 4580 3405 4624 et
3429 4581 3557 4638 Opera
3580 4555 3704 4614 Doni!

2252 4671 2357 4710 non
2407 4656 2620 4728 fuerunt
2651 4657 2726 4712 ibi
2779 4660 2948 4730 facta.
3002 4659 3108 4717 Sed
3135 4673 3353 4734 prapter
3374 4662 3603 4718 bonitatem
3622 4661 3706 4704 εισι

2251 4748 2421 4803 noluit
2447 4765 2534 4804 vos
2557 4750 2922 4824 derelinquere
2949 4753 3218 4811 Dominus
3239 4799 3256 4824 ,
3284 4758 3408 4827 quin
3433 4749 3651 4808 concedat!
3673 4755 3704 4787 ίκ

2247 4841 2391 4895 vobis
2420 4858 2539 4912 qua:
2565 4844 2815 4913 petiistis,
2842 4853 2892 4899 et
2919 4845 3040 4916 plus
3073 4849 3243 4902 etiam
3271 4864 3425 4919 quam
3447 4851 3622 4916 quarm
3640 4841 3704 4882 ⁸⁵³³

2245 4934 2394 4988 estis.
2441 4933 2546 4988 Ille
2578 4936 2720 4990 enim
2747 4936 2990 4992 lanceam
3027 4941 3260 4994 contulit
3286 4940 3448 5004 vobis,
3485 4935 3704 5005 quem?"

2244 5041 2400 5081 suum
2427 5025 2683 5098 plagavit,
2711 5029 2851 5083 unde
2877 5033 3096 5102 sanguis
3113 5042 3329 5088 nostra
3354 5011 3704 5097 redemptioaiul-

2241 5119 2421 5190 fluxit.
2444 5118 2515 5174 Et
2540 5137 2644 5175 non
2664 5121 2880 5176 donavit
2902 5124 3046 5178 vobis
3073 5126 3152 5179 ita
3176 5126 3356 5195 facere
3385 5125 3445 5178 de
3461 5122 3540 5174 hac
3558 5113 3704 5168 tinuit.

2239 5217 2381 5268 sicut
2420 5214 2484 5268 de
2511 5214 2682 5270 altera
2711 5215 2916 5286 fecistis
2951 5233 2970 5272 :
3017 5228 3068 5272 et
3115 5219 3296 5274 videre
3325 5215 3519 5289 potestis
3547 5205 3634 5278 (μία
3651 5209 3702 5266 γε

2239 5306 2446 5360 meritis
2472 5307 2680 5372 vestris,
2703 5323 2808 5374 non
2832 5308 3051 5363 donavit
3072 5325 3190 5364 eam
3215 5311 3360 5364 vobis
3381 5291 3706 5362 Domitian"

2235 5398 2330 5451 dat
2365 5397 2464 5451 tibi
2485 5397 2767 5467 Dominus,
2797 5417 2828 5456 ο
2851 5417 3044 5470 comes,
3074 5410 3130 5456 ut
3155 5403 3342 5473 sapias
3367 5387 3702 5472 quiscdolltl"

2236 5488 2394 5558 hujus
2428 5490 2662 5545 civitatis
2687 5490 2913 5546 voluerit
2945 5493 3120 5562 facere
3145 5509 3309 5562 super
3337 5492 3488 5556 alios,
3530 5491 3569 5537 tl
3596 5484 3702 5545 θυῖε

2234 5582 2299 5636 ab
2345 5599 2404 5636 eo
2447 5582 2604 5653 quale
2637 5584 2936 5638 dominium
2964 5584 3188 5646 voluerit
3225 5595 3432 5656 portare
3463 5562 3702 5651 Wfﬁn“

2232 5676 2456 5730 minam.
2498 5673 2652 5741 Quod
2683 5677 2729 5730 si
2765 5685 2821 5732 tu
2848 5686 2899 5731 et
2927 5677 3025 5732 alii
3056 5677 3250 5747 fratres
3292 5677 3396 5742 tui,
3428 5669 3579 5743 quibus
3613 5657 3700 5711 ll!“

2231 5771 2377 5825 dedit
2407 5770 2542 5824 hanc
2563 5771 2854 5840 civitatem,
2879 5772 3222 5843 cognoveritis
3251 5769 3388 5841 quod
3407 5761 3552 5839 fidelis
3579 5754 3650 5814 sit.
3671 5749 3698 5796 ά
