3806 6306
42 387 120 445 Μ
905 333 911 335 λ
945 379 948 382 ’
993 376 1185 437 RAIH.
1209 375 1314 435 DE
1353 377 1604 436 AGlLES
1643 375 1825 433 lllST.
1863 375 2228 466 lllEROSOI..

3157 391 3270 448 62!

33 503 264 576 justitiam
286 507 452 555 tenere
477 497 558 554 vel
577 497 750 568 facere
780 496 1024 560 voluerit,
1050 498 1240 552 habeat
1266 513 1284 551 :
1320 495 1390 551 Et
1411 497 1459 550 si
1482 495 1577 566 ju-
1605 497 1652 554 Α
1678 493 1887 559 mitem,
1912 494 2007 565 qui
2026 493 2141 565 jam
2164 493 2518 553 convaluerat
2539 514 2607 554 ex
2630 498 2967 572 inﬁrmitate,
2989 512 3044 562 et
3063 505 3268 566 milites

37 597 204 648 dictum
234 592 310 648 vel
337 591 611 662 justitiam
652 598 826 644 tenere
866 589 945 644 vel
988 590 1162 660 facere
1191 589 1453 655 noluerit,
1481 587 1572 642 sed

36 705 110 757 per
126 693 593 755 potestatem'suam
621 681 733 736 vult
773 691 945 736 tenere
969 682 1242 736 civitatem
1265 722 1280 748 ,
1309 688 1367 735 tu
1393 697 1488 751 per
1525 689 1574 735 te

35 789 72 829 et
88 793 167 845 per
189 777 370 844 fratres
397 783 516 828 tuos
539 772 747 844 postulo
777 779 810 826 tit
839 770 950 826 Deo
979 770 1262 825 consilium
1289 811 1304 838 ,
1347 779 1398 824 et
1425 768 1574 823 dabit

37 871 112 932 tibi
135 868 278 924 Deus.
313 866 384 922 Et
411 867 504 921 illi
537 865 770 920 homines
797 865 889 936 qui
927 866 1068 919 viam
1120 871 1318 917 rectam
1375 871 1570 928 tenent,

37 963 96 1015 rel
119 961 267 1016 Deum
291 961 556 1031 diligunt,
583 959 682 1013 tibi
710 974 815 1012 non
838 957 1106 1027 deficient.
1141 955 1238 1010 Illi
1270 963 1449 1009 autem
1481 955 1572 1026 qui

37 1055 144 1109 riam
173 1063 356 1107 rectam
387 1061 562 1106 tenere
592 1050 814 1117 nolunt,
846 1057 1177 1104 revertantur
1205 1047 1274 1101 ad
1298 1045 1453 1100 illum
1481 1046 1572 1118 qui

35 1144 171 1197 noluit
208 1151 368 1197 tenere
383 1141 702 1211 justitiam;
736 1150 788 1194 et
823 1140 1076 1194 videbunt
1116 1137 1380 1210 quomodo
1425 1135 1569 1191 Deus

32 1234 218 1290 saltabit
243 1233 384 1288 illos.
422 1231 530 1288 Sed
550 1232 816 1288 habebunt
838 1231 1266 1286 maledictionem
1284 1271 1298 1297 ,
1331 1245 1398 1284 ea:
1419 1237 1572 1300 parte

31 1329 110 1383 Dei
139 1338 180 1383 et
215 1329 397 1382 matris
421 1327 569 1397 eius,
601 1326 757 1381 illam
780 1343 942 1398 quam
990 1325 1174 1380 habuit
1211 1323 1429 1394 Lucifer
1449 1339 1572 1377 cum

30 1423 80 1476 de
101 1420 208 1476 calo
241 1419 448 1475 cecidit.
484 1418 556 1473 Et
581 1432 694 1487 vos,
723 1419 771 1473 si
804 1418 1085 1472 unanimes
1127 1417 1274 1485 estis,
1307 1415 1572 1487 postulate

30 1513 265 1566 consilium
296 1512 350 1565 in
373 1511 636 1577 oratione,
658 1521 708 1564 et
735 1509 876 1564 Deus
912 1508 1064 1563 dabit
1085 1508 1250 1562 vobis.
1277 1505 1416 1561 Etsi
1441 1523 1569 1561 con-

27 1605 174 1660 cordia
204 1605 431 1659 sitinter
448 1619 540 1658 vos
560 1644 577 1671 ,
625 1611 794 1658 tenete
831 1601 1113 1657 consilium
1150 1601 1214 1656 de
1239 1600 1569 1671 patriarcha,

28 1699 96 1766 qui
120 1699 180 1752 sit
207 1698 264 1752 de
297 1697 405 1768 lege
448 1706 644 1751 vestra.
691 1695 827 1750 Illos
873 1703 1049 1750 autem
1106 1694 1342 1748 homines
1378 1693 1470 1766 qui
1506 1692 1572 1748 de

29 1787 285 1855 captivitate
323 1787 394 1840 ad
437 1801 530 1840 vos
561 1794 835 1852 venerunt,
871 1793 932 1839 ut
966 1784 1130 1856 legem
1153 1792 1384 1838 vestram
1429 1791 1571 1838 tene-

1675 594 1730 640 ct
1757 585 1966 656 pedites
1991 601 2125 641 suos
2153 602 2344 644 omnes
2368 603 2470 659 pro
2491 606 2658 648 causa
2683 608 2983 664 pauperum
3015 597 3070 652 in
3093 613 3268 656 unum

1673 687 2016 744 evocaverat,
2043 688 2105 734 ut
2134 678 2190 734 in
2218 677 2534 751 Hispaniam
2563 683 2929 754 depraedatum
2953 704 3048 744 eos
3093 691 3267 746 dedu-

1675 777 1841 837 ceret,
1867 771 2101 826 multum
2131 772 2364 844 rogavit,
2393 782 2454 829 ut
2490 773 2687 832 Turcis
2724 779 2818 849 qui
2867 779 3038 836 Deum
3087 783 3266 839 recla-

1673 862 1919 930 mabant,
1956 878 2062 934 pro
2101 863 2212 920 Deo
2257 874 2312 922 et
2337 881 2438 938 pro
2469 868 2642 940 gloria
2677 873 2854 941 gentis
2901 872 3264 946 Francorum,

1673 962 1840 1025 atque
1866 971 1966 1026 pro
1997 971 2058 1013 se
2091 969 2458 1028 succurreret,
2489 961 2697 1019 addens
2719 965 2863 1035 quod
2913 977 3103 1023 contra
3147 986 3266 1026 ma-

1673 1047 1867 1104 chinas
1888 1049 2257 1106 obsidentium
2281 1051 2609 1122 Turcorum,
2633 1057 2843 1114 obsessi
2859 1057 3020 1114 Turci
3039 1077 3264 1118 crucem

1673 1141 2090 1210 praetenderent.
2125 1141 2222 1200 His
2251 1152 2416 1216 atque
2466 1145 2592 1203 aliis
2622 1147 2938 1219 huiusmodi
2984 1155 3260 1222 precibus,

1673 1245 1799 1286 cum
1830 1231 1970 1287 duce
1996 1247 2184 1290 comes
2212 1235 2494 1306 profectus
2522 1246 2627 1294 est.
2675 1237 2804 1296 Haec
2847 1253 3027 1298 autem
3087 1245 3197 1300 ubi
3231 1263 3264 1302 a

1673 1323 1870 1382 Turcis
1919 1329 2138 1399 cognita
2167 1338 2317 1399 sunt,
2375 1332 2445 1388 ab
2486 1333 2772 1390 obsidione
2835 1335 3142 1393 discedunt.
3193 1337 3265 1394 Ut

1671 1427 1805 1474 vero
1831 1418 1899 1475 ad
1924 1419 2032 1476 Asa
2067 1422 2342 1480 exercitus
2361 1432 2550 1482 noster
2581 1428 2845 1496 pervenit,
2893 1429 3106 1500 sucepit
3149 1430 3264 1486 dux

1672 1509 1896 1567 obsides
1921 1511 1990 1568 de
2012 1514 2237 1570 castello
2261 1530 2362 1586 pro
2388 1515 2646 1572 ﬁdelitate
2669 1517 2944 1590 deinceps,
2995 1529 3050 1576 et
3077 1535 3262 1584 comes

1671 1617 1800 1658 cum
1847 1594 2042 1676 grandi
2094 1605 2384 1677 dispendio
2431 1608 2519 1665 sui
2570 1610 2870 1680 exercitus,
2913 1611 3262 1670 Antiochiam

1671 1687 1932 1751 reversus
1991 1705 2094 1752 est.
2156 1696 2374 1757 Rursus
2433 1714 2621 1758 comes
2667 1705 3020 1776 congregavit
3059 1705 3262 1764 milites

1673 1799 1828 1854 suos,
1851 1793 1913 1842 ut
1950 1786 2163 1857 plebem
2189 1802 2491 1861 pauperum
2538 1790 2592 1846 in
2621 1789 2942 1863 Hispaniam
2987 1797 3262 1856 conduce-

29 1846 140 1945 rent,
169 1879 318 1934 nolite
349 1878 552 1934 solvere
588 1895 709 1945 eos;
741 1846 834 1933 sed
866 1887 917 1932 et
959 1846 1083 1931 ille
1122 1877 1214 1948 qui
1263 1875 1568 1932 ambulave-
1595 1846 1643 1908 Β
1668 1846 1969 1946 rent,un
1982 1875 2128 1933 fame
2153 1846 2389 1935 eltatdio
2411 1846 3262 1960 Antiochiairdeﬁciebat.-Kppa-

27 1980 122 2024 ruat
156 1973 206 2025 in
229 1970 614 2041 Corrozanam,
643 1979 702 2026 ut
748 1971 904 2026 deum
938 1970 1231 2026 Turcorum
1259 1971 1564 2038 adorarent,

30 2067 156 2120 nolite
176 2067 392 2136 recipere
433 2083 556 2133 eos,
594 2066 687 2120 sed
732 2063 918 2120 habete
952 2065 1092 2119 sicut
1113 2063 1337 2132 Turcos,
1371 2073 1421 2119 et
1443 2065 1570 2118 mit-

29 2158 98 2210 tite
127 2156 242 2210 duos
269 2156 346 2210 vel
373 2164 479 2211 tres
510 2173 581 2210 ea:
615 2157 699 2210 his
717 2153 776 2210 in
817 2171 1102 2224 carcerem,
1127 2165 1178 2210 et
1213 2156 1317 2226 ipsi
1346 2155 1567 2210 demon-

30 2250 226 2304 strabtttt'l
257 2252 398 2305 vobis
427 2250 596 2305 alios.
655 2248 946 2321 Postquam
995 2251 1102 2304 ista
1132 2267 1164 2305 a
1193 2251 1336 2305 vobis
1368 2251 1569 2321 fuerint

30 2351 137 2408 rcta,
159 2343 306 2412 petite
329 2361 362 2396 a
388 2342 628 2396 Domino
653 2341 939 2396 comitium
967 2341 1032 2397 de
1055 2343 1140 2396 via
1164 2359 1258 2413 pro
1289 2359 1395 2413 qua
1417 2342 1565 2396 veni-

29 2434 129 2501 stis,
153 2444 197 2488 et
216 2435 301 2490 ille
324 2435 450 2490 bene
481 2434 724 2490 consulet
753 2435 944 2490 vobis.
969 2433 1268 2490 Jerusalem
1295 2443 1375 2489 est
1409 2451 1569 2506 prope

25 2537 92 2577 res
123 2526 276 2580 decem
306 2526 416 2581 dies
431 2559 454 2593 ~,
487 2535 544 2581 et
587 2527 634 2581 si
670 2543 774 2582 non
813 2526 975 2581 vultis
1013 2535 1188 2581 tenere
1230 2526 1564 2597 supradicta,

27 2615 75 2668 de
101 2616 251 2670 decem
299 2618 475 2684 annis,
504 2633 623 2672 non
678 2616 828 2671 ibitis
865 2617 922 2671 in
960 2614 1281 2672 Ierusalem.
1341 2615 1413 2670 Et
1447 2627 1566 2687 post

27 2705 162 2759 decem
186 2723 357 2777 annos,
386 2709 647 2764 reducam
668 2708 907 2779 inﬁdeles
945 2709 1000 2763 in
1027 2709 1241 2777 honore,
1278 2718 1328 2764 et
1356 2719 1565 2765 centum

27 2795 76 2850 Ile
94 2797 188 2853 illis
220 2801 582 2870 prtcvalebunt
617 2801 868 2856 adversus
887 2799 1036 2856 mille
1066 2801 1130 2855 de
1149 2800 1315 2856 vobis.
1359 2799 1430 2855 Et
1451 2817 1560 2870 vos,

29 2887 215 2946 homines
242 2893 460 2962 Christi,
510 2894 682 2965 petite
711 2887 744 2948 α
782 2891 1013 2948 Domino
1058 2894 1364 2964 petitionem
1404 2909 1564 2966 quant

30 2985 211 3051 apostoli
235 2989 528 3058 petierunt;
557 2987 699 3042 sicut
727 2996 778 3044 et
810 2986 922 3042 illis
961 2988 1200 3057 donavit,
1236 2989 1316 3044 ita
1336 2997 1388 3044 et
1417 2987 1563 3044 vobi‘s

30 3089 134 3130 nunc
161 3078 380 3136 donabit.
406 3080 606 3138 Comes
630 3090 682 3136 et
710 3079 1064 3148 Boimundus,
1087 3081 1160 3137 ite
1187 3081 1258 3136 ad
1288 3082 1564 3138 ecclesiam

31 3164 149 3222 Beati
172 3169 408 3240 Andrete,
436 3181 488 3227 et
533 3171 632 3227 ille
676 3171 897 3227 donabit
923 3172 1066 3228 vobis
1097 3173 1356 3244 optimum
1382 3173 1564 3229 consi-

29 3259 130 3312 lium
151 3264 272 3332 apud
309 3263 498 3320 Deum.
534 3263 610 3318 Et
649 3264 790 3336 quod
841 3264 898 3319 in
951 3265 1108 3320 corde
1135 3274 1306 3320 vestro
1331 3266 1565 3338 posuerit

32 3347 166 3420 Deus,
187 3355 313 3410 illud
341 3357 527 3428 facite.
569 3353 638 3410 Et
668 3366 951 3428 postquam
994 3357 1230 3413 visitavit
1259 3374 1348 3413 vos
1383 3359 1566 3414 beatus

32 3441 249 3514 Andreas,
281 3451 489 3506 risitate
521 3449 712 3516 illum;
763 3459 812 3505 et
849 3451 1013 3522 facite
1061 3459 1120 3505 ut
1167 3452 1358 3522 fratres
1407 3453 1567 3508 vestri

31 3536 196 3594 risitent
223 3540 390 3600 illum.
448 3542 610 3599 Inter
653 3561 777 3612 vos,
808 3561 980 3600 comes
1025 3553 1076 3600 et
1100 3543 1457 3614 Boimundus,
1495 3546 1566 3600 sit

31 3635 258 3689 concordia
289 3646 338 3692 et
369 3637 598 3693 dilectio
629 3636 730 3692 Dei
777 3646 828 3692 et
869 3638 1123 3708 proximi.
1151 3636 1223 3693 Et
1249 3638 1296 3693 si
1323 3637 1447 3694 bene
1479 3655 1566 3694 vos

32 3723 420 3782 concordaveritis
440 3770 456 3795 ,
487 3726 646 3782 nulla
669 3744 749 3782 res
775 3729 967 3798 poterit
998 3744 1086 3783 vos
1117 3727 1398 3800 dissipare.
1442 3729 1568 3785 Pri-

33 3827 140 3866 nam
152 3815 429 3890 justitiam,
479 3838 648 3894 quam
697 3821 896 3876 debetis
943 3822 1138 3892 facere,
1177 3822 1323 3878 decet
1350 3823 1566 3878 demon-

32 3914 177 3965 mare.
193 3910 330 3968 Sicut
353 3927 473 3971 sunt
499 3917 744 3971 homines
781 3916 846 3971 de
867 3916 1096 3988 singulis
1123 3917 1406 3988 episcopiis
1431 3917 1564 3986 suis,

33 4004 321 4071 proﬁteantur
340 4011 568 4066 divitias
589 4028 715 4065 suas
725 4028 748 4076 ;
764 4019 814 4066 et
836 4010 1088 4082 adjacent
1112 4027 1367 4082 pauperes
1386 4011 1450 4066 de
1471 4028 1568 4082 pa-

34 4093 112 4146 tria
135 4114 235 4164 sua,
262 4113 410 4172 prout
429 4111 710 4175 poterunt,
743 4113 791 4158 et
824 4120 1030 4159 necesse
1071 4103 1254 4174 fuerit.
1287 4104 1435 4159 Alias
1469 4121 1566 4159 au-

34 4193 125 4255 tent,
150 4192 270 4247 sicut
292 4197 764 4265 concordaveritis,
803 4197 986 4268 facile.
1028 4197 1182 4264 Quod
1225 4197 1272 4252 si
1320 4198 1488 4266 hanc,
1517 4207 1567 4253 et

35 4277 138 4334 alias
153 4288 374 4352 Justitias
408 4288 585 4344 te'nere
616 4289 903 4358 noluerint,
935 4306 1024 4345 vos
1065 4306 1152 4344 eos
1202 4291 1561 4362 constringite.

37 4365 87 4422 Et
101 4375 137 4426 εἰ
155 4377 330 4448 aliquis
356 4382 526 4436 aliam
562 4382 834 4436 civitatem
861 4391 1032 4438 tenere
1075 4382 1298 4438 voluerit
1321 4425 1336 4449 ,
1385 4383 1449 4438 de
1484 4383 1564 4437 his

35 4473 130 4526 quas
151 4464 280 4521 dabit
303 4471 440 4526 vobis
482 4471 650 4538 Deus,
689 4471 976 4526 secundum
1003 4473 1368 4544 suprascripta
1403 4473 1566 4544 facite

1667 1971 1782 2024 ruit
1817 1977 2005 2025 autem
2036 1979 2262 2028 sanctus
2286 1970 2536 2030 Andreas
2556 1973 2718 2031 Petro
2744 1975 3169 2047 Bartbolomaeo,
3195 1996 3262 2037 eo

1666 2067 1914 2132 tempore
1941 2061 2084 2132 apud
2107 2061 2361 2132 Rodiam,
2385 2063 2528 2122 infra
2550 2067 2867 2135 tentorium,
2892 2069 2986 2124 ubi
3006 2073 3264 2128 manebat

1664 2151 1960 2222 episcopus
1979 2153 2222 2222 Atensis,
2249 2163 2304 2210 et
2323 2155 2866 2226 capellanuscomitis
2893 2158 3258 2230 Raimundus,

1665 2253 1722 2300 et
1746 2245 1888 2301 alius
1901 2245 2238 2316 capellsnus,
2258 2248 2484 2305 nomine
2504 2247 2713 2305 Simon.
2740 2249 2839 2307 Hic
2851 2259 3034 2308 autem
3065 2256 3259 2311 Simon

1668 2335 1898 2394 audiens
1945 2353 2043 2395 eos
2091 2339 2467 2412 colloquentes
2529 2341 2656 2410 sibi,
2708 2335 2923 2400 ‘scilicet
3007 2355 3259 2404 sanctum

1666 2428 1943 2486 Andream
1985 2445 2113 2487 cum
2178 2431 2342 2490 Petro
2371 2433 2792 2504 Bartholonneo,
2867 2447 3032 2509 caput
3097 2454 3260 2496 suum

1667 2525 1970 2592 cooperuit,
1997 2532 2052 2580 et
2075 2525 2265 2597 utipse
2283 2526 2490 2596 retulit,
2515 2527 2750 2598 plurima
2773 2529 3002 2597 audivit,
3035 2531 3129 2587 sed
3151 2532 3262 2588 hoc

1667 2613 1846 2668 solum
1876 2615 2103 2671 retinuit
2127 2635 2140 2670 :
2175 2617 2422 2685 Domine,
2445 2633 2540 2690 ego
2555 2618 2753 2687 dicam,
2778 2611 3072 2692 episcOpu's
3093 2622 3260 2678 Aten-

1667 2704 1747 2761 sis
1805 2705 1886 2761 ait
1937 2724 1951 2762 :
2004 2705 2199 2764 Nescio
2239 2717 2422 2764 utrum
2489 2711 2548 2765 in
2599 2713 2798 2766 somnis
2844 2711 3006 2783 fuerit
3045 2731 3256 2770 nonnon.

1667 2797 2080 2864 Quidam'senea:
2105 2802 2252 2856 stetit
2279 2807 2462 2858 coram
2511 2820 2613 2873 me,
2663 2805 2883 2861 indutus
2916 2807 3058 2862 stola
3109 2807 3256 2876 alba,

1667 2901 1824 2965 atque
1865 2894 1924 2948 in
1958 2895 2203 2950 manibus
2235 2897 2347 2950 suis
2393 2895 2731 2952 Dominicam
2769 2898 3010 2954 lanceam
3055 2909 3256 2967 tenens,

1665 2984 1745 3040 ait
1795 2985 2183 3042 mihi:Credis
2230 2987 2367 3043 hanc
2385 2986 2625 3044 lanceam
2651 3006 2766 3046 esse
2829 2990 2960 3046 Iesu
3011 2992 3264 3048 Christi?

1665 3086 1720 3134 et
1743 3079 2000 3150 respondi
2025 3095 2042 3135 :
2068 3079 2258 3148 Credo,
2283 3079 2525 3138 Domine.
2551 3081 2718 3154 quue
2745 3099 2869 3140 cum
2917 3084 2998 3141 sic
3019 3087 3261 3143 secundo

1667 3177 1724 3226 et
1775 3171 1938 3228 tertio
1982 3172 2125 3238 idem
2147 3172 2438 3245 qutesisset
2457 3190 2490 3231 a
2519 3191 2630 3244 me,
2659 3175 2770 3232 dixi
2797 3197 2810 3233 :
2834 3177 3032 3233 Revera
3077 3180 3260 3249 credo,

1666 3262 1900 3333 domine,
1926 3265 2062 3320 hanc
2089 3256 2203 3322 esse
2219 3265 2485 3335 lanceam,
2498 3285 2616 3340 quin
2636 3255 2947 3342 sanguinem
2987 3271 3052 3326 de
3093 3271 3260 3326 latere

1666 3355 1883 3411 Domini
1917 3358 2087 3412 nostri
2109 3356 2239 3413 Iesu
2277 3357 2479 3416 Christi
2527 3359 2733 3429 eduxit,
2777 3362 2915 3417 unde
2953 3379 3134 3419 omnes
3181 3380 3262 3419 re-
3339 3421 3347 3428 _

1663 3448 1865 3520 dempti
1885 3467 2088 3506 sumus.
2112 3449 2181 3506 Et
2199 3459 2325 3523 post
2351 3452 2469 3508 haec
2493 3469 2618 3509 cum
2650 3454 2852 3525 impetu
2876 3471 2964 3511 me
2996 3455 3262 3513 Raimun-

1665 3542 1819 3611 dum,
1865 3541 1960 3614 qui
2007 3557 2176 3614 prope
2205 3542 2570 3613 dormiebam,
2606 3545 2881 3601 excitavit.
2931 3545 3045 3618 Ego
3075 3557 3257 3604 autem

1666 3634 2032 3704 Raimundus,
2062 3652 2188 3693 cum
2223 3635 2590 3708 cvigilasscm,
2635 3637 2979 3708 splendorem
3034 3641 3255 3711 quidem

1665 3727 1946 3785 insolitum
2001 3727 2134 3798 vidi,
2186 3737 2241 3784 et
2266 3728 2425 3801 quasi
2469 3727 2763 3799 quamdam
2796 3729 3026 3801 gratiam
3070 3731 3260 3789 animo

1665 3821 2000 3893 concipiens,
2022 3822 2092 3878 ab
2111 3821 2212 3890 eis,
2237 3821 2331 3892 qui
2355 3821 2601 3887 aderant,
2623 3837 2867 3892 quaerere
2889 3824 3032 3895 ccepi
3070 3833 3255 3880 utrum

1666 3912 1948 3984 quiddam,
1993 3912 2153 3984 quasi
2202 3912 2376 3984 plebis
2407 3912 2910 3980 tumultuationem,
2967 3914 3254 3970 sentirent.

1665 4004 1734 4060 Et
1769 4013 2055 4076 coeperunt
2097 4019 2290 4061 omnes
2319 4004 2412 4060 alii
2458 4003 2678 4060 dicere:
2709 4004 2947 4060 Minime.
2995 4004 3089 4062 ille
3125 4021 3259 4063 vero

1665 4094 1881 4163 Petrus,
1911 4095 1999 4152 cui
2029 4095 2146 4152 haec
2166 4095 2425 4152 revelatio
2454 4095 2596 4151 facta
2621 4094 2818 4164 fuerat,
2866 4113 2992 4152 cum
3023 4097 3090 4155 ad
3115 4097 3260 4153 invi-

1667 4204 1785 4246 cem
1809 4205 1872 4244 ea
1901 4204 2024 4260 quae
2045 4203 2211 4259 supra
2237 4189 2480 4245 diximus
2507 4203 2899 4260 quaereremus,
2927 4191 3210 4261 respondit
3237 4209 3256 4246 τ’

1667 4282 1739 4337 Et
1764 4283 1952 4338 merito
1982 4281 2285 4355 gratiﬁcum
2313 4268 2644 4354 splendorem
2670 4281 2755 4337 hic
2776 4283 3104 4354 conspicitis,
3136 4299 3257 4340 cum

1665 4376 1759 4431 ille
1783 4375 1947 4432 Pater
1967 4376 2172 4431 diutius
2197 4375 2283 4431 hic
2307 4376 2532 4443 steterit,
2561 4392 2593 4430 a
2622 4393 2725 4448 quo
2746 4376 2917 4430 omnis
2939 4376 3116 4448 gratia
3133 4394 3254 4448 pro-

1668 4469 1824 4524 cedit.
1844 4468 1990 4524 Cum
2029 4478 2209 4525 autem
2259 4468 2328 4524 ab
2355 4484 2422 4524 eo
2468 4474 2862 4540 quatreremus,
2898 4476 2960 4524 ut
3000 4484 3124 4540 quae
3151 4465 3257 4526 sibi

35 4560 79 4640 vt
95 4570 136 4608 se
154 4562 395 4616 contineat
423 4579 442 4618 :
467 4562 532 4619 Si
557 4573 736 4636 autem
759 4562 935 4634 facere
967 4561 1217 4630 noluerit,
1246 4580 1416 4618 comes
1442 4580 1563 4618 cum
1595 4584 1642 4640 ι)
1665 4561 1808 4618 dicta
1841 4561 2058 4618 fuerant
2079 4561 2238 4618 nobis
2262 4559 2794 4629 manilest‘aret,haec
2805 4560 2992 4616 comiti
3015 4569 3069 4616 et
3099 4559 3258 4616 nobis

35 4638 132 4704 ﬁliis
156 4643 240 4701 Dei
263 4665 376 4704 eum
405 4651 664 4723 flagellet.
697 4651 826 4708 llaec
855 4668 984 4708 vero
1026 4652 1267 4724 primum
1325 4653 1562 4722 credita,

35 4727 187 4791 deinde
205 4739 359 4798 oblita
387 4752 552 4809 sunt;
589 4744 792 4800 etenim
819 4743 914 4799 alii
939 4745 1223 4801 dicebant:
1249 4743 1565 4801 Reddamus

35 4820 258 4886 civitatem
280 4833 629 4906 imperatori;
655 4836 748 4891 alii
777 4845 962 4893 autem
993 4853 1127 4892 non.
1153 4837 1337 4908 Atque
1365 4837 1444 4893 sic
1468 4851 1566 4908 per

36 4911 297 4985 huiusmodi
339 4927 644 4985 discordias
673 4937 728 4986 et
758 4929 1054 4985 seditiones
1075 4971 1091 4997 ,
1140 4945 1231 4985 res
1260 4945 1563 5001 pauperum

37 5009 276 5069 annullatat
302 5027 448 5074 sunt.
477 5019 556 5075 De
577 5020 812 5077 consilio
852 5031 1036 5078 autem
1064 5023 1213 5094 quod
1243 5021 1390 5093 apud
1417 5018 1563 5076 San-

39 5113 152 5248 ;tutm
171 5107 422 5172 Andream
453 5118 700 5190 accipere
738 5119 1017 5194 principes
1044 5119 1388 5188 debuerunt,
1425 5119 1563 5176 nihil

57 5208 94 5245 υ]
121 5236 132 5248 .

57 5208 132 5250 υιῑ.

555 5301 787 5360 CAPUT
834 5301 979 5360 XIX.

91 5375 212 5440 Inter
234 5387 344 5448 hinc
374 5391 534 5452 Turci
558 5397 626 5453 de
650 5396 837 5469 Calep,
885 5395 1161 5468 quoddam
1190 5403 1435 5452 castrum
1465 5397 1565 5453 ob-

43 5472 268 5562 tulerunt.
296 5485 483 5546 Aniicti
500 5491 664 5562 igitur
691 5488 857 5548 Turci
883 5490 979 5562 qui
1012 5491 1160 5546 intus
1199 5498 1378 5557 erant,
1402 5506 1561 5546 man-

43 5558 259 5626 daverunt
279 5574 418 5646 duci,
443 5558 620 5652 quiin
651 5583 760 5639 illis
801 5558 1124 5656 regionibus
1158 5592 1298 5651 erat,
1352 5591 1414 5638 ut
1467 5599 1562 5640 ca-

45 5661 182 5752 εξτιξιζι
205 5662 431 5734 ipsorum
453 5675 736 5746 reciperet,
762 5675 891 5746 quia
918 5675 1196 5747 deinceps,
1225 5691 1336 5731 non
1393 5675 1562 5732 alium

47 5748 130 5801 nisi
149 5751 200 5809 de
228 5773 406 5826 genere
451 5763 786 5824 Francorum
831 5769 1118 5824 dominum
1168 5767 1372 5824 habere
1410 5768 1562 5824 vole-

48 5831 162 5895 δίιιι
197 5843 270 5902 0b
290 5849 389 5909 hoc
428 5854 607 5930 itaque
628 5859 738 5916 dux
768 5857 1114 5917 Antiochiam
1166 5875 1442 5927 reversus,
1465 5875 1560 5917 co-

1666 4655 1803 4712 dixit
1821 4641 1971 4711 :llac
2001 4664 2151 4711 nocte
2178 4655 2319 4710 venit
2339 4655 2426 4709 hic
2449 4655 2696 4724 dominus
2721 4664 2770 4710 et
2792 4655 2974 4710 beatus
3015 4653 3256 4708 Andreas

1665 4752 1722 4806 in
1747 4753 1916 4824 specie
1938 4768 2042 4823 qua
2065 4751 2213 4822 prius
2243 4751 2417 4805 venire
2439 4749 2586 4805 soliti
2623 4757 2766 4816 sunt,
2816 4758 2866 4803 et
2915 4749 3100 4802 tertius
3141 4746 3255 4817 qui-

1665 4845 1812 4918 dam,
1841 4845 1991 4916 cujus
2011 4851 2218 4898 statu-ra
2242 4851 2356 4898 erat
2373 4860 2558 4915 parva,
2577 4843 2797 4897 indutus
2818 4841 2992 4907 lineis,
3014 4850 3064 4895 et
3091 4839 3257 4895 barba

1665 4937 1997 5010 longissima.
2029 4935 2102 4991 Et
2129 4937 2484 4992 comminatus
2511 4943 2589 4990 est
2627 4934 2771 4989 mihi
2808 4933 3036 4988 multum
3071 4931 3254 4987 beatus

1664 5029 1926 5098 Andreas,
1952 5046 2012 5084 eo
2048 5029 2188 5102 quod
2210 5028 2464 5100 reliquias
2493 5027 2728 5098 corporis
2755 5026 2924 5096 ipsius
2968 5025 3110 5095 apud
3137 5023 3252 5079 An-

1667 5122 1918 5177 tiochiam
1953 5130 2185 5193 repertas
2209 5121 2264 5174 in
2289 5119 2511 5175 ecclesia
2559 5119 2747 5189 ipsius,
2769 5118 2825 5171 in
2863 5116 3093 5189 quodam
3137 5122 3254 5172 loco

1663 5213 1883 5285 indigno
1954 5213 2290 5268 dimiserant.
2367 5209 2435 5265 Et
2495 5206 2832 5265 dixit:Cum
2865 5206 3253 5279 ,prtecipitatus

1663 5323 1828 5362 essem
1862 5305 1926 5360 de
1957 5304 2188 5376 quodam
2226 5311 2400 5356 monte
2434 5300 2498 5354 ab
2523 5300 2848 5374 inﬁdelibus,
2891 5300 3022 5355 duos
3059 5299 3252 5372 digitos

1664 5397 1797 5452 mihi
1837 5397 2103 5468 confregi;
2134 5403 2290 5466 atque
2323 5402 2438 5465 post
2477 5402 2696 5448 mortem
2746 5387 2915 5468 mearis
2943 5391 3028 5447 hic
3051 5394 3134 5448 vir
3165 5409 3253 5449 eos

1663 5489 1886 5558 accepit,
1917 5495 1966 5541 et
1999 5485 2337 5540 Antiochiam
2359 5483 2570 5552 detulit,
2595 5493 2646 5538 et
2671 5493 2728 5538 tu
2757 5501 2876 5540 cum
2899 5500 2986 5539 eos
3021 5485 3255 5542 invenis--

1663 5597 1766 5647 ses,
1794 5573 2112 5650 negligenter
2143 5577 2412 5632 habuisti:
2447 5578 2674 5632 alterum
2694 5595 2884 5649 passus
2906 5595 2961 5634 es
3003 5579 3099 5634 tibi
3128 5580 3254 5634 sub-

1664 5673 1770 5744 ripi
1794 5689 1815 5738 ;
1839 5671 2067 5727 alterum
2088 5671 2162 5726 ibi
2200 5671 2414 5743 indigne
2439 5671 2714 5726 dimisisti.
2755 5670 2823 5726 Et
2848 5671 3088 5728 ostendit
3115 5669 3254 5726 mihi

1663 5778 1912 5832 manum,
1945 5762 2064 5818 sine
2092 5761 2306 5819 duobus
2338 5761 2542 5836 digitis.
2575 5761 2779 5818 Deinde
2806 5761 2960 5830 dele,
3005 5777 3035 5816 ο
3057 5775 3250 5828 comes,

1663 5853 1891 5911 multum
1914 5863 2224 5928 conquestus
2245 5862 2340 5913 est.
2383 5853 2524 5910 Nam
2555 5871 2675 5911 cum
2711 5853 3000 5911 venerabile
3038 5868 3251 5921 munus,
