3846 6306
528 340 644 396 ’625

1105 339 1196 393 AD
1233 337 1680 398 GODEFRIDUM
1719 334 2022 392 APPEND.
2068 335 2133 392 ll.
2173 366 2242 378 -—
2281 336 2553 395 NONUM.
2593 338 2682 394 DE
2721 338 2946 399 BELLO
2986 340 3236 400 SACRO.

3688 350 3768 412 021

538 457 775 528 nullique
798 455 898 510 alii
923 471 957 510 ιι
980 454 1208 510 Domino
1232 470 1538 510 concessum
1573 452 1866 522 acceperis,
1909 452 2140 522 graviter
2167 457 2212 515 Α
2243 455 2380 509 mori
2403 471 2570 526 quam
2596 455 2906 526 relinquere
2952 456 3232 514 civitatem
3290 456 3464 525 illam.
3515 457 3641 527 ρυω
3675 478 3771 525 cum

527 558 590 604 et
614 549 851 621 nequiter
880 563 1094 618 peccare
1141 547 1198 600 in
1221 555 1493 617 conspectu
1529 543 1745 598 Domini
1777 559 1881 597 non
1920 544 2132 598 vereris.

530 642 693 698 \Unde
721 642 819 697 tibi
873 642 1131 696 Dominus
1164 641 1261 694 hoc
1282 641 1498 710 signum
1543 638 1945 692 demonstravit.
1992 636 2138 692 Nam

524 737 918 808 «antequintum
945 735 1085 788 diem
1115 748 1234 786 cum
1247 733 1304 786 in
1332 731 1621 801 festivitate
1640 730 1807 784 beata:
1831 728 1988 783 Fidis
2010 745 2139 783 can-

525 829 717 884 adelam
734 841 981 897 magnam
1012 823 1409 888 obtulisses,:ut
1442 837 1535 892 per
1561 829 1665 874 tres
1695 821 1810 875 dies
1835 827 1886 874 et
1917 819 2138 875 totidem

527 929 720 974 inoctes
747 917 944 970 edurare
987 914 1261 984 potuisset,
1293 910 1501 965 nullum
1557 909 1770 980 quidem
1803 908 1904 963 illa
1955 908 2137 980 splen-

525 1013 725 1066 edorem
756 1009 940 1072 dedit;
982 1006 1072 1060 sed
1100 1005 1293 1073 statim
1315 1004 1634 1076 liquefacta,
1682 1003 1742 1057 in
1789 1011 1988 1056 terram
2016 1019 2140 1058 cor-

528 1105 673 1157 ruit.
714 1099 783 1154 In
809 1101 906 1153 hac
943 1106 1120 1153 autem
1149 1105 1304 1151 nocte
1336 1113 1457 1151 cum
1481 1111 1702 1167 parvam
1728 1095 2013 1150 candelam
2047 1096 2140 1150 ob-

526 1192 777 1256 ttulisses,
821 1190 956 1243 adeo
979 1196 1036 1241 ut
1078 1188 1167 1242 vix
1194 1202 1356 1258 usque
1405 1185 1476 1240 ad
1505 1184 1638 1258 galli
1680 1194 1898 1240 cantum
1939 1184 2140 1240 durare

527 1287 737 1350 posset,
758 1287 816 1332 ut
837 1277 954 1331 dies
979 1284 1056 1331 est
1086 1284 1136 1330 et
1165 1276 1324 1329 durat
1353 1274 1526 1330 adhuc
1582 1290 1674 1328 nec
1699 1275 1857 1328 tertia
1899 1290 2024 1343 pars
2075 1289 2142 1330 ea:

542 1387 607 1426 ea
631 1369 904 1425 combusta
939 1377 1035 1443 est.
1066 1367 1356 1438 Propterea
1398 1368 1510 1422 htec
1561 1365 1658 1422 tibi
1703 1365 1922 1421 mandat
1956 1365 2143 1420 Domi-

544 1483 673 1522 nus:
705 1465 860 1520 Nihil
909 1464 1159 1535 incipias,
1191 1465 1296 1518 nisi
1345 1463 1494 1534 prius
1545 1462 1912 1534 paenitentiam
1949 1461 2137 1531 egeris.

543 1559 800 1631 Alioquin
818 1566 875 1612 tu
904 1566 954 1612 et
974 1557 1232 1628 quidquid
1257 1557 1447 1627 egeris,
1477 1565 1537 1609 ut
1573 1553 1796 1609 candela
1825 1553 2140 1624 liquefacta,

545 1654 604 1709 in
629 1661 823 1707 terram
845 1665 1080 1705 corrues.
1106 1648 1258 1715 Quod
1288 1648 1335 1702 si
1356 1647 1716 1718 paenitentiam
1743 1647 1934 1717 egeris,
1977 1645 2140 1717 quid-

2236 549 2604 620 protiteretur,
2647 549 2982 622 unanimiter
3013 550 3258 606 laudavit
3277 566 3406 606 eum
3444 553 3681 624 populus,
3712 567 3772 614 at-

2238 657 2345 711 que
2385 641 2497 698 Deo
2535 643 2737 697 multas
2765 642 2970 713 gratias
3031 644 3166 714 egit,
3215 643 3312 715 qui
3348 644 3653 717 episcopum
3688 648 3772 706 llo-

2238 747 2462 788 manum
2492 733 2548 787 in
2572 733 2821 789 orientali
2849 731 3097 789 Ecclesia
3125 734 3330 790 habere
3353 735 3544 803 voluit,
3583 753 3671 808 pro
3709 741 3774 797 sui

2239 823 2731 880 administratione.
2760 823 3049 881 Concessit
3069 827 3332 898 episcopo
3350 841 3538 884 comes
3559 829 3774 886 medieta-

2238 921 2346 975 tem
2369 915 2626 982 civitatis,
2662 925 2718 972 et
2745 916 2913 972 totius
2945 918 3228 973 territorii.
3261 918 3393 975 Erat
3421 929 3600 975 autem
3627 919 3774 990 Bam,

2239 1007 2310 1062 ab
2355 1007 2646 1063 Antiochia
2673 1009 2833 1079 longe
2856 1024 2954 1079 per
2986 1009 3126 1066 duos
3155 1010 3272 1066 dies
3292 1011 3437 1068 ultra
3457 1011 3776 1068 Antiochiam.

2240 1095 2308 1152 Et
2329 1096 2444 1167 jam
2467 1097 2747 1153 instabant
2795 1097 2916 1154 Kal.
2969 1097 3237 1156 Novemb.
3280 1101 3335 1156 in
3385 1101 3586 1172 quibus
3631 1117 3780 1161 omnes

2240 1188 2514 1260 principes
2560 1191 2854 1246 convenire
2912 1191 3260 1248 Antiochiam
3316 1194 3697 1264 promiserant,
3742 1205 3782 1252 et

2241 1278 2480 1350 incipere
2501 1281 2604 1338 iter
2643 1293 2863 1354 propter
2883 1285 3030 1355 quod
3085 1294 3369 1342 venerant.
3419 1285 3590 1357 Igitur
3616 1303 3780 1356 eomes,

2241 1372 2432 1428 relicto
2459 1374 2701 1430 exercitu
2739 1391 2843 1431 suo
2875 1377 3019 1446 apud
3065 1375 3290 1433 Barram
3333 1392 3466 1434 cum
3509 1377 3670 1434 electo
3689 1393 3784 1448 suo,

2241 1469 2297 1517 et
2342 1463 2531 1539 multis
2556 1466 2806 1535 captivis,
2830 1474 2886 1521 et
2930 1466 3121 1537 spoliis
3167 1468 3404 1538 magnis,
3459 1483 3584 1525 cum
3631 1470 3786 1539 grandi

2242 1536 2606 1611 exsultatione
2625 1536 2976 1613 Antiochiam
3009 1536 3285 1614 reversus
3307 1570 3412 1616 est.
3456 1536 3790 1616 Couveiterant

2243 1642 2391 1698 enim
2429 1644 2504 1699 ibi
2538 1658 2730 1702 omnes
2762 1645 3060 1717 principes,
3096 1655 3294 1717 praeter
3343 1645 3662 1703 Balduinum
3705 1647 3790 1702 ira-

544 1745 676 1818 quid
704 1745 979 1816 incoeperis
1006 1744 1066 1798 in
1087 1743 1293 1798 nomine
1317 1742 1556 1808 Domini,
1587 1741 1728 1796 Deus
1780 1740 2036 1811 perﬁciet,
2091 1747 2142 1794 et
2180 1801 2218 1818 ἢ
2247 1741 2382 1790 trem
2397 1724 2593 1791 'ducis.
2618 1734 2719 1791 Hic
2762 1751 2893 1792 vero
2929 1735 3230 1794 Balduinus
3263 1747 3392 1794 ante
3447 1748 3657 1809 captam
3699 1739 3790 1792 An-

549 1801 961 1905 consummbbit,
998 1845 1127 1892 utet
1157 1835 1434 1891 candelam
1473 1835 1618 1890 vides
1665 1801 2142 1906 durare'parvam,
2179 1801 2220 1856 Β
2248 1827 2506 1884 tiochiam
2537 1843 2730 1884 versus
2782 1828 3115 1899 Euphratem
3181 1830 3464 1902 profectus
3515 1830 3700 1898 Roais,
3729 1831 3792 1885 di-

549 1929 630 1982 sic
659 1928 816 1998 faciet
840 1927 1101 1982 Dominus
1126 1942 1396 1997 magnum,
1420 1925 1678 1997 quidquid
1698 1925 1935 1988 coeperis,
1981 1924 2145 1979 etiam

551 2019 601 2073 si
628 2035 849 2090 parvum
871 2019 962 2073 sit.
993 2017 1244 2088 Cumque
1271 2032 1480 2085 comes,
1526 2032 1587 2073 se
1613 2016 1687 2072 ita
1732 2016 1970 2089 graviter
2011 2031 2142 2088 pec-

551 2125 710 2167 casse
723 2118 1032 2176 excusaret,
1057 2117 1190 2164 tunc
1217 2107 1435 2176 Petrus,
1468 2118 1523 2164 et
1550 2116 1834 2179 peceatum
1882 2109 1984 2164 sibi
2017 2118 2146 2164 nar-

550 2200 710 2267 ravit,
751 2205 806 2254 et
829 2212 1014 2254 comes
1053 2198 1129 2253 ita
1182 2196 1470 2253 confessus
1514 2207 1620 2263 est,
1671 2207 1726 2252 et
1767 2197 2142 2267 pmnitentiam

548 2291 678 2363 egit.
709 2288 778 2344 Et
795 2305 1017 2346 rursum
1047 2289 1187 2346 dixit
1220 2288 1416 2346 Petrus
1439 2289 1508 2346 ad
1531 2290 1789 2346 comitem
1815 2308 1828 2344 :
1855 2287 2144 2360 Conqueri-

537 2392 660 2450 tur,
683 2399 927 2450 ocomes,
965 2381 1029 2437 de
1071 2381 1398 2436 consiliariis
1440 2382 1546 2436 tuis
1579 2381 1760 2436 beatus
1797 2379 2061 2448 Andreas,
2083 2397 2142 2435 eo

543 2474 687 2544 quod
717 2472 888 2527 multa
903 2471 1048 2527 mala
1085 2473 1180 2526 tibi
1208 2473 1432 2527 scienter
1448 2470 1813 2526 concilientur.
1838 2469 2015 2537 Quare
2046 2471 2142 2526 tibi

539 2565 859 2634 pracipilur
886 2573 947 2618 ut
969 2563 1093 2619 illos
1125 2564 1196 2618 ad
1243 2563 1522 2619 consilium
1551 2573 1699 2618 tuum
1723 2565 1841 2618 ‘non
1861 2563 2139 2630 admittas,

533 2657 652 2710 nisi
679 2657 828 2727 prius
851 2656 950 2710 tibi
983 2655 1168 2726 jurent
1189 2655 1328 2726 quod
1349 2655 1574 2710 scienter
1601 2655 1694 2709 tibi
1716 2654 1860 2708 mala
1887 2669 1991 2708 non
2018 2671 2144 2709 con-

546 2746 821 2802 silientur.
848 2745 991 2801 Audi
1015 2746 1206 2814 adhuc,
1239 2763 1448 2802 comes:
1475 2745 1699 2801 Mandat
1747 2745 1844 2799 tibi
1880 2743 2140 2801 Dominus

547 2855 612 2894 ne
651 2839 858 2894 diutius
899 2847 1104 2894 inoram
1133 2839 1324 2910 facias,
1353 2840 1481 2910 quia
1517 2839 1622 2894 nisi
1654 2839 1802 2909 prius
1841 2837 2142 2893 Jerusalem

535 2941 713 3002 capta
743 2932 926 3002 fuerit,
959 2948 1266 2986 succursum
1297 2931 1504 2987 nullum
1537 2931 1771 2987 habebis.
1805 2930 1939 2987 Cum
1966 2939 2141 2986 autem

540 3039 712 3094 prope
745 3022 1047 3078 Ierusalem
1078 3023 1264 3094 fueris,
1307 3023 1483 3078 nullus
1528 3040 1619 3094 per
1665 3024 1799 3078 duas
1853 3022 2032 3095 leugas
2066 3022 2141 3078 ibi

535 3116 767 3188 equitet.
799 3115 953 3182 Quod
981 3117 1028 3169 si
1057 3117 1135 3170 ita
1171 3117 1426 3187 feceritis,
1459 3117 1727 3170 civitatem
1771 3132 1927 3170 suam
1973 3116 2142 3171 dona-

538 3206 629 3262 ρετ
663 3206 804 3262 vobis
833 3206 1115 3262 Dominus.
1142 3205 1277 3264 Post
1307 3207 1424 3264 haec
1471 3207 1676 3263 multas
1721 3206 1926 3278 gratias
1956 3208 2142 3264 retulit

550 3299 690 3356 mihi
719 3309 945 3356 sanctus
969 3299 1236 3368 Andreas,
1261 3300 1409 3370 quod
1439 3300 1748 3366 ecclesiam,
1764 3315 1888 3370 qua:
1911 3315 2012 3356 suo
2041 3315 2141 3356 no-

547 3392 699 3449 mine
728 3391 993 3448 fahricata
1031 3391 1231 3460 fuerat,
1253 3391 1396 3462 apud
1439 3391 1787 3448 Antiochiam
1829 3393 2139 3449 consecrari

546 3483 807 3541 feceram.
835 3483 963 3540 llaec
1007 3491 1064 3540 et
1091 3483 1197 3538 alia
1222 3483 1356 3539 mihi
1389 3483 1608 3540 locutus
1630 3491 1716 3539 est
1763 3492 1988 3540 sanctus
2023 3483 2138 3538 An-

547 3575 732 3643 dreas,
761 3576 830 3632 de
885 3576 1089 3647 quibus
1141 3590 1288 3631 nunc
1336 3590 1446 3630 non
1483 3584 1569 3632 est
1605 3575 1762 3631 locus
1810 3575 2048 3644 dicendi,
2085 3585 2140 3633 et

546 3665 750 3724 sublati
779 3673 930 3733 sunt,
953 3665 1071 3737 ipse
1098 3673 1154 3722 et
1182 3665 1317 3721 socii
1349 3666 1490 3737 ejus.

1153 3757 1383 3814 CAPUT
1422 3757 1540 3813 xx.
1985 3830 1991 3836 Π

618 3848 786 3922 Igitur
807 3865 994 3906 comes
1021 3865 1147 3906 cum
1170 3850 1372 3921 pepulo
1392 3856 1715 3920 pauperum,
1741 3859 1796 3906 et
1823 3850 2016 3921 paucis
2035 3850 2138 3906 mi-

541 3941 734 3997 litibus
765 3943 821 3996 in
853 3941 1068 4014 Syriam
1090 3941 1390 4012 profectus,
1410 3942 1643 4013 primam
1667 3943 1942 3999 civitatem
2002 3941 2136 3998 Sar-

543 4050 907 4103 raeenorum,
946 4034 1174 4091 Barram
1216 4037 1463 4103 nomine,
1502 4037 1734 4092 viriliter
1773 4037 2133 4108 expugnavit;

535 4132 600 4180 et
620 4125 792 4181 multa
814 4125 982 4180 millia
1014 4125 1440 4183 Sarracenorum
1465 4126 1541 4183 ibi
1567 4125 1860 4193 interfecit,
1890 4135 1944 4182 et
1964 4127 2136 4182 multa

539 4215 717 4270 millia
747 4216 816 4271 ad
869 4216 1220 4272 Antiochiam
1277 4215 1489 4273 reducti
1539 4215 1837 4273 venundati
1885 4225 2032 4272 sunt.
2069 4215 2136 4271 Et

538 4308 670 4364 illos
692 4308 813 4379 qui,
855 4309 984 4364 dum
1017 4319 1488 4381 oppugnarentur,
1534 4309 1732 4364 timore
1772 4309 1964 4364 mortis
1993 4323 2051 4364 se
2082 4309 2132 4364 ei

539 4397 923 4466 reddiderunt,
953 4398 1156 4455 liberos
1185 4399 1337 4454 abire
1365 4397 1632 4470 permisit.
1667 4395 1920 4464 Demum,
1947 4397 2132 4452 habito

2246 1917 2516 1974 tissimam
2567 1919 2842 1976 civitatem
2889 1929 3052 1991 atque
3096 1919 3523 1979 famosissimam
3582 1923 3794 1978 obtinue-

2246 2020 2364 2080 rat,
2422 2018 2478 2067 et
2504 2013 2674 2068 multa
2696 2013 2882 2083 praelia
2917 2028 3042 2068 eum
3067 2012 3259 2070 Turcis
3289 2013 3521 2070 feliciter
3567 2024 3792 2085 gesserat.

2247 2101 2352 2157 Sed
2377 2110 2672 2173 antequam
2713 2103 2782 2158 ad
2816 2103 3025 2174 reliqua
3054 2104 3463 2175 perveniamus,
3511 2105 3614 2161 hoc
3657 2121 3796 2161 unum

2245 2191 2685 2262 praetereundum
2739 2207 2850 2247 non
2890 2193 3105 2249 videtur
3137 2193 3206 2249 de
3249 2193 3390 2250 duce
3433 2193 3796 2268 Lotharingia:

2243 2284 2340 2354 qui
2385 2299 2510 2339 cum
2539 2285 2892 2342 Antiochiam
2937 2301 3004 2342 eo
3053 2295 3320 2358 tempore,
3369 2303 3499 2345 cum
3547 2289 3798 2345 duodecim

2243 2376 2513 2433 militibus
2536 2378 2770 2444 veniret,
2798 2386 3017 2433 centum
3039 2378 3438 2454 quinquaginta
3487 2378 3690 2436 Tureos
3721 2382 3799 2435 ob-

2243 2469 2387 2524 viam
2412 2468 2623 2524 habuit.
2657 2468 2812 2526 Tunc
2837 2469 3136 2540 assumptis
3177 2470 3371 2539 armis,
3425 2480 3481 2528 et
3519 2473 3801 2528 cohortatus

2243 2563 2446 2620 milites
2468 2579 2628 2632 suos,
2675 2564 2905 2620 viriliter
2936 2565 3125 2622 hostes
3178 2581 3473 2639 aggressus
3518 2577 3622 2625 est.
3666 2569 3801 2626 Turci

2243 2664 2449 2724 autem,
2473 2665 2534 2712 ut
2551 2655 2808 2712 viderunt
2828 2654 2958 2726 quia
2981 2655 3182 2712 Franci
3234 2668 3466 2714 mortem
3510 2661 3684 2732 magis
3719 2678 3801 2732 pu-

2243 2746 2461 2819 gnando
2493 2755 2660 2817 quam
2688 2744 2873 2816 fugam
2902 2763 3028 2802 eum
3063 2748 3240 2804 salute
3268 2750 3554 2821 eligerent,
3585 2753 3804 2823 quadam

2241 2852 2371 2909 pars
2405 2834 2712 2892 Turcorum
2735 2835 3037 2904 descendit,
3071 2847 3132 2893 ut
3177 2839 3350 2895 altera
3416 2855 3546 2911 pars
3587 2842 3806 2896 securius

2241 2935 2532 3000 pugnaret,
2564 2943 2690 2982 eum
2717 2928 2924 2984 scirent
2948 2929 3128 2986 socios
3157 2945 3288 2986 suos
3313 2946 3347 2986 a
3377 2931 3543 2999 bello,
3591 2932 3808 2988 dimissis

2242 3020 2400 3091 equis
2422 3019 2562 3086 suis,
2586 3035 2694 3074 non
2740 3019 3102 3076 discessuros.
3152 3020 3245 3078 Sic
3276 3022 3464 3093 itaque
3505 3023 3704 3079 bellum
3742 3024 3806 3076 in-

2243 3120 2483 3182 emptum
2511 3127 2636 3167 eum
2669 3111 2764 3166 diu
2792 3112 3138 3183 graviterque
3157 3114 3402 3181 duraret,
3434 3115 3722 3171 confortati
3755 3116 3807 3169 ad

2243 3205 2475 3259 invicem
2498 3204 2702 3258 milites
2725 3203 2901 3270 ducis,
2933 3205 3076 3274 quod
3117 3213 3173 3260 et
3214 3221 3510 3262 numerum
3547 3207 3807 3264 duc-decim

2242 3295 2610 3366 apostolorum
2641 3295 3022 3362 continerent;
3065 3305 3120 3350 et
3145 3297 3432 3353 dominum
3488 3314 3650 3354 suum
3677 3297 3810 3369 quasi

2241 3387 2508 3442 vicarium
2570 3386 2773 3442 Christi
2837 3387 3132 3454 haberent‘,
3193 3387 3551 3459 imperterriti
3619 3393 3809 3464 agmina

2241 3475 2546 3533 Turcorum
2591 3476 2879 3532 invadunt.
2926 3475 3272 3533 Contulitibi
3308 3479 3455 3536 Deus
3497 3490 3703 3536 tantam
3742 3480 3810 3534 vi-

2240 3569 2470 3625 ctoriam
2501 3567 2626 3624 duci
2660 3577 2719 3623 ut
2750 3583 2926 3638 usque
2961 3568 3028 3624 ad
3054 3569 3278 3642 triginta
3319 3587 3388 3626 ex
3408 3573 3494 3628 eis
3538 3573 3811 3636 occideret,

2238 3671 2292 3717 et
2322 3661 2544 3716 totidem
2562 3668 2813 3730 caperet;
2843 3660 3086 3732 reliquos
3110 3673 3437 3734 persecutus
3465 3664 3518 3720 in
3543 3665 3815 3736 paludibus

2238 3761 2292 3808 et
2311 3751 2558 3819 (lumine,
2583 3767 2707 3824 quze
2732 3750 2912 3808 vicina
2939 3761 3118 3820 erant,
3146 3753 3287 3811 alios
3314 3757 3525 3824 necari,
3553 3757 3694 3812 alios
3706 3756 3815 3811 sult-

2237 3847 2411 3918 mergi
2429 3845 2626 3917 coegit.
2652 3844 2719 3902 Et
2741 3845 2821 3902 sic
2845 3860 2972 3902 cum
2994 3862 3194 3918 magna
3221 3848 3454 3905 victoria
3484 3850 3816 3906 Antiochiam

2235 3937 2414 4006 venit;
2455 3935 2689 3993 faciebat
2709 3937 2857 3994 enim
2881 3939 3062 4010 capita
3087 3954 3360 3996 caesorum
3389 3940 3461 3996 ab
3489 3941 3620 3998 aliis
3642 3940 3817 3996 Turcis

2236 4031 2374 4088 vivis
2425 4029 2669 4087 deferri:
2701 4032 2848 4104 quod
2904 4033 3110 4090 nostris
3164 4034 3664 4106 satisojucundum
3711 4032 3816 4098 fuit.

2829 4123 3062 4180 CAPUT
3113 4125 3260 4182 XXI.

2305 4209 2497 4284 Itaque
2517 4227 2641 4269 cum
2666 4228 2860 4269 omnes
2883 4214 3164 4286 principes
3184 4216 3579 4274 convenissent
3594 4217 3653 4272 in
3673 4214 3821 4273 eccle-

2235 4302 2318 4358 sia
2349 4303 2411 4359 B.
2444 4303 2615 4373 Petri,
2643 4305 2711 4360 de
2730 4306 2922 4362 itinere
2948 4316 3141 4364 nostro
3157 4323 3321 4380 agere
3347 4319 3664 4381 coeperunt.
3686 4308 3820 4364 Tunc

2233 4394 2459 4464 quidam
2511 4395 2607 4466 qui
2663 4397 2891 4452 castella
2951 4407 3009 4454 et
3057 4399 3266 4456 reditus
3320 4400 3378 4454 in
3424 4399 3661 4471 regione
3724 4400 3820 4452 An-

537 4489 776 4544 consilio
814 4505 940 4545 cum
974 4490 1271 4560 capellanis
1317 4498 1371 4544 et
1414 4488 1753 4559 principibus
1813 4489 1948 4558 suis,
1993 4491 2128 4546 satis
2160 4489 2205 4544 D
2231 4486 2446 4542 tiochiae
2471 4486 2763 4556 habebant,
2813 4489 3102 4547 dixerunt:
3128 4491 3271 4558 Quid
3289 4492 3468 4563 [ietde
3500 4493 3823 4548 Antiochia?

538 4579 890 4637 laudabiliter
914 4591 969 4636 et
1014 4583 1243 4637 honeste
1277 4580 1570 4652 quemdam
1619 4581 1956 4638 sacerdotem
2015 4583 2131 4654 epi-

541 4686 771 4742 scopum
794 4673 866 4728 ibi
902 4673 1082 4744 elegit.
1119 4672 1335 4728 Etenim
1379 4673 1692 4730 convocatis
1725 4674 2000 4743 omnibus,
2035 4676 2130 4747 qui

545 4762 620 4818 ibi
643 4778 828 4818 secum
868 4764 1115 4831 aderant,
1144 4763 1368 4834 quidam
1393 4764 1612 4820 comitis
1653 4765 1989 4835 capellanus,
2035 4782 2131 4836 pa-

541 4854 733 4909 rietem
785 4855 1076 4926 quemdam
1125 4854 1390 4920 ascendit,
1444 4863 1606 4925 atque
1634 4855 1783 4910 omni
1815 4856 2127 4923 conventui,

542 4943 760 4999 comitis
783 4943 1115 4999 desiderium
1154 4943 1542 4998 manifestavit.
1596 4944 1849 5014 Cumque
1897 4947 2131 5016 populus

542 5034 774 5088 multum
805 5035 1034 5089 instaret
1061 5044 1118 5088 ut
1147 5033 1342 5088 electio
1372 5033 1545 5101 ﬁeret,
1585 5034 1728 5090 idem
1785 5037 2006 5092 comitis
2033 5052 2128 5092 ca-

541 5124 788 5193 pellanus
817 5139 1035 5179 rursum
1064 5124 1231 5194 erepit
1259 5140 1524 5195 quaerere,
1555 5126 1600 5181 si
1621 5135 1769 5182 esset
1803 5126 1876 5182 ibi
1931 5127 2129 5198 aliquis

541 5216 608 5269 de
635 5217 801 5281 clero,
835 5215 930 5284 qui
964 5215 1205 5270 ﬁdelium
1235 5225 1357 5270 vota
1385 5217 1708 5287 susciperet,
1738 5227 1811 5284 et,
1859 5228 2126 5288 quantum

539 5313 746 5376 posset,
776 5306 1005 5376 paganis
1025 5307 1349 5374 resistendo,
1389 5307 1500 5364 Deo
1530 5318 1584 5364 et
1629 5308 1891 5365 fratribus
1919 5311 1990 5364 ibi
2015 5327 2128 5366 ser-

541 5396 699 5449 viret.
726 5394 973 5466 Cumque
1008 5413 1200 5454 omnes
1218 5409 1491 5466 tacerent,
1537 5399 1759 5456 Petrum
1811 5403 2126 5472 quemdam,

539 5483 952 5543 Narbonensem
978 5504 1193 5561 genere,
1216 5492 1625 5560 advocavimus,
1649 5492 1735 5548 cui
1759 5492 1814 5547 in
1837 5495 2126 5564 praesentia

543 5573 718 5631 totius
743 5579 976 5647 consilii,
1009 5582 1247 5638 laborem
1271 5586 1620 5655 episcopatus
1648 5585 2010 5652 ostendimus,
2039 5603 2127 5642 ro-

543 5674 739 5736 gantes
771 5677 828 5722 ut
857 5684 956 5738 pro
998 5671 1106 5728 Deo
1133 5681 1185 5728 et
1210 5691 1308 5744 pro
1355 5674 1617 5731 fratribus
1659 5675 1810 5730 illum
1849 5676 2128 5744 suscipere

544 5772 660 5811 non
687 5757 978 5830 dubitaret,
1010 5764 1056 5818 si
1094 5765 1194 5820 hoc
1226 5767 1277 5819 in
1331 5767 1514 5822 animo
1565 5767 1808 5836 haberet,
1858 5775 1917 5822 ut
1944 5767 2126 5823 mallet

2233 4576 2364 4644 Quis
2386 4579 2613 4634 servabit
2632 4582 2792 4636 eam?
2822 4581 3121 4654 Imperator
3147 4602 3251 4640 non
3273 4581 3461 4642 veniet.
3490 4585 3714 4643 Etenim
3742 4604 3820 4640 ac-

2230 4677 2376 4738 cepto
2404 4670 2588 4723 nuntio
2633 4672 2774 4743 quod
2795 4671 2954 4727 Turci
2979 4675 3274 4729 obsiderent
3296 4692 3412 4744 nos,
3440 4693 3549 4731 non
3566 4679 3822 4749 conﬁdens

2230 4760 2415 4813 virtuti
2460 4776 2592 4828 suae,
2637 4770 2687 4816 et
2728 4762 3001 4818 hominum
3049 4764 3408 4834 multitudini,
3458 4784 3634 4839 (μασι
3665 4784 3822 4822 secs

2229 4849 2473 4918 habebat,
2527 4852 2762 4924 aufugit.
2805 4853 2892 4908 An
2950 4855 3130 4910 adhuc
3177 4858 3611 4928 exspectabimus
3679 4861 3826 4915 eum?

2231 4941 2384 4997 Certe
2432 4959 2536 4997 non
2559 4945 2724 5000 veniet
2793 4947 2849 4999 in
2901 4947 3167 5003 auxilium
3195 4959 3457 5019 nostrum,
3497 4953 3603 5023 qui
3645 4953 3823 5023 fratres

2230 5047 2435 5093 nostros
2470 5039 2538 5093 ad
2567 5040 2832 5095 auxilium
2875 5040 2973 5096 Dei
2996 5044 3274 5113 venientes,
3325 5054 3384 5099 ut
3444 5057 3828 5102 reverterentur

2229 5131 2416 5200 coegit.
2451 5128 2521 5183 Et
2550 5131 2596 5184 si
2613 5131 2937 5186 dimittimus
2964 5132 3100 5187 hanc
3125 5134 3419 5201 civitatem,
3456 5143 3510 5187 et
3550 5134 3720 5189 Turci
3744 5151 3824 5186 oc-

2228 5230 2416 5291 cupent
2449 5236 2587 5287 eam,
2619 5231 2773 5276 erunt
2797 5223 2987 5278 ultima
3011 5225 3194 5295 pejora
3210 5225 3500 5296 prioribus.
3523 5225 3640 5282 Sed
3663 5243 3824 5282 ornats

2229 5311 2513 5365 concedant
2550 5327 2667 5364 eam
2705 5310 3027 5382 Boimundo,
3053 5318 3305 5386 quoniam
3350 5324 3400 5370 et
3456 5317 3581 5386 ipse
3625 5319 3823 5384 sapiens

2227 5411 2325 5468 est,
2365 5411 2413 5455 et
2437 5403 2629 5473 optime
2653 5404 2881 5458 servabit
2919 5422 3074 5472 eam;
3115 5417 3166 5462 et
3195 5424 3381 5462 nomen
3422 5408 3546 5478 ejus
3583 5425 3826 5481 magnum

2229 5503 2307 5549 est
2353 5496 2490 5549 inter
2524 5511 2779 5566 paganos.
2815 5496 2886 5552 At
2933 5513 3119 5555 comes
3176 5498 3554 5567 Raimundus,
3603 5511 3661 5556 et
3686 5500 3825 5554 aliis

2228 5597 2414 5648 contra
2456 5585 2747 5641 dicebant:
2777 5585 3097 5659 Imperatori
3118 5591 3425 5662 juravimus
3448 5609 3622 5664 super
3646 5591 3825 5647 Domi-

2229 5677 2403 5730 nicam
2429 5692 2658 5744 crucem,
2685 5685 2734 5733 e'
2757 5679 2995 5749 spineam
3035 5697 3305 5752 coronam,
3354 5692 3407 5737 et
3437 5700 3609 5755 super
3665 5684 3826 5739 multa

2229 5767 2340 5821 alia
2395 5776 2582 5822 sancta
2633 5769 2770 5838 quod
2817 5786 2906 5825 nec
2935 5772 3225 5841 civitatem,
3264 5789 3358 5828 nec
3402 5776 3723 5844 castellum,
3768 5775 3828 5828 ds
