3846 6306
163 370 227 430 ωδ
1157 379 1346 437 nam.
1387 380 1475 434 ns
1512 379 1764 438 aeuus
1801 376 1980 434 IllS'I‘.
2018 375 2378 436 IIIEIIOSOL.

3284 387 3400 442 629

147 489 320 544 suvibus
335 491 770 560 pertinentibus
792 497 866 552 ad
892 495 1163 568 imperium
1184 495 1320 566 ejus,
1373 495 1713 551 retineremus
1741 495 1790 556 Δ
1813 494 2080 560 virorum,
2107 509 2205 563 per
2238 504 2378 560 sata,
2410 509 2570 550 more
2605 497 2896 566 pecudum,
2941 498 3020 556 ire
3046 501 3279 571 videres,
3295 504 3396 559 fo-

143 584 230 644 εἰπε
247 582 335 654 ejus
357 584 688 645 uoluntate.
719 589 820 647 Sic
840 589 1020 662 itaque
1043 590 1164 646 aliis
1187 589 1707 657 contradicentibus,

140 675 372 742 ιορωωο
383 686 441 734 et
453 677 574 736 alio
600 681 807 750 modo,
827 682 883 738 in
906 689 1109 738 tantam
1129 681 1459 738 discordiam
1483 697 1707 738 conver-

151 778 290 830 terunt
313 769 604 853 principes
641 774 831 831 nostri
868 784 929 832 ut
972 790 1107 847 pene
1146 775 1216 831 ad
1243 790 1398 831 arma
1438 775 1706 830 venirent.

150 863 321 926 Etenim
342 862 458 921 dux
502 874 564 922 et
587 882 791 925 comes
827 868 1199 938 Flaudrensis,
1241 868 1432 925 leviter
1481 869 1550 926 de
1576 868 1712 926 civi-

156 964 242 1015 tate
260 953 556 1013 Antiochia:
582 957 890 1028 habebam,
930 967 1238 1031 propterea,
1290 958 1419 1015 licet
1460 958 1528 1016 de
1577 956 1708 1012 Boi-

165 1046 325 1107 mundo
343 1048 566 1117 vellent,
588 1050 745 1121 quod
767 1051 990 1108 haberet
1012 1065 1155 1118 eam,
1185 1058 1370 1106 tamen
1398 1063 1509 1104 non
1544 1048 1712 1105 aude-

163 1143 263 1198 bant
301 1138 517 1196 laudare
553 1140 630 1209 ei,
672 1149 983 1198 metuentes
1036 1141 1318 1198 incurrere
1367 1139 1595 1212 periurii
1627 1139 1713 1194 in-

161 1231 364 1286 famiam.
390 1228 505 1287 Hoc
541 1222 714 1303 igitur
741 1233 906 1289 modo
926 1232 994 1288 de
1021 1232 1238 1300 itinere,
1264 1241 1322 1289 et
1369 1231 1438 1288 de
1463 1232 1588 1288 aliis
1619 1247 1708 1290 re-

157 1325 262 1388 bus,
304 1339 421 1394 quae
483 1323 670 1381 itineri
699 1334 758 1382 et
802 1326 1136 1400 pauperibus
1159 1325 1285 1382 usui
1320 1323 1524 1398 forent,
1555 1323 1712 1381 dilic-

153 1415 363 1473 rebatur.
391 1412 521 1472 Hac
545 1425 733 1474 autem
758 1433 886 1474 cum
902 1419 1137 1492 populus
1167 1417 1411 1484 vidisset,
1435 1415 1600 1487 coepit
1625 1415 1712 1472 dt-

149 1510 486 1582 ecrequisque
496 1510 567 1566 ad
581 1512 794 1568 socium
813 1528 996 1582 suum,
1012 1512 1207 1569 deinde
1219 1511 1400 1583 palam
1415 1508 1674 1566 omnibus
1695 1528 1708 1564 :

146 1601 385 1667 Quoniam
425 1602 713 1673 principes,
758 1603 838 1659 vel
859 1613 1072 1676 propter
1097 1605 1341 1659 timorem
1383 1603 1461 1658 vel
1497 1611 1712 1674 propter

134 1693 416 1762 iuramenta
433 1708 556 1763 quc
573 1695 883 1765 imperatori
907 1696 1160 1767 fecerunt,
1183 1712 1276 1751 nos
1296 1696 1352 1750 in
1377 1693 1711 1750 Hierusalem

136 1784 311 1838 ducere
325 1783 532 1851 nolunt,
557 1784 818 1857 eligamus
848 1788 916 1844 de
932 1787 1216 1856 militibus,
1241 1787 1471 1860 aliquem
1494 1788 1704 1859 fortem,

1811 583 2034 652 diendo,
2064 594 2121 641 et
2153 585 2531 657 investigando
2573 586 2624 642 si
2672 585 2815 645 forte
2859 588 3042 660 aliqua
3070 606 3242 663 grana
3279 593 3399 650 fru-

1811 677 2002 745 menti,
2038 677 2124 733 vel
2151 677 2365 746 hordei,
2395 678 2480 734 vel
2508 677 2668 747 fabae,
2705 680 2820 736 sive
2841 680 3078 752 alicujus
3104 683 3398 754 leguminis

1810 767 2132 839 reperirent.
2161 769 2394 839 Interea,
2423 770 2552 827 licet
2589 783 3044 844 compararentur
3070 789 3196 845 quae
3229 790 3402 846 supra

1809 858 2052 916 diximus
2072 861 2140 916 ad
2162 863 2587 935 oppugnandum
2630 865 2918 934 machinae,
2949 875 3134 923 tamen
3173 867 3407 938 quidam.

1809 949 1877 1006 de
1910 951 2114 1007 nostris
2150 953 2388 1010 videndo
2413 954 2692 1012 miseriam
2719 958 2906 1029 populi
2939 959 3115 1014 nostri
3141 967 3196 1013 et
3221 959 3398 1015 nudas

1809 1042 1954 1100 ciam
1985 1041 2440 1114 Sarracenorum,
2476 1046 2826 1118 desperantes
2853 1049 2924 1106 de
2957 1048 3060 1105 Dei
3079 1049 3412 1107 misericor-

1807 1135 1918 1203 dia,
1953 1135 2328 1206 anfugiebant.
2359 1135 2652 1208 SedDeus,
2679 1141 2768 1196 cui
2806 1142 3143 1198 cura-estde
3175 1141 3398 1198 famulis

1809 1227 1947 1296 suis,
1968 1227 2196 1284 ulterius
2219 1229 2470 1286 misereri
2491 1231 2694 1302 populo
2714 1247 2818 1292 suo
2842 1249 2950 1289 non
2975 1233 3206 1302 distulit,
3231 1252 3410 1306 quem-

1809 1320 1868 1376 in
1897 1321 2105 1378 ultimis
2134 1321 2586 1380 tribulationibus
2615 1323 2853 1394 positum
2894 1326 3047 1382 vidit.
3086 1326 3274 1399 Itaque
3300 1344 3408 1399 per

1809 1411 2000 1469 beatos
2025 1412 2305 1484 apostolos
2337 1411 2560 1469 Petrum
2582 1423 2637 1471 et
2664 1414 2942 1472 Andream
2979 1417 3400 1474 nobismanda—

1808 1504 1905 1572 vit,
1935 1520 2034 1576 per
2061 1520 2204 1576 quos
2227 1505 2562 1562 voluntatem
2581 1506 2704 1577 ejus
2725 1507 3013 1577 sciremus,
3042 1519 3095 1566 et
3117 1510 3254 1565 iram
3277 1510 3398 1581 ejus

1809 1611 2030 1669 gravem
2051 1613 2180 1669 erga
2211 1613 2314 1654 nos
2344 1599 2559 1668 placare
2581 1613 2891 1669 possemus.
2929 1599 3010 1655 Illi
3040 1601 3205 1673 igitur
3225 1602 3282 1657 in
3306 1617 3402 1658 ca-

1809 1689 2007 1760 pellam
2049 1690 2271 1748 comitis
2307 1691 2612 1759 venientes,
2655 1707 2752 1763 per
2782 1695 2960 1750 noctis
3001 1695 3263 1762 medium,
3297 1695 3401 1750 Pc-

1810 1789 1979 1849 trum,
2010 1781 2100 1838 cui
2120 1782 2367 1838 lanceam
2410 1782 2783 1852 ostenderant,
2817 1786 3213 1841 excitaverunt.
3245 1785 3402 1841 Tunc

131 1875 202 1928 m‘
220 1874 456 1944 ﬁdeliter
492 1852 788 1947 seniindo,
817 1887 868 1934 et
901 1879 1004 1933 tuti
1029 1894 1142 1934 esse
1181 1852 1504 1951 passi-musa
1532 1886 1606 1944 et,
1657 1852 1705 1931 si
1737 1852 1780 1912 Β
1809 1872 1900 1930 ille
1925 1873 2130 1942 subito,
2154 1873 2349 1930 videns
2374 1889 2472 1930 eos
2499 1874 2733 1931 deformi
2761 1885 2911 1934 veste
2938 1886 2993 1933 et
3022 1877 3408 1934 sordidissima

127 1969 292 2039 gratia
319 1967 419 2024 Dei
447 1976 550 2036 est,
589 1971 772 2026 eodem
791 1971 962 2026 milite
993 1971 1126 2026 duce
1160 1971 1218 2025 in
1259 1968 1559 2026 Jerusalem
1588 1984 1708 2038 per-

123 2063 412 2120 veniamus.-
433 2063 621 2121 Helto!
651 2080 755 2118 non
782 2064 972 2134 sufﬁcit
999 2063 1326 2134 principibus
1350 2063 1546 2118 nostris
1565 2060 1706 2132 quod

119 2155 189 2209 hic
237 2173 342 2226 per
374 2173 576 2211 annum
625 2156 856 2228 fuimus,
899 2164 952 2212 et
1007 2155 1232 2209 ducenta
1289 2153 1466 2208 millia
1526 2169 1710 2208 arma-

114 2254 292 2302 torum
319 2248 406 2303 hic
435 2259 752 2320 consumpta
787 2248 952 2304 sunt?
977 2246 1223 2302 Habeant
1259 2247 1351 2318 qui
1377 2245 1558 2300 volunt
1607 2261 1710 2298 au-

111 2355 221 2392 rum
263 2339 636 2408 imperatoris,
685 2349 854 2410 etque
902 2338 1080 2393 volunt
1113 2338 1354 2392 redditus
1408 2337 1708 2392 Antiochia:

106 2430 360 2486 habeant.
391 2429 507 2486 Nos
529 2441 730 2498 autem,
769 2431 983 2486 Christo
1021 2445 1118 2502 pro
1154 2445 1257 2501 quo
1303 2429 1532 2484 venimus
1554 2429 1706 2496 duce,

104 2522 199 2577 iter
235 2531 490 2578 nostrum
516 2525 913 2596 aggrediamur.
953 2521 1182 2578 Pereunt
1223 2522 1362 2577 male
1405 2522 1496 2593 qui
1527 2521 1709 2576 uolunt

102 2614 354 2670 habitare
371 2615 696 2684 Antiochiw,
720 2617 857 2671 sicut
878 2632 1042 2687 nuper
1062 2613 1388 2670 habitatores
1405 2614 1517 2685 ejus
1538 2615 1710 2685 perie-

102 2718 245 2763 runt.
315 2707 472 2776 Quod
507 2710 558 2764 si
604 2709 717 2764 haec
775 2717 926 2763 tanta
965 2707 1032 2763 lis
1075 2707 1302 2776 diutius,
1351 2716 1563 2778 propter
1597 2706 1709 2761 An-

105 2798 390 2866 tiochiam,
415 2800 599 2867 datur,
653 2799 933 2854 diruemus
961 2814 1138 2853 muros
1154 2797 1289 2868 eius,
1331 2807 1380 2852 et
1438 2812 1546 2868 pax
1591 2812 1710 2868 quat

104 2899 223 2947 ante
282 2899 505 2962 captant
551 2891 825 2946 civitatem
871 2891 1134 2962 principes
1182 2890 1384 2957 tenuit,
1438 2889 1710 2944 destructa

103 2983 326 3038 ciuitate
375 2980 589 3039 eosdem
652 2981 866 3038 tenebit.
910 2982 1183 3054 Alioquin,
1228 2989 1513 3053 antequam
1568 2980 1709 3051 fame

105 3073 325 3130 camino
360 3084 416 3130 et
470 3075 632 3130 taedio
654 3075 742 3130 hic
767 3075 1096 3146 deﬁciamus,
1137 3074 1208 3130 ad
1252 3075 1470 3145 propria
1519 3075 1708 3129 reverti

1808 1968 2051 2037 indutos,
2083 1970 2305 2026 scriniis
2355 1970 2448 2026 ubi
2491 1971 2736 2042 reliquiae
2773 1971 3068 2026 manebant
3117 1970 3402 2036 assistere,

1806 2075 2077 2132 pauperes
2101 2076 2226 2118 esse
2246 2061 2464 2132 aliquos
2487 2062 2740 2129 credidit,
2771 2062 2868 2134 qui
2897 2061 3104 2133 aliquid
3126 2061 3194 2118 de
3218 2070 3401 2117 tento-

1808 2151 1891 2206 rio
1928 2152 2127 2208 vellent
2169 2152 2475 2223 subripere.
2524 2153 2655 2209 Erat
2697 2154 2847 2209 enim
2881 2162 3107 2210 sanctus
3152 2153 3408 2209 Andreas

1808 2242 2033 2302 indutus
2060 2245 2244 2300 tunica
2274 2245 2464 2313 veteri,
2506 2254 2561 2300 et
2591 2245 2658 2300 ad
2700 2246 2961 2301 humeros
2988 2245 3226 2315 dirupta,
3251 2252 3306 2299 et
3345 2244 3399 2296 in

1809 2333 2078 2391 foramine
2119 2336 2331 2391 sinistri
2390 2337 2603 2391 humeri
2653 2351 2869 2407 pannus
2911 2336 3128 2392 insutus
3172 2342 3312 2400 erat,
3344 2333 3409 2386 in

1807 2427 2000 2482 dextro
2030 2428 2187 2496 nihil,
2212 2438 2267 2485 et
2315 2427 2494 2483 viliter
2539 2429 2814 2484 calceatus
2854 2436 3001 2494 erat;
3048 2427 3242 2481 beatus
3268 2440 3412 2480 vero

1807 2521 2024 2591 Petrus,
2064 2523 2294 2580 camisia
2325 2537 2540 2595 gressa,
2567 2532 2624 2578 et
2661 2523 2823 2594 longa
2849 2536 3024 2592 usque
3051 2520 3118 2576 ad
3146 2519 3290 2576 talos
3315 2519 3388 2574 in-

1807 2614 1975 2672 dutus
2011 2623 2147 2671 erat.
2177 2614 2335 2670 Tunc
2370 2614 2447 2671 ait
2474 2615 2544 2670 ad
2569 2629 2667 2670 eos
2695 2613 2891 2670 Petrus
2918 2611 3352 2669 Bartholomaeus
3384 2631 3398 2664 :

1811 2704 1917 2772 Qui
1945 2709 2093 2774 estis,
2145 2706 2385 2774 Domini,
2414 2705 2493 2761 uel
2534 2706 2664 2777 quid
2703 2705 2984 2777 queritis?
3024 2703 3091 2759 Et
3120 2701 3406 2773 respondit-

1808 2797 2004 2854 beatus
2028 2798 2226 2856 Petrus
2255 2817 2269 2854 :
2306 2797 2496 2870 Legati
2539 2813 2722 2854 sumus
2745 2797 2864 2853 Dei.
2894 2795 3009 2868 Ego
3036 2812 3154 2852 sum
3179 2794 3397 2859 Petrus,

1806 2896 1862 2946 et
1893 2889 1992 2944 iste
2026 2897 2106 2944 est
2143 2889 2406 2944 Andreas.
2439 2887 2546 2946 Sed
2575 2890 2838 2945 voluimus
2866 2891 2962 2944 tibi
2994 2890 3049 2943 in
3089 2889 3186 2943 hoc
3214 2888 3404 2942 habitu

1810 2994 2084 3050 apparere,
2128 2987 2188 3034 ut
2222 2995 2506 3050 cognoscas
2535 2987 2793 3051 quantum
2819 2979 3033 3057 pro/icit
3056 2979 3146 3048 qui
3175 2977 3286 3032 Deo
3313 2978 3402 3032 de-

1809 3079 1924 3125 vote
1948 3071 2144 3136 servit;
2181 3071 2281 3126 hac
2307 3072 2364 3124 in
2388 3079 2548 3127 etate
2573 3081 2625 3126 et
2655 3071 2861 3140 habitu,
2891 3070 3074 3142 quales
3109 3085 3200 3125 nos
3230 3071 3397 3136 rides,

105 3153 376 3210 debemus.
549 3162 716 3258 atque
737 3154 858 3258 aliis
879 3154 946 3211 de
966 3155 1153 3258 causis
1185 3154 1493 3258 discordem
1516 3169 1704 3258 pacet!)
1733 3195 1779 3258 Ο
1809 3162 1881 3217 ad
1903 3161 2074 3218 Deum
2116 3163 2373 3230 uenimus,
2400 3172 2451 3218 ct
2475 3162 2608 3218 tales
2631 3179 2836 3217 sumus.
2867 3160 2936 3217 Et
2962 3163 3066 3219 hoc
3093 3163 3242 3218 dicto
3265 3162 3410 3219 tales.

106 3259 294 3304 tones
319 3254 374 3302 et
398 3245 741 3304 Boimundus
767 3247 909 3304 inter
943 3263 1004 3305 se
1023 3247 1290 3306 fecerunt.
1319 3248 1489 3322 Igitur
1512 3247 1704 3306 termi-

109 3347 232 3394 nato
269 3338 393 3409 die,
437 3338 666 3411 jubetur
705 3340 942 3412 populus
990 3341 1286 3414 praeparari
1335 3341 1405 3398 ad
1446 3341 1703 3401 devotum

110 3427 223 3487 iter.

691 3522 921 3580 CAPUT
958 3523 1126 3580 XXII.

166 3612 514 3685 Praeparatis
549 3615 716 3688 igitur
740 3617 1089 3685 necessariis,
1120 3616 1211 3673 die
1233 3616 1552 3684 constituta,
1578 3631 1706 3687 pro-

109 3703 288 3764 lectus
315 3718 402 3765 est
423 3723 612 3767 comes
640 3708 829 3767 Sancti
855 3707 1081 3782 Egidii,
1109 3718 1165 3766 et
1187 3724 1374 3767 comes
1403 3708 1705 3766 Flandren-

109 3799 177 3855 sis
197 3799 262 3854 in
292 3798 514 3873 Syriam
533 3819 550 3869 ;
567 3801 754 3873 ibique
771 3799 1032 3871 Marram,
1057 3799 1386 3858 ditissimam
1406 3800 1702 3869 civitatem,

110 3898 154 3945 et
173 3889 517 3962 populosam
541 3892 895 3950 obsederunt.
917 3891 1052 3949 Erat
1075 3904 1257 3949 autem
1277 3891 1456 3949 Marra
1485 3909 1516 3949 a
1535 3882 1705 3949 Barra

111 3979 268 4056 longe
295 3993 428 4041 octo
455 3985 802 4043 milliaribus.
831 3984 902 4041 Et
925 3993 1085 4042 erant
1105 3985 1254 4042 cives
1278 3983 1472 4041 Marrae
1500 3983 1576 4041 ita
1611 4000 1706 4041 su-

111 4075 282 4142 perbi,
315 4075 450 4147 quia
476 4075 716 4147 quodam
760 4084 1009 4148 tempore
1035 4075 1093 4131 in
1137 4074 1376 4147 quadam
1414 4089 1597 4147 pugna
1637 4074 1706 4132 de

112 4165 322 4219 nostris
348 4164 559 4221 ultos
581 4166 916 4234 occiderant,
937 4172 992 4222 et
1010 4163 1278 4222 exercitui
1302 4172 1496 4220 nostro
1531 4163 1703 4220 male-

113 4253 389 4324 dicehant,
415 4264 475 4312 et
509 4257 982 4327 conviciabantur,
1007 4264 1064 4313 et
1092 4265 1153 4313 ut
1181 4255 1418 4312 maxime
1446 4270 1549 4312 nos
1577 4271 1705 4327 pro-

113 4357 396 4417 vocarent,
426 4364 622 4406 cruces
649 4365 815 4422 super
845 4364 1036 4408 muros
1076 4356 1364 4422 ponentes,
1396 4349 1585 4406 multis
1614 4350 1702 4406 in-

110 4437 269 4507 juriis
291 4454 388 4496 eas
416 4437 743 4496 aﬁidebant.
775 4439 890 4498 Hac
929 4441 1116 4512 itaque
1144 4440 1214 4498 de
1239 4456 1430 4508 causa,
1464 4441 1703 4498 secunda

1808 3252 2034 3310 fuerunt
2063 3263 2125 3310 ut
2166 3254 2304 3310 nihil
2334 3254 2416 3311 eis
2444 3254 2672 3323 clarius,
2706 3255 2844 3310 nihil
2872 3255 3177 3326 pulchrius.
3206 3253 3405 3311 Petrus

1805 3357 1938 3400 vero
1965 3343 2062 3416 qui
2105 3345 2222 3401 haec
2250 3345 2486 3414 videbat,
2533 3345 2715 3403 subita
2759 3346 3008 3403 claritate
3050 3345 3400 3417 perterritus,

1806 3436 1975 3493 veluti
2007 3445 2262 3495 mortuus
2290 3439 2489 3496 cecidit
2531 3439 2587 3494 in
2627 3447 2852 3509 terram,
2885 3449 2940 3496 et
2960 3455 3074 3511 prae
3095 3439 3262 3495 nimia
3293 3455 3395 3495 an-

1806 3529 1986 3600 gustia
2013 3529 2242 3598 sudans,
2265 3539 2474 3588 nattam
2502 3547 2670 3603 super
2707 3547 2878 3604 quam
2902 3533 3178 3589 ceciderat
3198 3532 3386 3587 hume-

1807 3619 1955 3678 fecit.
1987 3620 2145 3680 Tunc
2164 3623 2398 3680 elevavit
2428 3640 2556 3680 eum
2583 3625 2777 3681 beatus
2810 3623 3026 3692 Petrus,
3050 3633 3106 3680 et
3133 3624 3273 3680 dixit
3297 3623 3350 3678 ei
3381 3641 3395 3677 :

1806 3712 2015 3770 Leviter
2036 3715 2295 3771 cecidisti.
2330 3715 2398 3774 Et
2421 3717 2511 3774 ille
2538 3716 2822 3788 respondit
2849 3737 2864 3774 :
2896 3716 2985 3772 Ita
3026 3725 3127 3785 est,
3156 3716 3394 3772 domine.

1807 3804 1876 3863 Et
1902 3823 2100 3866 rursus
2123 3808 2316 3866 beatus
2335 3808 2528 3867 Petrus
2553 3829 2568 3866 :
2595 3809 2686 3866 Sic
2713 3810 2902 3866 cadent
2921 3826 3102 3866 omnes
3121 3811 3213 3882 qui
3235 3810 3293 3864 in
3315 3810 3406 3863 in-

1805 3900 2120 3957 credulitate
2148 3901 2226 3957 oel
2256 3904 2675 3975 transgressione
2707 3905 3084 3959 mandatorum
3112 3903 3212 3960 Dei
3250 3913 3394 3959 sunt.

1807 3992 1912 4049 Sed
1934 3995 1984 4049 si
2011 3996 2262 4066 paeniteat
2313 4011 2400 4051 eos
2427 3997 2493 4052 de
2524 3997 2825 4068 malefactis
2869 3998 3002 4065 suis,
3033 4006 3086 4052 et
3125 3997 3194 4051 ad
3227 3996 3400 4051 Deum

1805 4083 2056 4153 clament,
2085 4087 2244 4159 erigit
2270 4103 2357 4144 eos
2384 4089 2667 4158 Dominus,
2690 4091 2830 4144 sicut
2857 4105 2951 4161 ego
2972 4105 3094 4144 cum
3119 4089 3407 4144 cecidisses

1807 4183 1857 4232 te
1883 4178 2048 4234 erexi.
2083 4176 2155 4232 Et
2183 4179 2324 4234 sicut
2351 4179 2517 4236 sudor
2545 4188 2666 4236 tuus
2695 4181 2771 4236 ibi
2799 4197 2956 4253 super
2976 4191 3184 4236 nattam
3208 4181 3405 4237 cecidit

1804 4280 1855 4326 et
1884 4274 2166 4343 remansit,
2186 4275 2265 4329 sic
2296 4283 2514 4346 peccata
2540 4277 2610 4330 ad
2633 4293 2687 4332 se
2714 4276 3066 4332 clamantium
3094 4277 3236 4332 tollit
3257 4276 3400 4332 Deus

1803 4371 1855 4418 et
1889 4364 2088 4436 aufert.
2133 4365 2235 4421 Dic
2260 4367 2392 4423 mihi
2425 4371 2685 4440 quomodo
2712 4385 2767 4424 se
2809 4369 2965 4424 habet
3005 4371 3312 4426 exercitus?
3334 4369 3401 4425 Et

1805 4457 2089 4528 respondit
2113 4459 2244 4515 ille:
2294 4457 2467 4528 Certe,
2493 4461 2723 4528 domine,
2761 4462 2820 4516 in
2855 4479 3046 4534 magno
3081 4464 3269 4517 timore
3313 4462 3403 4532 fu-

111 4528 193 4586 die
227 4531 505 4589 adventus
538 4533 736 4601 nostri,
786 4533 861 4591 ita
887 4532 1090 4589 acriter
1131 4547 1227 4589 eos
1267 4533 1704 4605 oppugnavimus

1807 4551 1908 4604 mis
1957 4559 2009 4606 et
2059 4552 2224 4606 totius
2269 4553 2501 4610 miseriae
2530 4564 2674 4610 sunt.
2713 4553 2783 4610 Et
2822 4528 3018 4611 beatus
3053 4554 3248 4611 Petrus
3275 4573 3287 4609 :
3313 4528 3400 4608 'Et

112 4631 166 4678 ut
187 4624 238 4680 si
266 4633 516 4696 quatuor
554 4626 735 4682 scalas
780 4625 906 4696 plus
931 4625 1340 4693 habuissemus,
1373 4634 1528 4696 capta
1560 4636 1705 4684 esset

109 4713 328 4784 civitas,
349 4715 449 4772 sed
469 4717 730 4787 quoniam
754 4732 864 4773 non
885 4717 1189 4774 habuimus
1205 4719 1311 4775 nisi
1333 4719 1492 4787 duas,
1509 4729 1565 4776 et
1584 4720 1705 4777 illas

107 4805 330 4861 easdem
355 4806 553 4862 breves
586 4815 643 4862 et
669 4805 910 4880 fragiles,
936 4808 1073 4864 adeo
1111 4818 1170 4864 ut
1205 4809 1392 4866 timide
1417 4825 1584 4881 super
1609 4826 1704 4868 eas

107 4897 408 4953 ascendere
443 4897 792 4968 timebamus,
825 4900 1138 4957 consultum
1161 4909 1248 4958 est
1274 4911 1334 4958 ut
1369 4903 1562 4958 ﬁerent
1583 4918 1702 4959 ma-

107 4988 288 5046 chinae
307 4998 363 5045 et
384 4998 589 5058 uates,
611 4999 668 5046 et
688 5006 934 5065 aggeres,
958 4993 1160 5064 quibus
1180 4993 1550 5065 impelleretur
1577 5011 1702 5052 mu-

107 5096 219 5151 rus,
271 5092 331 5139 et
373 5084 729 5153 eﬂ’oderetur,
767 5095 826 5142 et
868 5096 1264 5158 coacquaretur.
1302 5085 1511 5144 Interea
1555 5090 1705 5146 venit

107 5170 454 5233 Boimundus
477 5191 606 5232 cum
629 5179 870 5235 exercitu
894 5193 1017 5247 suo,
1046 5187 1100 5234 et
1123 5178 1337 5235 obsedit
1361 5195 1484 5235 eam
1505 5195 1571 5236 ex
1596 5181 1702 5237 alia

109 5275 264 5336 parte
286 5285 304 5334 ;
345 5285 553 5326 rursus
577 5284 690 5326 non
715 5273 1049 5343 comparatis
1067 5272 1427 5330 armamentis
1457 5289 1580 5345 qua:
1607 5289 1703 5330 su-

114 5372 203 5428 pra
249 5361 518 5431 diximus,
576 5364 739 5434 quasi
779 5379 878 5435 per
926 5365 1364 5422 cohortationem
1411 5365 1700 5424 Boimundi

114 5455 199 5522 qni
231 5456 406 5527 priori
436 5458 837 5530 oppugnationi
853 5474 963 5516 non
991 5457 1262 5528 adfuerat,
1287 5458 1565 5517 voluimus
1586 5461 1702 5516 val-

116 5543 216 5602 lum
255 5549 611 5621 complendo,
644 5550 903 5608 invadere
936 5566 1178 5608 murum.
1216 5550 1323 5608 Sed
1360 5553 1468 5609 hoc
1498 5551 1699 5609 frustra

116 5633 233 5708 fuit;
261 5658 392 5699 nam
425 5644 609 5700 multo
641 5642 883 5700 deterius
920 5659 1086 5716 quam
1127 5655 1306 5713 antea,
1336 5653 1467 5701 tunc
1491 5661 1700 5717 pugna-

117 5735 216 5788 tam
253 5744 359 5793 est.
395 5734 534 5792 Post
569 5735 694 5791 hac
735 5743 886 5791 tanta
921 5735 1093 5794 fames
1126 5738 1182 5793 in
1221 5737 1463 5794 exercitu
1495 5736 1598 5793 fuit
1641 5747 1701 5793 ut

109 5829 241 5901 quod
269 5830 424 5890 dictu
457 5839 550 5889 est
591 5829 934 5899 miserabile,
959 5831 1080 5904 plus
1115 5848 1279 5903 quam
1303 5832 1489 5890 decem
1531 5831 1700 5887 millia

1810 4658 1989 4698 revera
2035 4643 2092 4698 in
2127 4661 2318 4717 magno
2351 4647 2538 4703 timore
2564 4664 2676 4703 esse
2698 4657 2939 4720 possunt,
2965 4650 3056 4720 qui
3083 4647 3253 4703 Deum
3277 4663 3398 4700 om-

1809 4739 2129 4806 nipotentem
2163 4739 2528 4808 deseruerunt,
2573 4758 2666 4797 nec
2708 4741 3066 4812 periculorum
3106 4741 3171 4795 de
3209 4739 3407 4811 quibus

1806 4831 1946 4884 eruit
1964 4846 2052 4885 eos
2078 4831 2445 4900 recordamur,
2469 4842 2530 4887 ut
2555 4833 2790 4905 aliquam
2815 4835 3045 4904 gratiam
3072 4833 3122 4886 ei
3144 4832 3397 4901 referant.

1809 4912 2023 4970 Etenim
2044 4933 2164 4972 cum
2191 4918 2307 4972 illic
2327 4920 2514 4973 essetis
2541 4935 2740 4985 omnes,
2777 4919 2910 4973 uicti
2935 4927 2986 4973 et
3017 4917 3290 4971 humiliati
3316 4919 3402 4972 iu-

1809 5009 1896 5078 fra
1925 5008 2287 5078 Antiochiam,
2317 5012 2446 5082 quia
2479 5009 2754 5065 clamastis
2803 5010 2874 5064 ad
2915 5009 3202 5065 Dominum
3245 5009 3399 5075 adeo,

1809 5109 1866 5154 ut
1896 5113 1991 5156 nos
2025 5103 2117 5173 qui
2151 5103 2207 5156 in
2245 5102 2376 5157 caelo
2415 5118 2626 5157 eramus
2660 5119 2838 5157 omnes
2871 5102 3199 5167 audiremus,
3229 5118 3401 5156 exau-

1806 5189 1938 5245 divit
1964 5206 2052 5246 oos
2082 5190 2362 5258 Dominus,
2394 5199 2445 5246 et
2473 5191 2714 5246 lanceam
2747 5208 2901 5246 suam
2921 5193 3078 5263 quasi
3104 5192 3295 5263 pignus
3322 5194 3404 5247 vi-

1807 5288 1990 5342 ctoriae
2018 5289 2160 5342 vobis
2191 5287 2447 5352 contulit;
2482 5287 2672 5342 deinde
2718 5286 2944 5356 miriﬁce
2985 5293 3036 5341 et
3078 5285 3308 5357 gloriose
3336 5287 3403 5340 de

1806 5376 2039 5431 inimicis
2063 5378 2276 5446 vestris,
2303 5377 2396 5449 qui
2416 5393 2505 5432 vos
2533 5377 2866 5444 obsederant,
2887 5376 3218 5447 triumphare
3248 5375 3396 5446 fecit.

1808 5464 1880 5520 Et
1912 5483 2050 5524 nunc
2092 5467 2352 5538 quomodo
2385 5467 2612 5523 creditis
2635 5484 2724 5523 vos
2757 5483 2869 5524 esse
2893 5476 3056 5536 tutos,
3093 5468 3185 5539 qui
3224 5465 3398 5521 Deum

1806 5561 2040 5633 grauiter
2063 5559 2402 5629 offendistis?
2433 5557 2694 5615 Poterunt
2727 5574 2815 5615 uos
2838 5569 3046 5615 montes
3072 5557 3289 5621 excelsi,
3315 5555 3396 5612 uel

1806 5661 1964 5706 antra
1992 5651 2168 5705 tueri?
2194 5649 2406 5706 Etenim
2428 5650 2476 5704 si
2512 5651 2697 5706 essetis
2731 5651 2788 5705 in
2811 5649 2991 5721 aliqua
3018 5649 3134 5703 loco
3167 5645 3394 5712 excelso,

1805 5750 1852 5794 et
1879 5741 2208 5809 firmissimo,
2251 5750 2300 5796 et
2336 5741 2680 5797 abundaretis
2721 5741 2960 5795 omnibus
2995 5740 3118 5793 vitte
3155 5751 3396 5790 necessa—

1808 5835 1924 5905 riis,
1953 5850 2054 5889 non
2091 5845 2266 5890 tamen
2287 5837 2458 5891 securi
2486 5837 2704 5905 possetis
2729 5852 2861 5903 esse,
2889 5847 3005 5888 cum
3031 5829 3310 5893 unicuique
3332 5827 3400 5897 tl.
