3846 6306
535 396 642 452 627
747 445 760 454 ,

1117 396 1208 451 AD
1245 391 1698 452 GODEPRIDUM
1737 392 2030 450 sereno.
2075 392 2140 450 n.
2177 422 2249 433 -
2293 391 2565 450 nomen.
2608 389 2697 445 DE
2733 389 2956 445 κει.ιο
2997 349 3242 446 δΑεηό.
3679 392 3748 449 es

529 510 674 564 vobis
700 516 912 564 centum
935 508 1110 563 millia
1139 508 1567 563 adversariorum
1589 504 1942 582 iniminercnt.
1967 503 2118 560 Inter
2148 507 2194 564 A
2219 513 2373 562 extra
2400 520 2608 562 muros.
2635 505 2838 576 Sicque
2869 519 2980 560 non
3014 503 3186 559 multa
3211 503 3387 573 spolia
3410 509 3564 572 capta
3589 500 3751 564 fuerunt

528 616 619 655 vos
658 601 826 656 credes
846 609 898 655 et
940 601 1144 670 rapina:
1181 608 1326 663 sunt,
1352 606 1404 653 et
1432 598 1602 668 furta,
1637 596 1787 652 nulla
1803 597 2044 666 justitia,
2068 605 2118 650 et

527 693 764 763 plurima
810 691 1098 759 adulteria,
1128 707 1247 745 cum
1295 690 1405 744 Deo
1431 689 1691 759 placitum
1733 691 1824 756 sit,
1855 690 1901 743 si
1931 705 2118 744 uxores

529 802 614 840 eos
651 800 828 838 omnes
853 784 1086 838 dueatis.
1128 782 1206 836 De
1225 781 1444 851 justitia
1469 797 1606 848 vero,
1639 783 1718 835 sic
1745 782 1988 851 praecipit
2014 781 2122 834 Do—

528 877 731 941 minus,
782 883 840 929 ut
893 875 1189 946 quicunque
1229 873 1452 942 pauperi
1502 872 1808 927 violentiam
1854 872 2118 939 intulerit,

527 965 784 1038 quidquid
821 975 899 1020 est
927 967 983 1018 in
1003 965 1158 1018 domo
1189 965 1537 1034 oppressoris,
1581 965 1896 1034 publicetur.
1922 965 2000 1020 De
2026 964 2121 1019 de-

526 1059 677 1112 cimis
699 1066 878 1112 autem
901 1058 1041 1123 dico,
1064 1058 1204 1127 quod
1223 1057 1272 1110 si
1293 1073 1382 1111 eas
1405 1056 1665 1124 reddatis,
1688 1052 1947 1128 quidquid
1974 1058 2116 1111 vobis

527 1165 726 1203 necesse
763 1148 948 1217 fuerit,
992 1148 1192 1201 donare
1240 1157 1464 1218 paratus
1510 1159 1609 1203 est.
1668 1149 1950 1205 Civitatem
2000 1165 2116 1205 vero

522 1240 703 1308 istam,
729 1257 826 1311 pro
854 1257 955 1294 sua
1003 1240 1397 1307 misericordia,
1433 1251 1486 1296 et
1527 1258 1632 1296 non
1660 1259 1756 1313 pro
1791 1243 1994 1299 meritis
2039 1258 2118 1298 oe-

521 1332 670 1397 stris,
706 1331 928 1386 donabit
979 1332 1146 1388 vobis.
1189 1333 1329 1389 Cum
1370 1341 1553 1389 autem
1589 1335 1707 1390 haec
1737 1350 1899 1390 mane
1928 1333 2117 1391 comiti

521 1424 829 1480 nuntiasset
874 1425 1100 1493 Petrus,
1151 1426 1475 1483 convocavit
1517 1427 1780 1499 populum
1824 1429 2115 1499 episcopus

521 1514 903 1572 Anrasicensis
925 1526 981 1572 et
1005 1517 1210 1586 Borrae,
1239 1527 1292 1574 et
1323 1535 1490 1590 supra
1521 1519 1726 1590 scripta
1751 1519 1832 1575 eis
1856 1519 2115 1589 exposui-

520 1622 668 1662 mus.
716 1607 954 1662 Adducti
1002 1607 1169 1678 igitur
1204 1607 1393 1665 ﬁdeles
1430 1609 1489 1663 in.
1538 1624 1795 1680 magnam
1826 1623 1978 1678 spem
2020 1623 2114 1664 ca-

519 1698 730 1766 pienda:
773 1699 1032 1766 civitatis,
1074 1700 1415 1770 largissimas
1453 1701 1852 1773 eleemosynas,
1893 1710 1949 1756 et
1983 1716 2113 1757 ora-

521 1792 698 1846 tiones
729 1789 841 1847 Deo
877 1792 1242 1862 omnipotenti
1274 1792 1597 1860 offerebant,
1633 1801 1696 1849 ut
1733 1793 1943 1864 plebem
1976 1809 2113 1864 pau-

2223 596 2281 651 in
2309 596 2552 652 civitate.
2582 595 2796 652 Interea
2824 605 2943 650 orta
2969 593 3365 650 est.contentio
3391 592 3532 647 inter
3559 595 3751 654 homines

2220 687 2511 744 Boimu-ndi
2533 696 2583 744 et
2608 687 2850 755 comitis,
2879 687 2951 742 ob
2985 687 3111 753 hoc,
3141 685 3274 756 quia
3299 701 3427 740 cum
3463 685 3648 741 milites
3666 686 3751 742 Boi-

2221 782 2413 837 mundi
2445 781 2840 854 oppugnationi
2864 796 2974 837 non
2997 780 3234 835 multum
3265 779 3606 844 institissent,
3631 781 3753 851 pluriu

2219 889 2372 928 mum
2414 881 2592 929 turres
2622 882 2678 928 et
2712 873 2932 939 domos,
2971 881 3026 926 et
3063 871 3312 942 captivos
3339 871 3651 926 obtinerent.
3687 873 3752 926 lli.

2218 967 2390 1024 rabile
2427 967 2701 1038 quoddam
2725 966 2928 1023 fecerat
2972 965 3047 1020 ibi
3087 964 3376 1021 Dominus.
3407 963 3634 1033 Etenim,
3665 983 3752 1022 cum

2217 1065 2344 1113 ante
2372 1066 2585 1128 captam
2629 1056 2865 1112 Mari-am
2892 1065 3160 1127 praecepta
3187 1065 3507 1112 sanctorum
3533 1059 3753 1126 apostolo-

2219 1164 2344 1203 rum
2376 1147 2529 1203 Petri.
2551 1157 2605 1203 et
2631 1148 2887 1216 Andreae,
2928 1148 3074 1203 sicut
3101 1163 3266 1218 supra
3313 1146 3576 1216 scriptum
3601 1157 3684 1214 est,
3707 1149 3754 1203 stl

2216 1241 2478 1310 populum
2525 1255 2951 1310 exponeremus,
3001 1239 3176 1296 irrisit
3221 1254 3327 1294 nos
3357 1237 3692 1306 Bnimundus,
3721 1251 3756 1298 et

2215 1332 2354 1388 socii
2392 1331 2532 1403 ejus.
2583 1331 2774 1404 itaque
2818 1347 2920 1388 nec
2964 1332 3081 1402 ipse
3115 1347 3216 1387 nec
3254 1330 3350 1402 qui
3383 1346 3512 1386 cum
3539 1347 3599 1387 eo
3620 1344 3755 1400 erant,

2214 1439 2410 1494 pugna:
2431 1423 2776 1495 profuerunt,
2801 1424 2899 1480 sed
2929 1424 3110 1494 potius
3131 1424 3383 1480 oberant.
3408 1422 3609 1478 Etcum
3632 1425 3756 1480 modo

2213 1516 2449 1587 plurima
2480 1517 2743 1572 haberent
2776 1515 2974 1586 spolia,
2998 1515 3220 1586 quidam
3243 1515 3312 1570 de
3352 1514 3557 1570 familia
3588 1517 3758 1572 comitis

2215 1607 2435 1678 indigne
2472 1607 2741 1663 ferebant.
2775 1606 2985 1662 Tamen
3027 1606 3171 1662 inter
3198 1607 3350 1678 ipsos
3383 1606 3627 1663 dominos
3651 1609 3758 1665 male

2213 1697 2632 1764 conrenicbant,
2661 1697 2732 1752 ob
2755 1697 2862 1752 hoc
2890 1696 3038 1768 quod
3064 1713 3248 1752 comes
3273 1697 3489 1751 volebat
3515 1696 3635 1752 dare
3655 1698 3757 1753 civi-

2215 1797 2382 1844 tatem
2423 1789 2680 1860 episcopo
2723 1788 3062 1856 Albariensi;
3109 1798 3163 1844 et
3204 1787 3546 1844 Boimundus
3587 1789 3761 1845 nolebat

521 1891 716 1945 perum
741 1891 990 1944 suorum,
1016 1893 1114 1949 pro
1135 1879 1254 1934 solo
1276 1879 1500 1935 nomine
1521 1895 1622 1936 suo
1645 1880 1920 1936 liberaret.
1948 1880 2114 1936 Fiunt
2143 1867 2187 1926 Β
2214 1881 2488 1936 dimittere
2517 1881 2788 1950 quasdam
2817 1891 3016 1949 turres,
3047 1897 3172 1951 qua:
3213 1897 3274 1936 se
3320 1880 3376 1935 ei
3404 1881 3670 1946 dederant,
3697 1882 3759 1936 div

519 1974 703 2038 itaque
730 1978 855 2038 post
882 1969 997 2026 base
1040 1970 1298 2026 velociter
1325 1971 1507 2039 scalae,
1533 1978 1588 2027 et
1614 1971 1781 2027 turris
1807 1972 1985 2042 lignea
2013 1986 2110 2027 ex-

517 2059 768 2128 struitur,
794 2069 848 2117 et
869 2069 1049 2118 crates
1065 2063 1396 2134 junguntur,
1421 2072 1475 2119 et
1496 2063 1788 2120 terminata
1812 2063 1901 2120 die
1926 2062 2108 2136 pugna

516 2150 793 2222 incipitur.
825 2152 897 2209 At
937 2170 1068 2210 vero
1095 2155 1173 2210 illi
1205 2156 1300 2226 qui
1350 2154 1493 2210 infra
1518 2155 1793 2212 civitatem
1840 2165 2020 2223 erant,
2050 2157 2107 2210 in

513 2251 758 2312 nostros,
794 2245 891 2314 qui
920 2260 1141 2300 murum
1173 2245 1562 2313 suffodiebant,
1596 2247 1804 2318 lapides
1834 2263 1958 2304 cum
1988 2256 2105 2303 tor-

514 2334 734 2402 mentis,
777 2343 832 2392 et
862 2336 988 2404 tela,
1015 2346 1068 2392 et
1095 2336 1298 2409 ignem,
1328 2347 1383 2394 et
1420 2339 1588 2410 ligna,
1621 2348 1676 2396 et
1711 2340 1948 2396 alvearia
1977 2357 2104 2396 cum

509 2426 706 2496 apibus
751 2436 806 2484 ct
854 2429 1056 2486 calcem
1116 2430 1422 2500 permistim
1474 2431 1771 2502 jaciebant.
1832 2432 2104 2506 Sed,.Dei

510 2518 708 2576 virtute
729 2529 784 2576 et
807 2520 1207 2590 misericordia,
1230 2523 1442 2579 nullum
1465 2525 1550 2580 vel
1572 2540 1778 2595 paucos
1804 2525 1872 2582 de
1897 2525 2104 2582 nostris

509 2609 615 2665 ista
661 2611 945 2668 lmdebant.
977 2611 1163 2670 Nostri
1211 2631 1340 2672 vero
1385 2632 1511 2672 cum
1557 2618 1812 2688 petrariis
1849 2627 1904 2676 et
1941 2619 2104 2676 scalis

509 2716 731 2757 murum
761 2703 1110 2774 imperterriti
1158 2707 1634 2780 aggrediebantur.
1677 2708 1876 2774 Tenuit
1918 2719 2101 2766 autem

509 2793 627 2850 haec
651 2811 836 2866 pugna
857 2797 928 2852 ab
959 2806 1082 2854 ortu
1104 2799 1240 2859 solis
1270 2816 1444 2872 usque
1473 2801 1543 2857 ad
1572 2816 1853 2870 occasum,
1889 2804 1965 2858 ita
1993 2803 2100 2858 mi-

506 2884 753 2941 rabiliter
795 2894 856 2942 ut
886 2887 1019 2943 nulli
1058 2905 1302 2961 unquam
1348 2890 1570 2962 requies
1598 2893 2020 2961 concederetur;
2048 2903 2103 2951 et

507 2978 689 3034 adhuc
715 2978 782 3034 de
822 2979 1051 3036 victoria
1076 2981 1448 3038 dubitabatur.
1481 2981 2098 3042 Tandemexclamave-

505 3082 634 3126 runt
672 3074 1005 3130 unanimiter
1036 3090 1234 3132 omnes
1258 3075 1328 3132 ad
1359 3075 1676 3144 Dominum,
1707 3085 1769 3132 ut
1807 3078 1949 3149 plebi
1985 3094 2099 3136 sua:

504 3164 776 3234 propitius
809 3165 986 3235 ﬁeret,
1032 3177 1086 3224 et
1132 3170 1508 3240 apostolorum
1558 3187 1784 3227 suorum
1826 3173 2096 3243 promissa

504 3257 844 3329 adimpleret.
869 3261 1059 3317 Adfuit
1096 3262 1244 3319 illico
1272 3262 1560 3332 Dominus,
1596 3274 1650 3320 et
1677 3265 1977 3332 civitatem,
2015 3283 2103 3324 se-

507 3350 748 3405 cundum
770 3354 1146 3423 apostolorum
1173 3355 1342 3422 dicta,
1379 3357 1539 3414 nobis
1567 3358 1810 3414 donavit.
1842 3359 2104 3416 Ascendit

500 3452 628 3498 ante
648 3459 843 3501 omnes
869 3445 1146 3504 Colferius
1175 3447 1244 3503 de
1282 3446 1586 3517 Turribus;
1627 3465 1792 3521 quem
1817 3451 2101 3508 subsecuti

503 3543 634 3589 sunt
662 3537 868 3606 plures,
897 3537 997 3609 qui
1028 3555 1249 3596 murum
1278 3549 1332 3597 et
1353 3543 1621 3613 quasdam
1653 3553 1834 3601 turres
1857 3546 2099 3604 civitatis

501 3625 843 3685 invaserunt.
877 3629 944 3685 Et
981 3647 1088 3688 nox
1122 3635 1545 3704 superveniens,
1567 3653 1807 3710 pugnam.
1851 3638 2095 3696 diremit.

505 3716 835 3778 Retinebant
883 3723 1065 3784 adhuc
1116 3725 1404 3785 Sarraceni
1460 3731 1728 3801 quasdam
1781 3741 1996 3800 turres,
2045 3743 2101 3790 et

500 3823 712 3885 partem
754 3817 1139 3876 civitatis..0b
1191 3823 1298 3882 lioc
1338 3823 1523 3896 itaque
1565 3833 1852 3896 sperantes
1896 3826 2098 3882 milites

501 3906 649 3976 quod
677 3923 850 3978 usque
885 3910 941 3965 in
985 3927 1170 3978 mane,
1201 3929 1259 3968 se
1300 3915 1590 3972 Sarraceni
1638 3931 1750 3971 non
1795 3915 2096 3984 dedissent,

498 4004 652 4050 extra
683 4013 874 4056 muros
914 4001 1150 4060 civitatis
1179 4005 1580 4074 custodiebant,
1622 4025 1690 4063 ne
1731 4007 1932 4078 aliquis
1961 4007 2097 4062 sub-

498 4087 817 4156 terfugeret.
842 4091 912 4148 At
950 4111 1079 4151 vero
1127 4097 1164 4152 ii
1197 4098 1401 4170 quibus
1447 4115 1546 4154 sua
1572 4100 1680 4155 vita
1715 4116 1824 4156 nou
1861 4100 2096 4160 multum

499 4181 670 4238 chara
707 4182 909 4254 fuerat,
957 4205 1100 4260 quos
1125 4191 1292 4264 longa
1312 4192 1526 4263 jejunia
1558 4191 1614 4246 in
1657 4193 1743 4248 sui
1774 4194 2095 4264 despectum

497 4272 859 4347 deduxerant,
889 4295 986 4352 per
1019 4283 1199 4340 noctis
1222 4285 1476 4341 tenebras
1501 4284 1706 4340 inferre
1732 4285 1872 4341 bella
1899 4285 2094 4343 Sarra-

497 4366 650 4423 cenis
677 4383 789 4426 non
823 4370 1214 4432 formidabant.
1254 4375 1434 4447 Atque
1462 4377 1544 4433 sic
1569 4392 1861 4447 pauperes,
1888 4386 1943 4434 et
1965 4395 2094 4449 spo-

493 4456 567 4513 lia
593 4461 854 4532 civitatis,
877 4474 933 4521 et
950 4467 1144 4525 domos
1169 4469 1502 4526 habuerunt.
1531 4468 1691 4525 Mane
1719 4478 1902 4527 autem
1924 4471 2092 4540 facto,

2211 1987 2382 2027 cens:
2428 1970 2553 2026 Nisi
2593 1989 2764 2026 comes
2800 1973 3066 2026 dimiserit
3107 1971 3236 2024 milii
3284 1980 3458 2025 turres
3488 1971 3761 2039 Antiochia,

2209 2081 2314 2120 non
2339 2066 2386 2120 ei
2413 2067 2741 2121 consentiam
2774 2067 2832 2120 in
2860 2065 3064 2136 aliquo.

2769 2157 2999 2216 CAPUT
3040 2158 3232 2213 XXIII.

2277 2251 2487 2308 Interea
2517 2253 2584 2308 de
2606 2252 2802 2308 itinere
2843 2253 3045 2308 milites
3076 2260 3133 2308 et
3161 2252 3399 2322 populus
3423 2263 3763 2321 qumrerccm-
3844 2263 3846 2270 '

2205 2335 2425 2416 perunt,
2456 2345 2680 2415 quando
2707 2343 3052 2415 principibus
3077 2342 3320 2413 placeret
3361 2350 3421 2396 ut
3453 2340 3763 2410 inciperetur.

2206 2435 2419 2492 Etenim
2452 2436 2580 2493 licet
2603 2451 2671 2491 ex
2713 2436 2878 2506 longo
2909 2443 3153 2506 tempore
3183 2433 3485 2502 inemptum
3508 2441 3649 2488 esset
3671 2432 3764 2495 iter,
3844 2463 3846 2472 ι

2206 2536 2387 2583 tamen
2436 2526 2685 2598 quotidie
2729 2525 3016 2582 videbatur
3065 2523 3227 2579 nobis
3282 2521 3472 2591 incipi,
3522 2536 3644 2576 cum
3691 2519 3770 2574 iter

2204 2633 2513 2690 ageremus,
2567 2618 2700 2690 quia
2754 2617 3000 2672 nondum
3054 2614 3237 2671 fuerat
3277 2613 3628 2684 completum.
3672 2611 3770 2667 Boi-

2203 2712 2442 2767 mundus
2469 2711 2686 2767 dicebat
2707 2711 2856 2782 quod
2896 2725 3073 2780 usque
3113 2709 3170 2763 in
3211 2706 3426 2763 Pascha
3473 2705 3768 2761 diﬁcrretur.
3844 2719 3846 2722 ·

2202 2803 2270 2860 Et
2293 2814 2424 2861 tunc
2450 2814 2568 2861 erat
2600 2812 2814 2874 tempus
2840 2802 3140 2858 Dominicae
3163 2799 3496 2855 Nativitatis.
3529 2796 3766 2867 Despera-

2203 2897 2335 2953 bant
2362 2895 2731 2961 etiamqtnulti,
2759 2909 2826 2950 eo
2852 2893 3000 2965 quod
3023 2893 3182 2964 pauci
3211 2899 3398 2947 essent
3424 2889 3550 2960 equi
3575 2888 3626 2942 in
3645 2902 3774 2941 exer-

2200 2991 2334 3057 citu,
2365 3001 2420 3045 et
2461 2989 2572 3045 dux
2611 2989 2820 3054 aberat,
2862 2995 2918 3042 et
2947 2985 3103 3040 multi
3129 2985 3198 3040 de
3244 2982 3516 3038 militibus
3559 2980 3773 3034 abierant

2199 3083 2266 3138 ad
2289 3082 2616 3137 Balduinum
2641 3081 2707 3136 dc
2731 3080 2920 3135 Roais.
2949 3078 3138 3150 Itaque
3161 3077 3321 3132 multi
3357 3075 3769 3131 revertebantur.

2207 3171 2448 3228 Tandem
2479 3179 2854 3228 convenerunt
2888 3169 3183 3240 episcopus
3208 3165 3572 3232 Albariensis,
3598 3175 3653 3221 et
3674 3164 3776 3233 qui-

2129 3234 2172 3292 C
2204 3264 2333 3320 dam
2387 3264 2600 3320 nobiles
2623 3279 2750 3320 cum
2803 3234 3006 3334 populo
3063 3234 3388 3333 pauperum,
3444 3268 3501 3314 et
3546 3257 3777 3315 comitem

2202 3365 2589 3414 evocaverunt.
2675 3355 2928 3426 Cumque
2987 3355 3282 3425 episcopus
3357 3351 3777 3424 prmdicaticnem

2201 3466 2360 3507 suam
2389 3449 2793 3520 complevisset,
2825 3448 3243 3519 procubuerunt
3272 3446 3497 3510 milites,
3530 3452 3584 3500 et
3621 3441 3780 3497 omnis

2200 3543 2436 3615 populus
2474 3553 2602 3598 ante
2643 3542 2932 3608 comitem;
2959 3548 3015 3596 et
3042 3556 3167 3596 cum
3198 3539 3459 3611 iacrymis
3486 3537 3674 3592 multis
3701 3535 3780 3590 de-

2199 3635 2566 3707 precabantur
2581 3650 2729 3702 cum,
2756 3644 2815 3688 ut
2835 3637 2968 3704 ipse,
2993 3635 3079 3688 cui
3104 3633 3348 3687 lanceam
3364 3648 3520 3686 suam
3540 3630 3779 3686 Dominus

2201 3727 2523 3794 contulerat,
2559 3727 2748 3781 ductor
2773 3736 2824 3780 et
2857 3725 3105 3790 dominus
3144 3725 3410 3779 exercitus
3444 3723 3683 3793 ejusdem
3702 3721 3787 3791 ﬁes

2200 3831 2299 3890 ret,
2331 3821 2582 3876 addentes
2610 3821 2751 3892 quod
2787 3822 2851 3875 ob
2894 3820 2992 3874 hoc
3033 3820 3274 3874 lanceam
3312 3818 3785 3886 Dominicam'proo

2199 3916 2495 3982 meruisset,
2541 3924 2599 3968 ut
2636 3915 2684 3968 si
2732 3913 2833 3968 alii
2873 3914 3138 3984 principes
3183 3913 3523 3983 defecissent,
3561 3911 3674 3981 ipse
3711 3909 3789 3962 ob-
3844 3947 3846 3952 .

2199 4012 2388 4065 noxius
2427 4017 2576 4064 tanto
2611 4009 2861 4079 beneﬁcio
2907 4005 3146 4074 Domini,
3193 4022 3411 4060 securus
3457 4020 3584 4060 cum
3617 3999 3788 4073 populo
3844 4051 3846 4056 .

2196 4119 2410 4174 pergere
2450 4119 2555 4156 non
2591 4101 2928 4173 formidaret.
2968 4100 3243 4170 Alioquin,
3287 4097 3524 4152 traderet
3565 4095 3793 4150 lanceas

2197 4193 2410 4266 populo,
2439 4202 2490 4248 et
2535 4195 2634 4247 iret
2682 4192 2906 4263 populus
2945 4192 3002 4246 in
3045 4189 3370 4256 Jerusalem,
3411 4189 3533 4258 ipso
3562 4184 3791 4248 ,Dosniso

2197 4285 2348 4339 duce.
2380 4281 2676 4338 Dubitabat
2697 4290 2882 4338 autem
2903 4296 3110 4347 comes,
3133 4287 3355 4350 propter
3383 4277 3634 4333 aliorum
3661 4274 3800 4346 prin-

2196 4375 2382 4446 cipum
2413 4372 2742 4441 absentiam,
2778 4381 3031 4428 metuens
3073 4371 3218 4443 quod
3251 4369 3299 4426 si
3329 4370 3447 4440 ipse
3475 4371 3642 4426 solus
3667 4367 3797 4422 diem

2198 4469 2414 4526 itineris
2441 4469 2778 4535 terminaret,
2813 4467 2884 4522 ob
2934 4465 3198 4521 invidiam
3226 4464 3314 4521 sui
3358 4463 3554 4518 caeteri
3598 4476 3710 4516 non
3736 4458 3803 4514 is-

493 4551 728 4654 ingressi
764 4558 968 4616 milites
1004 4561 1304 4630 civitatem,
1337 4578 1464 4634 quae
1504 4563 1609 4619 sibi
1638 4563 1892 4620 tollerent
1919 4580 2093 4636 pauca
2125 4598 2170 4654 Β
2196 4571 2338 4620 sent.
2371 4562 2513 4630 Quid
2550 4561 2760 4618 multa?
2788 4559 3039 4616 Vincitur
3073 4573 3261 4616 comes
3286 4556 3558 4629 lacrymis

493 4645 844 4706 invenerunt.
888 4651 1180 4710 Sarraceni
1205 4670 1338 4710 vero
1373 4656 1761 4712 concluserant
1788 4672 1848 4713 se
1874 4657 1932 4712 in
1960 4675 2086 4729 spe-

491 4756 592 4799 cus
631 4745 1054 4814 subterraneos;
1100 4757 1156 4803 et
1202 4748 1360 4815 nulli,
1406 4750 1491 4804 vel
1537 4749 1700 4820 pauci
1730 4751 2085 4821 apparebant.

491 4841 743 4912 Cumque
777 4841 954 4898 nostri
982 4840 1169 4896 omnia
1199 4856 1323 4911 quas
1349 4857 1514 4912 super
1545 4851 1748 4898 terram
1775 4853 2092 4915 repererant

490 4935 864 4998 sustulissent,
909 4933 1157 4987 arbitrati
1197 4933 1382 4987 omnia
1425 4949 1549 4989 esse
1588 4950 1712 4989 cum
1743 4933 2086 5001 Sarracenis,

489 5042 616 5100 igne
637 5035 692 5084 et
720 5026 876 5082 fumo
911 5025 1210 5095 sulphureo
1234 5033 1391 5079 antra
1420 5026 1833 5096 perquirebant,
1863 5035 1919 5082 et
1955 5027 2085 5098 quia

488 5134 599 5173 non
625 5118 798 5173 multa
826 5117 1001 5187 spolia
1029 5117 1106 5172 ibi
1141 5117 1508 5188 reperiebant,
1541 5133 1682 5188 quos
1708 5127 1962 5189 poterant
1997 5119 2084 5174 in--

491 5212 680 5268 venire
704 5211 772 5267 de
797 5209 1139 5278 Sarracenis,
1182 5211 1356 5266 donec
1383 5211 1459 5266 ad
1475 5219 1730 5279 mortem,
1763 5227 1864 5284 pro
1892 5212 2086 5284 spoliis

489 5303 817 5360 alliciebant.
871 5303 1113 5376 Contigit
1151 5312 1336 5360 autem
1379 5304 1708 5376 quibusdam
1737 5305 1806 5361 de
1853 5306 2081 5374 nostris,

489 5405 552 5451 ut
582 5411 709 5451 cum
745 5395 1080 5451 Sarracenos
1122 5411 1222 5466 pro
1252 5396 1442 5467 spoliis
1468 5412 1572 5467 per
1597 5396 1874 5453 civitatem
1916 5397 2084 5453 duee-

489 5496 633 5555 rent,
676 5505 853 5559 usque
887 5489 955 5544 ad
985 5497 1180 5559 puteos
1225 5489 1516 5545 Sarraceni
1564 5499 1786 5547 nostros
1827 5491 2086 5561 perduce-

488 5583 654 5649 bant;
681 5593 846 5654 atquc
875 5597 934 5638 se
959 5581 1142 5638 subito
1169 5581 1318 5638 intus
1346 5583 1786 5654 praecipitabant,
1819 5582 2084 5654 eligentes

489 5677 666 5750 magis
696 5677 892 5732 mortis
923 5675 1310 5747 compendium
1333 5693 1502 5747 quam
1525 5692 1625 5732 sua
1653 5677 1738 5730 vel
1778 5674 1961 5746 aliqua
1990 5674 2085 5729 de-

487 5778 798 5828 monstrare
826 5771 1046 5827 vellent.
1091 5768 1438 5840 Quapropter
1466 5785 1658 5826 omnes
1697 5769 1861 5824 morti
1904 5767 2086 5838 subja-

485 5873 746 5934 eneruat;
787 5873 841 5921 et
878 5864 1108 5938 projecti
1145 5871 1295 5932 sunt,
1327 5879 1424 5935 per
1465 5862 1693 5936 paludes
1739 5862 1978 5920 civitatis
2029 5868 2085 5916 ct

2195 4669 2340 4721 rum,
2376 4661 2430 4709 et
2459 4652 2606 4708 diem
2635 4652 2892 4723 quintum
2926 4650 3201 4707 decimum
3225 4649 3294 4703 ad
3331 4647 3437 4702 iter
3469 4642 3801 4703 nominarit.

2195 4745 2372 4814 Quam
2396 4745 2468 4800 ob
2487 4760 2603 4800 rem
2629 4743 2948 4816 indignatus
2975 4741 3336 4805 Boimundus,
3366 4740 3521 4796 diem
3555 4739 3802 4810 quintum

2195 4848 2290 4894 aut
2333 4845 2551 4894 sextum
2580 4837 2894 4892 obelamare
2931 4835 3114 4890 itineri
3152 4850 3250 4905 per
3289 4833 3584 4889 civitatem
3628 4830 3807 4902 jussit,

2194 4940 2248 4986 et
2289 4938 2414 5002 post
2459 4930 2596 4997 base,
2638 4929 2990 4984 Antiochiam
3044 4941 3300 4984 reversus
3347 4934 3455 4981 est.
3511 4923 3808 4992 Qumrebat

2194 5037 2380 5078 comes
2417 5037 2544 5078 cum
2579 5020 2860 5090 episcopo,
2904 5018 3184 5089 quomodo
3212 5015 3502 5072 civitatem
3545 5015 3813 5086 potuisset

2191 5111 2455 5178 retinere;
2486 5117 2541 5166 et
2571 5124 2739 5180 quos,
2763 5117 2819 5164 et
2839 5115 3077 5178 quantos
3108 5107 3279 5174 viros,
3311 5121 3412 5176 pro
3435 5106 3714 5161 custodia
3744 5103 3809 5156 ibi

2189 5203 2466 5258 dimittere
2500 5209 2749 5272 possent.
2774 5198 2986 5255 Interea
3011 5198 3292 5254 mandavit
3319 5213 3522 5254 eomes
3553 5197 3695 5254 duci
3721 5194 3816 5250 ιω

2189 5294 2477 5366 tharingiaa
2514 5304 2570 5350 et
2600 5295 2669 5350 ad
2709 5294 2850 5349 alios
2889 5292 2984 5364 qui
3011 5290 3205 5346 Mame
3249 5305 3363 5344 non
3408 5289 3812 5351 interfuerant,

2188 5394 2250 5442 ut
2289 5395 2754 5459 congregarentur
2802 5386 2860 5440 in
2903 5399 3076 5440 unum
3114 5384 3320 5449 locum,
3357 5390 3545 5452 atque
3589 5382 3666 5439 de
3715 5381 3814 5447 bis,

2185 5495 2310 5550 qua:
2331 5479 2514 5535 itineri
2535 5479 2691 5534 utilia
2713 5477 2895 5534 forent
2917 5486 2972 5532 et
2993 5475 3194 5547 pepulo
3220 5473 3338 5541 Dei,
3366 5482 3812 5544 pertractarent.

2184 5573 2362 5644 Atque
2389 5573 2471 5628 sic
2499 5579 2874 5628 convenerunt
2903 5569 3049 5640 apud
3082 5567 3302 5633 Boiam,
3342 5583 3479 5638 quae
3517 5570 3679 5626 inter
3713 5568 3817 5623 An-

2185 5669 2447 5725 tiochiam
2487 5677 2543 5724 et
2571 5667 2805 5723 Marram
2835 5666 2996 5739 quasi
3032 5665 3211 5720 media
3241 5673 3350 5720 est.
3377 5663 3597 5736 Ibique
3627 5679 3817 5721 omnes

2183 5762 2459 5834 principes
2501 5761 2687 5816 habito
2723 5760 3020 5832 colloquio,
3050 5758 3107 5814 in
3138 5756 3385 5814 deterius
3413 5760 3817 5818 vertebantur.

2186 5855 2402 5912 Etenim
2456 5854 2732 5926 principes
2756 5870 2814 5911 se
2843 5855 2912 5910 ab
2932 5853 3127 5910 itinere
3155 5851 3545 5925 cxnusabant,
3573 5863 3638 5911 et
3654 5868 3818 5912 causa
