3846 6306
111 349 195 407 629

1087 339 1275 397 RAIM.
1320 340 1408 400 DE
1441 338 1692 398 AGILES
1727 338 1908 399 lllST.
1947 340 2311 401 HIEROSOL.

3221 351 3328 410 630

109 474 285 527 eorum,
313 456 400 513 alii
428 456 606 512 multi.
646 455 879 515 Volebat
904 465 1034 514 tunc
1069 474 1251 517 comes
1279 459 1404 516 duci
1433 459 1640 516 donare
1668 461 1716 518 Α
1742 477 1860 516 rum
1911 471 2240 518 armatorum
2286 477 2392 516 non
2441 470 2518 517 est
2567 464 2786 534 grandis
2831 479 3100 534 numerus,
3127 475 3180 522 et
3227 467 3328 524 atii

106 557 260 610 decem
298 549 457 606 millia
493 551 799 606 solidorum
847 561 901 608 et
944 551 1204 608 Rutberto
1229 550 1644 608 Northmannite

107 646 257 703 comiti
289 643 523 710 totidem,
555 651 614 698 et
657 657 758 698 sex
803 644 971 699 millia
997 644 1183 700 comiti
1224 643 1566 712 Flaudrensi,
1588 653 1643 700 et

106 735 346 793 Tancredo
370 733 616 804 quinque
640 735 843 802 millia;
889 745 942 791 et
963 735 1084 792 aliis
1103 736 1461 808 principibus,
1482 743 1644 806 prout

104 836 244 884 erant.
271 825 406 880 inter
429 826 566 893 haec,
590 841 718 882 cum
737 827 808 882 ad
833 842 1116 898 pauperes,
1135 827 1230 898 qui
1251 826 1643 899 apudMarram

104 926 450 986 remanserant,
481 927 806 988 perventum
837 927 1000 987 esset,
1028 919 1175 991 quod
1203 934 1390 975 comes
1421 919 1477 973 in
1504 917 1642 975 civi-

103 1024 184 1066 late
219 1010 415 1076 blame,
455 1011 663 1067 multos
714 1011 916 1068 milites
949 1019 1004 1068 et
1050 1012 1260 1083 pedites
1287 1011 1355 1068 de
1398 1012 1641 1068 exercitu

101 1122 174 1174 pro
198 1102 426 1158 custodia
456 1103 741 1159 dimittere
772 1105 953 1172 vellet,
983 1105 1243 1161 dixerunt
1265 1104 1333 1160 ad
1362 1105 1595 1161 invicem
1623 1124 1638 1162 :

102 1195 216 1248 Eho!
231 1205 275 1248 et
299 1203 506 1264 propter
546 1197 890 1252 Antiochiam
916 1199 1056 1266 lites,
1087 1208 1139 1254 et
1165 1209 1380 1270 prapter
1401 1198 1643 1255 Murram

97 1289 218 1352 lites;
238 1298 280 1342 et
308 1288 361 1341 in
388 1289 533 1342 omni
562 1289 683 1363 loco
723 1307 877 1362 quem
908 1291 1050 1346 Deus
1071 1292 1273 1347 dederit
1299 1291 1468 1360 nobis,
1500 1293 1644 1363 prin-

98 1383 239 1449 cipum
264 1381 553 1435 certamina
573 1424 589 1449 ,
604 1361 633 1377 ’
651 1391 706 1438 et
736 1361 1056 1438 imminutio
1093 1386 1354 1440 exercitas
1375 1383 1473 1440 Dei
1501 1361 1645 1440 erit?

97 1472 232 1537 Certe,
255 1481 463 1542 propter
489 1473 632 1528 hanc
657 1475 928 1531 civitatem
956 1476 1181 1532 ulterius
1202 1477 1323 1532 lites
1353 1489 1460 1532 non
1491 1477 1647 1533 habe-

97 1566 267 1618 buntur.
316 1563 518 1633 Venite,
558 1575 612 1621 et
639 1567 922 1624 diruamus
949 1585 1127 1625 muros
1174 1569 1325 1641 ejus;
1349 1578 1398 1626 et
1417 1571 1508 1640 [iet
1535 1585 1643 1641 patr

94 1659 202 1712 inter
225 1657 499 1728 principes,
544 1669 599 1713 et
631 1663 818 1716 comiti
848 1664 1128 1731 securitas,
1178 1679 1242 1718 ne
1291 1663 1479 1733 perdat
1502 1679 1638 1718 eam.

98 1748 350 1820 Surgentes
394 1749 585 1820 itaque
637 1752 847 1810 debiles
895 1761 950 1809 et
991 1743 1199 1810 inﬁrmi
1255 1754 1324 1811 de
1365 1754 1643 1812 cubilibus

94 1842 200 1909 suis,
247 1841 411 1897 innixi
446 1842 694 1912 baculis,
748 1845 816 1901 ad
869 1861 1059 1903 muros
1117 1862 1296 1918 usque
1355 1847 1640 1918 pervenie-

94 1937 210 2002 bant,
233 1946 282 1992 et
313 1937 432 1993 illos
461 1937 684 2008 lapides
705 1954 848 2012 quos
871 1941 964 1996 vix
992 1940 1097 1997 tria
1120 1941 1207 1997 vel
1231 1950 1469 2012 quatuor
1488 1941 1642 2012 paria

93 2029 222 2085 boum
247 2031 459 2086 trahere
498 2040 761 2102 possent,
788 2030 950 2088 facile
981 2033 1203 2104 quidam
1233 2032 1519 2089 famelicus
1550 2049 1643 2090 re-

93 2121 265 2176 volutos
317 2135 348 2175 a
387 2136 556 2176 muro
594 2122 763 2194 longe
807 2123 1148 2194 projiciebat.
1181 2122 1486 2195 Episcopus
1513 2139 1644 2180 vero

91 2209 405 2279 Albariensis,
456 2213 752 2270 causando
781 2222 836 2272 et
864 2213 1239 2272 interdicendo
1266 2231 1335 2270 ne
1381 2216 1488 2272 hoc
1530 2216 1644 2271 ullo

92 2303 220 2356 modo
248 2302 409 2372 fleret,
437 2304 724 2362 circuibat
771 2306 1067 2374 civitatem,
1091 2316 1146 2364 et
1195 2307 1401 2378 pariter
1427 2309 1644 2364 comitis

91 2395 358 2452 familiares.
388 2398 532 2453 Cum
565 2409 760 2455 autem
799 2400 1224 2470 pertransissent
1250 2400 1504 2457 custodes
1531 2401 1642 2469 isti,

90 2490 236 2543 statim
263 2490 687 2547 revertebantur
712 2491 780 2547 ad
815 2492 1113 2564 inemptum
1147 2507 1306 2564 opus,
1337 2493 1432 2564 qui
1459 2508 1519 2550 se
1546 2508 1644 2550 oc-

91 2581 380 2637 cultaverant
409 2591 466 2638 et
495 2584 598 2655 qui
655 2585 1061 2641 declinaverant
1084 2585 1154 2641 ad
1202 2585 1497 2641 adventum
1524 2587 1644 2658 epi-

91 2674 208 2743 scopi
248 2685 297 2730 et
343 2676 634 2731 sociorum
673 2676 812 2748 ejus.
845 2675 912 2733 Et
961 2677 1058 2748 qui
1103 2692 1215 2733 non
1248 2677 1520 2734 audebant
1550 2694 1648 2749 per

91 2764 200 2820 diem
240 2766 481 2836 diruere,
530 2768 629 2824 vel
673 2784 782 2825 non
826 2777 1081 2840 poterant
1121 2769 1244 2827 aliis
1290 2769 1520 2838 intenti,
1551 2786 1648 2842 per

93 2866 261 2912 noctem
307 2859 616 2916 instabant.
660 2858 765 2916 Vix
798 2868 919 2916 erat
970 2860 1171 2933 aliquis
1217 2859 1284 2916 de
1316 2861 1520 2932 populo
1552 2863 1648 2918 de-

93 2947 186 3004 bilis
205 2951 279 3006 vel
303 2949 584 3022 infirmus,
600 2952 675 3008 ad
711 2953 1164 3026 confringendum
1199 2969 1440 3010 murum.
1472 2953 1646 3010 luter-

97 3056 146 3095 ea
193 3052 326 3100 tanta
370 3044 552 3102 fames
594 3045 708 3102 fuit
740 3045 798 3102 in
825 3045 1067 3102 exercitu
1093 3053 1156 3102 ut
1198 3045 1370 3102 multa
1414 3060 1646 3118 corpora

1742 555 1891 608 ibunt
1916 555 1974 609 in
2001 555 2405 625 expeditionem,
2434 563 2590 626 atque
2613 555 2710 609 alii
2735 555 2822 610 hic
2844 566 2999 610 erunt
3023 556 3169 628 infra
3197 557 3328 613 civi-

1745 655 1905 702 tatem
1955 647 2091 702 hanc
2120 648 2467 715 destructum,
2496 663 2614 718 qua:
2645 648 2758 702 sine
2779 649 3070 704 munimine
3110 651 3232 704 est?
3260 650 3330 704 Ει

1743 741 2100 797 intendebant
2123 741 2310 797 comiti
2357 741 2585 797 nimiam
2628 742 2922 806 levitatem.
2963 742 3044 798 Ad
3073 742 3328 798 ultimum

1744 845 1926 890 tamen
1957 849 2058 905 pro
2081 849 2248 890 causa
2289 849 2593 906 pauperum
2621 849 2810 891 comes
2835 833 3114 906 profectus
3147 844 3251 902 est,
3275 844 3334 891 et

1743 927 1967 984 castella
2019 927 2192 982 multa
2237 926 2498 995 obtinuit,
2529 935 2585 982 et
2631 928 2907 999 captivos;
2949 935 3004 983 et
3031 927 3329 988 maximam

1745 1019 1987 1091 praedam
2040 1019 2202 1089 cepit.
2237 1018 2500 1090 Cumque;
2545 1027 2930 1086 reverteretur,
2981 1035 3107 1075 cum
3137 1019 3330 1091 grandi

1742 1111 2109 1169 exsultatione
2140 1119 2196 1166 et
2238 1111 2467 1166 victoria
2499 1111 2748 1182 pluribus
2776 1111 3210 1168 Sarracenorum
3241 1111 3329 1166 in-

1743 1204 2006 1272 terfectis,
2039 1220 2137 1260 sex
2184 1204 2270 1259 vel
2325 1210 2536 1275 septem
2574 1204 2642 1260 de
2691 1203 2898 1260 nostris
2924 1203 3258 1276 pauperibus
3300 1219 3333 1257 a

1742 1296 1972 1368 paganis
2005 1294 2151 1366 capti
2189 1301 2245 1350 et
2296 1292 2592 1360 interfecti,
2621 1303 2778 1363 sunt;
2829 1295 2888 1350 hi
2923 1302 3106 1351 autem
3139 1309 3333 1350 omnes

1743 1387 2008 1456 defuncti,
2035 1400 2230 1444 cruces
2256 1385 2312 1442 in
2341 1385 2549 1446 dextris
2568 1385 2815 1442 humeris
2854 1385 3184 1442 habuerunt.

2307 1476 2538 1534 CAPUT
2571 1477 2760 1532 XXIV.

1815 1571 1941 1629 Haec
1975 1580 2157 1629 autem
2183 1587 2310 1628 cum
2335 1585 2523 1627 comes
2550 1581 2604 1626 et
2628 1569 2723 1642 qui
2749 1585 2876 1627 cum
2895 1584 2961 1626 eo
2987 1578 3144 1626 erant
3171 1571 3337 1626 vidis-

1745 1671 1886 1728 sent,
1911 1662 2272 1734 omnipotenti
2303 1661 2414 1719 Deo
2441 1661 2646 1734 gratias
2676 1669 2912 1732 quantas
2939 1669 3193 1732 poterant
3213 1661 3337 1717 redv-

1745 1755 1974 1823 debant,
2004 1756 2101 1828 qui
2143 1771 2449 1828 pauperum
2478 1769 2706 1810 suorum
2741 1766 2955 1808 memor
2987 1761 3139 1819 erat;
3175 1761 3230 1808 ct
3267 1752 3339 1806 ob

1747 1848 1852 1905 hoc
1876 1849 2115 1908 maxime
2133 1848 2605 1909 confortabantur.
2638 1846 2845 1918 itaque,
2870 1857 2930 1904 ut
2955 1846 3212 1904 omnibus
3243 1844 3339 1914 qui

1746 1941 1814 1996 ad
1845 1942 2114 2010 sarcinas,
2147 1942 2293 2013 apud
2337 1940 2577 1997 Marram
2614 1949 3024 2007 remanserant,
3052 1935 3344 1994 satisface-

1746 2043 1889 2100 rent,
1923 2050 2094 2091 unum
2121 2034 2190 2090 de
2237 2032 2541 2090 interfectis
2569 2033 2664 2104 qui
2694 2033 2875 2089 adhuc
2900 2031 3146 2103 spirabat
3179 2030 3353 2108 detn-I

1747 2126 1948 2194 lerunt,
1980 2135 2033 2182 et
2061 2126 2264 2181 mirum
2287 2134 2436 2182 certe
2454 2127 2510 2180 in
2539 2125 2764 2188 homine
2793 2124 2887 2178 illo
2921 2124 3195 2190 vidimus;
3221 2123 3338 2194 qui,

1747 2234 1872 2275 cum
1899 2219 1991 2274 vix
2036 2219 2263 2274 haberet
2301 2219 2573 2289 integrum
2603 2217 2695 2273 ubi
2727 2217 2896 2272 latere
2921 2224 3110 2288 posset
3131 2214 3338 2277 anima,

1746 2325 1842 2379 per
1863 2318 2068 2379 septem
2099 2317 2195 2364 aut
2222 2317 2347 2365 octo
2379 2308 2496 2365 dies
2520 2309 2640 2366 sine
2667 2307 2814 2364 victu
2830 2309 3154 2378 permansit,
3182 2306 3337 2362 testi-

1747 2402 1918 2456 ticans
1942 2399 2152 2468 Iesum,
2177 2400 2246 2456 ad
2287 2399 2446 2470 cujus
2467 2399 2735 2470 judicium
2761 2407 2880 2454 erat
2904 2406 3192 2464 venturus,
3219 2395 3341 2451 sine

1747 2493 1936 2560 dubio,
1965 2493 2148 2549 crucis
2177 2492 2325 2548 illius
2372 2490 2544 2548 Deum
2597 2490 2770 2547 fuisse
2815 2497 3120 2546 auctorem.
3172 2486 3341 2559 Igitur

1748 2596 2015 2658 proventu
2030 2601 2212 2641 rerum
2229 2584 2481 2641 etcrucis
2503 2582 2751 2640 conferta
2759 2583 2819 2652 ti,
2838 2582 2894 2637 in
2907 2581 3148 2654 quodam
3159 2588 3342 2637 castro

1748 2681 1842 2751 qui
1887 2679 2186 2736 vocabatur
2213 2676 2529 2748 Capharca,
2559 2686 2614 2733 et
2643 2684 2764 2733 erat
2792 2676 2849 2732 in
2894 2675 3088 2731 itinere
3118 2673 3280 2745 longe
3308 2689 3339 2726 a

1748 2770 1928 2826 Marra
1955 2778 2194 2842 quatuor
2223 2769 2427 2839 leugis,
2456 2768 2632 2840 spolia
2661 2783 2762 2824 sua
2792 2766 3144 2832 dimiserunt,
3175 2771 3343 2835 atque

1749 2863 1825 2921 illi
1872 2863 1968 2934 qui
2025 2863 2208 2920 socios
2268 2862 2546 2918 habebant
2598 2859 2793 2917 Marraa
2849 2875 2976 2916 cum
3031 2857 3234 2914 comite
3273 2871 3341 2912 eo

1750 2955 1953 3011 reversi
1997 2962 2146 3010 sunt.
2175 2953 2487 3010 Constituta
2523 2953 2707 3023 itaque
2729 2951 2819 3006 die
2861 2963 2916 3006 et
2947 2950 3173 3005 incensa
3201 2947 3340 3004 civi-

1749 3057 1880 3116 tate,
1906 3047 2414 3119 proﬁciscebantur.
2454 3045 2562 3102 bed
2591 3060 2798 3112 comes,
2829 3059 2957 3099 cum
2987 3042 3203 3098 clericis
3223 3041 3362 3100 suis‘

92 3129 470 3191 Sarracenorum
523 3136 654 3207 jam
710 3135 994 3197 fetentium
1023 3178 1037 3203 ,
1094 3152 1218 3208 quae
1270 3136 1326 3191 in
1356 3137 1645 3208 paludibus
1673 3155 1720 3218 ο
1747 3149 1803 3197 et
1831 3140 2088 3212 episcopo
2115 3138 2446 3205 Albariensi,
2467 3137 2832 3194 discalceatus
2855 3133 3162 3201 incedebat,
3185 3132 3343 3212 invo-

92 3223 281 3282 civitatis
304 3228 554 3299 ejusdem
603 3245 707 3301 per
734 3230 872 3286 duas
902 3228 1274 3285 hebdomadas
1322 3239 1378 3286 et
1406 3231 1644 3302 amplius

91 3315 340 3386 iacuerunt,
370 3321 968 3392 populus-avidissime
987 3321 1318 3379 comederet.
1345 3322 1646 3380 Terrebant

94 3407 171 3464 ista
197 3412 409 3480 multos,
441 3422 560 3470 tam
615 3423 822 3472 nostra;
861 3417 1039 3488 gentis
1069 3416 1320 3473 homines
1349 3433 1515 3489 quam
1544 3433 1644 3474 ex-

92 3504 284 3558 truncos.
323 3503 767 3562 Revertebantur
801 3507 873 3562 ob
917 3523 982 3562 ea
1037 3510 1209 3563 nostri
1243 3524 1409 3579 quam
1436 3509 1642 3580 plures,

94 3591 390 3665 desperantes
409 3599 478 3655 de
505 3599 736 3667 itinere,
760 3600 879 3656 sine
901 3616 1170 3658 succursu
1193 3601 1259 3657 de
1291 3612 1451 3673 gente
1475 3602 1646 3659 Fran-

92 3697 258 3740 corum.
282 3686 576 3746 Sarraceni
605 3705 741 3746 vero
769 3699 825 3746 et
852 3690 1019 3748 Turci
1053 3707 1085 3748 e
1117 3701 1309 3749 contra
1342 3693 1598 3750 dicebant
1625 3714 1639 3751 :

93 3771 147 3827 Et
165 3779 262 3848 quis
283 3783 475 3850 poterit
505 3783 780 3838 sustinere
803 3783 940 3838 hanc
960 3793 1182 3856 gentem,
1207 3801 1327 3856 qua:
1347 3794 1460 3840 tam
1483 3785 1645 3843 obsti-

92 3881 191 3926 nata
215 3883 355 3947 atque
377 3878 621 3933 crudelis
644 3887 723 3933 est
754 3888 812 3933 ut
840 3895 934 3950 per
959 3895 1155 3934 annum
1178 3896 1281 3935 non
1299 3881 1530 3951 potuerit
1556 3897 1642 3936 reo

91 3969 232 4021 secari
258 3968 318 4022 ab
363 3969 654 4025 obsidione
691 3971 1010 4040 Antiochia,
1038 3972 1179 4042 fame
1221 3971 1300 4027 vel
1333 3971 1534 4043 gladio,
1563 3972 1642 4028 uel

94 4055 312 4126 aliquibus
338 4061 632 4130 periculis,
664 4069 717 4116 et
753 4078 892 4116 nunc
925 4062 1177 4117 carnibus
1197 4063 1452 4132 humanis,
1473 4065 1642 4120 vesci-

93 4150 186 4203 tur?
217 4149 332 4210 Haec
359 4163 413 4210 et
443 4154 558 4210 alia
621 4154 1004 4210 crudelissima
1035 4155 1160 4222 sibi,
1209 4156 1263 4210 in
1301 4155 1462 4212 nobis
1488 4157 1640 4213 dice-

93 4239 191 4296 bant
224 4259 337 4300 esse
386 4247 620 4319 pagani.
667 4245 886 4302 Etenim
935 4247 1161 4304 dederat
1206 4247 1350 4305 Deus
1384 4249 1640 4305 timorem

90 4339 291 4389 nostrum
315 4337 534 4393 cunctis
566 4337 857 4409 gentibus;
882 4337 978 4394 sed
999 4352 1102 4395 nos
1129 4339 1530 4396 nesciebamus.
1553 4339 1641 4395 ln-

91 4429 200 4477 terea
215 4441 386 4484 comes
399 4445 430 4484 a
441 4430 730 4500 colloquio
749 4430 1058 4502 principum
1073 4445 1356 4503 regressus
1378 4430 1636 4500 Marram,

1743 3241 1932 3290 cantes
1957 3232 2054 3288 Dei
2087 3230 2518 3288 misericordiam
2547 3237 2600 3285 et
2629 3237 2944 3285 sanctorum
2973 3225 3250 3299 praesidia.
3272 3222 3342 3280 Et

1744 3334 2072 3384 consecutus
2099 3334 2184 3381 est
2212 3339 2316 3380 nos
2349 3321 2668 3379 Tancredus
2690 3336 2817 3377 cum
2847 3319 3215 3392 quadraginta
3239 3315 3342 3373 mi-

1744 3418 1952 3485 litibus,
1980 3426 2036 3473 et
2083 3416 2357 3488 peditibus
2407 3414 2616 3473 multis.
2647 3412 2898 3485 Cumque
2923 3413 3029 3468 hoc
3053 3411 3342 3488 audissent

1743 3527 1900 3585 reges
1928 3511 1995 3568 de
2023 3520 2167 3567 terra
2196 3509 2286 3565 illa
2306 3507 2550 3567 Arabum
2577 3507 2809 3574 nobiles,
2835 3521 2963 3562 cum
2986 3503 3340 3576 supplicatio-

1744 3606 1929 3673 nibus,
1956 3613 2013 3661 et
2065 3602 2256 3659 multis
2285 3600 2532 3657 donariis
2554 3600 2624 3656 ad
2653 3599 2884 3655 comites
2909 3597 3221 3667 mittebant,
3249 3596 3338 3651 di—

1744 3706 1932 3754 centes
1976 3710 2038 3751 se
2061 3709 2210 3750 nunc
2240 3700 2297 3749 et.
2317 3691 2578 3761 deinceps
2613 3687 2890 3758 tributarii
2912 3702 3107 3744 eorum
3137 3684 3335 3752 futuri,

1742 3797 1796 3845 et
1825 3787 2043 3845 allaturi
2093 3783 2349 3842 victualia
2405 3782 2575 3856 gratis
2613 3791 2670 3838 et
2711 3797 2813 3854 pro
2851 3778 3202 3837 commercio.
3225 3777 3335 3834 Ita-

1741 3897 1850 3954 que
1893 3879 2133 3950 acceptis
2162 3876 2549 3936 securitatibus
2578 3875 2649 3932 ab
2686 3874 2770 3931 eis
2796 3888 2894 3946 per
2918 3871 3334 3948 jusjurandum,

1741 3982 1796 4028 et
1815 3971 2068 4038 vadibus,
2098 3986 2198 4042 pro
2227 3969 2524 4036 conductu,
2551 3967 2782 4023 ulterius
2804 3966 3183 4037 tendebamus.
3219 3963 3300 4038 lia
3317 3994 3334 4004 -

1741 4065 1963 4122 buimus
1978 4072 2162 4120 autem
2177 4079 2211 4118 a
2235 4076 2362 4134 rege
2375 4060 2638 4118 Caesareae
2653 4060 2842 4126 duces,
2855 4059 2947 4131 qui
2959 4074 3064 4126 nos
3077 4058 3133 4116 in
3156 4058 3337 4128 prima

1740 4158 1849 4227 die,
1901 4166 1966 4214 ut
2002 4156 2164 4212 nobis
2209 4153 2519 4223 videbatur,
2563 4153 2708 4215 male
2751 4152 3046 4209 duxerunt.
3103 4149 3336 4208 Fuimus

1740 4252 1944 4309 etenim
1973 4249 2030 4309 in
2059 4247 2300 4320 hospitio
2328 4247 2442 4314 illo,
2473 4246 2529 4302 in
2553 4244 2785 4317 penuria
2821 4242 2990 4301 totius
3017 4243 3169 4312 boni,
3198 4258 3336 4314 prte—

1739 4351 1824 4398 ter
1843 4353 2001 4412 aquae
2014 4358 2029 4408 ;
2043 4339 2285 4396 secunda
2307 4353 2440 4394 vero
2465 4337 2554 4393 die
2576 4336 2740 4394 iidem
2754 4335 2924 4392 duces
2948 4333 3328 4406 imprudenter

1741 4434 2076 4491 induxerunt
2117 4446 2220 4488 nos
2247 4431 2304 4486 in
2347 4429 2644 4503 quamdam
2698 4429 2918 4497 vallem,
2955 4428 3048 4484 ubi
3076 4436 3328 4484 armenta

90 4514 280 4580 graviter
329 4518 683 4575 irascebatur
727 4521 796 4576 de
832 4521 1202 4578 destructione
1251 4522 1396 4577 muri
1441 4532 1634 4578 contra
1665 4525 1714 4587 D
1738 4527 1884 4598 regis
1929 4533 1985 4581 et
2027 4524 2196 4581 totius
2239 4523 2480 4594 regionis
2525 4531 2745 4595 propter
2773 4523 3029 4579 timorem
3072 4528 3327 4575 nostrum

90 4605 320 4672 populum.
346 4608 608 4682 Cumque
639 4611 948 4682 expositum
982 4621 1129 4668 esset
1153 4612 1227 4680 ei,
1249 4613 1396 4684 quod
1424 4628 1631 4685 neque;

86 4694 350 4770 ePiicopus,
375 4717 565 4772 neque
595 4702 688 4757 alii
710 4702 986 4774 principes
1014 4703 1338 4775 suipossent
1355 4719 1633 4774 amovere,

87 4787 219 4844 minis
242 4793 319 4846 vel
344 4795 698 4861 verberibus,
722 4797 985 4868 populum
1013 4812 1044 4852 a
1073 4797 1217 4852 muri
1240 4796 1632 4868 destructione,

87 4877 306 4940 intellexit
331 4888 480 4945 illico
510 4889 762 4945 divinum
797 4905 938 4956 esse,
963 4897 1019 4945 et
1046 4899 1106 4944 ut
1139 4887 1386 4946 funditus
1412 4907 1634 4947 murum

86 4971 318 5033 diruerent
330 4982 613 5053 praecepit.
629 4980 851 5038 Interim
869 4982 1278 5054 ingravescebat
1301 4981 1476 5039 fames
1494 5000 1634 5054 quo-

87 5067 203 5125 tidie.
242 5071 487 5146 Cumque
539 5076 656 5147 jam
693 5077 809 5132 dies
843 5077 1124 5148 proposita
1164 5077 1345 5133 itineri
1374 5078 1630 5143 instaret,

85 5163 470 5227 Pmdirabamus
497 5168 878 5240 eleemosynas
911 5178 966 5224 et
998 5168 1277 5224 orationes
1304 5169 1419 5225 ﬁeri
1447 5169 1500 5223 in
1538 5185 1632 5238 po-

87 5250 188 5318 pulo
212 5255 272 5309 ad
299 5255 471 5313 Deum
501 5274 604 5329 pro
627 5259 842 5314 itinere.
880 5258 1019 5314 Cum
1041 5275 1170 5314 vero
1192 5258 1418 5316 vidisset
1446 5275 1632 5315 comes

86 5344 202 5410 quod
228 5347 355 5403 nulli
377 5349 447 5405 de
472 5350 822 5421 principibus
851 5352 1153 5422 majoribus
1175 5353 1242 5406 ad
1272 5367 1331 5408 se
1357 5353 1625 5420 venirent,

87 5440 127 5485 et
147 5449 338 5495 omnem
379 5442 645 5512 populum
675 5444 1060 5500 contabescere
1087 5452 1354 5511 cerneret,
1387 5444 1441 5498 in
1493 5445 1632 5500 inte-

87 5525 200 5581 riora
226 5527 496 5603 llispaniaa
543 5550 646 5607 pro
666 5535 994 5593 victualibus
1033 5535 1295 5608 populum
1321 5535 1400 5590 ire
1429 5552 1631 5606 praece-

88 5616 164 5683 Ρίῑν
189 5629 236 5675 ει
259 5623 370 5694 ipse
422 5643 554 5683 cum
601 5628 868 5686 militibus
890 5630 1172 5700 praecessit
1204 5643 1352 5685 eum.
1387 5625 1491 5682 Sed
1525 5629 1629 5685 hoc

90 5721 297 5773 nouerat
314 5729 530 5792 gratum
560 5722 887 5793 quibusdam
912 5724 1029 5780 suis
1063 5723 1322 5794 privatis;
1374 5721 1628 5777 dicebant

87 5802 202 5860 enim
235 5828 246 5864 :
277 5809 340 5867 In
360 5816 598 5870 exercitu
636 5815 728 5870 vix
766 5825 883 5874 sunt
905 5817 1123 5872 trecenti
1152 5816 1370 5885 milites,
1405 5824 1452 5869 et
1482 5816 1622 5869 alio-

1741 4616 2121 4690 confugerant.
2154 4613 2370 4670 Etenim
2423 4629 2519 4670 rex
2545 4614 2707 4686 longe
2733 4622 2862 4670 ante
2888 4627 2992 4669 nos
3036 4610 3112 4666 ibi
3141 4618 3332 4666 ventu-

1736 4723 1830 4765 ros
1857 4706 2087 4773 sciebat,
2111 4715 2166 4760 et
2185 4713 2248 4760 ut
2275 4703 2525 4774 fugerent
2545 4711 2674 4758 ante
2721 4717 2823 4758 nos
2851 4699 3109 4775 omnibus
3134 4695 3332 4752 Sarra-

1736 4800 1888 4856 cenis
1928 4797 2304 4854 mandaverat.
2332 4795 2438 4852 Sed
2481 4795 2528 4851 si
2555 4793 2813 4865 jussisset
2843 4801 2906 4847 ut
2934 4805 3126 4846 omnes
3147 4789 3215 4844 de
3242 4804 3330 4845 re-

1736 4891 1898 4963 gione
1938 4888 2030 4945 illa
2073 4888 2293 4944 obviam
2336 4887 2495 4944 nobis
2524 4886 2793 4950 venirent,
2845 4897 2957 4938 non
3003 4881 3078 4935 ita
3120 4879 3328 4934 factum

1736 4990 1899 5040 esset.
1955 4979 2299 5036 Raimundus
2326 4979 2417 5054 de
2467 4976 2646 5032 Insula
2684 4983 2738 5032 et
2794 4973 2931 5030 socii
2982 4971 3104 5042 ejus
3143 4985 3208 5026 ea
3237 4969 3332 5027 die

1737 5091 1910 5132 unum
1961 5073 2331 5129 Sarracenum
2397 5076 2685 5140 ceperunt,
2728 5081 2867 5136 lcum
2915 5063 3108 5119 litteris
3158 5061 3322 5135 regis,

1735 5185 1875 5240 quas
1903 5167 2182 5224 deferebat
2216 5165 2284 5220 ad
2340 5179 2534 5220 omnes
2562 5163 2630 5218 de
2657 5160 2751 5217 illa
2794 5159 3039 5231 regione,
3073 5165 3136 5213 ut
3171 5156 3325 5232 fuge-

1736 5271 1857 5316 rent
1895 5269 2022 5327 ante
2071 5256 2476 5326 nos.Cumque
2517 5255 2634 5310 haec
2664 5252 2776 5324 regi
2809 5250 3026 5323 cognita
3067 5249 3324 5310 fuissent.

1735 5352 1874 5408 dixit
1898 5371 1910 5406 :
1947 5350 2060 5422 Ego
2084 5349 2296 5421 quidem
2312 5348 2581 5418 jusseram
2605 5346 2906 5401 hominibus
2929 5345 3058 5400 meis
3089 5352 3149 5399 ut
3175 5343 3329 5416 fuge-

1734 5453 1847 5499 rent
1897 5452 2021 5498 ante
2072 5442 2266 5512 faciem
2299 5439 2662 5507 Francorum,
2693 5447 2952 5510 quantum
2997 5445 3242 5508 possent;
3272 5441 3326 5490 et

1732 5539 1836 5610 ipsi
1858 5539 1930 5592 ad
1981 5554 2067 5592 eos
2093 5543 2364 5594 venerunt.
2406 5533 2570 5590 Video
2597 5534 2725 5605 quia
2765 5523 2926 5589 Deus.
2953 5532 3090 5586 hanc
3119 5537 3323 5602 gentem

1725 5631 1912 5702 elegit;
1964 5637 2238 5701 propterea
2283 5626 2551 5699 quodlibet
2583 5626 2809 5697 faciant,
2840 5641 2942 5679 non
2996 5624 3074 5678 eis
3106 5620 3319 5676 nocebo.

1732 5723 1888 5780 Tunc
1938 5723 2108 5780 Deum
2170 5723 2287 5793 ipse
2339 5737 2435 5776 rex
2465 5719 2834 5783 benedicebat,
2871 5717 2966 5786 qui
2991 5713 3322 5774 sufﬁcienter

1732 5818 1977 5888 providet
2031 5816 2342 5874 necessaria
2379 5814 2694 5872 timentibus
2729 5828 2804 5869 se.
2848 5810 3102 5866 Videntes
3133 5815 3317 5861 autem
