3846 6306
521 377 618 430 651

1093 372 1184 427 ΑΙ)
1219 362 1668 428 CODEFRIDUM
1710 365 2004 420 APPEND.
2044 365 2102 418 ll.

2210 397 2212 402 -
2259 365 2530 422 MONUM.
2574 365 2662 419 DE
2701 363 2926 421 BELLO
2965 365 3215 421 SACRO.

3665 367 3746 428 632

519 499 630 546 tam
677 488 914 544 subitam
949 502 1013 542 ac
1040 486 1199 541 talem
1233 483 1625 554 plenitudinem
1675 478 1851 533 nostri
1883 477 2105 536 milites.
2139 477 2184 533 A
2211 492 2309 533 nes
2362 478 2570 546 pedites
2619 477 2813 533 habuit
2867 492 2970 547 pro
3026 476 3267 547 triginta,
3327 475 3679 547 septuaginta,
3707 493 3746 538 et

514 593 572 641 et
623 581 780 637 multi
813 580 881 636 de
928 579 1087 649 plebe
1134 576 1238 631 viri
1283 575 1474 638 fortes,
1503 570 1802 641 assumptis
1847 567 2104 624 omnibus

513 674 765 750 pecuniis
784 672 901 749 suis
911 670 1215 727 Caesaream
1231 674 1284 723 et
1297 664 1572 721 Camelam
1587 661 1830 727 adibant,
1854 668 1913 714 ut
1932 673 2104 730 equos

518 749 688 822 farios
713 765 788 820 ibi
827 768 1222 825 mercarentur,
1263 757 1507 812 dicentes
1535 773 1546 808 :
1575 752 1839 819 Quoniam
1871 749 2012 804 Deus
2041 751 2105 803 de

516 861 659 914 victu
691 865 868 912 nostro
891 870 1076 908 curam
1099 852 1230 921 agit,
1257 865 1350 903 nos
1378 848 1443 902 de
1469 845 1790 917 pauperibus
1825 851 1873 898 et
1915 846 1979 896 de
2003 843 2105 896 mi-

516 952 639 1006 litia
695 950 810 1020 ejus
844 962 1104 1002 curemus.
1160 943 1361 1014 Sicque
1413 940 1617 996 factum
1655 946 1759 1005 est,
1811 946 1870 992 ut
1929 951 2106 1007 usque

516 1041 665 1096 mille
687 1030 920 1110 optimos
941 1035 1247 1092 dextrarios
1269 1033 1618 1088 haberemus.
1635 1028 2106 1084 Convalescebant

515 1133 760 1204 quotidie
783 1144 1077 1202 pauperes;
1111 1126 1568 1184 confortabantur
1594 1124 1840 1195 quotidie
1874 1123 2102 1188 milites,

511 1233 566 1281 et
601 1227 682 1280 sic
711 1222 954 1294 quotidie
984 1220 1258 1277 exercitus
1288 1217 1777 1288 multiplicabatur.
1805 1215 1872 1270 Et
1897 1223 2106 1286 quanto

512 1315 742 1372 ulterius
787 1312 1298 1385 progrediebamur,
1325 1317 1478 1365 tanto
1525 1308 1792 1378 ampliora
1825 1307 1986 1362 nobis
2007 1306 2104 1361 be-

511 1407 706 1463 neﬁcia
749 1406 1071 1478 providebat
1099 1403 1264 1460 Deus.
1301 1402 1368 1458 Et
1398 1403 1525 1458 licet
1550 1401 1736 1457 omnia
1776 1399 2107 1456 sufﬁcienter

511 1502 674 1559 nobis
717 1501 1092 1573 prevenirent,
1137 1508 1321 1553 tamen
1351 1496 1574 1568 quidam
1613 1495 1870 1551 comitem
1899 1493 1967 1548 ad
2000 1493 2106 1547 hoc

512 1595 934 1661 inclinaverunt,
967 1600 1029 1648 ut
1062 1591 1222 1662 quasi
1270 1604 1438 1646 causa
1474 1587 1684 1653 Zibelli,
1711 1602 1835 1658 quae
1857 1595 1941 1642 est
1971 1584 2106 1641 civi-

511 1697 598 1744 tas
626 1688 681 1743 in
709 1686 1026 1752 maritimis,
1046 1683 1267 1740 deviare
1294 1682 1573 1754 paulisper
1600 1679 1780 1736 vellet.
1827 1678 1932 1735 Sed
1961 1677 2107 1732 Tan-

511 1779 710 1835 credus
758 1777 962 1848 aliique
989 1775 1148 1830 multi
1173 1773 1275 1828 viri
1305 1771 1476 1827 fortes
1503 1778 1558 1826 et
1578 1769 1730 1836 boni,
1760 1783 1830 1824 ne
1859 1769 1966 1823 hoc
1993 1767 2104 1822 ullo

513 1872 682 1928 modo
714 1839 1213 1934 ﬁeret-eﬂecerunt,
1241 1865 1524 1922 dicentes:
1562 1861 1706 1917 Deus
1734 1861 1968 1916 uisitauit
1993 1859 2104 1930 ple-
2137 1839 2179 1898 Β

511 1967 627 2020 bem
657 1978 969 2035 pauperum,
1012 1969 1062 2014 et
1091 1975 1184 2014 nos
1217 1957 1484 2012 declinare
1504 1955 1570 2009 ab
1598 1954 1787 2008 itinere
1824 1953 2108 2008 debemus?

514 2043 788 2125 Sufﬁciunt
839 2052 989 2108 nobis
1037 2051 1297 2123 prteteriti
1327 2049 1532 2104 labores
1569 2047 1711 2118 apud
1742 2045 2105 2112 Antiochiam,

513 2145 640 2202 belli
661 2153 712 2200 et
741 2144 978 2215 frigoris,
1013 2151 1062 2196 et
1088 2141 1298 2208 inedire,
1331 2139 1554 2210 denique
1581 2147 1634 2193 et
1667 2139 1828 2192 totius
1856 2137 2104 2191 miseriae.

513 2235 771 2309 Nunquid
797 2251 890 2291 nos
915 2233 1016 2290 soli
1035 2233 1289 2288 mundum
1311 2231 1828 2301 expugnabimusht
1849 2228 2112 2283 habitato-

510 2345 592 2385 res
618 2327 816 2396 mundi
855 2343 1032 2382 omnes
1065 2325 1482 2395 interﬁciemus?
1508 2322 1642 2376 Ecce
1663 2322 1728 2376 de
1756 2330 1963 2376 centum
1994 2320 2110 2374 mil-

507 2420 647 2476 libus
688 2421 945 2492 equitum,
969 2420 1057 2474 via:
1090 2417 1286 2472 milites
1329 2416 1476 2470 mille
1513 2414 1785 2482 habemus,
1816 2422 1868 2469 et
1904 2413 1971 2467 de
2006 2413 2108 2466 du-

508 2515 674 2573 centis
712 2513 948 2568 millibus
979 2512 1216 2584 peditum
1244 2519 1577 2564 armatorum
1603 2517 1653 2563 et
1676 2508 1928 2578 amplius,
1952 2507 2108 2561 modo

509 2621 612 2659 non
634 2613 755 2658 sunt
781 2606 837 2658 in
871 2603 1106 2658 exercitu
1134 2609 1314 2656 nostro
1348 2601 1576 2673 quinque
1605 2599 1780 2653 millia
1806 2599 2027 2663 armati,
2056 2606 2107 2652 et

505 2695 926 2767 exspectabimus
973 2695 1136 2749 donec
1165 2710 1343 2748 omnes
1388 2692 1806 2747 consumamur?
1850 2689 2108 2762 Nunquid

505 2789 626 2845 ideo
655 2791 856 2846 venient
883 2787 982 2842 alii
1015 2787 1077 2842 de
1102 2796 1244 2842 terra
1262 2795 1465 2853 nostra,
1491 2787 1621 2857 quia
1649 2786 1868 2842 audient
1895 2795 2108 2856 captam

506 2899 619 2942 esse
653 2881 994 2936 Antiochiam
1018 2889 1066 2935 et
1090 2879 1375 2946 libellum,
1408 2888 1567 2950 atque
1605 2877 1836 2949 reliquas
1863 2878 2106 2932 ciuitates

507 2975 952 3042 Sarracenorum,
983 2973 1240 3028 nostras?
1268 2971 1373 3028 Sed
1395 2987 1577 3026 eamus
1610 2972 1668 3024 in
1687 2968 1990 3025 Jerusalem
2009 2985 2106 3040 pro

507 3085 617 3141 qua
670 3067 907 3122 uenimus
928 3107 944 3133 ,
977 3073 1029 3120 et
1058 3079 1236 3120 revera
1288 3061 1431 3118 Deus
1480 3077 1600 3117 eam
1627 3062 1778 3117 nobis
1829 3060 2002 3116 dabit.
2035 3059 2107 3114 Et

510 3171 654 3228 tunc,
685 3159 798 3214 solo
821 3160 1007 3213 timore
1042 3172 1223 3212 eorum
1246 3156 1338 3227 qui
1369 3155 1571 3210 vertient
1596 3154 1661 3210 de
1691 3163 1834 3209 terra
1849 3161 2032 3209 nostra
2055 3162 2107 3208 et

507 3254 575 3308 de
615 3251 740 3307 aliis
777 3252 955 3319 terris,
991 3249 1117 3305 alia:
1145 3249 1409 3314 civitates,
1441 3245 1645 3301 scilicet
1693 3243 1864 3302 Zimel
1898 3253 1948 3299 et
1983 3243 2108 3298 Tri-

509 3344 669 3416 polis,
702 3353 751 3399 et
780 3342 904 3410 Sur,
937 3351 987 3398 et
1020 3341 1283 3407 Accaron,
1312 3355 1432 3411 qua:
1459 3346 1582 3393 sunt
1607 3338 1665 3392 in
1691 3338 1879 3392 itinere
1903 3345 2108 3403 nostra,

508 3438 576 3493 ab
601 3435 790 3492 incolis
818 3435 1200 3507 relinquentur.
1228 3431 1323 3489 Sic
1347 3432 1532 3504 itaque
1552 3445 1678 3486 cum
1702 3429 1946 3486 anterius
1975 3443 2108 3500 pro-

511 3529 884 3602 grederemur,
924 3525 1150 3598 quidam
1176 3523 1343 3579 Turci
1369 3530 1425 3579 et
1446 3522 1657 3578 Arabes
1683 3520 1983 3577 exercitum
2016 3535 2109 3575 se-

511 3620 856 3693 quebantur;
895 3625 951 3674 et
975 3631 1248 3690 pauperes
1271 3614 1368 3688 qui
1393 3629 1496 3688 pro
1516 3613 1798 3672 debilitate
1825 3629 1925 3670 sua
1945 3613 2108 3683 longe

509 3721 637 3786 post
663 3710 963 3768 exercitum
993 3707 1379 3776 remanebant,
1404 3706 1803 3764 interﬂciebant
1822 3714 1878 3762 et
1904 3704 2108 3776 spolia-

508 3804 662 3861 bant.
688 3801 940 3873 Cumque
981 3801 1090 3858 hoc
1125 3801 1297 3858 semel
1327 3807 1382 3855 et
1407 3799 1651 3857 secundo
1694 3797 1975 3867 fecissent,
1999 3797 2107 3854 alia

509 3895 600 3953 die
633 3895 900 3951 remansit
926 3908 1111 3950 comes
1133 3891 1191 3947 in
1211 3892 1463 3960 occultis,
1489 3889 1667 3948 donec
1691 3890 1874 3947 omnis
1896 3890 2107 3946 exerci-

511 3995 603 4043 tus
634 3984 1012 4058 pertransiret.
1056 3981 1256 4040 Hostes
1291 3997 1444 4050 vero,
1495 3981 1820 4054 impunitate
1842 3980 2010 4044 caedis
2052 3987 2106 4035 et

510 4092 611 4148 spe
657 4077 893 4148 rapinae,
942 4075 1245 4132 exercitum
1281 4085 1533 4130 nostrum
1565 4088 1723 4130 more
1756 4073 1920 4130 solito
1960 4071 2106 4128 inse-

509 4171 860 4243 quebantur;
912 4169 1009 4227 sed
1057 4183 1184 4227 cum
1234 4167 1352 4239 iam
1408 4165 1639 4222 insidias
1700 4163 2102 4236 praeterissent,

510 4261 722 4334 egressi
785 4259 965 4317 nostri
1015 4259 1086 4316 de
1123 4259 1356 4316 occultis
1409 4272 1536 4314 cum
1596 4256 1828 4322 comite,
1885 4254 2105 4326 agmina

510 4355 754 4412 hostium
789 4353 1074 4420 invadunt,
1113 4351 1446 4409 conturbant
1469 4357 1525 4405 et
1546 4347 1910 4414 confundunt,
1941 4355 2106 4419 atque

513 4447 666 4517 ipsos
715 4445 1070 4511 interﬁciunt,
1123 4451 1180 4499 et
1225 4457 1400 4514 equos
1426 4454 1620 4496 eorum
1666 4438 1927 4509 optimos,
1976 4453 2103 4495 cum

2206 570 2420 638 equites
2475 570 2783 640 sexaginta,
2836 579 2892 624 et
2930 569 3186 639 amplius.
3233 568 3558 622 Consultum
3594 579 3668 626 est
3700 589 3747 630 eo

2208 671 2452 732 tempore
2485 662 2553 716 de
2607 661 2802 718 itinere
2852 670 3072 729 nostro,
3124 669 3186 716 ut
3227 659 3622 716 dimitteremus
3638 664 3748 722 viam

2206 770 2329 825 quae
2355 754 2591 810 ducebat
2619 754 2972 819 Damascum,
2998 763 3052 809 et
3073 754 3473 810 diverteremus
3486 753 3553 808 ad
3581 757 3751 811 mariti-

2149 885 2172 901 .
2205 862 2376 914 mam,
2409 847 2696 918 quoniam,
2719 847 2766 904 si
2799 857 3003 904 nostra:
3032 863 3199 903 naves
3228 863 3369 918 quas
3409 847 3466 901 in
3497 857 3647 917 portu
3669 848 3752 904 An-

2207 938 2424 994 tiochiae
2463 939 2861 1010 reliqueramus
2893 939 2960 994 ad
3004 955 3109 994 nos
3137 939 3414 1004 venirent,
3468 938 3752 997 haberemus

2206 1032 2545 1087 commercia
2576 1047 2704 1088 cum
2736 1031 2824 1087 his
2851 1031 2920 1087 de
2951 1032 3131 1087 insula
3157 1032 3345 1104 Cypri,
3383 1042 3438 1086 et
3467 1032 3753 1102 reliquarum

2207 1125 2538 1181 insularum.
2586 1124 2837 1195 Cumque
2861 1134 2920 1179 ut
2961 1124 3278 1180 consultum
3329 1132 3446 1191 est,
3487 1123 3587 1178 iter
3609 1140 3756 1194 agere-

2205 1231 2349 1282 mus,
2374 1215 2756 1287 relinquebant
2776 1215 3027 1272 civitates
3050 1223 3106 1269 et
3122 1223 3303 1271 castra
3323 1223 3379 1270 et
3408 1214 3585 1280 villas,
3609 1214 3756 1285 plenas

2205 1308 2462 1364 omnibus
2484 1307 2666 1375 bonis,
2690 1307 3032 1363 habitatores
3059 1316 3237 1363 terra.

2699 1399 2931 1456 CAPUT
2969 1399 3140 1455 XXIV
3169 1400 3269 1455 bis.

2276 1493 2465 1564 Itaque
2491 1493 2774 1550 circinatis
2795 1494 3013 1566 magnis
3039 1493 3340 1561 montanis,
3366 1508 3495 1549 cum
3521 1493 3574 1547 in
3600 1493 3755 1548 vallem

2205 1587 2503 1657 quamdam
2549 1587 3032 1657 opulentissimam
3071 1587 3441 1651 venissemus,
3467 1584 3645 1641 rustici
3663 1586 3760 1656 qui-

2205 1679 2332 1734 dam
2354 1679 2704 1734 multitudine
2732 1696 2833 1736 sua
2857 1689 2912 1735 et
2929 1679 3098 1736 castri
3121 1679 3209 1736 sui
3231 1677 3540 1733 munitione
3557 1678 3759 1747 superbi,

2207 1787 2385 1843 neque
2428 1772 2500 1828 'ad
2535 1786 2638 1828 nos
2681 1773 2900 1828 mittere
2939 1787 3042 1843 pro
3072 1786 3228 1842 pace,
3281 1784 3464 1841 neque
3497 1769 3762 1840 relinquere

2209 1871 2454 1919 castrum
2507 1878 2669 1918 suum
2716 1862 3012 1930 volebant,
3073 1861 3171 1918 sed
3229 1861 3462 1930 insuper
3518 1859 3764 1929 armigeris

2211 1956 2417 2012 nostris
2445 1963 2502 2010 et
2518 1955 2816 2026 peditibus,
2843 1954 2940 2026 qui
2972 1954 3214 2010 inermes
3239 1961 3422 2018 erant,
3447 1959 3503 2007 et
3527 1966 3618 2022 per
3635 1951 3765 2005 villas

2207 2049 2594 2105 discurrebant
2633 2063 2737 2120 pro
2780 2048 3135 2116 victualibus,
3197 2047 3554 2103 incurrerunt
3596 2053 3648 2099 et
3663 2046 3762 2114 qui-

2207 2142 2441 2198 busdam
2464 2139 2788 2208 interfectis,
2801 2141 3134 2212 spoliaintra
3147 2139 3438 2195 castellum
3462 2153 3616 2193 suum
3636 2136 3766 2191 mise-

2210 2244 2360 2291 runt.
2386 2234 2655 2306 lndignati
2680 2234 2868 2306 itaque
2880 2234 3080 2300 nostri,
3095 2232 3164 2288 ad
3189 2232 3479 2288 castellum
3501 2245 3768 2301 usqueper-

2208 2329 2456 2386 veniunt.
2474 2327 2685 2384 Rustici
2703 2336 2884 2383 autem
2907 2327 3126 2383 obviam
3149 2326 3313 2382 nobis
3329 2340 3507 2395 usque
3523 2323 3588 2379 ad
3609 2323 3766 2393 pedem

2211 2421 2434 2487 montis,
2464 2422 2520 2476 in
2539 2437 2652 2492 quo
2682 2420 2967 2476 castellum
2990 2427 3130 2484 erat,
3153 2418 3344 2474 venire
3378 2431 3491 2470 non
3521 2415 3769 2469 dubitave-

2209 2523 2358 2570 runt.
2383 2513 2539 2570 Tunc
2559 2513 2736 2569 nostri
2759 2519 2986 2582 accepto
3023 2510 3280 2576 consilio,
3305 2507 3530 2564 ordines
3559 2507 3767 2576 peditum

2208 2617 2263 2663 et
2288 2607 2523 2662 militum
2553 2606 2986 2670 constituerunt;
3031 2611 3088 2659 et
3121 2603 3206 2658 sic
3232 2617 3265 2656 a
3303 2599 3484 2656 tribus
3529 2597 3766 2669 partibus,

2212 2715 2310 2770 per
2339 2698 2684 2754 altitudinem
2711 2696 2918 2752 montis
2949 2695 3330 2759 ascendentes,
3381 2691 3598 2763 agmina
3631 2687 3768 2743 rusti-

2211 2805 2405 2846 corum
2459 2788 2647 2860 fugere
2697 2787 3103 2858 compulerunt.
3155 2784 3327 2840 Erant
3383 2784 3530 2838 enim
3588 2781 3770 2836 circiter

2211 2879 2434 2949 triginta
2465 2879 2638 2933 millia
2667 2876 2981 2943 Sarraceni,
3011 2885 3070 2932 et
3090 2875 3378 2933 castellum
3403 2875 3769 2944 ipsorumerat,

2211 2971 2269 3026 in
2298 2970 2570 3027 descensu
2597 2969 2888 3041 cujusdam
2912 2968 3145 3024 maximi
3169 2966 3414 3022 montis:
3439 2975 3494 3020 et
3521 2971 3770 3036 propterea

2209 3077 2336 3118 cum
2365 3061 2622 3118 volebant
2679 3061 3027 3133 refugiebant
3077 3061 3147 3115 ad
3202 3059 3515 3124 castellum,
3543 3064 3598 3112 et
3624 3054 3703 3109 alii
3729 3055 3772 3107 in

2211 3154 2483 3225 superidri
2509 3154 2713 3211 montis
2733 3165 2908 3225 parte,
2937 3162 2991 3208 et
3010 3153 3093 3208 sic
3119 3151 3524 3224 aliquantulum
3553 3148 3773 3205 nobism-

2213 3247 2502 3303 sistebant.
2527 3246 2771 3302 Tandem
2792 3245 3223 3302 exclamavimus
3253 3245 3474 3316 signum
3499 3242 3705 3298 solitum
3729 3240 3772 3294 in

2211 3339 2632 3397 necessitatibus
2651 3341 2859 3396 nostris
2883 3359 2896 3394 :
2920 3339 3090 3406 Deus,
3115 3331 3350 3394 absim!
3384 3335 3552 3404 Deus,
3575 3336 3769 3391 animi

2213 3439 2270 3486 et
2297 3429 2507 3485 inimici
2537 3429 2713 3486 nostri
2737 3429 2812 3484 ita
2840 3429 3047 3486 turbati
3094 3436 3246 3495 sunt,
3290 3436 3353 3482 ut
3379 3441 3558 3497 usque
3585 3425 3651 3481 ad
3668 3439 3773 3479 cen-

2216 3531 2353 3591 tum,
2378 3522 2498 3579 solo
2525 3521 2722 3578 timore
2765 3530 2822 3578 et
2865 3521 3071 3592 impetu
3099 3519 3382 3578 sociorum
3409 3533 3653 3584 suorum,
3681 3516 3775 3571 sine

2211 3613 2554 3682 vulneribus,
2579 3614 2636 3668 in
2667 3613 2922 3686 ingressu
2943 3611 3173 3679 castelli,
3206 3611 3411 3668 mortui
3436 3615 3770 3665 remanerent.

2212 3709 2348 3765 Erat
2391 3716 2576 3764 autem
2619 3707 2860 3762 maxima
2900 3706 3084 3778 praeda
3133 3705 3302 3761 borun
3350 3713 3407 3760 et
3453 3716 3712 3774 equorum
3731 3707 3774 3755 et

2209 3803 2397 3858 ovium
2423 3809 2578 3857 extra
2601 3800 2910 3867 castellum,
2941 3799 3036 3855 ubi
3065 3798 3302 3870 populus
3351 3805 3542 3852 noster
3569 3807 3772 3863 occupa-

2209 3895 2396 3950 batur.
2435 3891 2688 3964 Dumque
2735 3906 2924 3948 comes
2972 3905 3100 3946 cum
3153 3888 3488 3960 quibusdam
3540 3885 3776 3941 militibus

2213 3986 2356 4043 bello
2415 3984 2741 4052 intenderet,
2790 3997 3061 4054 pauperes
3108 3980 3286 4037 nostri
3330 3989 3559 4050 accepta
3604 3965 3774 4050 praeda;

2211 4096 2358 4137 unus
2385 4088 2512 4152 post
2557 4079 2726 4134 alium
2779 4078 2960 4134 redire
3009 4084 3317 4148 coeperunt,
3359 4075 3561 4132 deinde
3599 4073 3776 4144 pedites

2210 4174 2358 4229 viam
2381 4172 2659 4240 tenebant,
2691 4181 2883 4243 postea
2923 4171 3126 4227 milites
3175 4169 3375 4241 plebei.
3425 4167 3600 4223 Erant
3620 4175 3772 4222 autem

2211 4264 2445 4320 tentoria
2474 4274 2664 4320 nostra
2691 4264 2850 4336 longe
2879 4277 2909 4318 a
2935 4263 3182 4330 castello,
3233 4261 3394 4333 quasi
3443 4261 3633 4317 decem
3676 4255 3775 4312 mil—

2207 4355 2458 4412 liaribus.
2488 4356 2699 4411 Interea
2733 4369 2943 4423 comes,
2986 4355 3190 4410 milites
3217 4363 3274 4409 et
3299 4353 3568 4424 populum
3617 4347 3773 4418 hospi-

2206 4450 2313 4506 tari
2335 4450 2584 4522 jubebat.
2602 4447 2864 4504 Videntes
2878 4455 3060 4504 autem
3087 4445 3404 4514 Sarraceni,
3431 4446 3530 4517 qui
3554 4443 3621 4500 ad
3644 4457 3779 4510 supe-

511 4539 705 4612 Kl‘andi
760 4537 1128 4594 θιειιιιθῐίοηϐ
1170 4535 1239 4591 ad
1282 4533 1586 4590 θιθΐθίιυω
1642 4531 2005 4587 deduxerunt.
2041 4531 2107 4588 Ει
2138 4539 2184 4595 D
2208 4542 2412 4597 riorem
2429 4550 2672 4597 montem
2689 4541 3142 4607 ascenderant,et
3163 4540 3198 4593 ii
3221 4539 3317 4611 qui
3335 4549 3498 4594 erant
3513 4539 3568 4593 in
3583 4533 3778 4594 castello

510 4639 638 4703 post
670 4631 817 4699 haec,
867 4629 1004 4686 nulli
1048 4630 1236 4684 hostes
1279 4625 1582 4682 exercitum
1644 4625 2102 4696 assequebantur,

510 4725 774 4795 quoniam
826 4738 1012 4780 comes
1041 4738 1170 4779 cum
1215 4726 1427 4776 armata
1478 4717 1830 4774 multitudine
1862 4719 2100 4776 militum

509 4826 636 4888 post
670 4831 865 4872 omnes
900 4813 1107 4871 debiles
1145 4812 1277 4868 ibat.
1309 4810 1416 4865 Alii
1445 4818 1628 4866 autem
1669 4809 1871 4867 milites
1903 4811 2101 4868 armati

507 4926 637 4966 cum
673 4909 874 4967 comite
917 4903 1333 4963 Northmanniaa
1359 4915 1416 4960 et
1438 4902 1742 4972 Taucredo,
1771 4913 1826 4960 et
1844 4906 2103 4978 episcopo

509 4999 818 5056 Albariensi
842 4997 1156 5068 frequenter
1175 4993 1476 5050 exercitum
1498 4995 1896 5064 praecedebant,
1923 5012 1992 5053 ne
2013 4999 2101 5053 vel

509 5105 542 5146 a
571 5100 727 5163 tergo
744 5089 832 5145 vel
858 5103 890 5144 a
911 5087 1112 5155 fronte,
1160 5083 1467 5156 improvisi,
1500 5085 1688 5142 hostes
1711 5089 2103 5145 conturbarent

512 5198 635 5238 nos.
689 5180 905 5236 Etenim
933 5194 1120 5237 comes
1148 5177 1279 5249 quia
1309 5191 1518 5249 paucos
1552 5177 1754 5235 milites
1789 5196 1976 5236 secum
2002 5182 2102 5237 ba-

511 5273 674 5330 bebat
709 5288 836 5328 cum
883 5287 914 5326 a
947 5270 1127 5326 Marra
1173 5270 1634 5341 proficisceretur,
1655 5274 1868 5344 rogavit
1889 5274 2103 5344 episco-

509 5381 666 5437 pum,
696 5374 759 5420 ut
787 5365 968 5435 posito
995 5363 1250 5435 praesidio
1268 5361 1474 5431 Barrae,
1505 5363 1620 5434 ipse
1645 5367 1857 5422 veniret
1890 5383 2100 5424 secum.

511 5461 671 5529 Quod
710 5462 1001 5533 episcopus
1025 5461 1285 5530 audiens,
1315 5461 1667 5518 Guillelmum
1696 5463 1843 5520 Petri
1879 5466 2102 5523 nomine

511 5557 579 5610 de
615 5553 902 5610 Cimiliaco
943 5555 1236 5626 quemdam
1281 5555 1509 5612 militem
1559 5573 1720 5613 suum
1752 5557 1826 5613 ibi
1853 5557 2098 5625 dimisit,

511 5658 638 5698 cum
685 5644 948 5701 militibus
997 5652 1204 5716 septem
1237 5653 1294 5702 et
1326 5645 1602 5716 peditibus
1644 5647 1890 5718 triginta,
1919 5649 2097 5705 virum

511 5733 731 5789 ﬁdelem
789 5751 853 5790 ac
906 5733 1018 5790 Deo
1048 5736 1335 5804 devotum;
1368 5738 1463 5807 qui
1513 5753 1601 5794 res
1628 5739 1868 5809 episcopi
1913 5741 2094 5808 auxit,

514 5822 765 5894 adiutore
797 5824 930 5897 Deo,
954 5827 1009 5882 in
1030 5825 1343 5899 decuplurn,
1372 5828 1526 5884 brevi
1556 5837 1890 5899 tempore,et
1912 5831 2094 5888 homi-

2215 4634 2364 4704 quod
2386 4635 2624 4689 maxima
2656 4649 2787 4705 pars
2807 4641 3122 4689 nostrorum
3143 4633 3500 4697 discesserat,
3545 4627 3778 4686 ventilare

2211 4725 2280 4780 ad
2331 4724 2565 4780 invicem
2614 4731 2922 4795 coeperunt,
2977 4731 3036 4778 ut
3073 4722 3575 4794 conjungerentur;
3619 4734 3776 4775 comes

2208 4831 2340 4873 vero
2363 4816 2494 4871 dum
2525 4816 2643 4871 haec
2670 4815 2914 4887 negligit,
2940 4830 3078 4886 pene
3109 4830 3170 4870 se
3197 4813 3526 4869 derelictum
3553 4828 3586 4868 a
3617 4808 3777 4865 militi-

2207 4909 2314 4964 bus
2339 4909 2458 4965 suis
2484 4907 2708 4979 reperit.
2748 4907 2881 4963 Erat
2913 4907 3068 4963 collis
3097 4907 3151 4962 in
3182 4921 3295 4977 quo
3344 4906 3634 4962 castellum
3657 4909 3775 4965 erat,

2211 5003 2446 5058 multum
2477 5003 2686 5058 arduus
2711 5014 2766 5057 et
2814 5002 3083 5072 lapideus,
3129 5009 3186 5055 et
3233 4999 3408 5055 ardua
3458 4999 3669 5064 semita,
3701 5009 3778 5065 per

2205 5108 2374 5164 quam
2404 5109 2550 5147 unus
2592 5107 2771 5163 equus
2799 5100 2924 5162 post
2968 5092 3139 5146 alium
3185 5090 3273 5145 vix
3309 5090 3391 5145 ire
3425 5097 3658 5160 poterat.
3687 5085 3779 5140 llac

2209 5184 2395 5256 itaque
2421 5184 2735 5240 difﬁcultate
2761 5184 3197 5255 comprehensus
3241 5198 3454 5249 comes,
3479 5182 3639 5254 quasi
3672 5195 3775 5235 ver-

2207 5294 2305 5334 sus
2355 5277 2498 5345 illos,
2543 5277 2639 5348 qui
2691 5277 2760 5332 de
2815 5276 3086 5348 superiori
3143 5285 3331 5331 monte
3379 5275 3774 5333 descenderant.

2206 5385 2434 5442 pergere
2477 5385 2602 5424 cum
2643 5369 2810 5425 sociis
2851 5370 3039 5440 coepit,
3083 5367 3245 5439 quasi
3296 5378 3676 5439 pugnaturus;
3701 5360 3777 5433 qui

2209 5464 2391 5535 primo
2417 5462 2699 5532 paululum
2733 5463 2801 5518 ad
2829 5461 3126 5518 adventum
3172 5462 3394 5518 comitis
3433 5478 3548 5516 non
3589 5458 3778 5515 dubita-

2209 5564 2427 5612 verunt.
2477 5554 2634 5610 Tunc
2687 5556 2862 5612 nostri
2893 5570 3056 5612 verso
3086 5555 3300 5622 itinere,
3331 5555 3386 5610 in
3415 5555 3616 5611 vallem
3643 5547 3778 5623 quasi

2209 5647 2392 5705 securi
2419 5647 2729 5702 tendebant.
2777 5646 3036 5703 Videntcs
3069 5645 3361 5702 Sarraceni
3403 5662 3466 5702 se
3510 5645 3776 5700 frustratos

2205 5748 2266 5795 et
2311 5747 2533 5795 nostros
2562 5755 2756 5796 secure
2789 5739 3140 5807 descendere,
3171 5747 3226 5811 et
3275 5739 3332 5794 bi
3372 5739 3442 5796 de
3472 5737 3709 5802 castello,
3733 5740 3778 5788 et

2208 5829 2266 5886 hi
2323 5830 2391 5885 de
2431 5830 2714 5888 montibus
2763 5832 2968 5904 pariter
3009 5832 3217 5890 nostris
3267 5831 3585 5890 incurrunt.
3615 5828 3777 5888 Coacti
