3846 6306
109 382 186 441 635
1059 363 1250 421 llAlM.
1288 362 1378 420 DE
1411 363 1662 420 AGILES
1699 363 1880 422 lliST.
1919 365 2284 425 HlEﬂOSOL.

3199 373 3309 433 63d

119 501 258 566 imm
273 486 418 546 nostri
433 483 546 548 alii,
570 479 646 537 ab
659 479 826 552 equis
857 479 974 537 suis
995 479 1414 547 descenderunt,
1443 479 1534 535 alii
1559 493 1617 535 se
1645 479 1693 538 Α
1719 481 1896 537 cando
1919 483 2202 539 veritatem
2226 497 2394 554 quam
2418 482 2472 538 in
2489 481 2725 540 texendo
2745 484 3054 555 mendacia,
3069 487 3309 560 alicujus

121 583 356 662 μωσίρίιεε
372 593 457 649 per
479 575 708 644 abrupta
728 573 1019 639 dederunt,
1038 583 1092 629 et
1120 573 1202 629 sic
1225 589 1352 630 cum
1373 573 1614 628 maximo

119 675 304 751 pairqu
339 677 546 726 mortem
592 675 892 722 evaserunt
927 663 1188 736 :quidam
1214 679 1346 720 vero
1384 664 1617 718 viriliter

115 765 358 842 pugnando,
387 759 578 817 mortui
626 771 780 815 sunt.
817 756 934 814 Hoc
965 773 1135 812 unum
1171 765 1382 813 certum
1406 755 1614 812 scimus

112 861 218 932 quod
236 869 480 925 nunquam
509 851 614 906 fuit
642 867 832 908 comes
861 851 918 906 in
966 849 1163 921 majori
1211 848 1454 920 periculo
1492 847 1616 902 vita

107 969 202 1012 sua.
227 949 388 1019 Itaque
411 946 578 1001 iratus
607 943 715 1000 sibi
743 951 797 998 et
828 942 967 1007 suis,
1000 957 1256 998 reversus
1303 940 1372 996 ad
1404 939 1614 994 exerci-

105 1053 188 1100 tum
205 1038 459 1098 consilium
479 1035 825 1100 convocavit,
837 1043 893 1089 et
911 1045 1251 1104 conquestus
1271 1041 1351 1088 est
1378 1031 1610 1086 multum

101 1132 407 1196 demilitibus,
437 1128 579 1200 quod
613 1127 737 1183 sine
776 1126 996 1182 licentia
1027 1125 1342 1192 rediissent,
1369 1133 1422 1179 et
1466 1139 1526 1179 se
1556 1123 1612 1178 in

100 1225 284 1298 periculo
308 1222 488 1277 mortis
512 1220 889 1290 reliquissent.
921 1217 1075 1275 Tunc
1100 1217 1470 1288 promiserunt
1487 1231 1612 1271 om-

95 1335 168 1375 nes
184 1332 232 1372 se
248 1329 505 1385 nunquam
524 1329 556 1367 a
581 1312 796 1368 castelli
819 1311 1229 1382 oppugnatione
1242 1309 1610 1373 discessuros,

93 1414 221 1466 donec
241 1407 487 1472 funditus,
509 1420 611 1475 per
641 1404 735 1459 Dei
761 1404 1014 1476 gratiam,
1046 1417 1299 1459 eversum
1317 1410 1482 1456 esset.
1505 1398 1612 1455 Sed

92 1502 200 1559 Deus
219 1500 299 1571 qui
322 1513 414 1554 eos
457 1496 826 1563 conducebat,
875 1511 943 1551 ne
974 1495 1027 1550 in
1053 1494 1388 1565 quibuslibet
1414 1493 1612 1548 vilibus

89 1593 432 1664 impedirentur,
464 1589 539 1644 ita
589 1589 792 1647 terruit
833 1587 1159 1644 castellanos
1181 1602 1278 1658 per
1308 1595 1521 1641 noctem
1554 1594 1614 1640 ut

87 1681 464 1740 necinterfectos
510 1697 654 1737 suos
704 1680 1002 1752 sepultura
1054 1679 1430 1743 tradidissent,
1479 1679 1611 1734 dum

85 1776 327 1847 precipites
351 1774 404 1829 in
426 1772 619 1844 fugam
669 1771 1004 1829 ferebantur.
1044 1770 1202 1827 Mane
1249 1779 1432 1826 autem
1466 1768 1612 1825 facto

1717 575 1965 631 muneris
1985 585 2206 647 captare
2237 575 2548 646 dispendia.
2582 575 2731 630 Obiit
2753 577 3119 635 charissimus
3147 595 3306 635 meus

1717 668 1770 722 in
1795 667 2051 734 Domino,
2076 668 2306 725 Pontius
2353 669 2421 725 de
2457 669 2760 737 Baladuno,
2794 670 2939 726 sicut
2953 671 3070 742 jam
3095 672 3305 728 dictum

1715 768 1818 826 est,
1851 762 1996 830 apud
2025 771 2271 817 castrum
2311 761 2617 818 Archados.
2663 761 2768 818 Sed
2798 763 2951 834 quia,
3003 765 3305 819 secundum

1715 853 2058 923 Apostolum,
2081 853 2318 908 charitas
2349 871 2622 926 nunquam
2644 856 2843 910 excidit
2865 855 2917 923 (1
2937 855 3062 911 Cor.
3090 873 3209 921 xm,
3227 857 3306 924 8),

1712 947 1904 1002 eadem
1947 946 2216 1001 ebaritate
2278 947 2385 1003 hoc
2437 963 2580 1018 opus
2630 965 2791 1022 agere
2829 949 2978 1013 volo,
3013 949 3309 1004 auxilietur

1714 1036 1851 1092 mihi
1878 1035 2043 1092 Deus.

2287 1127 2520 1183 CAPUT
2570 1127 2738 1183 XXV.

1782 1219 2034 1291 Cumque
2082 1219 2137 1276 in
2169 1220 2272 1275 hac
2301 1221 2590 1276 obsidione
2617 1223 2857 1292 aliquam
2888 1237 3098 1276 moram
3143 1221 3299 1275 fcris~

1713 1328 1922 1377 seruus,
1945 1311 2305 1366 venerunt-ad
2330 1327 2430 1367 nos
2463 1322 2668 1368 nostra
2697 1329 2862 1368 naves
2895 1315 2966 1369 ab
2991 1312 3306 1373 Antiochia.

1711 1411 1768 1460 et
1810 1402 2092 1470 Laodicia,
2129 1412 2184 1459 et
2212 1403 2399 1459 multa
2446 1404 2570 1459 alia
2619 1421 2786 1461 naves
2823 1403 3208 1476 Veneticorum
3254 1417 3312 1462 tt

1712 1495 2052 1563 Gracorum,
2075 1510 2202 1551 cum
2227 1494 2530 1564 frumento,
2553 1495 2705 1563 vino,
2733 1505 2788 1552 et
2814 1497 3042 1563 hordeo,
3070 1507 3123 1553 et
3142 1513 3312 1552 carne

1712 1587 1961 1659 porcina,
1985 1595 2039 1644 et
2064 1587 2188 1643 aliis
2227 1588 2537 1645 venalibus.
2570 1587 2674 1644 Sed
2698 1589 2828 1660 quia
2865 1591 2971 1645 hoc
3001 1599 3246 1645 castrum
3278 1606 3308 1644 a

1713 1677 1852 1732 mari
1882 1678 2072 1734 aberat
2096 1693 2194 1748 per
2227 1677 2570 1745 milliarium,
2620 1694 2722 1735 nec
2763 1679 2820 1734 in
2859 1691 3020 1750 portu
3060 1689 3313 1751 poterant

1715 1785 1838 1828 esse
1860 1786 2049 1838 naves,
2075 1771 2488 1827 revertebantur
2504 1779 2688 1827 nauta
2705 1771 2773 1827 ad
2801 1770 3074 1827 Laodicia
3091 1781 3311 1842 portum
3427 1827 3442 1834 _

83 1833 173 1923 cum
194 1833 521 1922 venissemus
552 1864 668 1931 ibi;
721 1865 898 1935 spolia
931 1872 1143 1919 tantum
1167 1872 1222 1918 et
1245 1871 1491 1919 castrum
1516 1877 1612 1917 va-
1648 1833 1692 1896 Β
1716 1870 1771 1917 et
1791 1861 1860 1917 ad
1885 1833 2104 1932 portum
2133 1859 2406 1918 Tortosa.
2433 1861 2587 1919 Hauc
2633 1863 2782 1918 enim
2833 1833 3148 1928 Tortosarn,
3176 1863 3315 1918 civi-

81 1975 202 2014 cuum
242 1959 308 2014 ab
344 1957 670 2013 hominibus
729 1955 1063 2015 invenimus.
1113 1954 1286 2012 Erant
1335 1964 1520 2011 autem
1546 1971 1614 2010 eo

82 2062 272 2123 tempore
325 2050 618 2106 nobiscum
678 2050 844 2123 legati
887 2049 957 2105 ab
1001 2048 1310 2103 Ammiratn
1353 2045 1611 2113 Camcla,

81 2157 171 2213 rege
194 2141 484 2212 Babylonis,
507 2149 565 2196 et
589 2156 623 2194 a
654 2156 780 2211 rege
810 2139 1067 2210 Tripolis.
1101 2138 1166 2194 Hi
1192 2155 1319 2195 cum
1350 2139 1616 2194 vidissent

79 2234 303 2290 audaciam
321 2242 372 2288 et
400 2232 788 2290 fortitudinem
832 2243 1101 2302 nostram,
1148 2233 1424 2289 licentiam
1452 2249 1482 2287 a
1518 2249 1614 2288 co-

77 2329 172 2382 mite
203 2326 649 2396 deprecabantur,
693 2327 939 2383 dicentes
995 2342 1055 2382 se
1093 2342 1260 2398 quam
1303 2325 1612 2382 certissime

77 2435 347 2474 reversuros.
389 2418 626 2475 Dimissi
678 2419 864 2490 itaque
906 2419 984 2474 illi
1034 2435 1158 2474 cum
1191 2419 1420 2487 nostris,
1460 2418 1611 2473 brevi

75 2522 261 2582 tempore
305 2527 424 2567 cum
460 2512 691 2582 magnis
735 2512 1058 2567 muneribus
1102 2521 1159 2567 et
1209 2511 1401 2567 multis
1451 2511 1613 2580 equis

76 2604 229 2658 reversi
253 2612 390 2660 sunt.
419 2603 730 2664 Terruer.
751 2605 896 2660 enim
941 2612 1113 2660 totam
1147 2604 1429 2676 regionem
1458 2603 1610 2658 illam

73 2695 232 2750 castelli
277 2697 639 2767 oppugnatio,
697 2697 962 2767 quoniam
1009 2711 1294 2767 nunquam
1344 2705 1506 2752 antea
1543 2695 1615 2751 ab

74 2787 289 2856 aliquibus
327 2790 503 2859 potuit
544 2789 881 2860 expugnari.
915 2787 1207 2860 Propterea
1235 2788 1383 2846 illius
1419 2788 1614 2846 incola

73 2879 280 2950 regionis,
301 2897 424 2936 cum
449 2881 653 2937 multis
678 2882 1173 2952 supplicationibus
1191 2890 1248 2937 et
1269 2882 1612 2950 muneribus,

73 2971 122 3024 ad
141 2971 364 3028 comitem
406 2972 714 3028 mittebant
744 2982 1052 3042 precantes,
1077 2981 1138 3028 ut
1174 2971 1307 3027 dum
1335 2972 1532 3028 civitas
1558 2979 1615 3028 et

71 3062 242 3118 castella
259 3077 442 3118 eorum
473 3062 656 3133 recipi
680 3061 903 3130 faceret,
932 3063 1149 3118 interim
1175 3062 1329 3133 signa
1353 3070 1408 3118 et
1433 3061 1612 3134 sigilla

73 3170 144 3209 sua
165 3155 231 3212 eis
252 3155 521 3226 dirigeret.
551 3155 777 3211 Etenim
805 3171 923 3211 mos
951 3164 1070 3211 erat
1096 3155 1151 3211 in
1179 3159 1450 3223 exercitu,
1475 3165 1536 3212 ut
1559 3157 1606 3214 si

1634 3201 1681 3261 C

1717 1962 1884 2010 tatem
1924 1954 2082 2010 valde
2106 1954 2505 2023 firmissimam,
2556 1956 2733 2011 muris
2777 1963 2832 2011 et
2873 1955 3318 2011 antemuralibus

1714 2054 2076 2114 exstructam,
2098 2056 2153 2103 et
2177 2047 2432 2104 refertam
2465 2048 2725 2106 omnibus
2751 2049 2934 2115 bonis,
2972 2048 3318 2120 reliquerunt

1715 2139 1865 2194 cives
1885 2139 2011 2210 ejus
2042 2138 2356 2208 Sarraceui,
2400 2141 2520 2196 solo
2561 2140 2759 2196 timore
2803 2140 2980 2196 nostri
3009 2141 3308 2196 exercitus.

1716 2229 1930 2287 Etenim
1960 2239 2174 2287 tantum
2197 2231 2456 2288 eﬂ'ecerat
2490 2232 2639 2290 Deus
2668 2233 2923 2288 timorem
2954 2241 3206 2288 nostrum
3253 2234 3310 2288 in

1718 2323 2059 2381 Sarracenos
2086 2333 2143 2381 et
2165 2324 2377 2381 Arabes
2408 2325 2556 2382 illius
2587 2325 2849 2398 regionis,
2894 2333 2956 2381 ut
2991 2341 3094 2382 nos
3123 2327 3311 2383 omnia

1714 2417 1999 2474 crederent
2048 2433 2233 2488 posse,
2264 2426 2322 2475 et
2344 2435 2468 2490 qua
2513 2429 2854 2489 poteramus,
2882 2418 3022 2474 velle
3050 2419 3314 2474 extermi-

1715 2524 1868 2564 nare.
1899 2507 2006 2565 Sed
2029 2509 2135 2563 hoc
2157 2515 2284 2563 ante
2305 2509 2646 2566 obsidionem
2693 2508 2999 2564 Archados.
3033 2505 3188 2562 lianc
3209 2523 3308 2562 au-

1715 2608 1823 2656 tem
1846 2600 2210 2668 obsidionem,
2235 2601 2364 2672 quia
2387 2600 2627 2655 maxime
2651 2616 2751 2670 pro
2771 2597 2895 2654 aliis
2918 2605 3112 2654 contra
3132 2596 3308 2667 justi-

1714 2696 1870 2764 tiam,
1907 2711 2074 2767 quam
2126 2712 2226 2767 pro
2263 2695 2376 2752 Deo
2414 2689 2726 2766 posuimus;
2769 2692 2946 2750 uoluit
2983 2706 3314 2764 promovere

1714 2804 1839 2846 eam
1869 2787 2036 2855 Deus,
2069 2788 2165 2845 sed
2193 2788 2378 2845 omnia
2409 2787 2640 2844 adversa
2671 2786 2834 2844 nobis
2862 2785 3074 2842 tribuit.
3099 2783 3166 2840 Et
3189 2793 3312 2839 erat

1713 2881 1939 2947 mirum,
1972 2896 2099 2937 cum
2126 2881 2194 2936 ad
2219 2881 2326 2936 alia
2349 2881 2490 2936 bella
2511 2889 2568 2935 et
2589 2879 2834 2936 assultus
2854 2892 3050 2933 omnes
3071 2874 3311 2947 prompti

1713 2985 1768 3030 et
1792 2975 1969 3046 parati
1993 2983 2204 3042 essent,
2253 2973 2324 3029 ad
2373 2973 2480 3028 hoc
2513 2988 2708 3042 segnes
2736 2979 2791 3026 et
2821 2969 3046 3025 inutiles
3065 2968 3313 3024 invenie-

1714 3066 1934 3124 bantur.
1961 3065 2020 3122 Si
2052 3065 2148 3138 qui
2169 3080 2302 3121 vero
2347 3064 2622 3120 ferventes
2648 3061 2848 3134 spiritu
2894 3076 3056 3133 agere
3100 3059 3311 3131 aliquid

1711 3159 1931 3225 vellent,
1953 3158 2040 3214 vel
2069 3157 2175 3228 ipsi
2203 3155 2658 3221 vulnerabantur,
2684 3152 2769 3209 vel
2793 3152 2941 3223 quod
2965 3151 3313 3222 inca-perant

71 3245 237 3316 signa
256 3247 484 3318 alicujus
508 3247 741 3314 Franci,
770 3247 824 3302 in
851 3248 1073 3304 civitate
1089 3257 1185 3304 aut
1204 3249 1430 3305 castello
1453 3265 1608 3320 repe-
1636 3243 1681 3261 “
1712 3253 1919 3309 frustra
1939 3251 2246 3309 eveniebat.
2273 3247 2524 3320 Migravit
2547 3246 2638 3303 hic
2660 3245 2898 3319 gloriose
2919 3244 3218 3301 Anselmus
3238 3243 3310 3298 de

71 3337 241 3406 riretnr,
277 3355 307 3395 a
355 3341 508 3397 nullo
557 3349 760 3411 postea
808 3351 1236 3412 oppugnaretur.
1288 3341 1472 3409 Quare
1511 3358 1610 3399 rex

73 3428 253 3502 Tripolis
297 3434 448 3506 signa
474 3433 710 3490 comitis
741 3433 794 3488 in
825 3434 1066 3490 castellis
1104 3434 1221 3491 suis
1249 3435 1461 3506 posuit;
1489 3443 1612 3490 erat

70 3530 347 3592 eotempore
375 3532 600 3578 tantum
652 3539 854 3578 nomen
897 3524 1115 3580 comitis
1165 3534 1225 3580 ut
1264 3526 1470 3582 nullius
1505 3542 1609 3581 un-

71 3625 192 3681 qnarn
205 3614 396 3670 nomini
419 3617 682 3686 priorum
709 3615 885 3686 impar
910 3631 1033 3672 esse
1048 3617 1343 3672 videretur.
1362 3619 1611 3688 Cumque

72 3704 222 3761 nllll¢s
257 3709 424 3763 nostri
445 3708 545 3780 qui
581 3708 803 3780 allegati
845 3707 1108 3779 Tripolim
1157 3708 1395 3776 fuerant,
1429 3711 1610 3782 regias

67 3810 181 3864 opes,
213 3808 260 3854 et
309 3799 592 3856 ditissima
644 3816 832 3871 regna,
874 3809 931 3856 et
969 3802 1290 3872 populosam
1332 3803 1605 3858 civitatem

69 3889 297 3958 vidissent,
322 3894 516 3949 comiti
562 3904 969 3964 persuaserunt
999 3903 1059 3949 ut
1088 3895 1375 3950 castellum
1428 3896 1610 3950 muni-

69 3981 287 4040 tissimum
315 3987 614 4043 Archados
658 3995 713 4042 et
737 3986 1158 4058 inexpugnabile
1180 3988 1389 4044 viribus
1415 3989 1611 4044 huma-

68 4075 149 4140 nis,
172 4079 450 4148 obsideret,
478 4079 784 4136 habiturus
803 4088 929 4150 post
946 4089 1206 4150 quartum
1240 4081 1326 4136 vel
1353 4081 1609 4151 quintum

68 4164 174 4224 diem
191 4186 219 4225 a
241 4187 358 4244 rege
386 4171 660 4245 Tripolis,
703 4185 970 4244 quantum
1003 4174 1127 4230 auri
1149 4183 1204 4229 et
1232 4176 1442 4246 argenti
1463 4175 1610 4232 desi-

67 4257 249 4316 deraret.
304 4263 496 4334 Itaque
548 4264 874 4320 obsedimus
933 4279 1033 4334 pro
1077 4264 1358 4321 voluntate
1413 4281 1608 4322 eorum

67 4353 316 4423 castellum,
338 4357 430 4411 ubi
465 4365 662 4412 tantos
692 4357 910 4413 labores
957 4365 1092 4413 sunt
1132 4356 1280 4428 passi
1306 4357 1480 4414 nostri
1504 4358 1608 4413 viri

66 4439 194 4501 fortes
213 4459 265 4502 ut
286 4465 571 4520 nusquam
598 4449 856 4520 amplius.
882 4448 1154 4506 Praterea
1181 4459 1365 4506 tantos
1386 4466 1452 4506 ac
1471 4451 1610 4506 tales

1713 3345 2073 3418 Ripamondi;
2099 3343 2303 3400 etenim
2349 3357 2476 3399 cum
2517 3340 2852 3397 surrexisset
2887 3354 3068 3405 mane,
3094 3337 3314 3394 vocavit

1709 3439 1777 3494 ad
1803 3453 1864 3494 se
1891 3436 2230 3502 sacerdotes,
2259 3443 2317 3491 et
2363 3434 2432 3490 de
2484 3431 2835 3504 negligentiis
2857 3430 2976 3487 suis
2989 3438 3052 3500 et
3072 3428 3311 3500 peccatis

1709 3529 2017 3596 confessus,
2067 3526 2508 3583 misericordiam
2539 3541 2570 3580 a
2597 3523 2710 3580 Deo
2748 3531 2805 3579 et
2847 3523 2916 3577 ab
2948 3523 3084 3593 ipsis
3111 3521 3308 3592 depre-

1708 3624 1958 3691 cabatur,
2001 3621 2337 3679 denuntians
2379 3618 2462 3674 eis
2501 3617 2794 3673 imminere
2814 3615 2942 3671 vita
2972 3629 3087 3670 sua
3117 3614 3306 3669 finem.

1709 3715 1960 3788 Cumque
1980 3715 2390 3771 admirarentur
2429 3712 2497 3768 de
2527 3711 2654 3774 hoc,
2686 3709 2818 3782 quia
2845 3722 3043 3765 sanum
3070 3715 3122 3762 et
3155 3707 3312 3763 inco-

1708 3809 1892 3864 lumen
1937 3822 2064 3864 eum
2093 3805 2371 3872 videbant,
2408 3803 2549 3860 dixit
2579 3803 2662 3858 eis
2693 3821 2707 3857 :
2737 3800 2920 3856 Nolite
2954 3799 3168 3865 mirari,
3214 3797 3309 3853 sed

1709 3902 1891 3957 audite
1927 3916 2008 3954 me
2039 3899 2236 3969 potius.
2267 3895 2385 3951 Hac
2406 3903 2558 3950 nocte
2583 3894 2693 3949 uidi
2733 3893 3008 3948 dominum
3042 3889 3310 3962 Egelrau-

1709 4011 1837 4050 num
1866 3993 1930 4048 de
1969 3991 2166 4048 Sancto
2193 3989 2389 4052 Paulo,
2420 3989 2512 4060 qui
2533 3987 2678 4058 apud
2726 3985 2970 4040 Murram
2999 3983 3310 4054 interfectus

1707 4097 1807 4153 est,
1848 4101 1953 4140 non
1980 4082 2261 4149 insomnis,
2291 4081 2382 4136 sed
2410 4079 2712 4152 vigilanter.
2762 4075 2831 4132 Et
2867 4076 2982 4132 dixi
3023 4075 3092 4132 ad
3119 4090 3248 4132 eum
3287 4091 3304 4130 :

1710 4179 1852 4247 Quid
1881 4186 1959 4234 est
2001 4177 2139 4231 hoc?
2163 4175 2293 4247 quia
2321 4172 2410 4228 eos
2442 4181 2681 4226 mortuus
2725 4171 2912 4238 eratis,
2944 4178 2994 4224 et
3027 4185 3144 4224 ecce
3168 4184 3312 4222 uuuc

1707 4265 1904 4326 vivitis.
1934 4268 2001 4324 Et
2045 4267 2137 4323 ille
2181 4266 2517 4338 respondit;
2553 4264 2816 4337 Equidem
2861 4279 2965 4318 non
3005 4262 3315 4317 moriuntur

1709 4363 1792 4418 illi
1836 4362 1927 4434 qui
1951 4361 2008 4415 in
2043 4357 2250 4415 Christi
2289 4359 2508 4413 servitio
2549 4358 2716 4413 vitam
2751 4355 2966 4426 ﬁniunt.
3006 4354 3146 4409 Cum
3173 4368 3311 4408 vero

1711 4470 1909 4510 rursus
1935 4467 2246 4523 quarerem
2265 4451 2337 4507 ab
2366 4451 2584 4516 eodem,
2617 4450 2687 4506 de
2714 4445 3130 4520 pulchritudine
3159 4444 3307 4516 ejus,

65 4534 221 4628 milites
240 4537 306 4592 ibi
328 4540 865 4610 perdidimus,un
890 4541 1064 4596 relatu
1089 4541 1475 4611 gravissimum
1499 4551 1602 4598 est.
1638 4569 1686 4628 ι)
1711 4561 1834 4617 qua
1859 4543 2030 4600 nimia
2058 4551 2199 4607 erat,
2226 4541 2373 4597 unde
2393 4540 2689 4597 accidisset
2710 4537 2785 4605 ei,
2811 4536 3098 4608 respondit
3126 4534 3304 4628 mihi:

63 4619 333 4685 Interfectus
376 4640 466 4687 est
522 4631 601 4686 ibi
647 4631 906 4688 dominus
935 4632 1166 4688 Pontius
1198 4635 1266 4690 de
1306 4633 1605 4701 Baladuno,

65 4726 160 4768 cum
184 4715 348 4788 lapide
372 4720 441 4775 de
474 4722 752 4791 petraria;
779 4723 939 4792 cujus
964 4737 1068 4794 ago
1104 4724 1358 4794 precibus
1397 4725 1464 4780 ad
1491 4740 1610 4779 om-

64 4819 138 4860 nes
169 4811 514 4879 orthodoxos,
565 4825 620 4869 et
659 4815 898 4870 maxime
924 4815 990 4869 ad
1019 4815 1429 4887 Transalpinos,
1461 4826 1514 4872 et
1541 4817 1610 4873 ad

61 4901 118 4962 ιε,
139 4905 406 4960 mercede
428 4907 637 4976 prasul
667 4906 1025 4975 Vivariensis,
1048 4909 1138 4964 cui
1167 4910 1272 4965 hoc
1297 4927 1435 4981 opus
1473 4911 1611 4966 seri-

61 4987 159 5046 bere
197 4999 394 5054 curavi.
443 4997 611 5055 Nunc
660 5009 842 5055 autem
880 5001 1028 5071 quod
1061 5002 1330 5073 reliquum
1359 5013 1464 5069 est,
1496 5002 1610 5059 Deo

62 5077 335 5153 inspirante,
374 5091 474 5161 qui
529 5091 650 5148 hac
677 5093 861 5148 omnia
902 5092 1050 5159 fecit,
1075 5095 1264 5148 eadem
1314 5095 1606 5161 hilaritate,

63 5186 148 5240 qua
171 5175 377 5250 incapi,
409 5181 683 5251 perficere
707 5182 934 5237 curabo.
967 5180 1078 5238 Oro
1106 5183 1272 5255 igitur
1299 5193 1353 5239 et
1379 5185 1610 5240 obsecro

63 5278 215 5323 omnes
235 5271 327 5340 qui
377 5273 500 5328 hac
541 5273 785 5329 audituri
816 5283 966 5341 sunt,
1015 5283 1076 5330 ut
1117 5275 1343 5331 credant
1370 5278 1486 5333 hac
1535 5277 1607 5332 ita

63 5354 213 5416 fuisse.
239 5362 393 5431 Quod
421 5367 471 5422 si
503 5367 808 5438 quidquam
840 5384 942 5440 ego
969 5377 1165 5440 prater
1183 5369 1390 5426 credita
1413 5379 1470 5426 et
1489 5371 1607 5427 visa

64 5454 219 5510 studeo
245 5458 471 5527 referre,
501 5461 594 5514 vel
641 5461 768 5515 odio
795 5461 1029 5532 alicujus
1071 5462 1322 5534 apposui,
1369 5472 1611 5533 apponat

65 5548 168 5603 mihi
191 5551 326 5611 Deus
350 5572 554 5634 omnes
599 5555 794 5611 inferni
853 5558 1063 5628 plagas,
1117 5567 1172 5614 et
1209 5558 1386 5614 deleat
1427 5574 1517 5614 me
1540 5559 1609 5614 de

65 5637 172 5694 libro
197 5646 332 5702 vita.
385 5641 638 5716 Etenim,
689 5649 814 5704 licet
841 5659 902 5705 ut
937 5651 1042 5706 alia
1075 5651 1310 5721 plurima
1340 5650 1607 5722 ignorem,

66 5727 145 5787 hoc
164 5752 320 5794 unum
349 5741 493 5807 scio,
529 5740 662 5810 quia
689 5756 814 5796 cum
837 5754 1120 5813 promotus
1141 5742 1210 5798 ad
1239 5743 1606 5800 sacerdotium

69 5824 110 5878 in
128 5825 297 5888 itinere
333 5831 432 5889 Dei
484 5833 622 5902 sim,
651 5833 823 5906 magis
841 5835 1010 5894 debeo
1032 5835 1144 5895 Deo
1171 5836 1394 5895 obedire
1416 5837 1608 5895 testitl-

1716 4634 1841 4690 Non
1883 4633 2036 4688 debes
2063 4632 2252 4686 mirari
2293 4648 2452 4702 super
2498 4631 2894 4701 pulchritudine
2939 4645 3076 4693 mea,
3099 4643 3220 4680 cum
3249 4626 3306 4679 in

1714 4737 1826 4782 tam
1852 4727 2129 4798 pulchram
2156 4725 2374 4779 domum
2396 4724 2649 4778 habitem.
2683 4722 2748 4778 Et
2777 4722 3040 4778 continuo
3068 4718 3308 4775 ostendit

1713 4821 1848 4876 mihi
1874 4821 2104 4876 domum
2143 4817 2442 4888 quamdam
2489 4817 2547 4873 in
2597 4816 2740 4872 ccelo
2791 4815 2867 4869 ita
2900 4813 3210 4884 pulchram,
3245 4821 3307 4868 ut

1714 4913 1853 4968 nihil
1874 4911 2159 4982 pulchrius
2185 4925 2290 4981 ego
2317 4909 2618 4966 crederem.
2651 4905 2903 4976 Cumque
2946 4905 3304 4973 obstupesce-

1714 5021 1828 5060 rem
1855 5005 1924 5060 ad
1950 5002 2297 5074 splendorem
2323 5001 2522 5057 domus
2558 4999 2725 5064 illius,
2751 4997 2890 5052 dixit
2923 4995 3059 5051 mibi
3087 5013 3101 5050 :
3131 4993 3305 5049 Multo

1713 5097 1809 5152 tibi
1837 5095 2110 5167 pulchrior
2137 5103 2496 5164 praeparatur,
2521 5107 2682 5163 usque
2709 5091 2768 5143 in
2782 5089 3096 5143 crastinum.
3121 5086 3190 5142 Et
3218 5087 3306 5144 bis

1711 5190 1876 5246 dictis
1902 5189 2156 5246 sublatus
2184 5196 2289 5244 est.
2320 5186 2564 5257 Contigit
2590 5192 2774 5240 autem
2799 5197 2867 5239 eo
2905 5181 2994 5237 die
3017 5197 3143 5238 cum
3188 5181 3307 5239 hac

1712 5283 1963 5354 pluribus
1989 5289 2305 5336 enarrasset
2328 5279 2470 5334 idem
2501 5276 2817 5343 Anselmus,
2864 5284 2928 5330 ut
2967 5275 3036 5330 ad
3061 5289 3305 5346 pugnam

1713 5374 2135 5446 progrederetur
2161 5379 2355 5428 contra
2397 5369 2761 5434 Sarracenos;
2813 5367 2910 5439 qui
2953 5365 3025 5422 de
3073 5366 3308 5423 castello

1711 5467 1945 5522 latenter
1991 5464 2222 5536 egressi,
2271 5478 2449 5534 usque
2493 5463 2563 5518 ad
2610 5461 2849 5518 tentoria
2891 5467 3081 5516 nostra
3117 5459 3308 5514 venire

1711 5559 1984 5624 solebant,
2020 5566 2083 5612 ut
2120 5555 2330 5627 aliquid
2379 5556 2505 5612 inde
2563 5555 2949 5626 subriperent,
3003 5552 3090 5608 vel
3134 5549 3300 5606 alicui

1711 5659 1990 5709 nocerent.
2015 5649 2122 5706 Sed
2150 5666 2276 5706 cum
2300 5651 2416 5706 hac
2437 5664 2617 5721 pugna
2644 5647 2966 5704 invaluissct
2978 5661 3048 5702 ex
3071 5656 3304 5714 utraque

1711 5753 1887 5817 parte,
1945 5751 2001 5799 et
2043 5742 2340 5800 Anselmus
2380 5742 2611 5798 viriliter
2654 5741 2950 5806 resisteret,
3010 5738 3078 5794 de
3119 5734 3301 5805 lapide

1713 5837 1970 5896 tormenti
2001 5837 2054 5893 in
2083 5837 2261 5910 capite
2289 5852 2590 5908 percussus
2601 5843 2713 5903 est;
2745 5843 2908 5891 atcue
2927 5830 3009 5890 sic
3026 5829 3096 5888 ad
3114 5829 3298 5886 locum
