3846 6306
510 355 618 416 635
1083 352 1179 410 AD
1215 348 1670 412 GODEFIUDUM
1706 341 2019 408 APPEND-
2045 351 2110 409 li.
2150 384 2221 394 —
2256 352 2528 414 MONUM.
2569 354 2660 412 DE
2699 353 2925 412 θειιο
2963 355 3207 415 SACRO.
3663 365 3740 425 ως

510 474 620 532 sibi
648 490 679 530 a
711 471 1248 545 Deotpratparatnm,
1296 470 1551 543 migravit
1603 469 1674 524 ab
1722 469 1828 524 hoc
1875 469 2094 524 saeculo.
2130 472 2176 530 Α
2203 469 2375 529 larios
2428 483 2485 528 et
2526 471 2749 531 divitias
2788 487 2941 541 suas,
2976 488 3117 545 quas
3157 471 3386 530 dederat
3430 473 3535 532 illis
3558 475 3740 539 Densin

515 567 674 625 Venit
696 567 787 623 hic
814 566 884 622 ad
906 581 1007 622 nos
1034 565 1245 636 legatus
1273 563 1493 634 quidam
1525 579 1555 618 a
1586 577 1715 635 rege
1758 562 2097 634 Babyloniae;
2203 565 2516 636 regionibus
2561 563 3012 632 Sarracenorum,
3076 579 3143 622 eo
3185 565 3336 637 quod
3376 567 3538 622 morti
3579 584 3632 624 se
3669 587 3742 641 pro

511 668 566 716 et
595 657 884 715 remiserat
906 657 973 712 ad
1004 672 1104 711 nos
1143 656 1352 726 legatos
1379 662 1601 710 nostros
1639 669 1764 709 cum
1791 655 1932 724 ipso,
1959 669 2102 725 quos
2204 656 2316 713 Deo
2361 657 2773 728 exposuissent;
2820 666 2878 714 at
2921 659 3016 714 alii
3046 667 3424 729 paupertatem
3471 674 3618 715 suam
3639 679 3744 733 prae-

515 758 766 808 tenuerat
793 759 982 820 captos
1021 763 1118 818 per
1149 763 1377 802 annum.
1431 746 1790 802 Dubitaverat
1832 747 1978 801 enim
2031 762 2100 802 an
2203 751 2520 806 tendebant.
2549 749 2913 808 Prasdicatum
2938 761 3022 808 est
3052 766 3119 808 eo
3162 760 3412 823 tempore
3435 761 3491 806 ut
3521 753 3656 808 daret
3678 774 3746 825 po-

515 844 718 901 l‘aceret
745 845 1030 900 nobiscum
1072 842 1392 908 amicitiam,
1418 857 1487 896 an
1527 857 1653 897 cum
1687 840 1902 897 Turcis.
1943 841 2105 897 Vole—
2203 842 2363 913 pulus
2417 844 2650 899 decimas
2690 845 2756 899 de
2803 844 3047 899 omnibus
3092 861 3209 916 qua:
3257 845 3500 914 cepisset,
3531 848 3745 915 quoniam

515 939 711 993 bamus
741 952 839 992 nos
866 938 919 990 in
952 937 1057 991 hoc
1076 936 1370 991 convenire
1393 951 1520 990 cum
1547 951 1614 990 eo
1645 954 1658 990 :
1692 934 1752 990 Si
1776 936 1970 1006 faceret
2005 952 2104 990 no-
2206 935 2363 990 multi
2390 952 2658 1008 pauperes
2693 946 2853 994 erant
2891 937 2948 992 in
2987 938 3254 1004 exercitu,
3299 945 3357 992 et
3385 938 3541 993 multi
3568 938 3747 1009 inﬁmi,

516 1029 594 1083 bis
617 1030 680 1083 de
699 1029 996 1083 Jerusalem
1023 1027 1307 1094 auxilium,
1337 1027 1415 1082 vel
1445 1029 1492 1082 si
1522 1029 1758 1083 redderet
1780 1027 1929 1082 nobis
1947 1027 2106 1082 Jeru-
2206 1037 2261 1084 et
2286 1030 2604 1086 mandatum
2639 1038 2726 1087 est
2752 1039 2814 1086 ut
2839 1038 3096 1102 quartam
3123 1039 3335 1101 partem
3376 1030 3648 1086 redderent
3681 1049 3749 1088 sa-

514 1120 681 1174 salem
709 1136 826 1173 cum
857 1119 1189 1189 pertinentiis
1209 1119 1343 1183 suis,
1369 1119 1704 1174 redderemus
1741 1135 1834 1173 nos
1867 1120 2105 1174 civitates
2208 1121 2522 1178 cerdotibus
2573 1123 2691 1178 suis
2725 1123 2792 1178 ad
2835 1137 3072 1193 quorum
3120 1121 3323 1177 missas
3366 1121 3672 1187 veniebant,
3710 1137 3751 1178 et

513 1226 690 1262 omnes
713 1225 860 1273 suas,
892 1225 1024 1279 quas
1064 1209 1113 1263 ei
1150 1208 1309 1262 Turci
1355 1209 1688 1264 abstulerant
1733 1225 1853 1264 cum
1891 1226 2106 1280 capere-
2208 1224 2460 1285 quartam
2491 1214 2786 1286 episcopis,
2831 1213 3076 1285 reliquas
3108 1227 3241 1268 vero
3264 1212 3409 1268 duas
3434 1210 3589 1268 Petro
3618 1210 3753 1268 liere-

515 1315 630 1351 mus
661 1315 781 1362 eas;
819 1299 959 1353 alias
1005 1310 1182 1354 autem
1229 1302 1472 1355 civitates
1529 1300 1844 1369 Turcorum,
1891 1318 2010 1373 que
2043 1303 2108 1356 de
2209 1308 2378 1373 mitte,
2409 1323 2571 1378 quem
2601 1307 2933 1378 pauperibus
2955 1307 3023 1361 de
3057 1306 3206 1360 clero
3235 1313 3290 1361 et
3311 1305 3516 1376 popqu
3542 1304 3756 1376 ρι’-δέεσθ-

513 1407 668 1460 regno
690 1391 804 1460 ejus
830 1407 932 1445 non
955 1392 1192 1463 fuerunt,
1219 1395 1266 1448 si
1289 1409 1410 1448 cum
1441 1393 1646 1448 auxilio
1669 1392 1838 1461 illius,
1854 1409 2107 1463 caperen—
2209 1408 2354 1455 rant.
2394 1399 2629 1471 Ideoque
2668 1401 2806 1456 duas
2847 1410 3030 1472 partes
3060 1399 3384 1469 accipiebat,
3415 1414 3573 1452 unam
3599 1399 3742 1453 videli-

513 1491 620 1544 tur,
656 1484 1000 1551 partiremur.
1037 1484 1203 1540 Turci
1240 1501 1391 1552 vero,
1426 1494 1490 1540 ut
1532 1485 1693 1540 nobis
1723 1486 1955 1541 relatum
1987 1495 2072 1541 est
2091 1529 2105 1552 ,
2210 1501 2295 1550 θοι
2322 1508 2422 1564 pro
2444 1493 2532 1548 his
2557 1493 2651 1564 qui
2680 1503 2837 1548 erant
2861 1494 2928 1548 de
2950 1493 3119 1559 clero,
3146 1502 3200 1548 et
3221 1493 3450 1547 alteram
3479 1507 3571 1562 pro
3598 1492 3756 1562 bisqui

510 1576 769 1631 volebant
815 1577 922 1633 hoc
945 1576 1128 1634 facere
1179 1578 1298 1634 illi:
1331 1577 1391 1634 Si
1445 1581 1642 1634 veniret
1689 1588 1875 1633 contra
1913 1594 2006 1632 nos
2053 1579 2109 1632 in
2209 1593 2368 1640 erant
2387 1585 2453 1640 de
2480 1585 2703 1656 populo.
2722 1584 3109 1656 Multiplicahat
3133 1584 3319 1655 itaque
3343 1583 3485 1639 Deus
3505 1584 3757 1638 exercitum

512 1668 784 1738 prwlium,
827 1678 879 1724 et
901 1670 1132 1726 colerent
1158 1671 1325 1739 Alim,
1359 1688 1510 1743 quem
1539 1674 1648 1742 ipse
1699 1671 1847 1738 colit,
1893 1671 1984 1742 qui
2031 1680 2109 1725 est
2212 1687 2484 1743 nostrum,
2518 1679 2655 1733 adeo
2683 1678 2737 1732 in
2775 1679 2935 1749 equis
2959 1687 3014 1733 et
3045 1679 3231 1745 mulis,
3267 1687 3326 1732 et
3348 1679 3569 1733 camelis
3593 1688 3642 1732 et
3665 1679 3761 1734 aliis

513 1760 578 1814 de
634 1778 818 1832 genere
863 1762 1182 1832 Balwmetlt,
1219 1773 1270 1819 et
1326 1766 1620 1836 acciperent
1664 1774 1929 1819 monetam
1967 1765 2103 1835 ejus,
2212 1772 2338 1826 vitm
2361 1769 2714 1836 necessariis,
2756 1779 2817 1824 ut
2847 1770 3008 1825 nobis
3044 1769 3255 1840 ipsisin
3281 1769 3482 1824 mirum
3507 1778 3558 1824 et
3589 1769 3639 1822 in
3668 1779 3763 1824 stu-

513 1862 564 1906 et
611 1854 935 1907 remitterent
983 1855 1182 1909 tributa
1229 1857 1493 1927 quietiam,
1526 1865 1581 1911 et
1613 1856 1784 1911 multa
1831 1855 1958 1920 alia,
1987 1871 2110 1926 qum
2144 1864 2184 1919 Β
2211 1881 2398 1938 poi-om
2455 1865 2626 1921 ﬁeret.
2669 1864 2803 1920 Orta
2841 1875 2925 1921 est
2956 1865 3142 1936 itaque
3184 1880 3252 1920 ex
3295 1879 3480 1919 rerum
3524 1863 3763 1933 opulentia

514 1957 618 2014 980
668 1949 780 1999 που
837 1945 974 2001 salis
1029 1947 1177 2011 ηονίο
1227 1946 1466 2004 facere!“
1517 1948 1588 2004 εί·
1637 1947 1861 2004 Seiebal
1897 1949 1967 2004 de
2009 1963 2110 2003 "0-
2213 1959 2493 2015 contentio
2515 1967 2680 2029 atque
2701 1959 2956 2029 superbia
2979 1959 3121 2013 inter
3141 1958 3441 2029 principes,
3475 1957 3603 2011 adeo
3624 1965 3676 2011 ut
3707 1958 3766 2011 illi

514 2037 604 2092 bis
646 2037 792 2107 quod
844 2039 1002 2108 pauci
1030 2054 1275 2106 eramus,
1307 2049 1362 2096 et
1389 2039 1535 2110 quod
1565 2041 1864 2111 imperator
1886 2041 2111 2097 Alexius

2222 2053 2306 2124 qui
2343 2052 2516 2107 Deum
2557 2052 2750 2106 intime
2787 2051 3106 2123 diligebant,
3131 2065 3318 2106 rerum
3360 2048 3594 2119 inopiam
3636 2059 3771 2118 atque

517 2145 696 2199 usque
742 2131 809 2185 ad
860 2143 1093 2186 mortem
1140 2133 1300 2189 nobis
1341 2133 1752 2189 inimicabatur.
1808 2131 1966 2190 Unde
2007 2149 2111 2190 nos
2212 2145 2354 2201 bella
2379 2143 2736 2200 formidolosa
2765 2144 2926 2199 nobis
2955 2143 3242 2198 imminere
3269 2148 3649 2213 praeoptarent.
3683 2137 3773 2193 Vo-

517 2219 727 2277 litteras
773 2222 1124 2292 imperatoris
1203 2225 1381 2279 Alcxii
1433 2225 1502 2281 de
1542 2226 1700 2282 nobis
1743 2224 1918 2282 factas
1958 2226 2113 2282 inve-
2213 2238 2358 2294 lebai
2386 2237 2546 2293 nobis
2570 2239 2702 2294 dare
2742 2253 2838 2293 ,ιρι
2881 2236 3119 2308 Tripolis
3155 2235 3470 2307 quindecim
3504 2234 3662 2290 mima
3689 2249 3770 2288 au.

516 2313 723 2381 nimus,
780 2313 1032 2370 conlecto
1091 2317 1233 2371 bello
1294 2333 1421 2373 cum
1477 2319 1666 2374 eodem
1710 2333 1838 2390 rege
1879 2317 2113 2391 Babylo-

2222 2346 2434 2389 reorum
2447 2331 2765 2388 Sarracente
2790 2337 3317 2400 monetm,pr:eterca
3342 2337 3577 2398 equoset
3603 2327 3772 2390 multis,

518 2407 739 2462 nierum
759 2408 908 2478 ‘apud
933 2408 1308 2476 Ascaloniam,
1328 2412 1382 2465 in
1413 2412 1650 2467 tentorio
1670 2411 1918 2483 ejusdem
1939 2411 2108 2483 regis.

2222 2434 2268 2480 et
2288 2433 2469 2482 vestes
2505 2426 2710 2481 multas
2744 2433 2798 2480 et
2832 2423 3034 2479 tributa
3065 2423 3325 2493 deinceps
3365 2421 3594 2494 singulis
3621 2421 3770 2482 annis,

517 2497 615 2555 llis
644 2509 807 2571 atque
833 2502 957 2558 aliis
980 2503 1047 2558 de
1072 2505 1256 2560 causis
1279 2505 1620 2562 Ammiratus
1642 2506 1878 2562 detinuit
1902 2508 2112 2580 legatos
2214 2514 2388 2570 multo
2431 2514 2522 2571 his
2557 2513 2844 2586 ampliora,
2868 2513 2919 2569 si
2954 2529 3066 2568 non
3098 2521 3508 2584 expugnaretur
3548 2527 3583 2566 a-
3623 2510 3773 2566 nobis.

517 2602 738 2650 nostros
767 2611 862 2665 per
892 2612 1098 2651 annum
1123 2608 1334 2669 captos,
1364 2598 1505 2655 infra
1538 2600 1919 2673 Babyloniam.
1949 2600 2114 2658 Modo
2215 2604 2444 2661 Valebat
2465 2605 2669 2676 quippe
2690 2619 2835 2659 unus
2870 2618 3092 2670 aureus,
3110 2605 3240 2658 ωιο
3266 2601 3352 2656 vel
3382 2615 3575 2656 novem
3597 2599 3770 2655 solidos

515 2702 648 2741 vero
669 2703 795 2742 cum
821 2690 1066 2746 audisset
1093 2692 1238 2762 quod
1262 2702 1465 2748 terram
1499 2709 1656 2750 suam
1686 2694 2113 2765 ingressi,villas
2215 2704 2450 2752 monetze
2484 2694 2662 2751 nostri
2689 2694 2983 2751 exercitus.
3013 2691 3145 2748 Erat
3171 2700 3392 2747 moneta
3436 2699 3622 2746 nostra
3649 2689 3774 2744 bzer:

515 2788 572 2834 et
601 2797 763 2851 agros
791 2792 1158 2852 vastaremus,
1184 2785 1465 2841 mandavit
1493 2787 1653 2842 nobis
1697 2797 1756 2842 ut
1785 2789 1899 2842 sine
1947 2790 2113 2844 armis
2213 2787 2503 2855 Pictavini,
2533 2786 2850 2853 Cartenses,
2877 2785 3108 2852 Mansei,
3131 2784 3431 2852 Lucenses,
3453 2781 3775 2840 Valentinu-

516 2870 731 2926 ducenti
761 2873 838 2927 vel
875 2876 1114 2942 trecenti,
1165 2877 1363 2930 iremus
1397 2875 1846 2947 Hierosolymam,
1877 2886 1927 2932 et
1977 2878 2113 2933 ado-
2217 2895 2326 2946 ses,
2355 2877 2672 2951 Mergoresi,
2715 2885 2771 2933 et
2805 2877 2916 2932 duo
2965 2875 3184 2948 Pogesii
3233 2890 3335 2946 pro
3389 2889 3501 2930 uno
3554 2874 3778 2929 istorum.

519 2970 637 3014 rato
691 2961 917 3017 Domino
976 2975 1154 3019 nostro
1214 2976 1611 3021 reverterentur.
1669 2965 1773 3022 Sed
1826 2983 1926 3024 nos
1983 2969 2115 3024 irri.
2216 2969 2311 3026 ille
2331 2985 2462 3042 ergo
2490 2969 2752 3025 dominus
2789 2967 2980 3024 Zibclli
3016 2979 3272 3024 metuens
3302 2982 3372 3022 ne
3413 2981 3609 3022 rursus
3635 2980 3778 3035 oppu-

519 3055 695 3110 simus
722 3057 845 3120 hoc,
877 3067 1164 3127 sperantes
1196 3060 1262 3114 de
1312 3059 1407 3115 Dei
1457 3061 1859 3128 misericordia,
1898 3062 2117 3119 minan—
2217 3070 2496 3136 gnaretur,
2525 3062 2679 3120 misit
2713 3061 2782 3117 ad
2813 3061 3088 3132 principes
3114 3069 3335 3116 nostros
3365 3059 3611 3130 quinque
3636 3057 3778 3113 millia

520 3155 622 3213 tes,
682 3150 826 3218 quod
882 3151 986 3205 nisi
1036 3153 1208 3222 gratis
1269 3152 1505 3206 redderet
1573 3153 1724 3207 nobis
1786 3152 2110 3224 Jerusalem,
2149 3219 2185 3228 __
2219 3173 2435 3225 aureos,
2459 3165 2516 3212 et
2547 3171 2742 3228 equos,
2765 3164 2821 3210 et
2854 3156 3054 3223 mulas,
3082 3164 3137 3210 et
3178 3155 3366 3210 vinum
3416 3153 3676 3217 multum;
3700 3167 3779 3205 an-

519 3239 873 3311 Babyloniam
925 3219 1380 3299 calumniarentur
1426 3247 1494 3301 ei.
1525 3244 1770 3302 llabcbat
1799 3248 1946 3304 enim
1976 3219 2106 3304 Am;
2140 3219 2186 3282 Ο
2217 3219 2433 3306 ιωῐὶωῆ
2460 3219 2615 3305 enini
2651 3219 3010 3305 sullicientem
3042 3219 3422 3303 vbabebamus.
3452 3243 3781 3316 Baptizabau-

525 3333 760 3391 miratus
824 3333 1166 3405 Jerusalem,
1238 3353 1305 3394 eo
1367 3348 1630 3410 tempore.
1701 3339 1917 3396 Etenim
1986 3357 2112 3397 cum
2216 3353 2305 3400 tur
2323 3344 2487 3400 etiam
2511 3342 2683 3414 aliqui
2705 3340 3158 3407 Sarracenorum,
3182 3340 3380 3396 timore
3399 3349 3455 3395 et
3477 3339 3597 3394 zelo
3615 3344 3782 3392 nostra

521 3428 766 3484 audisset
791 3429 940 3500 quod
993 3430 1157 3487 Turci
1188 3441 1371 3488 essent
1417 3448 1450 3488 a
1490 3433 1648 3490 nobis
1680 3433 1922 3506 superati
1971 3435 2114 3506 apud
2216 3438 2371 3510 legis,
2424 3435 2952 3492 anathematizantes
2999 3433 3306 3490 Bahumeth
3357 3442 3411 3489 et
3441 3446 3658 3488 omnem
3687 3429 3781 3500 ejus

521 3521 892 3589 Antiochiam,
955 3525 1106 3580 venit
1170 3525 1238 3580 ad
1297 3529 1723 3600 oppugnandum
1785 3527 2113 3596 Jerusalem,
2216 3531 2555 3604 progeniem.
2608 3528 2692 3586 Ob
2736 3530 2842 3586 hoc
2900 3528 3086 3599 itaque
3130 3527 3424 3583 mittebant
3465 3524 3692 3596 quisque
3732 3521 3782 3575 de

523 3611 706 3668 sciens
760 3615 908 3683 quod
951 3614 1116 3672 T-urci
1144 3629 1148 3632 ‘
1173 3619 1334 3674 toties
1385 3618 1489 3676 lusi
1541 3635 1572 3675 a
1617 3619 1776 3674 nobis
1810 3631 1974 3691 atque
2032 3621 2118 3677 1⁵η-
2216 3619 2560 3692 principibus
2588 3619 2794 3677 nostris
2823 3618 2893 3675 ad
2922 3618 3172 3674 civitates
3197 3616 3634 3672 Sarracenorum
3657 3613 3780 3682 lega-

523 3703 653 3772 gati,
707 3720 814 3760 non
860 3720 1212 3765 occurrerent
1265 3712 1368 3766 sibi
1436 3712 1488 3767 in
1547 3715 1817 3785 praelium.
1873 3716 2115 3772 Tandem
2217 3723 2325 3781 tos,
2370 3729 2495 3769 cum
2543 3713 2771 3780 litteris,
2815 3711 3007 3768 dicens
3049 3725 3110 3767 se
3155 3724 3277 3766 esse
3309 3707 3600 3764 dominum
3643 3704 3784 3760 totius

523 3795 666 3851 datis
725 3800 981 3856 maximis
1037 3803 1357 3862 muneribus
1406 3806 1492 3863 his
1543 3809 1635 3879 qui
1681 3825 1801 3865 eam
1853 3809 2117 3866 defende-
2217 3805 2509 3862 exercitus.
2527 3805 2619 3861 Sic
2637 3805 2822 3876 itaque
2847 3804 3080 3876 agebant
3103 3817 3171 3858 eo
3194 3811 3438 3872 tempore
3465 3798 3640 3855 nostri
3663 3797 3781 3868 prin-

523 3886 674 3955 bant,
700 3893 906 3962 recepit
935 3893 1210 3951 civitatem
1255 3896 1581 3966 Jerusalem,
1613 3909 1668 3956 et
1697 3903 1894 3958 obtulit
1917 3903 2118 3959 cande—
2218 3898 2387 3968 cipes.
2416 3896 2482 3952 Et
2509 3895 2749 3952 maxime
2782 3895 3100 3951 Tancredus
3145 3908 3262 3950 rem
3296 3891 3684 3954 conturbauit;
3709 3888 3783 3958 qui

523 3976 627 4044 las,
657 3990 710 4034 et
751 3980 1036 4039 incensum
1068 3985 1138 4040 ad
1172 3989 1485 4058 sepulcrum
1517 3990 1756 4061 Domini,
1800 4003 1855 4049 et
1904 3995 1958 4050 in
1993 3996 2118 4050 Cal-
2219 4001 2346 4041 cum
2377 3985 2678 4056 accepisset
2713 4001 2744 4042 a
2772 3985 2973 4041 comite
3017 3983 3331 4039 Raimundo
3359 3983 3610 4054 (ιιιίιιιιιιθ
3645 3978 3783 4035 mima

523 4069 678 4122 vario
732 4081 936 4128 monte.
1009 4073 1130 4132 Sed
1183 4079 1298 4150 jam
1374 4081 1443 4136 ad
1514 4083 1856 4139 obsidionem
1926 4085 2119 4140 redeo-
2220 4079 2543 4145 solidorum,
2570 4086 2627 4133 et
2654 4078 2795 4134 duos
2819 4093 2996 4148 equos
3031 4076 3202 4133 farios
3230 4075 3494 4147 optimos,
3517 4081 3583 4130 ut
3611 4074 3664 4129 in
3692 4088 3786 4128 ser-

525 4175 672 4216 ωυε·
2220 4170 2354 4226 vitio
2399 4169 2521 4241 ejus
2545 4178 2693 4226 esset
2717 4184 2894 4240 usque
2919 4167 3244 4236 Jerusalem,
3272 4167 3494 4224 volebat
3509 4166 3673 4222 modo
3695 4163 3786 4218 dis-

1087 4285 1320 4342 CAPUT
1357 4287 1550 4344 xxv].
2220 4262 2435 4330 cedere,
2482 4273 2539 4318 et
2577 4277 2700 4318 esse
2757 4277 2884 4316 cum
2913 4261 3053 4317 duce
3083 4259 3459 4330 Lotharingia:
3483 4276 3496 4313 :
3519 4268 3576 4314 et
3601 4257 3668 4313 ob
3704 4255 3787 4309 hoc

2222 4354 2408 4409 multae
2451 4354 2577 4410 lites
2628 4352 2829 4409 habitae
2855 4361 3004 4410 sunt.
3037 4351 3281 4409 Tandem
3321 4351 3466 4406 male
3502 4347 3786 4406 discessita

597 4435 760 4506 Dum,
789 4449 848 4496 ut
885 4441 1148 4512 diximus,
1175 4444 1452 4502 exercitus
1475 4454 1662 4502 noster
1695 4445 1930 4502 multum
1966 4447 2120 4504 labo-
2221 4446 2441 4502 comite.

525 4540 674 4638 raret
728 4500 783 4588 in
842 4500 1251 4608 oppugnatione
1297 4500 2118 4605 Arabados,‘nuntiatum—est
2149 4578 2197 4638 υ
2234 4500 2241 4501 7
2301 4500 2304 4501 ν
2777 4561 3009 4619 CAPUT
3045 4500 3264 4616 xxiii].

524 4625 685 4682 nobis
721 4628 867 4698 quod
915 4644 1054 4700 papa
1099 4629 1410 4686 Turcorum
1450 4631 1663 4686 veniret
1700 4640 1893 4688 contra
1926 4649 2028 4689 nos
2059 4634 2114 4690 in

523 4717 773 4786 praJium
797 4728 859 4773 et
886 4720 1016 4789 quia
1053 4729 1172 4776 erat
1209 4721 1513 4792 degenere
1551 4721 1880 4791 Bahumetb,
1919 4739 2120 4796 seque-
2295 4718 2478 4774 Multae
2503 4716 2864 4773 revelationes
2889 4731 2954 4771 eo
2995 4724 3244 4785 tempore
3286 4711 3451 4768 nobis
3483 4707 3789 4767 denuntiata

524 4819 717 4865 rentur
753 4827 878 4866 eum
909 4821 1097 4883 gentes
1131 4813 1253 4868 sine
1295 4828 1546 4870 numero.
1594 4813 1766 4887 Igitur
1800 4818 2120 4872 mandatum
2222 4819 2372 4877 sunt,
2405 4825 2530 4881 quas
2555 4809 2716 4865 nobis
2742 4825 2773 4864 a
2818 4809 2930 4864 Deo
2959 4807 3382 4863 mandabantur.
3427 4802 3673 4871 Quarum
3703 4812 3790 4854 una

523 4911 608 4960 est
635 4904 813 4972 nobis,
840 4913 901 4961 ut
931 4921 1032 4961 nos
1059 4920 1500 4976 praepararemur
1525 4906 1593 4962 ad
1618 4923 1878 4978 pugnam.
1912 4908 1980 4964 Et
2019 4910 2124 4964 mi-
2223 4905 2341 4960 haec
2361 4912 2468 4970 est,
2497 4918 2620 4972 qua:
2646 4901 2750 4957 sub
2774 4901 2996 4956 nomine
3018 4899 3192 4970 ipsius
3219 4897 3426 4968 scripta
3449 4893 3659 4988 estqui

527 5005 718 5052 serunt
743 4997 1060 5068 episc0pum
1083 4996 1461 5053 Albariensem
1478 4999 1546 5054 ad
1569 4999 1762 5056 ducem
1789 5008 1845 5056 et
1867 5002 1934 5058 ad
1961 5001 2125 5057 Flan-
2223 5012 2346 5053 eam
2372 5015 2386 5053 :
2411 4995 2568 5049 Anno
2595 4995 2661 5049 ab
2688 4992 3068 5048 Incarnatiane
3081 4990 3297 5044 Domini
3321 4987 3495 5043 nostri
3514 4985 3646 5041 Iesu
3670 4982 3777 5039 Cliti

525 5087 778 5143 drensem
815 5090 1094 5155 comitem,
1127 5089 1224 5159 qui
1274 5088 1540 5145 Zibellum
1578 5092 1936 5161 obsederant;
1969 5095 2119 5166 quod
2225 5092 2298 5147 sti
2336 5089 2618 5145 millesimo
2663 5086 3002 5158 nonagesimo
3047 5100 3204 5152 nono,
3255 5083 3552 5137 indictione
3577 5078 3792 5149 septimi.

525 5189 612 5233 est
645 5187 886 5234 castrum
939 5197 1105 5252 supra
1137 5197 1308 5250 mare,
1352 5184 1511 5254 quasi
1562 5185 1686 5241 loco
1732 5187 1937 5253 medio,
1980 5188 2124 5244 inter
2224 5192 2414 5254 epacta
2445 5181 2696 5236 vicesima
2715 5177 3447 5248 sexta,concurrentequinto
3466 5174 3643 5230 Nonis
3662 5168 3793 5242 Apri—

525 5268 873 5323 Antiochiam
898 5280 952 5326 et
980 5279 1223 5327 castrum
1260 5275 1734 5347 Archados,longe
1767 5276 1837 5330 ab
1887 5284 2123 5348 utroque
2223 5274 2314 5339 lis,
2345 5275 2400 5328 in
2433 5281 2606 5339 nocte,
2639 5286 2758 5325 cum
2791 5285 2885 5340 ego
2918 5267 3111 5324 Petrus
3139 5267 3377 5338 jacerem
3420 5267 3479 5320 in
3507 5261 3793 5334 capellam-

527 5359 746 5414 duobus
769 5359 980 5416 diebus.
1010 5361 1090 5416 llli
1115 5380 1265 5433 vero,
1291 5375 1516 5438 accepto
1543 5366 1738 5422 nuntio
1759 5366 1826 5421 de
1849 5367 2012 5433 bello,
2036 5384 2124 5422 re-
2226 5367 2374 5420 mitis
2400 5363 2587 5421 Sancti
2613 5361 2826 5435 zEgidii
2849 5362 2919 5417 ad
2935 5361 3259 5416 obsidionem
3269 5359 3572 5426 Archados,
3593 5355 3791 5427 cogitare

526 5453 654 5508 licta
697 5453 1005 5522 obsidione,
1038 5457 1287 5513 celeriter
1315 5459 1384 5515 ad
1426 5475 1526 5516 nos
1565 5450 1853 5515 venerunt.
1897 5459 2121 5515 interim
2227 5475 2430 5515 mecum
2453 5459 2605 5530 ccepi,
2640 5457 2704 5512 de
2724 5456 2996 5511 sacerdote
3018 5455 3115 5510 illo
3134 5455 3221 5510 cui
3234 5453 3499 5508 Dominus
3524 5467 3646 5506 cum
3668 5461 3793 5502 cruce

521 5546 810 5604 inventum
835 5555 918 5601 est
940 5547 1160 5616 falsum,
1204 5559 1259 5606 et
1291 5553 1439 5622 quod
1473 5551 1762 5608 Sarraceni
1803 5552 1936 5608 illud
1970 5567 2124 5609 com-
2226 5550 2499 5620 apparuit,
2529 5565 2649 5602 cum
2681 5565 2715 5602 a
2758 5546 2947 5602 Turcis
2981 5547 3177 5602 obsessi
3212 5547 3270 5600 in
3297 5545 3592 5600 Antiochia
3626 5551 3794 5597 tenero-

520 5646 848 5710 posuerant,
890 5646 952 5693 ut
991 5640 1149 5696 nobis
1175 5643 1354 5699 taliter
1381 5644 1677 5710 deterritis,
1719 5643 2120 5714 aliquantulum
2229 5659 2368 5709 mur,
2399 5651 2558 5713 atque
2583 5657 2704 5695 cum
2728 5639 2959 5695 multum
2990 5641 3216 5695 mirarer
3237 5639 3378 5711 quod
3402 5653 3674 5708 nunquam
3695 5646 3792 5686 cui!

520 5723 802 5798 reSpirare
832 5731 1305 5797 possentobsessi.
1329 5734 2124 5807 Coniunctisitaqueexerciti-
2226 5750 2380 5789 cruce
2430 5734 2560 5789 mihi
2607 5741 2950 5804 apparuerat,
2996 5733 3106 5788 vidi
3128 5731 3273 5788 illico
3319 5729 3613 5785 Dominum
3648 5727 3791 5796 ingrt-

523 5818 650 5887 bus,
693 5827 979 5888 ccepcrunt
999 5823 1287 5881 ostendere
1309 5824 1386 5883 illi
1408 5825 1477 5881 de
1504 5835 1660 5897 parte
1681 5825 1920 5888 comitis.
1952 5841 2122 5898 equos
2227 5828 2473 5896 dicnlcm,
2494 5836 2543 5882 et
2567 5826 2830 5898 apostolos
2853 5825 2968 5898 ejus
2983 5824 3196 5882 Petrum
3211 5821 3570 5890 etAndrcam,
3590 5828 3638 5875 et
3654 5817 3792 5872 alim
