3846 6306
155 409 233 467 637

1088 387 1276 444 RAIM.
1321 385 1408 441 DE
1443 383 1696 442 AGILES
1732 379 1912 437 Ηιδτ.
1954 377 2325 435 ιιιειιοδοι.

150 517 365 593 quemdam
391 523 615 579 magnum
639 515 694 560 et
712 503 955 577 spissum,
975 501 1139 556 bruno
1161 501 1331 557 colore
1351 509 1402 556 et
1423 498 1632 555 subeat»
1663 501 1710 560 Α
1737 495 1898 549 dent?
1939 493 2006 548 Et
2033 493 2144 549 dixi
2177 511 2190 547 :
2226 491 2430 593 titiam,
2482 492 2727 593 Domine.
2770 493 2838 549 Et
2879 493 3333 593 Domitiuan-

150 629 206 676 το,
229 619 267 662 et
300 604 474 674 magnis
519 600 704 653 oculis.
742 597 806 653 Et
850 597 922 652 ait
972 596 1106 651 mihi
1154 595 1458 652 Dominus:
1487 593 1630 660 Quid

147 701 261 766 ens?
291 696 344 751 Et
370 691 599 763 respondi
635 710 648 745 :
681 690 921 756 Domine,
959 705 1050 759 ego
1078 697 1181 742 sto.
1214 687 1283 743 Et
1312 687 1390 742 ait
1431 687 1628 742 iterum

145 765 472 847 ἷῇιιιιίηιιεετιι
511 801 632 854 pene
664 801 784 837 cum
815 783 934 837 aliis
976 783 1276 836 submersus
1321 797 1478 835 esses.
1525 779 1628 834 Sed

142 884 231 944 quid
258 880 384 933 modo
433 875 731 947 cogitabas?
758 873 824 931 Et
858 873 1151 946 respondi:
1176 873 1398 927 Domine
1441 871 1624 937 Pater,

136 991 198 1042 ego
224 973 273 1024 de
300 968 543 1023 sacerdote
578 967 691 1032 illo,
724 968 811 1021 cui
841 983 958 1020 cum
991 983 1143 1020 cruce
1176 965 1497 1036 apparuisti,
1541 982 1628 1018 co-

135 1062 327 1131 gitabam.
355 1057 412 1112 Et
435 1056 686 1112 Dominus
715 1076 726 1112 :
755 1056 867 1128 Ego
890 1058 1002 1112 scio
1038 1057 1204 1112 istud.
1238 1057 1305 1112 Et
1325 1056 1582 1128 deinceps
1609 1075 1622 1111 :

132 1153 251 1207 Crede
266 1152 372 1220 quia
390 1166 474 1219 ego
500 1165 612 1202 sum
649 1147 923 1216 Dominus,
950 1165 1046 1220 pro
1074 1165 1176 1219 quo
1208 1164 1385 1203 omnes
1415 1148 1516 1202 huc
1543 1165 1626 1202 ve-

129 1244 264 1304 nistis;
295 1250 338 1294 et
362 1240 445 1310 qui
466 1256 557 1308 pro
584 1241 942 1309 peccatoribus
983 1241 1039 1294 in
1059 1238 1362 1294 Jerusalem
1389 1239 1444 1292 in
1473 1255 1625 1293 cruce

123 1352 260 1404 passus
278 1349 398 1399 sum,
428 1333 558 1385 sicut
585 1332 736 1385 modo
766 1331 984 1386 videbis.
1021 1331 1089 1387 Et
1113 1333 1167 1387 in
1197 1331 1315 1404 ipsa
1355 1332 1488 1388 hora
1512 1331 1622 1387 vidi

123 1426 348 1497 quamdam
390 1440 599 1479 crucem
655 1424 722 1479 de
772 1424 988 1480 duobus
1033 1424 1198 1496 lignis
1231 1423 1406 1497 nigris
1456 1433 1622 1495 atque

119 1517 306 1574 rotundis
334 1515 540 1582 factam,
569 1532 675 1570 non
703 1517 930 1586 politam
952 1531 1128 1588 neque
1155 1516 1488 1588 adaptatam,
1513 1517 1620 1572 nisi

116 1608 219 1678 quod
243 1607 284 1660 in
307 1605 470 1661 medio
506 1606 688 1663 trabes
723 1607 910 1678 incisae
935 1623 994 1664 se
1020 1608 1254 1664 invicem
1292 1609 1621 1680 complecte-

113 1701 272 1753 bantur.
315 1697 372 1753 Et
410 1698 484 1753 ait
527 1699 660 1754 mihi
720 1699 983 1755 Dominus
1009 1719 1022 1755 :
1047 1699 1182 1756 Ecce
1219 1718 1428 1756 crucem
1457 1718 1619 1773 quam

110 1793 332 1860 querelas.
357 1791 416 1847 Et
448 1791 547 1846 fuit
573 1792 626 1847 in
663 1809 826 1849 cruce
859 1793 948 1848 illa
994 1793 1258 1850 Dominus
1288 1795 1368 1850 sic
1409 1793 1617 1850 disten-

1737 597 1911 659 greget
1936 603 2106 642 comes
2157 586 2423 658 principes
2469 597 2518 642 et
2559 587 2839 659 populum,
2890 590 3238 664 disponatque
3263 611 3330 650 ae

1734 680 1890 746 bello,
1927 679 2004 734 vel
2031 679 2095 734 de
2124 681 2290 734 castri
2313 682 2703 751 oppugnatione
2725 681 2951 754 aliquid,
2985 700 3103 737 cum
3125 694 3330 755 tempus

1733 771 1915 841 fuerit,
1951 771 2341 843 proclametque
2371 773 2681 827 notissimus
2700 790 2894 844 prceco,
2917 773 3081 843 Deus,
3107 793 3328 844 ansuvs,

1733 875 1841 931 ter;
1873 875 2029 936 atque
2067 865 2387 936 dispositum
2437 865 2702 937 complere
2755 868 2958 922 tendat.
3015 867 3160 924 Tunc
3189 871 3330 924 sicut

1730 959 1831 1013 tibi
1853 959 1992 1026 diri,
2022 959 2233 1014 ordines
2263 960 2486 1027 videbis,
2523 969 2574 1014 et
2599 969 2656 1014 tu
2678 969 2728 1016 et
2761 960 2858 1015 alii
2879 962 2969 1032 qui
2997 961 3081 1016 his
3107 963 3329 1016 creditis

1727 1061 1778 1107 et
1804 1051 2102 1107 incredulos
2137 1053 2496 1124 distinguetis.
2535 1051 2602 1109 Ει
2631 1053 2745 1109 dixi
2773 1072 2785 1108 :
2813 1053 3059 1122 Domine,
3088 1055 3218 1126 quid
3263 1056 3329 1110 de

1727 1143 2016 1198 incredulis
2063 1144 2357 1214 faciemus?
2392 1144 2460 1199 Et
2504 1145 2786 1216 respondit
2835 1146 2970 1200 mihi
3003 1146 3320 1203 Dominus:
3366 1171 3373 1177 -

1730 1237 1853 1292 Non
1904 1237 2139 1308 parcatis
2176 1239 2252 1292 eis
2300 1238 2391 1291 sed
2442 1239 2688 1304 occidite,
2721 1240 2848 1310 quia
2891 1240 3190 1309 proditores
3221 1241 3326 1294 mei

1724 1340 1867 1396 sunt,
1897 1331 2090 1400 fratres
2127 1327 2290 1384 Judte
2337 1329 2777 1386 Ιεσανὶοιωειίοε
2809 1349 2928 1387 vero
2971 1333 3191 1388 illorum
3237 1333 3322 1386 his

1721 1424 1813 1494 qui
1856 1423 1920 1477 de
1960 1424 2139 1492 priore
2178 1423 2366 1476 ordine
2404 1433 2530 1477 sunt
2561 1423 2850 1491 concedite,
2892 1435 3049 1495 prout
3077 1442 3322 1484 necessa-

1722 1517 1862 1570 rium
1891 1516 2052 1586 fuerit
2081 1515 2142 1571 Si
2161 1516 2238 1570 sic
2267 1517 2449 1588 agitis,
2475 1517 2750 1571 invenietis
2774 1519 2912 1572 viam
2938 1528 3135 1573 rectam
3157 1535 3329 1590 quam-

1719 1609 1970 1664 hactenus
2020 1611 2310 1665 circuistis.
2346 1608 2416 1663 Et
2449 1611 2589 1665 sicut
2620 1620 2812 1666 uetera
2851 1627 2968 1681 qua!
2993 1612 3070 1666 eis
3101 1611 3316 1678 dixisti,

1718 1703 2102 1758 incommutata
2130 1713 2498 1774 provenerunt,
2518 1713 2568 1758 et
2591 1704 2703 1758 hare
2724 1721 2926 1775 quoque
2956 1706 3178 1758 venient.
3193 1703 3317 1760 Sest

1721 1804 1776 1847 tu
1821 1811 1981 1865 quam
2027 1804 2231 1865 gentem
2273 1794 2537 1865 praecipue
2570 1794 2872 1848 dilexerim.
2919 1792 2983 1847 Et
3026 1794 3313 1864 respondi.

107 1896 168 1939 τις
190 1893 232 1937 et
254 1883 543 1950 cruciﬁxus,
577 1884 720 1940 sicut
745 1885 798 1939 in
829 1893 1074 1956 tempore
1097 1887 1388 1956 passionis.
1420 1885 1617 1942 Petrus
1651 1877 1692 1931 Β
1718 1885 1964 1952 Domine,
1979 1896 2181 1956 gentem
2208 1884 2523 1940 Judeorum.
2554 1884 2621 1939 Et
2643 1885 2910 1941 Dominus
2935 1904 2946 1939 :
2969 1883 3041 1938 Hi
3064 1886 3316 1956 quoniam

105 1985 234 2028 autem
258 1976 304 2029 in
331 1976 494 2045 capite
524 1992 647 2043 suo,
673 1977 822 2031 illam
853 1993 883 2032 a
908 1976 1116 2033 dextris
1145 1977 1480 2043 sustinebat;
1504 1977 1615 2032 An-

102 2068 260 2123 dreasa
286 2066 530 2135 sinistris,
565 2069 622 2122 in
657 2069 826 2136 collo;
853 2070 1048 2126 tertius
1085 2086 1217 2126 vero
1253 2071 1342 2124 ille
1379 2085 1409 2124 a
1439 2079 1612 2141 tergo,

101 2161 294 2215 manibus
321 2161 638 2217 sustinebat.
687 2161 753 2217 Et
787 2163 925 2218 dixit
969 2163 1105 2218 mihi
1140 2162 1406 2218 Dominus
1435 2182 1447 2218 :
1482 2161 1612 2218 Ilwc

97 2253 197 2305 dices
212 2252 380 2322 populo
400 2269 508 2307 meo
530 2255 660 2326 quia
683 2256 758 2308 sic
786 2272 866 2309 me
901 2255 1100 2309 vidisti.
1139 2253 1293 2308 Vides
1329 2254 1426 2309 has
1454 2256 1612 2326 quin-

95 2360 162 2413 que
176 2345 328 2414 plagas
350 2361 484 2400 meas
499 2347 526 2400 ?
549 2348 630 2400 sic
649 2364 734 2401 vos
751 2348 976 2418 quinque
997 2349 1271 2402 ordinibus
1296 2348 1608 2402 consistitis.

96 2433 254 2488 Primus
279 2438 394 2490 ordo
423 2448 497 2492 est
524 2456 633 2493 non
662 2441 1122 2510 reformidantium
1155 2441 1260 2495 tela
1283 2441 1360 2504 vel
1381 2441 1609 2512 gladios,

93 2541 155 2576 nec
191 2525 375 2595 aliquod
405 2543 566 2598 genus
621 2531 890 2583 tormenti.
929 2529 1073 2585 Ordo
1115 2529 1213 2584 iste
1253 2531 1448 2584 similis
1481 2530 1610 2584 mihi

89 2625 172 2668 est:
194 2615 286 2688 Ego
314 2619 441 2672 enim
488 2620 543 2673 in
568 2617 872 2681 Jerusalem
908 2622 1043 2688 veni,
1068 2621 1274 2694 gladios
1295 2631 1346 2676 et
1375 2623 1607 2688 lanceas,

86 2719 121 2760 et
137 2709 284 2776 fustes,
307 2720 353 2763 et
377 2712 617 2780 baculos,
648 2713 858 2768 demum
895 2723 944 2768 et
968 2731 1172 2769 crucem
1199 2732 1301 2769 non
1348 2715 1605 2769 dubitavi.

87 2799 326 2854 .‘loriuntur
355 2820 448 2874 pro
488 2822 602 2868 me;
634 2822 727 2876 ego
753 2822 954 2879 quoque
975 2824 1068 2878 pro
1098 2809 1176 2862 eis
1207 2817 1444 2874 mortuus
1469 2825 1604 2862 sum.

86 2888 164 2959 ego
182 2910 274 2945 sum
294 2894 343 2946 in
367 2895 460 2961 eis,
491 2905 542 2949 et
573 2897 680 2966 ipsi
721 2907 843 2951 sunt
879 2899 933 2952 in
962 2915 1062 2954 me.
1093 2898 1227 2954 Cum
1259 2916 1376 2955 vero
1403 2901 1445 2954 ii
1475 2900 1608 2955 tales

83 2983 236 3049 obeant,
257 3003 285 3037 a
299 2987 491 3041 dextris
517 2987 623 3042 Dei
639 2989 986 3058 collocantur,
1008 2992 1097 3046 ubi
1113 3009 1204 3064 ego
1219 3003 1334 3065 post
1354 3011 1610 3049 resurrec-

83 3077 241 3143 tionem,
265 3080 312 3132 in
331 3080 516 3136 caelum
554 3083 846 3138 ascendens
876 3086 1108 3141 consedi.
1131 3085 1403 3142 Secundus
1430 3098 1606 3143 autent

81 3169 171 3220 ordo
196 3180 258 3222 est
283 3188 450 3226 eorum
471 3175 566 3245 qui
589 3177 647 3229 in
667 3177 903 3231 subsidio
929 3179 1195 3249 prioribus
1221 3190 1365 3248 sunt,
1393 3193 1550 3254 atque
1573 3201 1604 3238 a

78 3267 180 3329 tergo
193 3279 261 3316 eos
273 3267 595 3335 custodiunt,
616 3269 686 3324 ad
697 3286 824 3340 quos
837 3273 998 3325 etiam
1017 3274 1250 3344 refugere
1265 3275 1348 3329 illi
1363 3287 1603 3346 possunt;

76 3349 113 3402 bi
142 3370 233 3407 vero
272 3359 516 3427 apostolis
549 3372 679 3415 sunt
712 3363 936 3432 similes,
979 3365 1071 3436 qui
1117 3383 1197 3420 me
1230 3368 1602 3439 sequebantur,

74 3459 307 3517 mecumque
321 3452 738 3512 manducabant.
763 3453 968 3510 Tertius
997 3474 1113 3512 vero
1138 3459 1267 3513 ordo
1289 3469 1366 3514 est
1399 3478 1600 3529 eorum,

73 3539 136 3604 qui
159 3543 331 3608 .apides
370 3553 419 3600 et
461 3546 571 3604 tela
613 3547 879 3617 prioribus
913 3551 1252 3618 ministrant;
1284 3554 1338 3607 hi
1380 3571 1604 3628 namque

71 3628 219 3682 similes
251 3643 363 3687 sunt
393 3635 504 3690 illis
545 3639 663 3708 qui,
702 3656 822 3693 cum
870 3641 1105 3696 viderent
1133 3660 1212 3697 me
1239 3645 1293 3697 in
1333 3662 1506 3710 cruce,
1539 3647 1603 3700 de

69 3723 254 3784 passione
278 3743 384 3780 mea
413 3729 682 3797 dolentes,
715 3741 930 3801 pectora
972 3750 1070 3788 sua
1104 3735 1486 3805 percutiebant,
1518 3738 1602 3791 in-

67 3810 213 3866 iuriam
234 3817 344 3884 ﬁeri
370 3821 501 3873 mihi
537 3822 955 3891 proclamantes.
987 3823 1223 3891 Quartus
1267 3838 1444 3882 autem
1470 3830 1600 3882 ordo

73 3913 120 3998 ,τι
137 3922 282 3961 eorum
317 3913 404 3982 qui
439 3913 681 3968 videntes
714 3913 907 3970 bellum
947 3917 1235 3991 insurgere,
1276 3936 1331 3974 se
1356 3920 1599 3976 domibus

81 3997 281 4051 ntrudunt
326 4010 483 4071 atque
533 4002 612 4057 ad
645 4006 855 4074 negotia
899 4023 998 4060 sua
1047 4017 1439 4076 convertuntur,
1496 4027 1599 4064 non

64 4087 267 4143 credentes
296 4093 347 4145 in
372 4095 570 4150 virtute
615 4113 731 4150 mea
771 4098 1050 4153 victoriam
1087 4104 1390 4170 consistere,
1421 4104 1512 4158 sed
1543 4105 1599 4159 in

61 4175 271 4236 hominum
308 4186 598 4253 probitate.
647 4187 722 4242 Hi
781 4189 936 4258 tales,
973 4191 1084 4247 illis
1131 4204 1254 4248 sunt
1287 4196 1487 4250 similes
1508 4197 1599 4268 qui

61 4268 250 4326 dixerunt
277 4291 294 4328 :
325 4296 341 4327 ι
364 4276 502 4332 Reus
530 4289 613 4333 est
641 4283 848 4349 mortis,
882 4285 1250 4356 cruciﬁgatur,
1279 4289 1406 4358 quia
1427 4306 1597 4360 regem

59 4361 281 4429 trfecit,et
305 4367 398 4423 Dei
417 4369 630 4425 Filium
653 4390 707 4428 se
741 4374 880 4428 dixit
903 4376 1146 4446 (Matth,
1177 4380 1382 4450 Σιγὴ.»
1423 4380 1596 4447 Quin-

59 4459 116 4501 tus
134 4465 282 4509 autem
308 4462 436 4516 ordo
467 4479 655 4517 eorum
685 4475 762 4518 est
783 4468 874 4538 qui
896 4485 1016 4522 cum
1042 4469 1166 4524 belli
1189 4471 1474 4528 clamorem
1497 4492 1596 4528 au-

1713 1977 1975 2032 increduli
2003 1979 2239 2048 fuerunt,
2270 1979 2390 2033 odio
2417 1996 2502 2033 eos
2530 1978 2715 2044 habui,
2741 1987 2792 2032 et
2826 1977 3105 2048 inferiores
3136 1993 3314 2030 omm-

1713 2068 1809 2123 bus
1839 2071 2081 2141 gentibus
2111 2071 2368 2126 stabilivi.
2415 2070 2596 2125 Videte
2645 2072 2824 2142 itaque
2854 2087 2918 2124 ne
2945 2068 3207 2123 increduli
3238 2069 3315 2121 si-

1715 2158 1784 2211 tis
1814 2173 1832 2210 :
1856 2158 2128 2228 Alioquin,
2165 2160 2309 2214 vobis
2347 2161 2739 2214 remanentibus
2769 2176 2888 2214 cum
2919 2159 3150 2225 ludatis,
3171 2159 3313 2212 alios

1711 2250 1930 2319 populos
1967 2267 2260 2317 assumam,
2309 2261 2357 2304 et
2387 2268 2480 2321 per
2513 2253 2653 2320 ipsos
2682 2249 2948 2319 complebo
3003 2266 3123 2321 qua!
3165 2250 3312 2304 vobis

1710 2343 2076 2412 promiseram.
2107 2342 2237 2397 Ila’c
2276 2361 2480 2414 quoque
2507 2345 2648 2398 dices
2688 2344 2758 2396 ad
2787 2360 2873 2397 eos
2903 2359 2922 2396 :
2950 2341 3061 2398 Cur
3111 2345 3306 2397 timent

1712 2435 1884 2504 facere
1899 2435 2172 2506 justitiam
2193 2439 2218 2491 .’
2246 2435 2336 2503 Et,
2368 2438 2495 2508 quid
2521 2437 2708 2491 melius
2722 2436 2942 2507 justitia
2967 2437 2992 2491 .’
3038 2435 3303 2506 Παπία-

1710 2528 1916 2581 stitiam
1959 2527 2075 2582 volo
2123 2537 2180 2582 ut
2241 2539 2477 2595 teneant;
2505 2546 2598 2600 per
2620 2529 2858 2599 familias
2886 2537 2938 2584 et
2962 2537 3306 2600 cognationes

1708 2627 1906 2687 ponant
1960 2617 2192 2688 judices.
2269 2618 2405 2674 Cum
2486 2627 2663 2674 autem
2741 2618 2962 2690 quilibet
3027 2619 3310 2689 oﬂ'enderit

1709 2711 1914 2778 alium,
1995 2711 2140 2765 dicat
2191 2713 2282 2782 qui
2334 2712 2590 2782 injuriam
2626 2712 2834 2782 patitur
2875 2727 2894 2766 :
2936 2709 3135 2766 Frater
3193 2711 3308 2766 vel-

1709 2802 1849 2857 lesne
1917 2801 1996 2857 sic
2071 2802 2168 2858 tibi
2234 2803 2410 2873 fieri?
2479 2803 2724 2858 Posthac
2804 2803 2911 2858 nisi
2986 2803 3308 2873 malefactor

1707 2895 1946 2964 desierit,
1985 2911 2052 2951 ea:
2085 2897 2294 2951 nomine
2340 2912 2453 2952 sua:
2505 2895 2784 2968 potestatis
2818 2896 2868 2950 ei
2919 2896 3304 2959 contradicat;

1708 2989 1898 3044 deinde
1923 2989 2143 3045 licenter
2171 2989 2342 3060 judea:
2370 3007 2402 3044 a
2426 2990 2771 3059 malefactore
2810 2989 2990 3044 omnia
3015 2988 3150 3043 bona
3200 2987 3308 3043 sibi

1708 3084 1941 3153 auferat,
1965 3093 2015 3138 et
2048 3084 2303 3138 medietas
2330 3083 2402 3137 sit
2430 3082 2544 3153 ejus
2574 3083 2666 3153 qui
2689 3081 2947 3152 injuriam
2969 3081 3302 3152 patiebatur,

1709 3174 1912 3244 reliqua
1947 3189 2097 3240 vero,
2133 3173 2432 3242 potestatis.
2491 3170 2552 3228 Si
2592 3181 2771 3227 autem
2803 3171 2973 3242 judex
3016 3171 3198 3242 aliqua
3241 3174 3312 3227 de

1707 3282 1871 3319 causa
1901 3268 2012 3320 haec
2042 3265 2216 3335 facere
2241 3265 2537 3332 distulerit,
2581 3273 2637 3318 tu
2670 3263 2800 3318 vade
2837 3264 2907 3318 ad
2931 3280 3052 3318 eum
3102 3273 3152 3318 et
3188 3280 3318 3319 cor-

1706 3360 1817 3428 ripe
1842 3375 1983 3425 eum,
2017 3369 2066 3414 et
2093 3359 2181 3413 dic
2216 3359 2264 3413 ei
2303 3359 2442 3428 quod
2483 3358 2588 3412 nisi
2621 3357 2712 3412 ille
2751 3374 2805 3411 se
2842 3359 3160 3424 correxerit,
3200 3374 3304 3411 non

1703 3450 2000 3505 exsolvetur
2021 3467 2181 3521 usque
2222 3451 2290 3504 ad
2323 3450 2571 3504 ultimum
2605 3448 2789 3504 saeculi
2818 3449 2980 3516 diem,
3011 3449 3116 3503 nisi
3145 3450 3308 3504 remi-

1703 3545 1836 3598 seris
1866 3543 1972 3598 illi.
2014 3542 2269 3598 Nescisne
2297 3560 2456 3614 quam
2515 3561 2673 3615 grave
2707 3544 2776 3597 sit
2809 3542 3177 3613 prohibitum?
3205 3541 3309 3596 Et-

1702 3637 1840 3690 enim
1866 3651 1958 3709 ego
1993 3636 2237 3707 prohibui
2268 3635 2402 3692 Adte
2435 3636 2500 3690 de
2536 3637 2724 3690 arbore
2753 3636 2994 3691 scientia:
3023 3651 3088 3690 ne
3119 3643 3304 3706 tange-

1703 3734 1814 3791 ret;
1843 3734 2205 3797 transgressus
2230 3743 2403 3781 meum
2427 3727 2772 3798 prohibitum,
2803 3735 2853 3781 et
2885 3727 2997 3798 ipse
3029 3737 3078 3782 et
3107 3735 3308 3796 potters

1702 3820 1786 3873 sui
1811 3819 1864 3871 in
1898 3820 2208 3889 captivitate
2252 3821 2447 3874 misera
2474 3820 2709 3890 fuerunt,
2745 3819 2908 3874 donec
2956 3835 3050 3889 ego
3093 3820 3304 3873 veniens

1700 3912 2246 3980 incarnc,eos,morte
2269 3916 2441 3969 crucis
2472 3915 2764 3983 moriendo,
2794 3915 3010 3970 redemi.
3056 3914 3130 3969 De
3151 3915 3296 3970 deci-

1701 4006 1802 4059 mis
1832 4023 1970 4073 vero,
1997 4006 2140 4062 bene.
2169 4007 2387 4077 quidam
2416 4009 2672 4078 fecerunt,
2699 4008 2838 4077 quod
2876 4024 2966 4062 eas
2996 4007 3133 4062 sicut
3160 4024 3303 4078 prte-

1700 4099 1813 4169 cepi
1847 4099 2121 4155 dederunt.
2167 4099 2542 4171 Multiplicabo
2577 4103 2754 4172 itaque
2793 4100 2936 4167 illos,
2971 4108 3127 4171 atque
3161 4100 3304 4155 inter

1700 4192 1837 4246 alios
1872 4191 2248 4265 cognoscibiles
2274 4194 2496 4264 faciam.
2538 4193 2675 4248 Cum
2715 4203 2898 4249 autem
2930 4194 3048 4249 lucc
3069 4193 3302 4250 dixisset

1699 4284 1987 4352 Dominus,
2012 4287 2152 4358 ccepi
2196 4287 2474 4357 postulare
2497 4287 2565 4341 ab
2594 4303 2658 4342 eo
2696 4296 2756 4342 ut
2781 4302 2882 4357 pro
2903 4285 3170 4342 charitate
3197 4301 3299 4342 sua

1698 4375 2004 4430 litterarum
2045 4375 2355 4443 scientiam,
2385 4393 2550 4446 quam
2601 4393 2775 4446 nuper
2803 4359 2952 4431 mihi.
2973 4376 3296 4443 abstulerat,

1696 4467 1967 4523 redderet.
2015 4465 2081 4522 Et
2131 4467 2207 4522 ait
2258 4467 2568 4524 Dominus:
2606 4467 2729 4522 Non
2777 4469 3040 4539 sufﬁciunt
3082 4469 3179 4523 tibi
3226 4470 3298 4524 ad

55 4541 184 4611 diunt,
211 4549 268 4604 de
292 4551 441 4624 longe
468 4556 829 4627 speculantes,
869 4559 1122 4616 clamoris
1174 4580 1363 4618 causas
1415 4568 1592 4637 requi-
1623 4575 1671 4636 ο
1695 4558 2053 4612 enarrandum
2083 4576 2145 4612 ea
2179 4577 2298 4630 qua:
2327 4562 2488 4627 nosti,
2520 4571 2570 4616 et
2605 4570 2779 4615 tamen
2808 4562 2884 4615 vis
2921 4563 3057 4616 scire
3095 4561 3299 4632 plura!

56 4651 161 4706 runt,
187 4653 227 4696 et
251 4649 472 4716 ignavia
506 4667 611 4704 non
649 4652 859 4707 virtutis
905 4654 1031 4709 aliis
1074 4656 1312 4728 exempla
1359 4660 1596 4716 tribuunt

51 4738 86 4780 et
112 4748 193 4787 non
218 4736 378 4792 solum
407 4741 659 4811 pericula
695 4761 791 4813 pro
819 4761 919 4811 me,
945 4762 1122 4801 verum
1153 4749 1314 4802 etiam
1344 4767 1441 4820 pro
1480 4753 1596 4822 fra-

51 4823 180 4877 tribus
213 4830 380 4884 subire
421 4831 636 4900 nolunt,
682 4835 774 4888 sed
825 4835 920 4889 sub
965 4838 1136 4906 specie
1171 4841 1407 4908 cavendi,
1459 4842 1593 4898 alios

49 4913 224 4972 tolentes
249 4939 508 4995 pugnare,
555 4926 634 4981 vel
665 4929 1050 5000 pugnatoribus
1083 4948 1236 4986 arma
1267 4934 1592 5004 ministrare,

47 5020 181 5061 secum
203 5015 264 5066 ad
289 5017 677 5084 speculandum
712 5021 960 5076 invitant.
1011 5021 1086 5076 Hi
1125 5021 1284 5079 Iuda
1304 5028 1590 5095 proditori,

45 5104 80 5144 ει
117 5095 273 5156 Pilato
303 5105 486 5174 judici
527 5108 729 5162 similes
771 5119 914 5165 sunt.
953 5109 1083 5166 Erat
1117 5121 1296 5168 autem
1329 5115 1509 5171 nudus
1533 5116 1588 5172 in

45 5202 168 5244 ("nec
189 5192 472 5264 Dominus;
500 5208 682 5256 tamen
733 5202 959 5259 linteolo
990 5206 1338 5275 praecinctus,
1369 5224 1401 5264 a
1433 5211 1588 5281 geni-

73 5294 118 5331 us
141 5297 298 5356 usque
322 5289 389 5342 ad
421 5289 666 5359 lumbos,
695 5302 749 5349 et
776 5303 894 5350 erat
918 5296 1202 5354 linteolum
1233 5300 1412 5355 medio
1441 5301 1590 5357 colo-

72 5375 403 5434 coloratum
440 5382 590 5437 inter
631 5385 846 5456 nigrum
901 5398 955 5444 et
1009 5391 1262 5446 rubeum.
1321 5391 1388 5448 Et
1441 5393 1588 5450 circa

55 5547 58 5556 τ
86 5478 194 5556 eam
225 5468 458 5527 habebat
488 5472 654 5532 vittas
699 5477 873 5544 albas,
923 5487 978 5535 et
1026 5481 1226 5538 rubeas
1256 5491 1421 5554 atque
1451 5484 1587 5540 viri-

158 5553 278 5612 Post
312 5562 537 5618 sublata
572 5581 735 5621 cruce
765 5569 1029 5624 remansit
1071 5570 1123 5626 in
1167 5553 1354 5628 habitu
1395 5575 1448 5630 in
1477 5590 1587 5646 quo

43 5654 158 5698 unus
188 5663 403 5708 venerat
457 5654 743 5714 Dominus.
791 5653 858 5715 Et
898 5661 1011 5716 dixi
1062 5663 1130 5717 ad
1177 5665 1588 5722 eumzbomine

183 5742 234 5829 si
261 5741 356 5799 hoc
392 5747 606 5815 dixem,
651 5767 753 5805 non
798 5754 1009 5808 credent
1036 5757 1185 5810 mihi.
1213 5754 1278 5812 Et
1306 5759 1587 5829 respondit

40 5819 144 5876 mihi
183 5823 482 5888 Dominus:
512 5832 603 5889 Vis
643 5851 944 5909 cognoscere
969 5857 1056 5896 eos
1085 5842 1174 5913 qui
1199 5843 1280 5896 his
1327 5819 1428 5897 non
1473 5861 1584 5900 cre-

1701 4649 1766 4706 Et
1793 4649 2070 4721 .continuo
2115 4651 2192 4707 ita
2241 4653 2375 4707 mihi
2416 4654 2572 4710 visus
2619 4670 2740 4709 sum
2789 4654 3030 4726 sapiens,
3061 4662 3124 4708 ut
3159 4654 3294 4710 nihil

1699 4756 1891 4812 sapere
1920 4743 2061 4796 ultra
2092 4757 2366 4813 rogarem,
2387 4751 2441 4798 et
2467 4744 2544 4799 ait
2567 4743 2865 4799 Dominus:
2895 4742 3169 4812 Sufficiunt
3195 4743 3294 4797 tibi

1699 4833 1873 4886 adhuc
1905 4850 2024 4905 qua:
2054 4835 2235 4888 nosti?
2271 4833 2338 4890 Et
2382 4837 2640 4906 respondi
2688 4855 2700 4890 :
2754 4835 3050 4905 Sufﬁciunt.
3077 4833 3145 4889 Et
3184 4833 3294 4890 Do-

1700 4925 1886 4981 minus
1917 4941 2140 4982 rursum
2175 4945 2187 4981 :
2246 4927 2392 4992 Quid
2431 4929 2547 4981 dixi
2594 4928 2731 4981 tibi?
2769 4926 3059 4997 Responde.
3097 4925 3166 4980 Et
3189 4942 3290 4997 ego

1697 5016 1836 5070 ni-liil
1871 5015 2130 5072 sciebam.
2173 5017 2423 5088 Cumque
2446 5017 2580 5071 mihi
2613 5018 2842 5072 instaret
2864 5025 2924 5071 ut
2946 5017 3152 5087 aliquid
3189 5033 3289 5073 eo-

1695 5122 1817 5162 rum
1847 5122 1969 5178 qua:
1989 5107 2202 5162 dixerat
2249 5107 2633 5178 responderem
2671 5106 2798 5174 sibi,
2829 5107 3086 5178 respondi
3115 5125 3128 5162 :
3173 5107 3257 5162 Do

1697 5201 1855 5266 mine,
1881 5199 2018 5253 nihil
2047 5199 2186 5253 novi.
2213 5197 2280 5254 Et
2314 5198 2391 5254 ait
2424 5198 2691 5254 Dominus
2722 5217 2736 5254 :
2777 5197 2922 5254 Vade
2943 5209 2992 5254 et
3024 5201 3289 5255 annuntio

1692 5309 1811 5364 qua!
1841 5293 2009 5359 nosti,
2036 5301 2085 5347 et
2115 5293 2378 5361 sufficiant
2402 5292 2496 5346 tibi
2517 5307 2636 5362 qua:
2659 5292 2783 5349 scis.
2803 5290 2941 5347 Cum
2966 5301 3149 5348 autem
3173 5293 3279 5350 Itast

1695 5385 1956 5442 fratribus
2007 5385 2465 5452 ostendissemus,
2508 5395 2794 5456 cmperunt
2821 5386 3046 5457 quidam
3082 5387 3284 5454 dicere,

1697 5477 1842 5548 quod
1880 5491 2162 5547 nunquam
2191 5476 2473 5532 crederent
2497 5476 2644 5547 quod
2669 5477 3048 5549 hujuscemodi
3075 5479 3288 5535 homini

1694 5567 2012 5638 loqueretur
2055 5567 2220 5638 Deus,
2271 5579 2326 5625 et
2354 5571 2652 5628 dimitteret
2676 5572 2964 5645 episcopos
2992 5583 3046 5630 et
3079 5573 3266 5644 princi-

1692 5676 1810 5730 pes,
1840 5669 1892 5716 et
1917 5661 2228 5718 ostenderet
2248 5678 2306 5718 se
2329 5663 2539 5719 homini
2569 5664 2817 5733 rustico;
2853 5667 2998 5722 unde
3022 5666 3189 5721 etiam
3212 5665 3282 5722 de

1690 5753 1879 5809 lancea
1923 5752 2138 5810 Domini
2185 5755 2528 5822 dubitabant,
2571 5755 2914 5829 Quapropter
2957 5755 3255 5813 convocavi

1691 5861 1812 5902 mus
1837 5845 2033 5905 fratres
2070 5848 2191 5904 illos
2217 5848 2416 5920 quibus
2442 5849 2506 5906 dc
2529 5848 2716 5907 lancea
2745 5847 3039 5920 aliquando
3071 5846 3275 5926 revela:

3215 383 3342 448 653;.
3407 439 3410 441 Α
