3846 6306
529 369 638 430 659

1117 369 1211 426 AD
1244 368 1696 429 CODEFIIIDUM
1733 367 2024 426 APPEND.
2064 369 2128 427 II.
2169 400 2240 412 -—
2278 371 2550 432 MONUM.
2591 372 2684 429 DE
2711 373 2936 432 BELLO
2975 375 3226 433 SACRO.
3664 382 3742 444 ﬂio

523 490 642 538 tum
671 479 846 538 fuerat
865 525 879 550 ,
917 489 973 538 et
1004 491 1129 554 post
1153 482 1269 539 haec
1302 483 1590 539 Arnoltum
1633 482 1977 554 capellanum
2017 497 2112 539 co-
2139 483 2186 542 A
2210 487 2428 556 pererit.
2460 485 2527 542 Et
2549 486 2688 542 dixit
2733 487 2988 545 sacerdos
3019 507 3034 544 :
3069 487 3131 544 Si
3183 486 3392 560 aliquid
3426 487 3603 543 borum
3631 491 3747 548 dubi-

524 574 684 630 snitis
710 572 1146 640 Northmanniae,
1178 574 1274 647 qui
1317 583 1481 645 caput
1515 575 1760 630 onmium
1801 573 2113 631 incredulo-

523 683 650 723 rum
675 675 813 735 erat,
839 675 895 723 et
927 668 1058 738 quia
1077 667 1353 723 litteratus
1387 675 1528 735 erat,
1550 667 1845 724 credebant
1871 667 1926 724 ei
1968 667 2114 723 mul-

526 767 670 826 tum,
702 767 760 814 et
786 759 1144 830 qmesivimus
1197 759 1268 813 ab
1304 773 1394 825 eo,
1443 774 1616 830 quare
1657 759 1773 830 ipse
1818 759 2112 816 dubitaret.

522 852 778 922 Cumque
801 851 1012 908 diceret
1034 851 1181 923 quod
1205 851 1500 924 episcopus
1529 851 1820 909 Podiensis
1843 851 1971 908 inde
2009 851 2108 908 du-

528 941 803 1008 bitaverit,
830 941 1111 1012 respondit
1147 941 1374 1012 quidam
1411 941 1668 998 sacerdos
1708 933 1904 998 Petrus
1936 942 2117 998 nomi—

523 1049 595 1088 ne
628 1032 891 1088 Desiderii
917 1048 932 1086 :
979 1031 1092 1103 Ego
1117 1039 1236 1102 post
1278 1031 1482 1088 obitum
1514 1034 1629 1106 ejus
1661 1035 1772 1090 vidi
1813 1035 2116 1106 episcopum

528 1123 866 1192 Podiensem,
916 1133 966 1180 et
1016 1123 1227 1179 beatum
1271 1123 1562 1180 Nicolaum
1612 1142 1733 1182 cum
1775 1142 1856 1194 eo,
1899 1134 1956 1183 et
1992 1134 2118 1198 post

523 1213 694 1266 multa
735 1211 861 1278 alia,
895 1211 1036 1267 dixit
1059 1211 1194 1266 mihi
1221 1212 1555 1284 episcopus:
1597 1213 1711 1286 Ego
1754 1231 1873 1270 sum
1913 1215 1971 1269 in
2011 1231 2116 1270 uno

521 1303 679 1356 choro
703 1319 824 1358 cum
845 1303 997 1359 beato
1026 1303 1278 1373 Nicolao,
1306 1305 1398 1361 sed
1427 1307 1556 1378 quia
1589 1306 1654 1366 de
1684 1306 1871 1362 lancea
1891 1306 2118 1369 Domini

521 1395 782 1464 dubitavi,
821 1397 913 1469 qui
963 1399 1199 1454 maxime
1237 1399 1450 1454 credere
1502 1398 1821 1468 debuissem,
1859 1400 2116 1454 deductus

521 1504 639 1542 sum
663 1489 721 1544 in
741 1490 1033 1560 infernum,
1055 1490 1231 1563 ibique
1252 1490 1439 1562 capilli
1455 1493 1580 1559 mei,
1595 1508 1660 1547 ea:
1687 1493 1788 1548 hac
1807 1502 1958 1564 parte
1987 1493 2118 1548 dex-

523 1587 638 1634 tera
659 1581 875 1651 capitis,
904 1590 957 1636 et
983 1581 1240 1637 medietas
1269 1581 1448 1637 barba:
1467 1582 1741 1637 combusta
1767 1591 1868 1649 est,
1898 1591 1949 1637 et
1993 1582 2115 1638 licet

521 1668 581 1724 in
600 1685 754 1741 paena
793 1688 898 1727 non
918 1673 1044 1740 sim,
1077 1681 1254 1727 tamen
1278 1671 1422 1728 clare
1464 1672 1632 1728 Deum
1666 1673 1840 1729 videre
1879 1691 1982 1728 non
2016 1691 2114 1745 po-

2217 578 2378 644 tatis,
2398 578 2497 648 ﬁat
2529 579 2686 650 ignis,
2715 587 2766 634 et
2787 581 2844 634 in
2871 579 2970 635 Dei
2995 581 3227 647 nomine,
3261 588 3312 635 et
3342 579 3528 633 horum
3564 584 3750 638 testimo-

2215 669 2326 736 nio,
2363 670 2600 724 transibo
2645 687 2741 742 per
2776 673 3028 728 medium.
3071 671 3321 730 Accessit
3352 680 3408 728 et
3439 671 3576 727 alius
3609 689 3746 730 sacer.

2215 759 2337 828 dos,
2365 761 2589 818 nomine
2618 760 2962 834 Stephanus,
2985 762 3312 835 cognomine
3332 759 3658 829 Valentinus,
3687 767 3747 820 vir

2216 853 2402 924 magni
2424 854 2743 923 testimonii,
2766 864 2823 912 et
2852 855 3010 912 bona:
3031 855 3188 914 vitae:
3218 863 3276 911 et
3317 854 3458 910 dixit
3483 873 3497 908 :
3535 852 3643 924 Ipse
3671 855 3749 911 Do-

2218 942 2396 997 minus
2413 941 2570 999 Iesus
2599 943 2808 999 locutus
2831 954 2909 1000 est
2941 945 3071 999 mihi
3104 945 3162 999 in
3183 945 3300 1015 ipso
3341 943 3542 1015 fervore
3571 945 3749 1000 tribula-

2217 1034 2379 1090 tionis
2407 1051 2525 1108 que
2548 1026 2652 1107 fuit
2689 1037 2834 1108 apud
2871 1035 3237 1104 Antiochiam,
3285 1045 3344 1091 et
3381 1036 3617 1106 promisit
3655 1039 3752 1094 mihi

2217 1143 2399 1182 coram
2422 1138 2592 1184 matre
2613 1145 2735 1196 sua,
2761 1129 3071 1184 beatissima
3091 1129 3292 1200 virgine
3321 1128 3534 1184 Maria:
3562 1130 3695 1200 quod,
3711 1133 3751 1185 is

2215 1220 2404 1290 quinta
2424 1220 2509 1275 die
2533 1237 2652 1292 quin
2675 1221 2862 1292 futura
2881 1231 3018 1288 erat,
3044 1220 3470 1275 misericordium
3496 1220 3666 1289 populo
3683 1239 3751 1276 suo

2217 1309 2414 1386 fugeret
2443 1319 2494 1367 et
2515 1311 2722 1366 labores
2748 1311 2864 1383 ejus
2891 1309 3310 1382 quampluriinos
3338 1307 3628 1379 compleret,
3646 1311 3683 1363 si
3703 1312 3752 1364 ad

2215 1421 2336 1460 eum
2358 1411 2736 1459 reverterentur
2754 1418 2820 1457 ea:
2843 1411 2950 1456 toto
2973 1401 3152 1466 corde;
3178 1409 3228 1456 et
3267 1401 3327 1454 in
3366 1400 3456 1455 die
3497 1399 3591 1454 illa
3608 1401 3753 1455 lancea

2216 1494 2435 1551 Domini
2461 1503 2667 1567 reperta
2692 1501 2772 1549 est
2785 1510 2804 1561 ;
2827 1493 2917 1548 ubi
2932 1508 3026 1565 ego
3051 1493 3317 1564 promissa
3346 1490 3560 1546 Domini
3583 1492 3756 1561 comple-

2217 1597 2275 1644 ta
2301 1605 2413 1643 esse
2452 1587 2630 1643 credo.
2666 1584 2728 1642 Si
2761 1585 2890 1658 quid
2928 1585 3050 1640 inde
3085 1584 3372 1651 dubitatis,
3420 1584 3644 1654 episeopo
3673 1581 3753 1637 Po-

2215 1673 2386 1730 diensi
2406 1673 2592 1728 statim
2620 1682 2678 1727 ut
2694 1671 2807 1728 lucc
2821 1671 2940 1726 vidi.
2959 1669 3129 1726 obtuli
3148 1686 3244 1741 pro
3261 1670 3563 1724 testimonio
3586 1670 3754 1736 horum,

523 1772 658 1830 tero,
701 1765 866 1820 donec
914 1765 1100 1837 capilli
1129 1775 1180 1822 et
1217 1765 1382 1821 barba
1414 1765 1557 1822 sicut
1583 1775 1706 1822 ante
1747 1767 1958 1837 fuerant
1981 1768 2113 1823 mihi
2146 1827 2186 1837 _
2218 1782 2399 1820 coram
2411 1764 2754 1820 multitudine
2778 1762 3097 1834 omni,quod
3118 1763 3166 1817 si
3188 1761 3300 1832 ipse
3314 1759 3490 1828 vellet,
3512 1777 3600 1832 ego
3621 1769 3757 1816 trans-

520 1857 892 1912 succreverint.

1062 1947 1294 2005 CAPUT
1331 1947 1571 2005 XXVIII.

593 2037 722 2096 Hac
747 2047 804 2094 et
825 2039 996 2096 multa
1023 2039 1132 2096 alia
1158 2056 1226 2097 ex
1248 2050 1403 2112 parte
1427 2040 1546 2107 Dei,
1578 2039 1834 2112 praedixit
1852 2039 2110 2098 sacerdos

517 2129 624 2187 iste
649 2144 772 2202 quae
804 2140 992 2200 postea
1027 2131 1186 2189 nobis
1215 2142 1550 2200 evenerunt;
1583 2132 1679 2189 sed
1704 2133 1822 2188 haec
1854 2147 1958 2188 suo
1987 2131 2110 2189 loco

515 2221 625 2276 dici
659 2227 936 2292 poterunt.
983 2221 1232 2280 Accessit
1263 2232 1321 2280 et
1365 2224 1509 2280 alius
1553 2223 1777 2295 quidam
1827 2223 2107 2292 sacerdos,

515 2309 798 2369 Ebrardus
837 2313 1081 2381 nomine,
1126 2323 1182 2371 et
1218 2315 1356 2372 dixit
1387 2335 1402 2372 :
1434 2315 1515 2371 Eo
1546 2324 1774 2386 tempore
1809 2332 1913 2388 quo
1949 2314 2109 2372 Turci

514 2401 826 2459 obsidebant
845 2406 1137 2460 coercitum
1166 2416 1408 2461 nostrum
1445 2408 1591 2478 infra
1627 2407 1988 2474 Antiochiam,
2014 2424 2108 2478 ego

512 2512 662 2550 erant
694 2495 947 2568 Tripolis.
981 2496 1236 2553 Veneram
1262 2500 1404 2554 enim
1432 2498 1562 2554 illuc
1591 2507 1716 2553 ante
1753 2505 1968 2569 captam
1991 2497 2106 2552 An-

513 2586 790 2654 tiochiam,
822 2605 918 2658 pro
947 2589 1072 2644 vita
1095 2605 1223 2645 mea
1250 2590 1585 2653 necessariis.
1611 2587 1747 2646 Cum
1781 2605 1901 2644 vero
1921 2589 2109 2644 audis-

512 2690 623 2734 sem
647 2680 787 2751 quod
827 2679 1116 2737 Antiochia
1151 2691 1310 2753 capta
1343 2691 1502 2750 esset,
1543 2690 1593 2737 et
1639 2682 1810 2737 nostri
1845 2681 1925 2736 ita
1961 2682 2108 2738 intus

512 2779 812 2827 tenerentur
843 2773 1042 2837 obsessi
1065 2782 1125 2828 ut
1153 2772 1334 2829 nullus
1365 2772 1573 2846 ingredi
1604 2771 1684 2827 vel
1717 2772 1896 2844 egredi
1914 2772 1980 2829 de
2008 2789 2107 2828 no-

510 2865 641 2919 stris
665 2865 911 2934 auderet,
929 2875 980 2920 et
1018 2865 1188 2921 multa
1232 2865 1378 2921 mala
1415 2865 1530 2921 alia
1566 2881 1687 2938 qua:
1728 2865 1954 2921 obsessis
2003 2866 2108 2921 im-

518 2955 814 3024 minebant,
842 2967 894 3012 et
927 2957 1162 3028 plurima
1197 2957 1361 3029 falsa,
1392 2975 1512 3030 qute
1545 2956 1833 3015 Sarraceni
1863 2966 1915 3014 et
1948 2955 2108 3014 Turci

511 3048 651 3103 veris
683 3047 844 3104 malis
869 3049 1155 3117 addebant,
1198 3049 1264 3106 de
1293 3049 1406 3106 vita
1445 3066 1562 3105 mea
1603 3048 1818 3117 dubius,
1849 3049 1920 3104 ad
1942 3049 2107 3106 eccle-

2141 1827 2189 1889 Β
2215 1856 2348 1911 irem
2367 1871 2462 1926 per
2508 1855 2676 1927 ignes,
2712 1853 2792 1910 vel
2829 1853 2895 1908 de
2931 1827 3378 1908 altissima-turre
3398 1827 3752 1924 praecipitarer,

2211 1945 2384 1999 adhuc
2404 1949 2503 1999 hoc
2526 1945 2701 2014 ipsum
2733 1941 2876 1998 vobis
2899 1942 3084 2012 offero.
3114 1940 3368 1998 Accessit
3401 1949 3582 1996 autem
3603 1950 3651 1997 et
3669 1943 3759 2013 epi-

2209 2049 2414 2107 scopus
2445 2033 2729 2102 Athensis,
2757 2042 2814 2090 et
2841 2030 3097 2090 dixitzln
3128 2033 3330 2088 somnis
3355 2048 3451 2105 ego
3479 2049 3551 2087 an
3569 2033 3762 2104 vigilans

2209 2127 2318 2182 ista
2341 2125 2582 2194 viderim,
2607 2133 2812 2181 certum
2850 2124 3049 2194 nescio,
3089 2123 3233 2181 Deus
3279 2124 3404 2180 scit.
3452 2122 3548 2179 Vir
3575 2124 3758 2196 quidam

2208 2219 2346 2276 venit
2372 2217 2590 2273 indutus
2613 2215 2776 2285 albis,
2803 2225 2855 2272 et
2883 2216 3032 2271 stetit
3063 2222 3184 2270 ante
3221 2231 3324 2283 me,
3347 2223 3400 2271 et
3435 2218 3635 2269 tenebat
3669 2215 3761 2270 lan-

2209 2327 2356 2366 ceam
2409 2308 2748 2366 Dominicum
2792 2308 2955 2363 istam
2999 2308 3057 2362 in
3105 2306 3351 2363 manibus
3382 2309 3516 2375 suis,
3560 2315 3614 2362 et
3654 2307 3762 2363 dixit

2208 2402 2346 2458 mihi
2379 2420 2393 2457 :
2421 2399 2607 2458 Credis
2637 2400 2773 2455 hanc
2795 2400 3036 2455 lanceam
3057 2416 3168 2455 esse
3190 2399 3454 2455 Domini?
3474 2397 3542 2454 Et
3570 2415 3762 2470 respon-

2208 2496 2265 2554 di
2296 2515 2310 2553 :
2341 2495 2534 2565 Credo,
2571 2495 2817 2552 Domine.
2855 2495 3242 2552 Dubitaveram
3284 2504 3340 2552 et
3371 2510 3476 2568 ego
3506 2495 3760 2568 aliquando

2208 2589 2276 2645 de
2301 2604 2387 2645 ea.
2413 2586 2551 2644 Cum
2598 2587 2654 2644 id
2686 2587 2930 2644 secundo
2953 2597 3008 2643 et
3037 2587 3199 2643 tertio
3231 2588 3470 2660 graviter
3510 2587 3759 2660 exegisset,

2207 2681 2322 2738 dixi
2343 2680 2412 2738 ad
2435 2696 2561 2737 eum
2589 2699 2603 2736 :
2634 2678 2829 2748 Credo,
2857 2678 3102 2746 Domine,
3125 2679 3262 2734 hanc
3288 2697 3401 2735 esse
3423 2679 3655 2735 lanceam
3673 2679 3759 2733 Ds-

2208 2775 2340 2828 mini
2367 2773 2536 2828 nostri
2557 2769 2688 2827 Iesu
2719 2769 2948 2828 Christi.
2971 2768 3038 2825 Et
3060 2778 3187 2842 post
3211 2772 3329 2827 haec
3363 2771 3578 2827 dimisit
3598 2786 3690 2826 me.
3711 2768 3762 2824 Et

2207 2882 2310 2940 ego
2339 2863 2704 2932 Raimundus,
2732 2862 2829 2936 qui
2859 2863 2977 2919 haec
3006 2863 3204 2934 scripsi
3236 2878 3427 2920 coram
3450 2861 3699 2919 fratribus
3718 2872 3761 2918 et

2207 2956 2500 3030 episcopis,
2525 2955 2643 3011 haec
2670 2954 2745 3010 ibi
2773 2953 2887 3009 dixi
2911 2972 2924 3008 :
2955 2951 3188 3024 Interfui
3210 2970 3304 3026 ego
3327 2955 3458 3008 dum
3485 2955 3762 3024 eﬂ'oderelur

2207 3049 2396 3104 lancea
2417 3046 2658 3115 Domini,
2685 3053 2738 3101 et
2766 3053 3050 3116 antequam
3081 3052 3194 3100 tota
3219 3061 3380 3116 super
3408 3055 3607 3101 terram
3630 3062 3762 3116 appa-

511 3141 652 3194 siam
693 3141 983 3212 quamdam
1030 3142 1265 3215 confugi.
1291 3139 1380 3198 Ibi
1403 3150 1528 3197 ante
1547 3141 1879 3212 majestatem
1911 3158 2103 3214 quam-
2129 3169 2176 3234 ο
2208 3139 2422 3208 ruisset,
2449 3152 2752 3192 mucronem
2779 3134 3053 3234 osculatus
3075 3151 3215 3192 sum.
3233 3134 3303 3234 Et
3332 3145 3460 3234 sunt
3487 3137 3544 3234 in
3565 3139 3761 3234 exfrcits

511 3232 640 3288 dam
667 3233 858 3289 matris
881 3232 1100 3290 Domini
1120 3233 1399 3305 procubui,
1436 3233 1792 3306 lucrgmisque
1834 3246 1885 3288 et
1917 3233 2099 3305 preci-

513 3323 610 3379 bus
635 3325 904 3396 appellare
927 3342 1020 3398 per
1047 3342 1165 3381 eam
1193 3325 1291 3382 Dei
1316 3326 1740 3382 misericordiam
1768 3327 1921 3396 coepi.
1950 3325 2106 3383 Cum-

513 3434 612 3490 que
633 3435 727 3489 per
745 3418 950 3490 aliquot
974 3417 1088 3474 dies
1131 3418 1189 3473 id
1225 3418 1489 3489 fecissem,
1522 3433 1832 3488 permanens
1865 3418 2106 3488 impran-

511 3524 622 3575 sus,
645 3516 701 3564 et
722 3508 912 3566 dicens
947 3508 1040 3564 ei:
1075 3507 1120 3565 0
1168 3508 1373 3579 Regina
1418 3507 1660 3575 domina,
1707 3508 1800 3562 isti
1845 3509 2107 3579 peregrini

511 3606 638 3680 sunt
658 3599 750 3670 qui
787 3597 1026 3653 dimissis
1057 3599 1298 3670 parvulis
1330 3608 1383 3653 et
1427 3598 1760 3667 mulieribus,
1785 3608 1835 3654 et
1865 3600 2106 3654 omnibus

509 3679 686 3746 charis
707 3691 849 3758 suis,
864 3707 960 3762 pro
983 3692 1194 3746 nomine
1214 3689 1351 3746 Filii
1376 3692 1479 3762 tui,
1503 3702 1552 3747 et
1579 3707 1675 3762 pro
1699 3691 1880 3760 te,huc
1900 3691 1964 3747 de
1990 3694 2108 3746 lon—

513 3781 708 3851 ginqua
732 3790 1004 3848 venerunt,
1041 3792 1093 3836 et
1131 3795 1228 3852 pro
1267 3781 1385 3852 ﬁlio
1430 3790 1521 3837 tuo
1558 3791 1818 3854 pugnant,
1860 3783 2107 3837 miserere

509 3887 715 3928 eorum.
751 3872 845 3941 Et,
889 3889 920 3928 ο
952 3874 1192 3942 domina,
1214 3874 1344 3947 quid
1376 3875 1586 3930 dicetur
1617 3875 1683 3930 de
1717 3884 1766 3930 te
1801 3875 1944 3932 etde
1991 3875 2107 3946 ﬁlio

513 3971 626 4031 tuo,
658 3964 715 4017 in
741 3965 898 4019 terris
929 3964 1188 4034 ipsorum,
1231 3965 1278 4021 si
1317 3967 1376 4020 in
1404 3967 1648 4021 manibus
1687 3964 1978 4022 Turcorum
2019 3984 2106 4024 eos

512 4056 850 4111 tradideris?
877 4055 1004 4113 Haec
1032 4066 1087 4116 et
1115 4058 1222 4114 alia
1263 4059 1465 4115 similia
1498 4075 1626 4116 cum
1670 4069 1901 4117 moestus
1931 4069 1986 4116 et
2013 4077 2108 4133 ge-

511 4163 671 4204 mens
693 4149 895 4219 sazpius
930 4149 1242 4218 iterassem,
1273 4151 1422 4206 venit
1445 4150 1514 4207 ad
1547 4167 1635 4208 me
1660 4151 1882 4224 quidam
1913 4151 2105 4208 Suria-

510 4255 618 4298 nus
638 4240 1096 4312 quiChristianus
1125 4251 1265 4306 erat.
1285 4252 1340 4300 et
1369 4243 1510 4300 dixit
1540 4245 1676 4298 mihi
1710 4263 1723 4299 :
1757 4244 1905 4298 Bono
1929 4245 2106 4300 animo

508 4340 642 4400 esto,
668 4341 718 4388 et
751 4331 868 4389 vide
894 4351 955 4389 ne
976 4332 1208 4405 amplius
1229 4335 1454 4404 ﬂeveris.
1490 4333 1555 4391 Et
1576 4334 1716 4390 dixit
1739 4354 1751 4389 :
1776 4335 1934 4390 Modo
1961 4353 2108 4391 eram

509 4433 636 4479 ante
672 4425 812 4496 fores
841 4424 1100 4481 Ecclesia:
1129 4427 1297 4481 beatte
1335 4425 1527 4480 Maria:
1563 4426 1752 4480 matris
1783 4425 2022 4493 Domini,
2055 4435 2105 4482 et

2205 3231 2405 3305 plures,
2425 3229 2517 3302 qui
2551 3245 2755 3285 mecum
2787 3227 2896 3284 ista
2931 3227 3198 3284 viderunt.
3234 3226 3303 3283 Et
3342 3227 3530 3284 addidi
3559 3247 3575 3284 :
3612 3227 3672 3282 Et
3701 3236 3761 3282 est

2205 3323 2347 3379 alius
2373 3319 2590 3394 quidam
2614 3317 2880 3387 sacerdos,
2893 3316 3206 3373 Bertramus
3233 3318 3469 3386 nomine,
3489 3316 3761 3380 Podiensis,

2203 3413 2448 3485 episcopo
2466 3409 2721 3466 Podiensi
2745 3410 2801 3464 in
2824 3410 2932 3465 vita
2961 3408 3130 3480 ipsius
3151 3408 3470 3480 familiaris.
3487 3409 3592 3464 Hic
3621 3419 3762 3464 autem

2206 3505 2453 3561 sacerdos
2497 3503 2803 3573 inﬁrmatus
2846 3509 2925 3558 est
2957 3517 3120 3572 usque
3155 3502 3227 3556 ad
3278 3511 3528 3571 mortem,
3583 3518 3764 3566 cumque

2197 3596 2318 3668 jam
2349 3595 2415 3652 de
2454 3596 2568 3651 vita
2607 3611 2710 3650 sua
2743 3594 3096 3666 desperasset,
3143 3596 3396 3666 apparuit
3433 3595 3488 3652 ei
3531 3597 3763 3666 episcopus

2207 3687 2488 3744 Podiensis
2523 3703 2644 3742 cum
2680 3685 2935 3743 Heraclio
2955 3687 3253 3759 vexillifero
3288 3705 3414 3756 suo;
3444 3691 3542 3761 qui
3561 3690 3625 3762 ;in
3659 3687 3766 3743 bello

2206 3781 2443 3837 maxime
2471 3781 2617 3853 facto
2647 3779 2790 3852 apud
2812 3779 3175 3849 Antiochiam,
3198 3780 3255 3836 in
3291 3781 3490 3851 [aciem
3522 3796 3762 3852 percussus

2206 3875 2428 3947 sagitta,
2456 3890 2576 3928 cum
2601 3873 2900 3945 intrepidus
2923 3874 3139 3944 agmina
3179 3871 3480 3928 Turcorum
3503 3883 3765 3946 prosterne-

2208 3975 2308 4032 ret,
2339 3975 2390 4021 et
2415 3965 2537 4021 inde
2557 3967 2723 4021 vitam
2749 3965 2964 4036 ﬁnierat
2987 3981 3008 4020 :
3039 3963 3106 4021 Et
3123 3965 3261 4022 dixit
3281 3967 3578 4039 episcopus
3605 3981 3758 4022 sacer—

2207 4059 2324 4116 doti
2351 4079 2365 4116 :
2397 4059 2697 4129 Bertrame,
2723 4061 2850 4132 quid
2877 4061 3031 4132 agis.’
3056 4059 3126 4117 Et
3152 4061 3289 4120 dixit
3330 4060 3618 4119 Heraclius
3642 4081 3655 4118 ;
3683 4061 3767 4116 De

2209 4153 2368 4220 mine,
2393 4153 2639 4223 inﬁrmus
2667 4162 2766 4208 est.
2798 4151 2866 4208 Et
2893 4153 3178 4224 respondit
3207 4154 3508 4225 episcopus
3533 4173 3548 4211 :
3576 4153 3768 4223 Propter

2207 4244 2637 4300 incredulitatem
2659 4245 2995 4316 inﬁrmatur.
3027 4243 3096 4300 Et
3123 4247 3382 4303 sacerdos
3410 4248 3484 4304 ad
3511 4247 3653 4303 bare:
3679 4245 3768 4300 Do-

2209 4335 2370 4401 mine,
2392 4351 2560 4389 nonne
2587 4351 2680 4406 ego
2701 4335 2766 4390 de
2796 4335 2982 4392 lancea
3019 4335 3237 4392 Domini
3274 4339 3456 4408 credo,
3483 4340 3621 4395 sicut
3649 4348 3692 4393 et
3719 4337 3768 4390 de

2208 4426 2454 4495 passione
2478 4424 2744 4482 Domini?
2781 4426 2848 4482 Et
2877 4428 3015 4486 dixit
3061 4429 3113 4484 ei
3143 4429 3438 4503 episcopus
3469 4452 3483 4487 :
3518 4431 3592 4487 Et
3626 4431 3767 4485 adhuc

511 4517 652 4572 venit
674 4517 895 4588 quidam
923 4515 1150 4572 clericus
1186 4517 1257 4571 ad
1292 4533 1372 4572 me
1415 4516 1553 4570 albis
1590 4515 1814 4570 vestibus
1856 4517 2105 4584 indutus;
2140 4525 2186 4581 1)
2213 4514 2381 4569 multa
2411 4514 2524 4569 alia
2549 4515 2759 4571 credere
2785 4526 3013 4588 oportet.
3042 4517 3111 4574 Et
3131 4519 3260 4577 licet
3282 4521 3350 4577 ad
3377 4522 3488 4579 hoc
3521 4522 3766 4594 negotium

508 4618 702 4664 etcum
723 4610 1028 4682 quaesissem
1051 4609 1116 4664 ab
1147 4625 1206 4664 eo
1231 4609 1348 4680 quis
1378 4616 1594 4676 esset,et
1615 4607 1753 4663 unde
1775 4608 1991 4674 veniret,
2009 4625 2100 4664 re-

511 4702 732 4772 spondit
760 4721 773 4757 :
821 4701 935 4774 Ego
969 4717 1088 4756 sum
1117 4700 1336 4755 Marcus
1390 4697 1735 4770 evangelista,
1774 4707 1825 4754 et
1854 4700 2003 4754 venio
2035 4699 2100 4752 ab

507 4792 876 4859 Alexandria;
907 4801 958 4849 et
986 4792 1179 4848 diverti
1213 4790 1316 4844 huc
1349 4798 1564 4861 propter
1600 4789 1878 4846 ecclesiam
1916 4789 2103 4847 Beutw

509 4883 703 4940 Maria:
738 4901 943 4956 semper
994 4883 1237 4955 virginis.
1277 4881 1345 4938 Et
1378 4897 1503 4938 cum
1554 4898 1750 4939 rursus
1799 4897 2101 4954 quaererem

507 4991 620 5046 quo
645 4975 770 5044 iret,
811 4975 993 5031 dixit:
1035 4973 1297 5028 Dominus
1343 4981 1520 5027 noster
1547 4971 1704 5028 Iesus
1747 4970 1991 5028 Christus
2020 4983 2100 5028 est

508 5065 652 5135 apud
674 5062 1383 5134 Antiochiam,elmandavit
1401 5063 1639 5117 omnibus
1662 5062 1939 5133 discipulis
1961 5065 2096 5130 suis,

507 5166 567 5211 ut
594 5173 654 5212 eo
682 5157 936 5223 venirent,
967 5154 1220 5226 quoniam
1259 5153 1462 5208 Franci
1491 5153 1678 5207 debent
1714 5168 1950 5223 pugnare
1977 5169 2098 5207 cum

512 5245 720 5313 Turcis,
741 5255 792 5300 et
837 5263 931 5301 nos
972 5246 1170 5300 erimus
1201 5245 1278 5300 eis
1305 5244 1656 5316 'prazsidium.
1708 5241 1777 5298 Et
1813 5242 1920 5298 hoc
1950 5243 2098 5300 dicto

509 5337 664 5392 abiit.
680 5336 932 5408 Cumque
959 5351 1061 5406 ego
1083 5335 1170 5391 bis
1181 5350 1373 5406 parum
1396 5334 1700 5401 crederem,
1727 5349 1828 5389 nec
1855 5349 1886 5388 a
1908 5332 2097 5390 dolore

509 5441 614 5483 nec
641 5441 674 5478 a
697 5426 955 5498 lacrymis
988 5441 1315 5494 cessassem,
1349 5426 1490 5482 dixit
1529 5425 1667 5481 mihi
1702 5424 1875 5481 isdem
1913 5423 2104 5481 Suria-

510 5531 658 5572 nus:
691 5513 940 5587 Intelligo
976 5531 995 5570 :
1035 5514 1104 5571 In
1138 5515 1428 5589 Evangelio
1473 5515 1612 5571 beati
1652 5513 1806 5570 Petri
1851 5523 1931 5570 est
1968 5517 2104 5571 scri-

508 5615 660 5678 ptum
683 5606 823 5677 quod
873 5621 966 5661 nos
1010 5607 1282 5676 habemus,
1323 5608 1463 5680 quod
1507 5623 1630 5678 gens
1664 5605 2098 5663 Christianorum

509 5712 631 5767 qua
658 5696 828 5766 capiet
855 5696 1172 5768 Jerusalem,
1196 5701 1342 5771 infra
1375 5698 1717 5755 Anliochium
1763 5699 1949 5755 clausa
1976 5703 2100 5768 erit,

513 5802 609 5845 nec
636 5786 758 5846 inde
780 5789 925 5846 exire
948 5792 1160 5863 poterit,
1185 5792 1290 5849 nisi
1315 5792 1464 5864 prius
1503 5792 1744 5848 lanceam
1770 5791 1987 5848 Domini
2027 5811 2100 5848 rc-

2205 4621 2315 4660 non
2340 4606 2634 4676 pertineat,
2667 4616 2850 4664 tamen
2875 4609 3004 4680 quia
3031 4611 3309 4684 egregium
3335 4621 3442 4680 est,
3481 4613 3653 4686 gratia
3691 4611 3770 4667 bo—

2207 4713 2401 4756 norum
2427 4699 2712 4756 hominum
2743 4701 2949 4773 aliquid
2969 4703 3285 4778 adiungam.
3314 4705 3456 4763 Cum
3505 4706 3770 4764 resedisset

2207 4791 2467 4848 sacerdos
2493 4791 2562 4847 ad
2584 4795 2934 4863 praesentiam
2964 4795 3228 4868 episcopi,
3250 4807 3305 4854 et
3324 4797 3569 4856 Heraclii
3589 4794 3769 4854 domini

2206 4883 2291 4939 sui
2314 4884 2566 4949 inﬁrmus
2595 4886 2742 4940 enim
2764 4893 2902 4953 erat,
2944 4902 3046 4943 nec
3079 4895 3229 4945 stare
3264 4898 3518 4961 poterat,
3561 4889 3688 4944 vidit
3723 4887 3766 4939 in

2206 4969 2400 5027 faciem
2428 4969 2646 5027 Domini
2671 4972 2778 5039 sui,
2803 4972 3007 5030 vulnus
3034 4990 3143 5031 non
3167 4990 3292 5032 esse
3327 4987 3609 5043 sanatum,
3631 4973 3690 5030 Et
3708 4972 3770 5028 ait

2206 5064 2502 5121 sacerdos:
2530 5063 2672 5129 Quid
2720 5073 2798 5120 est
2841 5065 2980 5121 hoc?
3026 5066 3093 5122 Et
3133 5069 3418 5139 respondit
3464 5067 3766 5124 Heraclius:

2205 5153 2341 5211 Cum
2377 5171 2470 5227 ego
2498 5155 2748 5210 venissem
2777 5165 2898 5212 ante
2931 5156 3218 5213 Dominum
3247 5175 3440 5226 meum,
3485 5159 3767 5229 deprecatus

2203 5261 2322 5299 sum
2349 5262 2490 5314 eum,
2521 5255 2576 5300 nt
2604 5263 2875 5317 nunquam
2905 5247 3016 5303 lucc
3058 5247 3218 5319 plaga
3255 5248 3618 5315 clauderetur,
3657 5263 3766 5317 quo-

2204 5337 2349 5390 niam
2378 5347 2590 5408 propter
2614 5353 2733 5392 cum
2758 5338 2922 5392 vitam
2951 5339 3216 5408 ﬁnieram.
3260 5336 3332 5393 Et
3366 5338 3464 5395 hoc
3499 5340 3632 5393 mihi
3663 5353 3765 5392 con-

2207 5426 2362 5480 cessit
2387 5424 2668 5481 Dominus.
2704 5424 2800 5481 Ilis
2828 5436 2991 5497 atque
3022 5428 3272 5498 pluribus
3308 5429 3539 5496 auditis,
3565 5427 3767 5486 credidit

2205 5515 2492 5584 Amulius,
2554 5530 2608 5574 et
2653 5515 2941 5574 confessus
2974 5527 3080 5586 est,
3132 5527 3188 5576 et
3227 5520 3490 5591 promisit
3537 5519 3767 5591 episcopo

2206 5609 2538 5675 Albariensi,
2577 5609 2722 5680 quod
2749 5624 2937 5666 coram
2978 5611 3128 5665 omni
3181 5610 3539 5668 multitudine
3584 5607 3762 5682 populi.

2208 5718 2306 5774 pro
2336 5703 2713 5759 incredulitate
2765 5719 2867 5760 sua
2917 5703 3131 5759 veniam
3180 5714 3404 5775 peteret.
3464 5704 3564 5759 Die
3607 5711 3764 5758 autem

2205 5796 2518 5862 constituta,
2551 5811 2674 5852 cum
2714 5795 2952 5854 venisset
2986 5805 3210 5853 vocatus
3241 5797 3307 5854 ad
3356 5797 3649 5856 consilium
3677 5794 3761 5846 Μ’
