3846 6306
136 376 216 436 αι
1091 357 1282 417 mu.
1322 357 1412 414 ns
1447 356 1700 416 acths
1737 355 1917 415 liiST.
1962 357 2326 418 HIEROSOL.
2407 323 2410 325 λ

3221 365 3336 426 MS

134 476 470 550 nultus,cmpit
497 473 676 534 dicere
697 471 846 545 quod
892 471 1033 529 bene
1064 471 1345 540 crederet;
1391 470 1488 528 sed
1516 485 1646 528 cum
1674 474 1719 530 Δ
1747 470 1982 528 habebat
2010 487 2176 545 super
2198 481 2369 545 caput
2405 470 2748 544 replicatam,
2792 473 3002 549 ingredi
3053 479 3111 536 in
3152 481 3337 553 ignem

131 574 312 635 domino
339 584 432 628 suo
455 567 667 624 volebat
703 565 873 637 loqui,
919 574 1216 636 antequam
1253 563 1470 620 veniam
1518 563 1644 620 inde

130 674 309 742 peteret.
338 662 467 718 Cum
497 675 625 717 vero
671 660 778 716 hoc
823 657 1067 715 audisset
1106 658 1304 715 Petrus
1361 656 1644 712 Bartholo-

127 775 281 825 [0805,
301 757 460 811 iratus
487 753 738 818 nimium,
768 751 908 807 dixit
935 751 1079 808 sicut
1101 751 1270 806 homo
1305 750 1560 821 simplex,
1586 757 1643 806 et

124 853 197 925 qui
216 850 466 905 veritatem
491 846 627 902 bene
650 853 874 900 noverat
897 861 911 898 :
951 842 1076 898 Volo
1093 860 1155 897 ac
1172 843 1442 914 deprecor,
1466 851 1524 896 ut
1544 842 1642 912 fiat

124 945 230 1018 ignis
262 941 523 1005 maximus,
553 946 602 992 et
637 953 757 992 cum
785 937 973 992 lancea
1009 936 1227 991 Domini
1271 936 1509 991 transibo
1549 951 1642 1006 per

122 1034 323 1098 medium,
349 1041 415 1095 et,
449 1031 496 1083 si
528 1027 709 1082 lancea
748 1026 963 1081 Domini
1006 1035 1106 1094 est,
1147 1025 1428 1081 incolumis
1460 1035 1641 1080 trans-

118 1142 240 1193 eam;
259 1126 334 1178 sin
351 1130 520 1176 autem
549 1120 749 1190 falsum
768 1129 868 1188 est,
899 1120 1185 1174 comburar
1207 1121 1264 1174 in
1299 1120 1438 1191 igne.
1477 1116 1642 1173 Video

116 1220 224 1274 enim
245 1215 360 1286 quia
394 1229 481 1266 nec
503 1212 670 1283 signis
710 1227 803 1266 nec
839 1210 1062 1264 testibus
1105 1209 1360 1266 creditur.
1414 1209 1644 1266 Placue-

117 1318 215 1365 runt
237 1307 339 1362 haec
360 1305 537 1360 omnia
564 1303 814 1369 nubis,et
838 1302 1046 1358 indicto
1067 1301 1119 1356 ei
1147 1301 1380 1372 jejunio,
1399 1301 1643 1358 diximus

114 1402 228 1473 quod
249 1414 307 1454 eo
332 1398 416 1454 die
443 1397 597 1453 ﬂeret
631 1396 795 1468 ignis,
832 1411 946 1467 quo
987 1394 1260 1451 Dominus
1304 1405 1491 1452 noster
1543 1410 1645 1468 pro

113 1493 251 1548 salute
271 1496 464 1556 nostra,
510 1488 789 1560 plagatus,
821 1495 877 1543 et
919 1487 975 1541 in
1017 1500 1183 1542 cruce
1232 1485 1353 1541 fuit.
1403 1485 1471 1541 Et
1521 1495 1646 1557 post

113 1587 223 1642 diem
243 1592 350 1640 erat
366 1581 688 1638 Parasceve.
723 1581 910 1652 itaque
935 1580 1284 1636 illucescente
1311 1578 1420 1636 die'
1437 1579 1646 1636 consti-

110 1689 218 1744 tuta,
243 1677 370 1748 ignis
393 1683 619 1747 paratus
655 1684 742 1731 est
769 1683 895 1746 post
917 1674 1224 1730 meridiem.
1255 1672 1646 1730 Convenerunt

109 1784 160 1824 eo
179 1765 425 1837 principes
449 1773 506 1820 et
524 1763 789 1836 populus,
819 1778 996 1834 usque
1018 1764 1086 1819 ad
1116 1762 1479 1835 quadraginta
1514 1763 1643 1818 mil-

1747 564 1901 632 vidit,
1927 573 2132 622 etcum
2151 565 2362 622 videret
2384 565 2533 638 quod
2581 581 2693 623 non
2732 568 3102 640 egrederetur,
3142 573 3338 630 existi-

1746 673 1906 713 mans
1925 655 2148 714 Petrum
2180 657 2642 715 Bartholomaaum
2669 674 2813 727 esse,
2836 660 3127 734 lacrymari
3152 665 3341 734 coepit,

1743 749 1975 806 credens
2000 765 2126 805 eum
2151 751 2485 807 exstinctum
2527 765 2652 808 esse
2693 752 2748 807 in
2793 752 2939 824 igne.
2983 753 3113 810 Erat
3153 763 3336 810 autem

1747 841 2040 897 multitudo
2065 842 2140 898 ibi
2172 842 2482 911 hominum,
2508 858 2611 900 nec
2631 854 2887 916 poterant
2922 861 3115 902 omnes
3150 847 3338 902 omnia

1744 933 1948 990 videre.
1973 931 2042 989 Et
2059 933 2166 989 alia
2193 934 2366 991 multa
2394 935 2556 992 nobis
2575 936 2748 992 relata
2772 945 2921 1004 sunt,
2945 945 3000 993 et
3026 936 3190 1003 facta,
3213 953 3339 1008 quae

1745 1040 1848 1082 nos
1876 1033 2184 1082 metuentes
2211 1025 2527 1098 legentibus
2551 1026 2854 1096 fastidium,
2880 1028 3121 1085 scribere
3154 1028 3339 1085 nolui-

1744 1132 1890 1184 mus,
1915 1131 2040 1172 cum
2067 1116 2137 1173 ad
2165 1131 2385 1174 omnem
2405 1133 2632 1175 causam
2659 1127 2774 1175 tres
2807 1120 2985 1176 idonei
3019 1129 3189 1176 testes
3215 1119 3338 1176 suf-

1745 1209 1957 1265 ticiunt.
2003 1206 2187 1264 Unum
2239 1223 2369 1266 vero
2396 1225 2508 1265 non
2559 1220 2975 1281 praetereamus.
3034 1211 3336 1284 Postquam

1743 1303 1890 1357 enim
1921 1300 2118 1358 Petrus
2143 1317 2242 1372 per
2265 1302 2444 1374 ignem
2489 1304 2763 1371 transivit,
2800 1304 2930 1361 licet
2971 1304 3152 1362 adhuc
3193 1304 3341 1360 mulo

1745 1402 1864 1448 tum
1887 1402 2217 1449 exaestuarat
2240 1393 2554 1450 incendium
2571 1434 2589 1462 ,
2620 1403 2804 1451 tamen
2817 1397 3054 1468 populus
3078 1397 3155 1454 ita
3177 1398 3340 1454 avide

1747 1486 1969 1543 titiones
2005 1486 2257 1557 collegit,
2303 1493 2361 1542 et
2408 1486 2678 1544 carbones
2728 1503 2856 1545 cum
2898 1490 3082 1546 cinere
3108 1533 3124 1558 ,
3160 1499 3222 1546 ut
3269 1489 3328 1545 in

1747 1578 1895 1634 brevi
1922 1578 2100 1649 spatio
2125 1577 2263 1633 nihil
2287 1577 2413 1635 inde
2435 1587 2738 1648 appareret.
2765 1578 2828 1635 ιιι
2854 1580 2960 1638 [ide
2979 1582 3180 1639 etenim
3211 1582 3339 1638 illo-

1744 1685 1892 1738 rum,
1923 1670 2126 1727 multas
2152 1685 2251 1741 per
2289 1670 2407 1726 haec
2433 1667 2667 1728 virtutes
2719 1683 2978 1743 operatus
3029 1683 3114 1731 est
3145 1685 3338 1746 postea

1747 1762 2032 1820 Dominus.
2085 1761 2154 1819 Ut
2198 1778 2332 1819 vero
2367 1762 2566 1819 Petrus
2611 1763 3048 1823 Bartholomaaus
3093 1767 3162 1824 de
3214 1769 3341 1840 igne

110 1859 161 1913 lia
178 1824 412 1924 iirordm,
442 1824 786 1928 fueruntque
815 1824 1249 1912 ibi-sacerdotes
1291 1824 1456 1911 nudis
1494 1855 1648 1926 pedi-
1678 1824 1721 1886 Β
1748 1871 2004 1928 egressus
2031 1865 2137 1924 est,
2166 1856 2240 1912 ita
2266 1864 2329 1911 ut
2349 1871 2453 1913 nec
2477 1857 2662 1912 tunica
2689 1857 2812 1928 ejus
2833 1859 3124 1915 combusta
3148 1824 3338 1925 fuerit,

108 1950 202 2015 bus,
243 1955 294 2004 et
335 1946 504 2002 induti
559 1945 998 2002 sacerdotalibus
1040 1946 1405 2002 vestimentis.
1442 1944 1647 2003 Factus

107 2049 170 2093 est
187 2039 310 2108 ignis
327 2037 391 2092 de
411 2037 548 2093 oleis
570 2037 762 2104 siccis,
789 2045 844 2092 et
867 2036 1060 2092 habuit
1080 2036 1137 2091 in
1157 2036 1498 2109 longitudine
1515 2053 1648 2108 qua-

108 2131 361 2186 tuordecim
393 2131 593 2200 pedes;
619 2137 676 2186 et
704 2138 866 2185 erant
881 2130 994 2186 duo
1011 2145 1260 2202 aggeres,
1287 2139 1346 2186 et
1363 2139 1482 2186 erat
1505 2130 1648 2186 inter

107 2236 320 2295 utrosque
346 2223 484 2279 duos
506 2238 744 2294 aggeres
770 2223 1012 2294 spatium
1062 2222 1224 2294 quasi
1271 2221 1440 2279 unius
1469 2222 1644 2293 pedis,

106 2327 231 2388 atque
265 2317 314 2370 in
349 2315 641 2372 altitudine
667 2331 929 2388 aggerum
968 2323 1130 2372 erant
1175 2325 1416 2386 quatuor
1457 2315 1644 2386 pedes.

103 2409 209 2464 Cum
233 2424 352 2464 vero
370 2409 730 2465 vehementer
748 2408 892 2480 ignis
917 2423 1186 2466 accensus
1206 2416 1375 2477 esset,
1402 2409 1515 2466 dixi
1547 2423 1648 2481 ego

106 2500 394 2558 Raimundus
411 2515 606 2556 coram
630 2501 784 2555 omni
802 2499 1189 2556 multitudine:
1220 2497 1282 2554 Si
1305 2499 1448 2556 Deus
1470 2502 1646 2556 omni-

104 2603 246 2663 potens
263 2593 376 2648 huic
397 2594 608 2648 homini
633 2592 847 2648 locutus
865 2602 943 2648 est
967 2593 1106 2664 facie
1126 2593 1197 2647 ad
1224 2595 1438 2665 faciens,
1453 2602 1502 2649 et
1525 2593 1650 2648 bea-

103 2694 168 2738 tus
181 2684 392 2738 Audi-ws
417 2683 670 2738 lanceam
697 2684 1023 2738 dominicam
1040 2684 1271 2740 ostendit
1295 2686 1367 2753 ei,
1393 2701 1516 2740 cum
1538 2687 1648 2757 ipse

103 2775 317 2847 rigilsret,
361 2784 606 2831 transeat
653 2776 756 2830 iste
805 2778 1008 2834 illtesus
1049 2795 1144 2850 per
1171 2780 1366 2851 ignem.
1411 2777 1509 2834 Sin
1547 2795 1646 2833 au-

103 2877 181 2922 tem
203 2868 347 2926 aliter
382 2879 484 2938 cst,
525 2879 584 2926 et
614 2873 956 2928 mendacium
1005 2881 1116 2939 est;
1160 2871 1504 2927 comburotur
1549 2871 1650 2926 iste

99 2978 188 3013 rain
202 2961 387 3030 lancea,
423 2979 594 3034 quam
619 2964 857 3034 portabit
880 2966 938 3019 in
975 2964 1222 3020 manibus
1247 2964 1380 3018 suis.
1427 2962 1494 3018 Et
1528 2977 1650 3019 om-

1745 1965 1850 2005 nec
1873 1950 2040 2006 etiam
2067 1949 2161 2006 ille
2200 1947 2599 2006 subtilissimus
2636 1964 2854 2020 pannus
2901 1949 2970 2006 de
2997 1965 3110 2020 quo
3149 1949 3342 2007 lancea

1748 2039 1964 2096 Domini
1997 2040 2241 2097 involuta
2269 2048 2390 2096 erat
2414 2040 2634 2114 signum
2670 2043 2909 2114 alicujus
2950 2043 3191 2100 laesionis
3239 2043 3340 2099 ha-

1748 2133 1986 2199 buisset;
2015 2133 2226 2204 accepit
2259 2147 2386 2188 eum
2433 2132 2693 2204 pepulus,
2744 2148 2872 2190 cum
2915 2134 3192 2205 signasset
3237 2148 3340 2192 eos

1745 2241 1873 2284 cum
1900 2225 2089 2281 lancea
2115 2223 2355 2292 Domini,
2405 2234 2460 2280 et
2491 2225 2786 2281 clamasset
2817 2226 2927 2282 alta
2969 2241 3104 2282 voce
3133 2245 3147 2281 :
3174 2225 3339 2303 Deus,

1748 2334 1970 2385 eorum,
2013 2318 2247 2390 accepit,
2279 2318 2526 2389 inquam,
2554 2326 2611 2375 et
2636 2317 2802 2374 traxit
2822 2333 2950 2374 eum
2986 2333 3085 2388 per
3112 2325 3339 2384 terram,

1741 2419 1803 2466 et
1848 2407 2198 2465 conculcavit
2237 2421 2365 2463 eum
2409 2406 2592 2464 omnis
2641 2407 2736 2462 illa
2790 2407 3088 2464 multitudo
3127 2407 3338 2479 populi,

1747 2500 1878 2556 dum
1915 2498 2152 2570 quisque
2181 2497 2399 2554 volebat
2437 2511 2565 2554 eum
2599 2506 2845 2570 tangere,
2876 2498 2963 2554 vel
2989 2497 3240 2568 accipere
3259 2497 3332 2553 de

1750 2591 2076 2647 vestimento
2105 2588 2228 2660 ejus
2272 2588 2503 2660 aliquid,
2526 2597 2582 2644 et
2610 2590 2742 2644 dum
2773 2589 3032 2646 credebat
3057 2604 3187 2645 eum
3213 2601 3341 2656 esse

1747 2681 2049 2753 quisquam
2077 2680 2222 2752 apud
2260 2680 2451 2737 alium.
2480 2679 2670 2753 Itaque
2696 2681 2802 2737 tria
2828 2682 3054 2738 vulnera
3093 2681 3179 2738 vel
3199 2697 3342 2752 qua-

1741 2780 1877 2826 tuor
1904 2770 2153 2828 fecerunt
2174 2771 2225 2829 ei
2256 2772 2312 2827 in
2357 2772 2636 2839 cruribus,
2671 2771 3018 2830 abscidentes
3053 2772 3123 2829 de
3171 2787 3344 2830 carne

1749 2863 1900 2934 ejus,
1945 2873 2001 2920 et
2041 2864 2259 2936 spinam
2310 2865 2462 2921 dorsi
2517 2864 2948 2937 conti-ingentes,
3007 2875 3342 2938 crepuerunt

1749 2969 1898 3010 cum.
1939 2953 2258 3025 Expirasset
2284 2963 2468 3011 autem
2506 2956 2581 3012 ibi
2606 2955 2820 3020 Petrus,
2846 2956 2993 3014 sicut
3026 2973 3130 3015 nos
3153 2959 3339 3015 credi-

101 3068 171 3108 nes
194 3054 328 3110 llexis
346 3055 584 3126 genibus
612 3056 1057 3126 responderunt:
1085 3053 1274 3108 Amen.
1299 3052 1652 3109 Eumstuahat
1743 3060 1898 3112 mus,
1923 3038 2031 3101 nisi
2060 3044 2407 3102 Raimundus
2433 3045 2593 3104 Peleu
2633 3049 3016 3106 nobilissimus
3065 3049 3244 3117 miles,
3281 3055 3341 3106 et

99 3145 154 3199 ita
172 3147 456 3202 incendium
484 3157 550 3204 ut
579 3163 764 3219 usque
811 3147 879 3203 ad
927 3146 1150 3218 triginta
1193 3145 1412 3201 cubitos
1461 3160 1646 3200 aerem
1673 3171 1720 3234 ο
1751 3134 1934 3234 fortis,
1962 3133 2108 3234 facto
2131 3136 2354 3207 agmine
2390 3138 2670 3234 sociorum
2721 3139 3014 3210 irrupisset
3051 3139 3107 3196 in
3121 3152 3340 3234 agmen

98 3249 362 3310 occuparet;
390 3242 666 3297 accedere
680 3255 812 3296 vero
834 3253 1005 3311 prope
1029 3239 1213 3294 nullus
1234 3246 1469 3308 poterat.
1492 3236 1648 3295 Tunc

99 3329 251 3387 Petrus
268 3332 729 3399 Bartholomaaus,
765 3332 991 3387 indutus
1030 3330 1384 3387 solummodo
1437 3330 1644 3397 tunica,

97 3432 135 3477 et
153 3422 280 3480 ﬂexis
299 3425 526 3496 genibus
548 3434 685 3480 ante
705 3423 1022 3495 episcopum
1041 3421 1442 3488 Albariensem,
1479 3421 1646 3478 Deum

97 3523 243 3570 testem
268 3516 556 3583 invocavit,
574 3516 721 3586 quod
748 3517 886 3587 facie
905 3515 975 3570 ad
1002 3515 1195 3586 [aciem
1211 3514 1389 3585 ipsum
1410 3515 1466 3568 in
1492 3531 1646 3571 cruce

97 3604 242 3660 riderit
257 3623 275 3672 ;
297 3616 344 3662 et
367 3607 502 3676 haec,
539 3622 669 3667 qua
696 3623 861 3677 supra
891 3607 1095 3677 scripta
1119 3614 1244 3660 sunt
1271 3605 1339 3660 ab
1363 3620 1424 3661 eo
1454 3605 1643 3661 audie-

96 3698 164 3763 rit,
183 3707 224 3752 et
245 3715 276 3753 α
299 3700 463 3755 beatis
513 3698 783 3770 apostolis
821 3695 984 3753 Petro
1017 3706 1068 3753 et
1107 3697 1348 3765 Andrea,
1394 3705 1446 3752 et
1480 3713 1644 3771 neque

93 3789 326 3860 quidquam
349 3807 554 3857 eorum,
583 3806 708 3861 quis
736 3791 846 3861 ipse
865 3789 961 3845 sub
987 3790 1198 3845 nomine
1221 3790 1395 3845 sancti
1414 3789 1643 3847 Andrec

93 3881 151 3934 rel
169 3885 315 3938 sancti
332 3883 507 3950 Petri,
531 3883 621 3939 uel
641 3883 812 3954 ipsius
835 3881 1050 3938 Domini
1078 3883 1219 3938 dixit
1239 3899 1296 3938 se
1317 3883 1643 3954 composuis-

94 3988 150 4040 se,
167 3984 208 4028 et
226 3977 267 4030 si
289 3976 584 4049 quidquam
623 3975 876 4030 mentitus
906 3984 1043 4043 erat,
1079 3991 1310 4047 prcsens
1339 3975 1642 4032 incendium

93 4082 309 4138 unum
334 4070 644 4124 transisset.
671 4065 882 4124 thera
917 4084 1034 4140 qua
1056 4069 1168 4139 ipse
1200 4067 1547 4123 commisisset
1584 4068 1641 4122 in

95 4155 221 4214 Dem
244 4171 287 4215 et
309 4162 362 4216 in
383 4163 726 4232 proximum,
757 4161 1047 4216 dimitteret
1076 4161 1125 4217 ei
1167 4160 1334 4230 Deus,
1360 4169 1410 4217 et
1435 4177 1532 4233 pro
1551 4161 1638 4217 liis

93 4263 227 4307 oraret
245 4256 541 4326 episcopus,
564 4262 732 4326 atque
753 4269 931 4309 omnes
976 4252 1076 4308 alii
1097 4253 1420 4320 sacerdotes,
1449 4262 1501 4308 et
1539 4269 1638 4324 po-

93 4343 306 4417 pulusqui
323 4347 392 4402 ad
416 4349 520 4403 hoc
558 4346 928 4419 spectaculum
953 4355 1322 4402 convenerant.
1363 4345 1495 4403 Post
1522 4347 1640 4403 haec

93 4451 186 4493 cum
207 4440 486 4512 episcopus
515 4441 804 4512 posuisset
827 4439 876 4495 ei
902 4438 1148 4495 lanceam
1181 4438 1237 4493 in
1262 4452 1461 4493 manus
1484 4437 1638 4494 ﬂexis

1751 3225 1926 3282 turba:
1958 3226 2212 3293 turbata,
2240 3234 2297 3282 et
2324 3242 2502 3298 usque
2533 3226 2603 3283 ad
2625 3237 2861 3284 mortem
2883 3227 3178 3301 pugnando
3199 3228 3339 3284 libe-

1751 3327 2103 3374 rasseteum.
2157 3316 2264 3373 Sed
2310 3332 2414 3373 nos
2461 3318 2516 3374 in
2568 3319 2939 3376 sollicitudine
2991 3329 3046 3375 et
3084 3319 3340 3392 angustia

1745 3409 1911 3466 modo
1930 3409 2119 3481 positi,
2145 3408 2384 3480 amplius
2404 3410 2474 3465 de
2492 3410 2582 3467 his
2605 3410 2847 3468 scribete
2875 3425 2987 3466 non
3017 3425 3338 3482 possumus.

1743 3499 1886 3558 Cum
1941 3516 2074 3559 vero
2131 3501 2421 3558 detulisset
2470 3500 2821 3559 Raimundus
2886 3500 3046 3558 Pelez
3112 3502 3339 3560 Petrum

1745 3593 1816 3650 ad
1867 3593 2096 3651 domum
2150 3601 2401 3652 nostram
2424 3634 2442 3662 ,
2499 3594 2774 3666 colligatis
2837 3595 3160 3652 vulneribus
3215 3597 3340 3667 ejus

1743 3685 2016 3757 carpimus
2050 3699 2298 3758 quaerere
2336 3685 2409 3742 ab
2450 3699 2518 3742 eo
2570 3700 2744 3757 quare
2773 3699 2986 3742 moram
3017 3685 3239 3744 fecisset
3282 3686 3340 3744 in

1745 3778 1891 3850 igne.
1919 3778 2003 3835 Ad
2031 3779 2151 3836 haec
2185 3777 2304 3851 ipse
2342 3776 2630 3850 respondit
2669 3796 2682 3834 :
2739 3777 2988 3835 Occurrit
3044 3778 3176 3833 mihi
3223 3778 3341 3833 Do-

1745 3870 1921 3925 minus
1944 3870 2002 3925 in
2025 3869 2200 3926 medio
2224 3870 2376 3942 igne;
2393 3879 2444 3924 et
2470 3869 2958 3940 apprehendensme
2977 3885 3071 3941 per
3097 3886 3340 3938 manum,

1741 3961 1880 4020 dixit
1928 3962 2103 4019 mihi:
2146 3961 2290 4029 Quia
2332 3962 2598 4018 dubitasti
2643 3962 2710 4019 de
2759 3963 3062 4018 inuentione
3116 3961 3338 4030 lanceas,

1742 4070 1863 4109 cum
1883 4053 2066 4109 beatus
2090 4053 2331 4108 Andreas
2355 4069 2474 4108 eam
2486 4052 2583 4108 tibi
2593 4053 2928 4122 ostendisset,
2942 4070 3046 4108 non
3065 4055 3339 4109 sictrans-

1742 4144 1844 4199 ibis
1866 4142 2092 4210 illusus,
2116 4143 2208 4198 sed
2235 4143 2503 4214 infernum
2533 4159 2640 4198 non
2684 4142 2904 4198 uidebis.
2939 4143 3010 4198 Et
3041 4143 3138 4199 hoc
3169 4148 3338 4212 aute,

1741 4235 1950 4291 dimisit
1960 4251 2062 4292 me.
2086 4233 2271 4291 Videte
2296 4235 2498 4307 itaque,
2527 4235 2574 4290 si
2591 4234 2772 4304 uultis,
2787 4236 3120 4291 adustionem
3142 4252 3335 4292 meam.

1741 4328 1810 4384 Et
1831 4336 1953 4385 erat
1971 4327 2155 4400 aliqua
2177 4329 2395 4386 adustio
2420 4328 2477 4386 in
2497 4328 2980 4395 cruribus,verum
2999 4344 3107 4385 non
3130 4329 3336 4397 multa;

1741 4423 2022 4496 scdplagm
2031 4433 2188 4481 erant
2198 4422 2567 4496 magna.Post
2577 4425 2694 4482 hac
2703 4425 3130 4482 convocavimus
3139 4440 3339 4482 omnes

93 4527 296 4595 genibus,
316 4539 371 4586 et
396 4529 552 4587 facto
593 4529 756 4602 signo
784 4529 988 4598 crucis,
1022 4545 1149 4584 cum
1177 4529 1368 4584 lancea
1407 4528 1638 4585 viriliter
1666 4554 1716 4614 ο
1741 4517 1838 4614 (ιιιΑί
1871 4517 1940 4574 (ιθ
1988 4517 2180 4614 “fulica
2206 4516 2425 4614 θίξωίηί
2453 4517 2842 4574 άυδίωνθηηῑ
2860 4526 2972 4614 ’μυί
2995 4518 3249 4614 “nimi”
3275 4527 3340 4575 οι

92 4625 133 4670 et
170 4619 552 4691 imitetur-ritus
614 4619 935 4677 incendium
989 4621 1274 4693 ingressus
1317 4628 1422 4687 est,
1474 4630 1638 4692 atque
1666 4609 1706 4614 —
1743 4610 1988 4668 viderent
2013 4609 2210 4667 faciem
2240 4609 2382 4682 ejus,
2411 4617 2468 4666 et
2503 4619 2703 4682 caput,
2724 4617 2782 4666 et
2810 4610 3023 4681 reliqua
3053 4609 3333 4676 membra,

93 4711 232 4778 spatio
252 4713 486 4784 quodam
511 4715 575 4770 in
599 4712 784 4770 medio
807 4713 948 4784 ignis
969 4712 1287 4769 demoratus
1314 4722 1422 4781 est,
1473 4721 1529 4769 et
1559 4713 1641 4770 sic

90 4815 165 4869 per
190 4802 274 4860 Dei
297 4807 533 4877 gratiam
562 4805 841 4862 transivit.
871 4801 1013 4862 Sunt
1039 4804 1290 4860 nonnulli
1313 4804 1512 4871 adhuc,
1543 4804 1640 4876 qui

91 4892 266 4962 signum
291 4897 394 4953 hoc
418 4898 495 4953 ibi
518 4896 819 4965 viderunt,
848 4896 995 4968 quod
1039 4904 1338 4967 antequam
1382 4895 1640 4968 ingrede-

91 4992 207 5040 retur
223 4987 272 5041 in
300 4987 515 5060 ignem,
553 4987 810 5059 quaedam
867 4987 984 5043 avis
1023 4986 1262 5058 desuper
1295 4986 1512 5054 volans,
1550 4986 1637 5042 lu-

91 5081 227 5130 strato
243 5076 381 5148 igne,
405 5094 466 5134 se
494 5079 652 5134 intus
691 5078 844 5134 misit
871 5095 886 5133 :
917 5075 984 5133 Et
1033 5077 1140 5133 hoc
1170 5077 1306 5133 vidit
1344 5075 1636 5134 Ebrardus

91 5167 302 5226 sacerdos
332 5171 443 5239 ille,
471 5171 641 5241 cujus
693 5169 950 5240 superius
988 5169 1327 5225 mentionem
1378 5167 1636 5239 fecimus,

92 5259 162 5324 qui
185 5259 568 5337 Hierosolymis
592 5272 783 5334 postea
805 5277 906 5334 pro
944 5261 1057 5318 Deo
1085 5261 1372 5331 remansit,
1418 5271 1476 5320 et
1511 5262 1638 5320 Wi-

91 5347 283 5410 lhelmus
307 5356 442 5412 Boni
469 5357 644 5424 filius,
667 5356 908 5427 optimus
931 5355 1112 5423 miles,
1133 5363 1193 5411 et
1229 5355 1360 5412 boni
1390 5355 1640 5413 testimo.

91 5439 166 5508 Ilii,
183 5446 342 5512 patria
367 5447 736 5514 Arelatensis,
769 5448 876 5504 hoc
907 5447 1089 5519 ipsum
1135 5462 1198 5504 se
1217 5446 1422 5505 vidisse
1467 5457 1636 5506 testa-

92 5539 175 5591 tur.
199 5536 342 5597 Alius
362 5541 597 5612 quidem
641 5540 801 5596 miles
835 5549 923 5598 est
956 5540 1222 5611 optimus,
1251 5557 1448 5614 genere
1493 5539 1638 5598 Nite-

93 5633 250 5698 παρεὶς,
259 5635 480 5691 nomine
497 5632 832 5692 Wilhelmus
851 5633 1028 5692 Malus
1055 5651 1209 5707 puer,
1221 5635 1317 5707 qui
1339 5642 1633 5706 antequam

93 5713 250 5780 Petrus
273 5724 656 5798 ingrederetur
686 5727 741 5782 in
777 5725 1078 5794 ﬂammam,
1109 5727 1407 5798 quemdam
1456 5727 1636 5783 homi-

95 5815 447 5875 mindutum
473 5826 633 5876 veste
654 5819 996 5880 sacerdotali.
1033 5819 1138 5875 nisi
1180 5818 1330 5890 quod
1375 5819 1630 5878 casulam

1737 4712 1795 4760 et
1850 4702 2258 4776 intelligerent,
2305 4703 2456 4775 quod
2495 4718 2686 4761 verum
2727 4710 2850 4771 est,
2901 4703 3170 4774 quidquid
3216 4701 3339 4771 ipse

1733 4796 2318 4865 diseratdelancea,et
2347 4798 2416 4855 de
2430 4798 2727 4866 aliis,cum
2759 4804 2862 4867 pro
2887 4793 3206 4851 testimbnio
3231 4807 3332 4848 eo-

1740 4902 1864 4943 rum
1891 4901 2002 4944 non
2024 4887 2374 4945 extimuisset
2400 4888 2632 4944 introire
2660 4887 2768 4944 tale
2790 4884 3126 4942 incendium.
3163 4882 3330 4937 Vide-

1740 4988 1873 5036 runt
1898 4979 2083 5051 itaque
2128 4981 2318 5047 multi,
2365 4989 2422 5037 et
2463 4980 2712 5035 videntes
2735 4977 2931 5034 faciem
2983 4976 3108 5048 ejus
3166 4983 3337 5046 atque

1742 5081 1918 5130 totum
1957 5088 2180 5144 corpus,
2221 5071 2602 5145 gloriﬁcabant
2633 5070 2803 5126 Deum
2854 5069 3100 5126 dicentes
3119 5084 3139 5124 :
3188 5067 3336 5122 Bene

1739 5174 1909 5237 potest
1930 5181 2026 5220 nos
2048 5165 2308 5220 Dominus
2353 5164 2621 5219 custodire
2654 5164 2794 5217 inter
2823 5161 3033 5234 gladios
3079 5161 3330 5216 inimico-

1739 5274 1859 5314 rum
1892 5265 2215 5324 nostrorum,
2237 5255 2326 5326 qui
2345 5254 2611 5310 hominem
2635 5253 2800 5308 istum
2819 5251 3066 5307 liberavit
3091 5251 3157 5306 de
3179 5259 3334 5305 tanta

1739 5351 1980 5406 incendio
2007 5351 2372 5420 ﬂammarum.
2420 5345 2576 5403 Certe
2623 5361 2728 5401 non
2774 5343 3138 5412 crcdebamus,
3186 5359 3329 5416 quoa

1739 5445 1940 5517 sagitta
1967 5443 2156 5516 aliqua
2196 5443 2277 5498 sic
2306 5441 2533 5497 transire
2577 5450 2751 5514 posset
2787 5441 2962 5497 illum
3000 5456 3094 5511 per
3129 5441 3330 5513 ignem,

1737 5538 1998 5611 quomodo
2012 5538 2114 5593 iste
2134 5536 2405 5592 transivit.
2429 5533 2687 5593 Posthac
2697 5534 2898 5592 Petrus
2920 5532 3244 5591 convocavit
3257 5533 3329 5587 ad

1739 5647 1800 5688 se
1819 5631 2163 5702 capellanum
2180 5629 2659 5700 comitis,nomine
2689 5627 3084 5694 Raimundum,
3100 5633 3157 5682 et
3188 5624 3330 5680 dixit

1737 5721 1789 5778 ei
1814 5729 1832 5778 ε’
1857 5721 2037 5789 Quare
2065 5720 2282 5776 soluisti
2313 5730 2375 5776 ut
2415 5736 2511 5792 ego
2533 5719 2597 5774 ob
2648 5718 3009 5774 testimonium
3030 5713 3331 5770 Dominicc

1737 5817 1956 5885 lancea,
1981 5824 2032 5872 et
2060 5823 2369 5872 cctsrorum
2389 5830 2510 5886 qua
2541 5828 2607 5869 ea:
2635 5821 2788 5882 parte
2821 5810 2921 5867 Dei
2951 5809 3214 5874 dixeram,
3233 5821 3328 5878 per
