3846 6306
493 346 606 402 “3
1073 340 1164 395 AD
1200 333 1650 395 GODEFRlDUM
1689 331 1984 389 APPEND.
2028 329 2094 386 ll.
2141 363 2210 371 —
2248 329 2519 386 MONUM.
2560 328 2650 384 DE
2687 326 2914 386 DELLO
2954 328 3202 386 SACRO.
3645 341 3724 397 ω

495 460 800 519 incendium
829 457 1150 513 transirem?
1179 455 1306 512 Scio
1340 456 1472 510 satis
1503 454 1630 524 quia
1658 452 1756 506 hoc
1785 460 1836 506 et
1874 450 1971 504 hoc
2005 465 2094 503 co-
2123 452 2167 512 Δ
2197 447 2428 504 ἱωωίεη
2462 446 2729 503 Dominus
2777 454 2840 500 ut
2867 447 2959 501 vix
3003 445 3212 518 fugere,
3244 451 3370 516 post
3398 444 3592 516 primos
3621 451 3726 511 ictus

497 554 734 626 gitastis.
768 551 835 606 Et
860 551 998 606 dixit
1025 549 1077 604 ei
1110 564 1233 619 qum
1291 548 1404 618 ipse
1437 545 1790 616 cogitaverat.
1839 540 2090 612 Cumque
2189 553 2379 593 eorum
2405 537 2574 608 aliqui
2597 545 2842 606 possent.
2867 534 2997 591 Erat
3020 535 3246 606 quidem
3269 535 3340 591 ad
3364 535 3635 596 videndum
3658 560 3725 598 sa.

503 645 598 700 ille
621 659 680 699 se
715 642 895 698 taliter
928 639 1202 711 cogitasse
1259 645 1502 706 negaret,
1558 632 1842 704 respondit
1895 631 2089 688 Petrus
2188 628 2260 684 tis
2289 627 2626 695 delectabile,
2656 643 2783 684 cum
2814 626 3123 698 aquaeducti
3168 627 3380 684 rivulus
3406 629 3590 711 raptim
3609 642 3729 690 una.

499 733 935 791 Bartholomazus
961 750 974 785 :
1008 729 1140 784 Mihi
1164 727 1374 799 quidem
1399 741 1588 797 negare
1621 741 1725 779 non
1749 733 1893 794 potes
1911 765 1928 791 ,
1963 723 2091 795 quia
2190 729 2312 777 cata
2331 721 2600 777 cadavera
2622 719 2889 775 nobilium
2911 729 2966 776 et
2990 719 3138 792 vulgi
3158 720 3212 774 in
3236 720 3509 776 civitatem
3530 723 3727 782 inferret.

501 837 706 884 certum
746 826 842 880 hoc
871 825 1034 878 habeo
1059 838 1077 876 :
1111 820 1322 875 Etenim
1344 818 1443 873 illa
1469 827 1618 873 nocte
1659 818 1762 888 fuit
1785 817 1869 872 hic
1894 817 2091 872 beatis-
2192 812 2528 868 Ceciderunt
2549 813 2624 869 ibi
2649 814 2717 870 de
2738 813 2944 870 nostris
2974 829 3121 869 unus
3145 814 3231 868 vel
3255 813 3365 869 duo
3390 831 3405 882 ;
3440 815 3506 870 de
3529 816 3729 878 hostibus

501 920 641 974 sima
664 919 815 988 virgo
865 914 1045 969 Maria
1070 955 1086 980 ,
1121 921 1168 967 et
1201 912 1474 983 episcopus
1506 909 1812 977 Podiensis,
1842 925 1935 980 per
1960 925 2090 980 quos
2191 921 2354 974 vero,
2395 921 2571 978 usque
2608 905 2678 961 ad
2712 907 3088 978 septingentos
3132 905 3400 962 cecidisse
3446 907 3729 966 audivimus.

501 1025 597 1080 ego
635 1023 754 1079 qute
777 1016 834 1060 tu
859 1020 1015 1075 negas
1037 1002 1226 1056 didici.
1257 1000 1432 1055 Miror
1459 1001 1596 1054 satis
1632 1016 1754 1054 cum
1809 999 1874 1054 de
1921 999 2090 1056 verbis
2195 998 2422 1055 Reversi
2479 999 2665 1071 itaque
2705 1013 2834 1055 cum
2879 997 3074 1071 grandi
3141 997 3407 1066 victoria,
3463 1009 3516 1054 et
3580 1003 3732 1072 spoliis

503 1100 721 1155 Domini
750 1105 799 1153 et
842 1093 1204 1167 apostolorum
1225 1093 1342 1164 ejus
1372 1109 1477 1147 non
1504 1091 1834 1146 dubitaveris
1861 1131 1876 1158 ,
1930 1105 2093 1162 quare
2189 1093 2382 1148 multis
2409 1133 2425 1159 ,
2477 1092 2734 1148 dixerunt
2786 1091 2958 1148 nostri
3011 1090 3288 1162 principes
3347 1093 3414 1145 ad
3462 1094 3732 1163 populum~

499 1195 914 1266 experimentum
942 1208 1062 1245 cum
1100 1188 1337 1261 periculo
1368 1204 1480 1243 meo
1505 1229 1520 1255 ,
1553 1188 1618 1242 de
1645 1186 1772 1242 solis
1795 1186 1877 1240 Itis
1903 1185 2094 1242 habere
2196 1183 2370 1240 Hodie
2408 1185 2540 1238 cidit
2562 1201 2655 1239 nos
2681 1201 2772 1239 rex
2801 1183 3054 1266 Tripolis,
3077 1192 3127 1237 et
3150 1199 3243 1238 nos
3267 1183 3491 1237 vidimus
3513 1187 3616 1240 eius
3633 1190 3736 1242 ciri-

502 1261 752 1341 oolueris.
781 1283 936 1340 Tunc
979 1282 1376 1354 deprehensam
1400 1280 1786 1352 cogitationem
1813 1292 1993 1345 suam,
2040 1285 2096 1334 et
2195 1278 2347 1345 tatis,
2369 1286 2418 1333 et
2451 1261 2900 1332 considerabimus
2923 1291 3202 1342 accessus;
3237 1287 3286 1332 et
3309 1293 3469 1345 nunc,
3505 1279 3548 1332 si
3585 1278 3738 1334 lauda-

502 1392 563 1432 se
593 1377 919 1447 culpabilem
977 1383 1106 1431 ante
1127 1374 1298 1432 Deum
1321 1373 1667 1430 Raimundus
1699 1372 1912 1438 videns,
1943 1385 2096 1426 ama-
2194 1372 2286 1438 tis,
2310 1370 2521 1442 justum
2546 1387 2657 1425 esse
2678 1370 3008 1425 decernimus
3039 1379 3096 1424 ut
3124 1386 3245 1424 cras
3266 1371 3445 1440 sapiat
3492 1387 3577 1424 re:
3594 1372 3738 1442 quales

502 1470 721 1526 tissime
751 1469 807 1525 in
833 1469 1106 1542 lacrymas
1137 1467 1404 1539 prorupit.
1459 1465 1527 1522 Et
1590 1465 1788 1521 Petrus
1837 1462 1906 1519 ad
1933 1463 2090 1529 hinc;
2196 1463 2394 1518 milites
2423 1479 2626 1518 sumus.
2667 1460 2891 1519 Reversi
2916 1462 3100 1532 itaque
3130 1462 3301 1518 altera
3332 1462 3440 1530 die,
3473 1471 3616 1517 extra
3635 1464 3738 1519 civi-

505 1561 636 1616 Noli
656 1563 957 1632 desperare,
981 1562 1109 1632 quia
1130 1560 1374 1632 piissima
1393 1559 1541 1630 uirgo
1567 1556 1769 1626 Maria,
1794 1566 1845 1612 et
1879 1567 2093 1610 sanctus
2196 1564 2361 1612 tatem
2386 1555 2597 1611 nullum
2627 1555 2973 1610 invenerunt.
3012 1552 3144 1609 Post
3187 1553 3306 1609 haec
3335 1561 3517 1612 autem
3555 1556 3741 1609 manda-

500 1653 745 1708 Andreas
777 1653 875 1707 tibi
903 1653 1109 1708 ueniam
1139 1651 1281 1723 apud
1316 1650 1483 1706 Deum
1507 1649 1836 1706 obtinebunt.
1874 1647 1952 1704 Tu
1977 1664 2094 1704 vero
2195 1653 2276 1707 vit
2296 1667 2391 1707 rex
2422 1648 2660 1720 Tripolis
2696 1648 2764 1704 ad
2797 1657 3022 1704 nostros
3058 1647 3338 1719 principes
3379 1647 3427 1703 si
3461 1645 3745 1705 desisterent

500 1747 714 1800 enixius
735 1762 822 1801 eos
851 1746 1156 1816 deprecare.
2198 1745 2270 1800 ab
2317 1742 2723 1814 oppugnatione
2750 1741 3057 1806 Archados,
3088 1741 3321 1796 donaret
3362 1739 3445 1794 eis
3474 1740 3744 1810 quindecim

1075 1835 1304 1894 CAPUT
1335 1836 1526 1893 XXI'X.
2127 1822 2172 1882 Β
2202 1837 2373 1893 millia
2400 1850 2622 1902 aureos,
2651 1842 2707 1890 et
2741 1849 2916 1905 equos
2942 1834 3146 1904 multos
3168 1841 3224 1889 et
3266 1833 3467 1898 mulas,
3497 1842 3553 1888 et
3585 1843 3744 1901 vestes,

501 1964 505 1970 -
577 1927 799 1986 Interim
822 1937 988 1986 tanta:
1023 1945 1091 1987 ac
1110 1931 1248 1986 tales
1276 1931 1400 1986 lites
1423 1930 1565 1986 inter
1607 1927 1885 2000 principes
1919 1926 2095 1984 nostri
2195 1940 2252 1986 et
2271 1929 2553 1992 victualia,
2607 1938 2774 1999 atque
2819 1937 3122 1985 mercatum
3167 1925 3372 1982 faceret
3418 1926 3488 1980 de
3530 1926 3746 1984 omnibus

503 2019 784 2075 exercitus
804 2020 1009 2078 obortae
1039 2029 1168 2078 sunt
1195 2029 1256 2077 ut
1284 2036 1422 2092 pene
1453 2028 1603 2075 totus
1625 2019 1901 2076 exercitus
1951 2017 2096 2074 divi-
2198 2022 2363 2078 rebus
2383 2021 2536 2076 omni
2565 2021 2803 2091 populo;
2827 2027 3087 2090 praeterea
3121 2017 3373 2073 redderet
3398 2031 3588 2072 omnes
3608 2018 3748 2086 capti-

504 2111 748 2168 deretur.
803 2111 910 2168 Sed
963 2112 1108 2170 Deus
1152 2113 1248 2185 qui
1307 2113 1505 2169 ductor
1527 2120 1665 2178 erat,
1720 2120 1776 2167 et
1832 2109 2099 2166 Dominus
2196 2130 2318 2182 vos,
2347 2129 2489 2185 quos
2539 2112 2775 2168 habebat
2811 2111 2880 2168 de
2927 2120 3116 2168 nostra
3157 2119 3338 2182 gente.
3401 2108 3666 2164 Venerunt
3698 2125 3748 2166 eo

498 2211 718 2272 noster,
748 2218 819 2260 ne
859 2203 989 2259 talia
1032 2205 1226 2260 tierent
1267 2204 1550 2261 beneﬁciis
1585 2204 1702 2261 suis
1749 2203 2094 2274 prohibebat.
2197 2216 2443 2276 tempore
2463 2205 2532 2260 ab
2557 2203 2752 2259 Alexio
2784 2203 3114 2274 imperatore
3140 2203 3334 2272 legati,
3361 2217 3489 2256 cum
3532 2199 3749 2256 maximis

505 2293 639 2352 Erat
658 2295 852 2352 civitas
905 2297 1128 2354 nomine
1159 2295 1418 2368 Tripolis,
1449 2297 1610 2368 cujus
1657 2297 1914 2367 superius
1939 2310 2098 2350 men—
2196 2297 2559 2370 querimoniis
2588 2298 2656 2353 de
2679 2296 3008 2362 Boimundo,
3041 2311 3107 2351 eo
3135 2294 3284 2365 quod
3313 2294 3576 2348 retineret
3594 2294 3750 2348 civita-

506 2387 586 2444 tio
615 2387 756 2446 facta
801 2396 906 2456 est,
946 2404 1056 2445 non
1080 2390 1312 2445 multum
1344 2390 1508 2462 longe
1558 2406 1590 2446 a
1632 2389 1830 2446 castris
1870 2387 2094 2454 nostris.
2200 2400 2306 2445 tem
2357 2389 2683 2454 Antiochiae,
2725 2397 2917 2443 contra
2961 2386 3274 2457 iuramenta
3306 2401 3432 2456 quae
3476 2386 3751 2455 imperatori

505 2472 682 2547 Hujus
744 2477 910 2549 igitur
941 2477 1183 2535 civitatis
1249 2479 1528 2546 dominus,
1579 2493 1706 2534 cum
1763 2476 2099 2534 discordiam
2199 2483 2424 2538 fecerat.
2475 2480 2724 2535 Habebat
2766 2479 2913 2534 enim
2945 2477 3289 2534 Boimundus
3328 2478 3666 2533 Antiochiam
3702 2491 3751 2531 eo

504 2566 814 2639 principum
849 2577 1166 2624 nostrorum
1211 2567 1520 2635 didicisset,
1547 2567 1830 2638 respondit
1874 2566 2098 2634 nostris,
2199 2585 2461 2645 tempore.
2505 2571 2754 2643 Namque
2805 2587 2932 2628 cum
2980 2571 3225 2626 audisset
3271 2570 3339 2625 de
3382 2569 3601 2634 comite,
3637 2569 3751 2639 quod

505 2658 602 2730 qui
649 2658 716 2714 de
756 2659 1034 2717 reddendo
1076 2660 1282 2716 tributo
1309 2675 1434 2716 eum
1484 2659 1870 2731 appellabant:
1907 2657 1979 2712 Et
2009 2659 2100 2730 qui
2199 2665 2480 2736 profectus
2503 2674 2649 2722 esset
2682 2681 2712 2720 a
2739 2663 2919 2720 Marra
2949 2663 3002 2719 in
3035 2662 3298 2718 interiora
3347 2661 3544 2734 Syriae,
3585 2661 3754 2732 expulit

505 2759 630 2805 sunt
659 2750 902 2808 Franci?
931 2751 1000 2806 Et
1023 2751 1208 2824 quales
1240 2752 1437 2808 milites
1459 2753 1622 2808 sunt?
1659 2750 1727 2806 Et
1759 2761 1964 2823 quanta
2006 2767 2098 2806 eo-
2201 2755 2452 2811 homines
2501 2755 2721 2811 comitis
2767 2754 3034 2810 violenter
3054 2752 3124 2808 de
3164 2751 3411 2807 turribus
3455 2750 3751 2809 Antiochia.

509 2860 631 2897 rum
676 2846 954 2914 potentia?
989 2844 1126 2900 Ecce
1165 2847 1354 2901 tertius
1397 2846 1591 2900 mensis
1636 2845 1792 2900 modo
1825 2845 2008 2916 agitur
2035 2861 2101 2900 ea:
2199 2861 2339 2916 quas
2377 2845 2691 2902 servabant.
2722 2843 2789 2899 Et
2833 2852 3121 2915 propterea
3145 2842 3429 2898 mandavit
3457 2841 3670 2896 Alexius
3702 2841 3752 2894 ad

507 2952 612 3006 quo
639 2941 900 2993 exercitus
927 2935 1262 2994 Francorum
1291 2938 1493 2994 obsedit
1527 2948 1765 2994 castrum
1801 2939 2099 3006 Archados,
2199 2938 2475 3009 principes
2498 2947 2717 2994 nostros
2733 2979 2748 3005 ,
2774 2937 2924 3008 quod
2944 2936 3176 2992 donaret
3202 2951 3402 2990 aurum
3427 2943 3484 2990 et
3504 2942 3753 3004 argentum

505 3038 558 3084 et
599 3045 762 3101 neque
787 3030 1050 3085 assultum
1097 3048 1278 3086 eorum
1320 3031 1506 3097 habui,
1539 3048 1701 3102 neque
1747 3030 1978 3102 aliquem
2005 3047 2100 3086 ar—
2199 3031 2433 3086 multum
2456 3030 2560 3096 eis,
2607 3038 2664 3086 et
2690 3029 2902 3085 veniret
2945 3044 3072 3084 cum
3117 3027 3200 3084 eis
3245 3027 3301 3083 in
3351 3026 3671 3090 Jerusalem,
3717 3026 3751 3079 si

509 3130 714 3176 rnatum
769 3121 835 3176 de
869 3123 1000 3192 ipsis
1033 3122 1163 3188 uidi,
1211 3131 1263 3177 et
1316 3131 1494 3177 tamen
1544 3131 1668 3177 sunt
1715 3138 1874 3194 prope
1902 3138 1983 3177 me
2007 3139 2100 3193 per
2132 3181 2166 3194 Α
2199 3130 2583 3192 exspectarent
2617 3136 2794 3193 usque
2839 3121 2908 3176 ad
2951 3119 3296 3176 festivitatem
3327 3120 3504 3176 sancti
3543 3117 3754 3180 Joannis,

507 3222 742 3268 quatuor
761 3181 964 3285 leugas.
995 3213 1098 3269 Sed
1119 3181 1331 3269 ueniant
1359 3215 1482 3280 huc,
1510 3223 1560 3269 et
1603 3181 1876 3270 videamus
1899 3181 2020 3282 eos;
2049 3225 2100 3272 et
2126 3181 2169 3242 δ
2200 3221 2257 3269 et
2285 3181 2414 3271 tunc
2456 3181 2720 3272 instabat-
2750 3212 3094 3270 Dominicum
3126 3212 3358 3269 Pascha.
3414 3212 3666 3268 Dicebant
3704 3212 3756 3264 ob

507 3303 904 3373 (improbemus
935 3304 1191 3358 militiam
1228 3321 1431 3360 eorum.
1465 3303 1643 3370 Quare
1680 3321 1775 3376 ego
1800 3322 1984 3361 eorum
2007 3308 2102 3362 ho—
2200 3325 2265 3366 ea
2288 3309 2443 3365 multi
2467 3309 2522 3364 in
2545 3309 2747 3380 quibus
2765 3322 2954 3364 comes
2978 3316 3126 3362 erat:
3159 3306 3538 3377 Ezspectemus
3564 3309 3756 3378 impete

513 3393 717 3447 utinam
740 3392 1060 3448 tributarius
1090 3395 1292 3464 ﬁerem,
1319 3410 1543 3466 quorum
1571 3395 1735 3464 facies
1759 3412 1862 3450 non
1898 3398 2030 3466 vidi,
2051 3408 2104 3454 et
2203 3411 2391 3470 torem,
2419 3410 2468 3457 et
2496 3402 2803 3457 habebimus
2825 3399 3082 3455 donativa
3109 3401 3246 3471 ejus,
3271 3410 3320 3454 et
3365 3402 3564 3470 ipsum,
3593 3401 3677 3472 qui
3696 3400 3739 3468 fs

510 3485 881 3556 fortitudinem
932 3472 1164 3559 ignoro?
1213 3485 1285 3544 Ut
1345 3503 1478 3543 vero
1509 3488 1626 3544 hac
1669 3489 1843 3545 relata
1881 3499 2011 3547 sunt
2032 3492 2103 3548 ad
2201 3495 2302 3551 ciet
2335 3495 2486 3551 nobis
2523 3497 2700 3550 uenire
2723 3505 3016 3550 mercatum
3048 3512 3140 3568 per
3191 3511 3338 3549 mare
3389 3502 3441 3549 et
3473 3503 3681 3559 terram,
3717 3501 3755 3546 et

509 3578 812 3634 exercitum
845 3588 1119 3646 nostrum;
1154 3579 1410 3635 dixerunt
1437 3580 1642 3650 quique
1696 3579 1766 3636 ad
1821 3581 2055 3639 invicem
2085 3603 2098 3639 :
2202 3588 2300 3644 sub
2331 3589 2500 3660 ipsius
2531 3589 2768 3643 dominio
2821 3588 3283 3643 concordabimu‘s.
3326 3585 3520 3643 Omnes
3550 3587 3758 3641 ciuitates

509 3668 648 3726 Ecce
676 3671 816 3741 quod
844 3673 1222 3742 acquisivimus
1246 3688 1344 3743 pro
1372 3673 1794 3729 contentionibus
1820 3684 1870 3730 et
1895 3677 2104 3731 discor-
2201 3699 2257 3737 se
2280 3683 2482 3737 dabunt
2508 3682 2579 3750 εἰ,
2607 3693 2658 3738 οι
2680 3682 2772 3738 ille
2801 3683 2985 3738 vestiet
3018 3700 3152 3754 quas
3176 3682 3432 3750 uoluerit,
3460 3693 3511 3737 ει
3534 3700 3660 3754 quas
3679 3697 3752 3736 εί.

511 3761 618 3816 diis
651 3761 846 3815 nostris
887 3777 906 3815 :
949 3761 1364 3832 Blaspltematur
1398 3763 1577 3828 Deus;
1611 3773 1660 3819 et
1695 3781 1788 3819 nos
1814 3767 2104 3821 contemni-
2203 3775 2360 3831 luerit
2388 3775 2641 3830 destruet.
2686 3773 2976 3846 Propterea
3000 3775 3225 3846 populus
3249 3776 3352 3830 iste
3374 3784 3575 3843 noster,
3622 3774 3760 3844 longis

511 3867 652 3907 mur.
679 3850 869 3923 Itaque
892 3853 1280 3908 convenientes
1319 3853 1372 3908 in
1399 3869 1568 3910 unum
1596 3855 1870 3928 principes
1906 3866 2030 3913 nost

2241 3877 2254 3921 t
2283 3867 2554 3921 diuturnis
2585 3866 3068 3938 defatigationibus
3091 3875 3498 3938 conquassatus,
3523 3867 3575 3920 si
3600 3865 3760 3920 uenerit

512 3951 828 4000 statuerunt
849 3953 908 4000 ut
930 3943 1270 4002 Albariensis
1293 3945 1585 4018 episcopus
1614 3963 1740 4003 cum
1773 3957 1928 4019 parte
1947 3963 2031 4005 est

2241 3976 2261 4014 ι
2295 3958 2620 4026 Jerusalem,
2654 3958 2792 4014 volet
2823 3959 3053 4030 fortasse
3081 3959 3300 4026 reverti,
3328 3967 3386 4012 ut
3421 3959 3620 4029 deforis
3645 3959 3760 4012 sidc-

513 4036 658 4092 citus
680 4046 858 4093 castra
875 4051 1136 4106 servaret,
1149 4047 1204 4094 et
1213 4039 1491 4111 principes
1501 4055 1626 4096 cum
1648 4039 1936 4098 ordinibus
1952 4058 2032 4112 pet

2242 4052 2277 4106 it
2300 4067 2440 4106 eam.
2480 4051 2612 4117 Qum
2646 4067 2767 4104 vero
2800 4059 2850 4104 et
2878 4059 3080 4122 quanta
3110 4049 3351 4120 pericula
3379 4059 3627 4105 maneant
3665 4049 3761 4102 illos

514 4140 633 4186 tum
651 4129 972 4200 etmilitum,
995 4130 1428 4217 sicutpugnandi
1455 4148 1576 4188 mos
1591 4141 1694 4200 est,
1713 4149 1892 4204 usque
1907 4132 1975 4189 ad
1989 4150 2106 4189 mu-
2205 4144 2296 4214 qui
2325 4142 2571 4213 perﬁcere
2599 4142 2701 4196 iter
2726 4141 3066 4208 desiderant,
3094 4141 3439 4211 perpenditis.
3477 4141 3657 4195 Adhuc
3686 4155 3753 4190 as-

513 4236 610 4277 ros
659 4221 900 4278 civitatis
922 4222 1278 4279 assultarent.
1319 4221 1631 4279 Constituta
1665 4232 1848 4279 autem
1869 4223 1958 4280 die
1977 4240 2103 4280 cum
2207 4245 2311 4289 rem
2340 4234 2637 4288 obsidem“
2667 4233 2946 4288 castellum
2975 4232 3271 4299 Αηιιαάοε,
3294 4243 3344 4288 ει
3366 4250 3531 4306 mque
3557 4234 3624 4288 ad
3649 4248 3763 4285 me...

515 4313 692 4368 nostri
722 4314 902 4370 taliter
921 4314 1419 4386 proﬁciscerentur,
1435 4315 1644 4387 egressi
1659 4313 1980 4386 Tripolitani
2002 4319 2104 4374 ob-
2206 4343 2316 4382 sem
2347 4327 2424 4382 uel
2461 4343 2516 4381 se
2550 4326 2766 4381 reddent
2805 4323 2882 4380 uel
2909 4327 2956 4380 ui
2981 4326 3278 4396 capientur,
3305 4335 3353 4380 et
3379 4341 3502 4379 cum
3524 4326 3668 4395 longe
3690 4340 3762 4376 no-

514 4406 661 4462 viam
692 4406 818 4474 illis,
848 4407 903 4462 in
926 4407 1274 4464 multitudine
1295 4415 1351 4464 et
1371 4407 1609 4463 tumultu
1631 4422 1735 4464 suo
1759 4407 1974 4476 contisi,
1999 4426 2103 4481 pu-
2208 4426 2319 4472 tum
2361 4419 2432 4472 sit
2483 4417 2548 4472 de
2592 4418 2865 4473 obsidione
2893 4418 3020 4484 ista,
3053 4419 3100 4472 si
3129 4418 3466 4473 dimittamus
3490 4435 3604 4473 eam
3631 4427 3681 4470 ut
3700 4417 3762 4468 ia-

517 4513 690 4606 gnare
726 4513 856 4603 cum
916 4499 1122 4556 nostris
1169 4499 1457 4604 parabant.
1488 4497 1590 4554 Est
1633 4499 1858 4570 quidam
1908 4517 2104 4558 murus
2138 4550 2182 4606 Β
2206 4509 2576 4580 αριίεαὸίιεηι
2598 4552 2613 4578 ,
2653 4511 2881 4565 multum
2915 4520 3276 4566 contemnetur
3307 4521 3489 4566 noster
3511 4512 3762 4567 exercitus.

517 4591 868 4648 ﬁrmissimus
893 4592 1202 4665 aquteducti
1241 4592 1298 4648 in
1351 4590 1630 4648 civitatem
1657 4600 1713 4648 et
1739 4593 1903 4661 altus,
1960 4594 2103 4650 inter
2141 4590 2180 4606 ’⁷
2207 4602 2298 4672 qui
2326 4601 2579 4656 hactenus
2608 4602 2744 4657 nihil
2767 4603 2979 4674 incepit
2997 4605 3138 4675 quod
3163 4604 3490 4675 inexpletum
3511 4604 3761 4658 dimiserit.

515 4699 678 4756 quem
708 4694 761 4740 et
782 4700 954 4754 mare,
971 4680 1082 4742 non
1107 4685 1340 4741 multum
1369 4685 1548 4756 ampla
1575 4685 1662 4741 via
1685 4695 1798 4756 est;
1844 4703 1876 4743 a
1923 4688 2102 4746 tribus
2208 4694 2279 4749 At
2305 4709 2436 4751 vero
2465 4694 2558 4749 alii
2585 4709 2616 4750 e
2637 4703 2828 4750 contra
2851 4695 3109 4752 dicebant
3138 4715 3150 4750 :
3185 4696 3407 4768 Semper
3440 4699 3615 4758 nocuit
3643 4696 3764 4749 nobis

481 4776 660 4850 ienim
685 4778 932 4847 partibus
961 4778 1224 4850 Tripolim
1275 4793 1427 4834 mare
1477 4779 1665 4850 cingit.
1728 4778 1885 4837 "unc
1936 4782 2104 4854 igitur
2209 4787 2517 4856 imperator,
2549 4802 2752 4856 semper
2795 4787 3048 4842 mentitus
3091 4795 3205 4854 est,
3265 4805 3473 4858 semper
3517 4789 3764 4842 aduersum

515 4882 739 4922 murum
760 4868 1066 4940 aqumducti
1090 4883 1252 4939 quem
1270 4866 1531 4935 diximus,
1557 4867 1849 4925 Sarraceni
1885 4871 2103 4928 munie-
2209 4895 2303 4933 nos
2331 4879 2604 4950 cogitauit.
2630 4877 2700 4932 Et
2729 4895 2865 4932 nunc
2887 4879 3014 4950 quia
3043 4880 3184 4934 ridet
3203 4896 3258 4934 se
3279 4880 3417 4933 nihil
3438 4897 3607 4950 posse,
3626 4889 3671 4932 et
3692 4891 3765 4931 nos

489 4969 666 5028 irnnt,
688 4968 749 5016 ut
777 4962 935 5032 quasi
972 4962 1041 5018 de
1061 4961 1285 5018 castello
1312 4961 1600 5018 castellum
1629 4962 1780 5019 exire
1807 4971 1865 5018 et
1886 4963 2100 5035 regredi
2207 4972 2382 5028 valere
2402 4989 2495 5042 per
2515 4972 2748 5042 gratiam
2771 4971 2892 5038 Dei,
2910 4987 2975 5026 ea:
3006 4972 3185 5026 studio
3208 4973 3320 5044 agit
3343 4981 3603 5043 quatenus
3621 4985 3766 5039 apro—

517 5063 773 5122 possent,
796 5055 842 5112 si
869 5055 995 5125 quid
1023 5054 1241 5111 adversi
1265 5055 1604 5128 contigisset.
1626 5054 1887 5113 Videntes
1911 5057 2099 5128 itaque
2210 5066 2381 5135 posito
2437 5065 2647 5119 itineris
2705 5081 2799 5119 nos
2849 5066 3117 5134 retrahat,
3153 5082 3217 5120 ne
3255 5065 3311 5119 hi
3354 5066 3448 5137 qui
3481 5065 3764 5124 audierint,

518 5146 693 5201 nostri
725 5146 869 5202 hanc
892 5147 1300 5202 multitudinem
1345 5148 1465 5204 loco
1511 5161 1567 5206 et
1596 5150 1766 5208 armis
1818 5151 2103 5208 conlidcn-
2208 5157 2446 5228 exemplo
2477 5159 2644 5213 nostri
2666 5160 2837 5214 venire
2866 5159 3169 5230 disponant.
3206 5159 3310 5215 Sed
3346 5159 3469 5229 jam
3511 5174 3640 5229 quos
3677 5157 3765 5224 ipse

517 5247 651 5303 tem,
676 5238 982 5294 invocando
1005 5239 1199 5308 Deum,
1227 5250 1282 5297 et
1303 5243 1501 5298 erectis
1522 5243 1698 5300 hastis
1720 5245 2098 5316 conglobatim
2210 5251 2478 5307 multatics
2506 5252 2646 5309 (mit
2671 5254 2840 5308 verbis
2868 5263 2916 5308 et
2946 5271 3118 5324 opere,
3141 5254 3270 5324 ﬁdei
3300 5254 3418 5325 ejus
3445 5254 3646 5324 frustra
3665 5251 3766 5303 ani-

519 5331 730 5408 pedites
750 5343 804 5386 et
828 5331 1044 5399 milites,
1071 5348 1224 5390 more
1252 5336 1646 5404 processionis,
1665 5352 1846 5406 usque
1894 5337 1962 5392 ad
2004 5352 2102 5394 eos
2211 5361 2322 5400 mos
2353 5345 2602 5400 adhibere
2629 5355 2865 5400 caveant.
2903 5344 3155 5399 Fidentes
3178 5346 3365 5416 igitur,
3395 5345 3606 5400 Christo
3633 5343 3762 5403 duce.

518 5432 810 5491 venerunt,
834 5433 895 5479 ut
921 5425 964 5481 si
994 5436 1212 5483 nostros
1248 5427 1501 5496 vidisses,
1526 5429 1735 5483 amicos
1762 5445 1872 5484 non
1913 5429 2102 5486 hostes
2209 5436 2299 5506 qui
2342 5452 2434 5490 nos
2464 5436 2528 5490 de
2564 5445 2674 5489 tam
2698 5434 2903 5501 multis,
2926 5443 3118 5504 prreter
3139 5451 3283 5504 spem
3312 5434 3556 5488 liberauit
3578 5433 3764 5503 pericu-

519 5530 646 5574 esse
688 5532 784 5573 eos
813 5516 1065 5588 dixisses,
1087 5529 1150 5576 ut
1197 5530 1380 5578 autem
1423 5522 1671 5592 permisti
1713 5530 1862 5588 sunt,
1915 5523 2104 5581 hostes
2207 5527 2277 5582 lis
2309 5538 2358 5582 et
2395 5522 2580 5582 contra
2604 5528 2784 5581 omnia
2807 5527 3080 5581 molimina
3109 5527 3452 5596 imperatoris
3484 5535 3533 5579 et
3574 5522 3763 5595 fraudes

520 5615 714 5664 esseet
737 5623 848 5666 non
870 5611 1074 5669 amicos
1087 5615 1356 5671 crederes.
1383 5614 1423 5668 F
1426 5613 1620 5670 edatur
1641 5615 1790 5669 enim
1809 5623 1954 5671 terra
1975 5631 2104 5671 san-
2204 5618 2319 5687 ejus
2357 5633 2450 5672 nos
2481 5626 2788 5672 contutatus
2808 5627 2905 5684 est,
2930 5617 3069 5672 uiam
3101 5632 3199 5687 pro
3221 5631 3324 5686 qua
3354 5617 3588 5669 uenimus
3610 5614 3762 5681 ingre-

521 5699 691 5772 gulne
717 5700 1066 5771 Maurorum,
1092 5715 1148 5761 et
1190 5706 1497 5780 completur
1549 5706 1909 5777 aqumductus
1945 5708 2105 5763 cada-
2205 5709 2439 5776 diamur,
2463 5719 2513 5764 et
2536 5709 2717 5780 facile,
2741 5726 2808 5764 ex
2831 5709 2928 5764 Dei
2968 5709 3339 5780 promissione,
3370 5707 3508 5778 quod
3551 5705 3762 5759 t’olumlt

522 5793 745 5852 veribus
785 5811 993 5853 eorum.
1023 5797 1258 5855 Tantum
1288 5816 1526 5873 namque
1555 5801 1808 5856 timorem
1847 5802 2098 5858 hostibus
2204 5819 2593 5874 consequemur.
2631 5802 2700 5857 Et
2732 5821 2850 5858 cum
2873 5803 2969 5859 hoc
2989 5803 3219 5857 audierit
3245 5802 3556 5872 imperator,
3580 5807 3766 5868 rerum
