3806 6306
78 319 177 380 645

1123 319 1314 379 RAIM.
1355 322 1444 379 DE
1479 322 1730 382 AGILES
1768 323 1946 383 lllS'l‘.
1990 325 2358 390 l-IIEROSOL.

3235 341 3360 410 ‘646

73 445 267 500 scilicet
298 420 417 498 esse
439 440 775 512 Jerusalem,
803 451 926 498 tunc
955 441 1180 500 liberum
1208 447 1312 502 iter
1329 446 1473 518 quod
1497 447 1666 503 verbis
1695 452 1742 508 A
1769 465 1988 508 crucem
2019 455 2074 510 in
2101 455 2301 513 hastile
2329 459 2587 529 positam,
2607 467 2663 517 et
2683 461 2906 534 quidam
2932 460 3159 520 indutus
3181 477 3358 520 sacer-

73 535 373 600 simulabat,
402 551 571 606 opere
611 536 907 606 complebit.
955 535 1219 592 Similiter
1266 539 1330 592 de
1360 538 1476 609 ejus
1499 539 1668 594 dona-

72 626 308 681 tivis-crit
330 624 481 679 laus.
509 624 759 697 Populus
791 628 934 684 hanc
961 629 1204 684 maxime
1249 629 1509 686 laudabat
1540 647 1667 686 sen-

70 719 306 773 tentiam.
344 715 459 773 Sed
511 720 646 790 quia
694 721 914 776 comitis
945 719 1244 779 familiares
1282 732 1440 779 erant
1475 725 1664 792 multi;

69 812 254 880 quippe
278 826 410 865 cum
434 825 546 881 pro
569 812 771 882 populo
801 828 903 868 suo
928 830 1133 881 comes,
1161 816 1279 871 sine
1303 817 1427 872 aliis
1456 817 1666 891 princi-

68 903 236 971 pibus,
265 901 440 957 morti
465 904 839 974 exposuisset,
875 914 928 961 et
961 905 1212 977 pluribus
1245 924 1446 980 magna
1469 918 1524 964 et
1549 909 1664 980 pri-

68 1008 176 1052 vata
201 997 479 1053 beneﬁcia
513 999 844 1056 contulisset
868 1043 885 1070 ,
920 1009 1208 1072 propterea
1248 1005 1482 1060 consilia
1509 1005 1668 1076 prin-

63 1091 231 1160 cipum
253 1101 309 1146 et
329 1091 536 1162 populi
575 1101 702 1149 vota
739 1094 1204 1165 impediebantur.

643 1184 873 1241 CAPUT
908 1185 1080 1243 XXX.

122 1275 573 1335 Praedicavimus
600 1294 666 1335 eo
689 1287 934 1352 tempore
955 1282 1229 1352 jejunium
1249 1325 1264 1350 ,
1295 1292 1349 1340 et
1379 1283 1664 1340 orationes

62 1366 512 1440 eteleemosynas
545 1369 603 1424 in
631 1371 855 1440 populo,
888 1379 947 1427 ut
977 1370 1122 1428 Deus
1157 1373 1537 1444 omnipotens,
1567 1375 1664 1445 qui

61 1472 174 1510 eum
206 1457 272 1511 de
303 1466 425 1512 tam
455 1459 657 1516 multis
683 1461 1000 1534 regionibus
1030 1463 1370 1520 conduxerat
1389 1463 1544 1533 illuc,
1574 1466 1662 1522 in-

65 1549 256 1618 spirare
279 1546 646 1622 dignaretur,
676 1552 810 1622 quid
830 1561 948 1608 erat
971 1555 1200 1625 fgratum
1231 1555 1297 1610 de
1333 1557 1438 1612 hoc
1467 1555 1663 1613 itinere

63 1640 109 1693 in
141 1648 447 1710 conspectu
483 1656 616 1698 suo.
649 1641 840 1714 Itaque
879 1644 1119 1702 ﬁdelium
1153 1654 1281 1703 vota
1325 1648 1473 1720 quod
1505 1664 1660 1720 qua:-

65 1731 238 1785 rebant
275 1731 428 1801 apud
461 1723 645 1790 Deum
667 1777 684 1804 ,
709 1733 870 1792 facile
911 1748 1351 1808 promeruerunt.
1393 1739 1660 1812 Apparuit

63 1822 192 1877 enim
234 1823 544 1896 episcopus
573 1825 864 1885 Podiensis
909 1829 1186 1900 Stephano
1212 1829 1507 1886 Valentino
1535 1875 1550 1899 ,
1590 1833 1658 1888 de

65 1931 161 1984 quo
210 1918 477 1987 superius
528 1921 872 1978 mentionem
917 1921 1170 1991 fecimus,
1199 1923 1332 1995 quia
1362 1922 1656 1980 Dominum

66 2025 174 2062 cum
201 2025 365 2065 cruce
389 2011 624 2079 viderit,
654 2021 710 2068 et
730 2014 1003 2085 percussit
1037 2030 1162 2070 eum
1189 2031 1316 2071 cum
1340 2017 1492 2090 virga
1509 2059 1524 2085 ,
1571 2032 1658 2073 re-

68 2101 379 2171 gredientem
410 2103 486 2159 ad
515 2105 749 2162 domum
781 2122 940 2162 suam
969 2123 1066 2178 per
1087 2117 1302 2166 noctem
1331 2110 1652 2181 episcopus,

69 2201 113 2246 et
140 2194 266 2249 dixit
285 2195 335 2250 ei
372 2213 386 2250 :
417 2194 717 2267 Stephane.
752 2197 819 2254 Et
840 2199 929 2254 ille
951 2199 1273 2272 respondit:
1301 2199 1546 2255 Domine.
1588 2199 1656 2257 Et

69 2285 348 2355 respiciens
398 2291 640 2361 agnovit
678 2305 826 2346 eum.
867 2289 936 2347 Et
981 2292 1059 2347 ait
1099 2293 1432 2363 episcopus:
1477 2292 1666 2360 Quare-

73 2381 330 2449 neglexisti
359 2383 532 2438 semel
558 2384 640 2440 vel
674 2386 902 2440 secundo
927 2387 1064 2458 quod
1103 2387 1198 2441 tibi
1232 2387 1349 2442 dixi
1378 2387 1443 2442 de
1463 2404 1648 2455 cruce,

73 2467 278 2525 domina:
309 2479 360 2526 et
394 2475 599 2528 matris
628 2475 824 2532 nostra:
861 2493 1064 2546 semper
1083 2477 1306 2548 virginis
1336 2477 1569 2534 Mariae?
1589 2480 1653 2535 de

74 2573 205 2613 cruce
225 2560 364 2628 diro,
391 2579 564 2633 quant
587 2579 679 2635 ego
703 2565 948 2636 prazferri
977 2563 1259 2637 faciebam,
1303 2576 1360 2621 ut
1403 2578 1656 2640 apporta-

75 2661 200 2705 retur
242 2669 298 2707 in
341 2657 668 2711 exercitum.
725 2656 794 2711 Et
821 2659 960 2729 quod
995 2659 1206 2730 signum
1242 2659 1432 2715 melius
1462 2663 1655 2716 cruce?

77 2740 146 2793 An
171 2759 264 2797 non
314 2754 394 2800 est
437 2747 582 2800 satis
631 2747 730 2801 illa
769 2763 903 2802 crux
930 2765 1024 2819 pro
1055 2750 1204 2804 nobis
1241 2749 1536 2822 lapidata?
1568 2752 1653 2806 An

77 2850 162 2888 non
182 2836 266 2892 illa
291 2855 426 2894 crux
453 2840 588 2896 bene
607 2858 694 2896 vos
712 2842 986 2908 conduxit,
1006 2857 1169 2915 usque
1193 2850 1262 2897 ad
1281 2843 1523 2898 lanceam
1543 2844 1653 2900 Do-

83 2929 227 2983 mini?
263 2930 326 2984 Et
350 2949 492 2987 nunc
525 2935 607 2988 ait
631 2934 848 2989 domina
877 2943 926 2989 et
952 2936 1262 2991 beatissima
1281 2953 1484 3007 semper
1504 2938 1650 3008 virgo

85 3019 252 3094 Maria,
276 3025 416 3095 quod
442 3027 558 3081 nisi
579 3025 731 3081 illam
767 3045 976 3083 crucem
1015 3028 1278 3097 habeatis,
1304 3045 1406 3083 non
1429 3029 1648 3100 potestis

82 3113 236 3169 habere
263 3117 574 3174 consilium.
589 3117 663 3175 Et
676 3121 937 3176 continuo
957 3121 1034 3177 ait
1055 3122 1311 3178 sacerdos
1327 3120 1649 3194 :Qreveren-
1673 3151 1720 3215 ο

82 3204 270 3262 dissime
315 3209 557 3278 domine,
590 3219 639 3265 et
678 3210 768 3265 ubi
795 3221 872 3266 est
919 3213 1224 3268 beatissima
1252 3213 1397 3284 virgo
1426 3211 1647 3269 Maria?

84 3293 137 3349 Et
156 3300 323 3355 statim
351 3302 655 3374 episcopUs
687 3301 814 3358 eam
831 3307 1160 3361 monstravit
1193 3306 1262 3362 ei.
1307 3304 1438 3362 Erat
1461 3316 1644 3363 autem

84 3387 364 3450 beatissima
387 3397 554 3469 virgo
577 3395 748 3471 Maria
771 3398 931 3469 longe
960 3399 1029 3454 ab
1062 3414 1128 3454 eo
1152 3400 1310 3470 quasi
1341 3416 1536 3456 novem
1558 3402 1644 3456 vel

86 3480 241 3538 decem
271 3486 493 3556 cubitis,
528 3488 712 3558 specie
736 3495 791 3542 et
817 3498 1018 3544 ornatu
1063 3489 1220 3544 valde
1265 3490 1640 3560 admirabilis;

86 3581 126 3623 et
153 3576 460 3636 assistebant
494 3578 549 3634 ei
589 3580 748 3635 beata
789 3580 1034 3652 Agatha,
1076 3589 1131 3636 et
1176 3582 1424 3651 quaedam
1473 3583 1644 3640 altera

87 3661 212 3731 virgo
237 3681 354 3722 cum
381 3671 607 3727 duobus
639 3671 832 3727 cereis.
883 3669 948 3726 Et
984 3680 1115 3726 tunc
1154 3674 1412 3729 sacerdos
1455 3675 1532 3729 ait
1572 3675 1642 3731 ad

87 3754 362 3828 episcopum
391 3801 406 3828 ,
445 3762 551 3834 qui
597 3762 892 3819 assistebat
920 3762 971 3818 ei
1000 3781 1012 3817 :
1051 3763 1294 3831 Domine,
1317 3773 1521 3835 quanta
1551 3765 1643 3819 di-

89 3854 247 3900 cuntur
281 3851 342 3906 de
375 3854 530 3909 vobis
555 3855 611 3908 in
645 3855 914 3923 exercitu,
948 3856 1088 3928 quod
1140 3858 1198 3911 in
1245 3856 1456 3928 inferno
1496 3859 1641 3914 vobis

90 3930 224 3990 barba
248 3949 292 3992 et
315 3945 504 4014 capilli
534 3945 796 3999 combusti
838 3954 992 4014 sunt,
1015 3955 1065 4001 et
1097 3947 1211 4002 alia
1237 3948 1410 4003 multa
1451 3950 1640 4021 quibus

89 4040 170 4079 non
205 4035 427 4090 creditur
453 4039 480 4092 1’
518 4036 588 4091 Et
619 4054 756 4092 nunc
789 4055 882 4092 oro
905 4081 920 4106 ,
977 4049 1035 4094 ut
1075 4057 1238 4095 unam
1287 4043 1352 4097 de
1402 4044 1638 4100 candelis

90 4117 184 4173 istis
203 4121 255 4176 in
284 4130 644 4184 testimonium
673 4130 859 4186 borum
885 4148 1004 4202 qua:
1037 4133 1218 4187 dicitis
1236 4175 1251 4200 ,
1279 4135 1410 4190 mihi
1432 4136 1638 4192 donetis

64 4219 134 4300 ut
164 4213 376 4284 deferam
399 4223 472 4277 ad
501 4225 766 4278 comitem.
797 4222 951 4280 Tunc
980 4225 1057 4280 ait
1088 4225 1178 4282 ille
1203 4227 1496 4300 episcopus
1520 4229 1641 4284 :Vi-

92 4299 211 4370 dens,
235 4308 340 4362 vide
360 4311 557 4381 faciem
581 4329 772 4368 meam.
805 4312 1063 4386 Nunquid
1102 4325 1319 4386 perusta
1356 4299 1434 4373 est
1456 4321 1482 4374 ?
1505 4318 1639 4377 Post

91 4388 184 4448 haec
212 4404 430 4459 accessit
451 4405 745 4476 cpiscopus
762 4407 829 4462 ad
855 4407 1231 4464 beatissimam
1263 4407 1564 4483 Virginem,
1583 4422 1639 4469 et

1747 544 2048 603 dotalibus
2105 549 2352 605 vestibus
2400 552 2732 622 sequebatur
2764 567 2914 620 eum,
2971 553 3181 609 habens
3233 555 3357 610 lan-

1771 652 1922 692 ceam
1957 638 2096 694 iuter
2117 656 2336 697 manus.
2383 642 2450 698 Et
2474 643 2766 715 episcopus
2812 645 3036 716 inctepit
3068 662 3360 716 responso-

1770 729 1911 784 rium
1939 730 2044 786 hoc
2071 753 2083 785 :
2113 730 2317 800 Gaude,
2344 733 2524 789 Maria
2547 737 2714 808 virgo,
2742 745 2961 792 cunctas
2993 738 3216 793 hereses
3243 737 3359 791 sola

1767 823 2102 878 interemisti.
2144 823 2212 880 Et
2243 825 2390 881 illico
2418 826 2763 900 incmperunt
2813 831 2933 884 sine
2964 843 3196 884 numero
3227 845 3349 883 cen~

1767 921 1892 970 teua
1919 916 2090 971 millia
2131 917 2409 986 virorum;
2447 929 2611 991 atque
2639 923 2720 976 sic
2749 922 2880 976 illud
2909 931 3160 977 sanctum
3190 920 3358 975 colle-

1767 1005 1916 1076 gium
1946 1006 2098 1062 abiit.
2119 1006 2277 1063 Mane
2299 1018 2481 1065 autem
2505 1009 2673 1079 facto,
2702 1014 2858 1068 venit
2873 1012 3150 1080 sacerdos,
3177 1021 3230 1068 et
3253 1011 3361 1082 pri-

1765 1112 1918 1152 mum
1942 1099 2212 1168 quaisivit,
2242 1101 2286 1156 si
2311 1101 2641 1159 haberemus
2670 1105 2947 1171 lanceam;
3003 1115 3059 1161 et
3107 1122 3233 1160 cum
3270 1105 3356 1158 vi-

1765 1189 2103 1258 disseteam,
2134 1208 2259 1248 cum
2293 1195 2480 1250 multis
2507 1195 2768 1268 laerymis
2799 1199 2964 1268 coepit
2991 1214 3250 1254 enarrare
3285 1213 3350 1252 ea

1739 1287 1891 1352 qua:
1926 1285 2180 1354 superius
2206 1284 2466 1342 diximus.
2497 1285 2646 1342 Misit
2692 1287 2878 1359 itaque
2907 1305 3093 1344 comes
3140 1289 3360 1344 Guillel—

1765 1390 1916 1430 mum
1962 1374 2208 1448 Ugonem
2243 1376 2312 1432 de
2352 1376 2603 1434 Muntilio
2640 1378 2862 1436 fratrem
2904 1380 3196 1436 Podiensis
3248 1379 3359 1449 epi-

1763 1468 1916 1538 scopi
1941 1467 2258 1524 Laodiciam
2278 1512 2292 1538 ,
2324 1469 2419 1526 ubi
2455 1487 2591 1527 crux
2620 1472 2848 1529 dimissa
2881 1473 3087 1542 fuerat,
3113 1489 3238 1529 cum
3263 1487 3356 1528 ca-

1762 1559 1902 1630 pella
1935 1558 2109 1630 ipsius
2128 1561 2392 1634 episcopi.

2323 1654 2554 1712 CAPUT
2589 1655 2786 1713 XXXI.

1830 1741 2040 1799 ln‘terea
2059 1743 2253 1801 Petrus
2300 1744 2756 1816 Bartholomaaus,
2793 1749 2987 1805 morbo
3021 1747 3352 1820 defatigatus

1759 1848 1824 1888 ex
1851 1835 2314 1906 conquassatione
2347 1845 2400 1892 et
2435 1839 2774 1907 vulneribus,
2825 1839 3149 1896 convocavit
3182 1839 3355 1896 comi-

1758 1932 1866 1981 tem
1895 1935 1950 1982 et
1981 1927 2258 1998 principes
2281 1927 2424 1999 ejus,
2461 1939 2516 1985 et
2545 1929 2682 1985 dixit
2711 1931 2793 1986 eis
2821 1950 2834 1985 :
2878 1930 3034 1986 Finis
3071 1933 3195 1988 vita:
3223 1944 3354 1985 mets

1758 2019 2218 2090 appropinquavit,
2247 2028 2298 2074 et
2325 2021 2436 2074 scio
2480 2022 2616 2075 satis
2659 2022 2786 2093 quia
2829 2022 2894 2076 de
2928 2023 3190 2091 omnibus,
3233 2039 3352 2097 qua:

1733 2109 1896 2162 "male
1916 2109 2016 2179 feci
2049 2119 2097 2164 et
2127 2111 2264 2177 dimi,
2302 2110 2382 2165 vel
2427 2113 2593 2166 etiam
2635 2113 2884 2183 cogitavi,
2917 2124 3039 2168 ante
3066 2113 3232 2169 Deum
3250 2115 3349 2190 ja-

1757 2202 2014 2266 dtcabor;
2048 2203 2106 2255 in
2129 2201 2280 2272 cujus
2325 2212 2626 2274 conspectu,
2661 2203 2818 2258 hodie
2860 2205 3118 2274 testiﬁcor
3150 2206 3347 2279 ipsum,

1757 2309 1936 2346 coram
1959 2293 2125 2360 vobis,
2150 2309 2232 2347 me
2253 2293 2389 2347 nihil
2410 2295 2765 2365 composuisse
2790 2311 2856 2349 ea:
2877 2295 2960 2349 his
2975 2296 3216 2350 omnibus
3233 2313 3352 2368 qua

1755 2397 1820 2437 ea:
1844 2392 1997 2454 parte
2019 2383 2140 2450 Dei,
2175 2392 2225 2438 et
2252 2383 2612 2454 apostolorum
2639 2385 2806 2455 ipsius
2835 2384 2978 2439 vobis
3009 2387 3272 2455 nuntiavi.
3297 2395 3349 2442 et

1756 2475 1929 2529 adhuc
1959 2475 2104 2529 vobis
2148 2475 2344 2531 dicam.
2402 2475 2474 2530 Et
2503 2478 2641 2530 sicut
2689 2477 2898 2532 vidistis
2937 2495 3000 2533 ea
3049 2495 3166 2550 qua:
3204 2478 3348 2532 vobis

1756 2567 2018 2634 nuntiavi,
2043 2569 2120 2620 sic
2141 2568 2257 2621 sine
2282 2567 2442 2621 dubio
2480 2567 2725 2622 videbitis
2749 2585 2812 2623 ea
2834 2585 2952 2640 qua:
2973 2569 3116 2625 vobis
3145 2570 3346 2638 dicant,

1753 2659 2013 2730 siquidem
2041 2659 2148 2714 Deo
2183 2659 2416 2730 ﬁdeliter
2435 2661 2700 2714 servietis.
2739 2659 2817 2715 Tu
2858 2677 2976 2716 vero
3007 2678 3198 2729 comes,
3226 2677 3347 2716 cum

1752 2751 1953 2805 veneris
1975 2751 2032 2804 in
2054 2749 2377 2817 Jerusalem,
2401 2751 2488 2820 fac
2518 2760 2575 2805 ut
2607 2753 2868 2806 exercitus
2899 2752 3128 2823 postulet
3150 2753 3345 2820 Deum,

1751 2852 1809 2896 ut
1833 2844 1996 2897 vitam
2017 2851 2164 2896 tuam
2185 2841 2646 2914 prolonget,atque
2669 2841 2962 2912 contiriuet,
2983 2853 3034 2898 et
3056 2843 3198 2898 Deus
3225 2859 3349 2914 pro-

1751 2931 1987 3004 longabit
2016 2949 2134 2987 eam
2162 2933 2491 2987 tantumdem
2530 2942 2788 3005 quantum
2814 2935 3018 2989 vixisti.
3061 2933 3139 2988 Tu
3167 2944 3346 2988 autem

1723 3039 1726 3042 '
1752 3039 1872 3077 cum
1889 3039 2120 3078 reversus
2143 3023 2306 3094 fueris
2327 3040 2488 3096 prope
2507 3025 2736 3096 quinque
2758 3025 2959 3096 leugas,
2988 3025 3044 3078 in
3064 3025 3342 3080 ecclesiam

1753 3113 1937 3170 Sancti
1967 3113 2237 3186 Tropltimi
2259 3115 2500 3171 lanceam
2521 3116 2740 3171 Domini
2770 3133 2948 3187 pones,
2986 3127 3036 3172 et
3068 3116 3344 3173 ecclesiam

1749 3207 1826 3261 ibi
1862 3206 2129 3278 fabricare
2162 3208 2349 3278 facies,
2377 3216 2428 3262 et
2449 3208 2538 3278 ﬁet
2559 3208 2633 3262 ibi
2657 3217 2889 3277 moneta,
2917 3225 3078 3280 quam
3111 3217 3166 3262 tu
3180 3208 3343 3279 jura-

1747 3299 1827 3355 bis
1863 3315 1926 3355 ne
1948 3299 2090 3372 falsa
2115 3300 2233 3370 ﬁat.
2271 3299 2376 3356 Sed
2402 3317 2564 3372 neque
2612 3300 2762 3356 aliud
2811 3301 3017 3374 aliquid
3039 3301 3239 3372 falsum
3266 3302 3342 3355 ibi

1744 3393 2038 3463 permittes.
2076 3391 2364 3447 Vocabitur
2407 3403 2584 3448 autem
2622 3393 2770 3448 locus
2820 3393 2978 3450 Mons
3009 3395 3190 3466 gaudii
3223 3412 3236 3448 :
3269 3392 3340 3446 Et

1737 3486 1872 3556 ﬁent
1915 3485 2026 3541 luec
2072 3485 2218 3540 intra
2259 3485 2604 3556 provinciam.
2655 3484 2869 3540 Etenim
2921 3487 3105 3541 beatus
3145 3485 3339 3540 Petrus

1746 3577 2016 3648 apostolus
2049 3577 2332 3650 Trophimo
2353 3594 2449 3632 suo
2466 3572 2730 3645 discipulo
2761 3579 3026 3648 promisit,
3056 3579 3192 3649 quod
3221 3577 3342 3631 lan-

1745 3683 1892 3724 ceam
1913 3669 2132 3724 Domini
2151 3670 2201 3725 ei
2226 3671 2478 3724 mitteret.
2517 3668 2648 3725 Post
2671 3669 2790 3724 haec
2829 3668 3028 3724 Petrus
3049 3669 3338 3724 Bartholo-

1742 3775 1936 3828 maius,
1967 3774 2196 3815 securus
2217 3767 2272 3814 et
2291 3759 2347 3813 in
2366 3774 2521 3829 pace,
2546 3758 2680 3814 hora
2702 3759 2806 3816 sibi
2828 3775 2856 3813 a
2885 3758 2995 3816 Deo
3015 3760 3340 3830 constituta,

1746 3850 2006 3921 migravit
2027 3849 2096 3905 ad
2126 3841 2422 3904 Dominum
2447 3867 2461 3915 ;
2491 3850 2854 3919 sepultusque
2877 3857 2964 3906 est
2989 3849 3044 3904 in
3074 3849 3194 3904 loco
3219 3849 3332 3916 illo,

1743 3941 1838 3997 ubi
1873 3957 1999 3997 cum
2025 3941 2216 3998 lancea
2239 3940 2459 3997 Domini
2489 3957 2586 4012 per
2615 3941 2798 4013 ignem
2827 3941 3140 3998 transierat.

2275 4031 2507 4089 CAPUT
2541 4031 2762 4088 XXXII.

1810 4127 2018 4184 Interea
2039 4141 2227 4183 comes
2258 4134 2422 4197 atque
2449 4127 2542 4182 alii
2565 4127 2844 4197 principes
2869 4127 2940 4183 de
2962 4126 3156 4183 itinere
3177 4124 3336 4181 Jeru-

1739 4222 1933 4288 salem,
1957 4236 2067 4291 qua
2099 4219 2295 4275 melius
2324 4234 2389 4275 ac
2419 4219 2590 4275 levius
2628 4220 2804 4285 fieret,
2838 4219 2908 4275 ab
2933 4220 3128 4275 incolis
3156 4219 3335 4290 regio-

1740 4314 1826 4368 nis
1859 4313 2264 4384 perquirebant.
2293 4310 2448 4368 Tunc
2477 4320 2834 4369 accesserunt
2877 4311 2944 4368 ad
2976 4327 3080 4368 nos
3104 4312 3328 4384 quidam

1741 4404 1982 4460 Sui-iani.
2018 4403 2160 4459 Sunt
2179 4403 2328 4459 enim
2381 4403 2454 4459 ibi
2492 4393 2753 4460 montana
2803 4403 3020 4472 Libani,
3051 4406 3105 4461 in
3133 4406 3333 4476 quibus

94 4485 273 4552 cognita
295 4491 408 4562 ejus
436 4495 721 4552 voluntate
743 4509 1027 4569 regressus
1048 4506 1133 4554 est
1174 4499 1242 4554 ad
1273 4502 1635 4571 sacerdotem,
1669 4502 1714 4557 ι)
1739 4495 1807 4551 ad
1857 4495 2142 4568 sexaginta
2192 4495 2363 4550 millia
2401 4495 2720 4551 habitabant
2768 4496 3234 4564 Christianorum,
3277 4506 3334 4551 et

93 4580 134 4663 et
155 4575 272 4634 dixit
296 4584 344 4638 ei
369 4605 382 4640 ε
407 4586 565 4654 Quod
596 4597 654 4642 tu
671 4589 890 4660 quwris,
918 4589 1200 4660 impetrare
1222 4607 1325 4646 non
1345 4602 1524 4663 potes;
1546 4595 1637 4650 sed

95 4661 160 4716 hic
182 4675 386 4732 annulus
410 4695 564 4752 quem
585 4680 740 4735 habes
763 4681 820 4734 in
840 4681 1011 4752 digito
1035 4690 1146 4750 tuo,
1175 4699 1267 4738 nec
1283 4661 1380 4738 tibi
1398 4687 1632 4755 prodest,

94 4773 166 4849 uec
194 4779 386 4833 portare
413 4791 534 4830 eum
560 4773 713 4829 debes
742 4789 760 4828 :
803 4773 978 4842 Vade,
1013 4785 1064 4830 et
1091 4775 1246 4831 dabis
1277 4793 1396 4832 eum
1426 4780 1629 4849 comiti,

98 4847 283 4916 dicens:
326 4861 480 4938 Virgo
503 4875 677 4921 mater
705 4867 1081 4935 sanctissima,
1123 4870 1290 4923 mittit
1347 4870 1446 4925 tibi
1493 4847 1630 4926 hunc

98 4947 331 5020 annulum,
351 4967 397 5010 et
425 4959 630 5030 quoties
653 4958 904 5028 defeceris
931 4960 988 5014 in
1016 4959 1288 5031 aliquibus
1313 4962 1469 5015 rebus
1491 5004 1504 5024 ,
1554 4979 1632 5017 re-

101 5036 280 5096 cordare
301 5046 436 5105 illius
463 5050 694 5106 domina:
714 5067 833 5122 quae
856 5052 954 5107 tibi
989 5053 1156 5107 mittit
1177 5053 1316 5107 hunc
1339 5053 1625 5123 annulum,

101 5129 138 5209 fl
175 5134 434 5196 appellabis
477 5157 595 5197 eam
621 5185 636 5209 ,
693 5150 742 5197 et
790 5141 1048 5197 Dominus
1088 5142 1448 5197 auxiliabitur
1505 5144 1623 5198 tibi.

102 5205 277 5278 “mus
297 5265 311 5292 ,
349 5245 466 5287 cum
495 5240 765 5304 quaereret
813 5234 1068 5290 sacerdos
1096 5235 1167 5288 ab
1212 5249 1278 5290 eo
1306 5234 1436 5306 quid
1463 5234 1627 5290 vellet

106 5311 153 5396 ξιι
191 5305 365 5375 faceret
408 5321 575 5380 frater
602 5340 767 5392 suus,
805 5325 1089 5396 respondit
1122 5324 1457 5396 episcopus:
1494 5323 1623 5381 Oret

109 5389 202 5452 bene
225 5405 418 5469 electum
437 5389 766 5489 episcopum,
804 5427 862 5472 ut
896 5389 992 5490 pro
1023 5389 1626 5488 animabus-parentum

111 5497 355 5582 nostrorum
385 5507 600 5562 celebret
635 5516 738 5562 tres
770 5509 964 5562 missas
986 5509 1056 5562 ad
1095 5507 1402 5563 Dominum.
1457 5506 1526 5562 Et
1549 5508 1628 5564 ait

112 5581 568 5669 “erumpmepu
597 5607 768 5653 mater
804 5609 1009 5668 nostra,
1049 5608 1110 5654 ut
1149 5601 1390 5671 deinceps
1437 5599 1626 5655 lancea

118 5677 192 5722 ηοη
211 5690 487 5743 monstretur
514 5690 618 5744 nisi
643 5707 676 5744 a
709 5691 980 5746 sacerdote
1019 5691 1209 5745 induto
1251 5691 1422 5746 sacris
1465 5693 1626 5747 vesti-

118 5753 216 5834 διςες
237 5779 407 5834 εισι-απ
431 5783 856 5853 ei'pra’feralur,
897 5784 994 5838 sic.
1033 5781 1098 5840 Et
1129 5783 1303 5840 tenuit
1329 5783 1619 5856 episcopus

1743 4597 1946 4643 terram
1975 4589 2144 4655 illam,
2167 4595 2222 4642 et
2268 4594 2529 4641 montana
2559 4588 2734 4643 multo
2763 4595 3009 4658 tempore
3033 4587 3329 4642 Christiani

1741 4681 2126 4751 possederunt,
2179 4679 2272 4750 qui
2303 4686 2526 4751 propter
2579 4681 2855 4736 civitatem
2885 4679 3033 4754 Tyri,
3059 4694 3183 4749 quae
3209 4679 3330 4733 vul-

1741 4771 1944 4842 gariter
1979 4787 2129 4826 nunc
2159 4769 2266 4826 Sur
2285 4771 2610 4843 appellatur,
2647 4769 2870 4826 Suriani
2904 4779 3188 4826 vocantur.
3221 4768 3326 4826 Sed

1739 4861 2172 4934 insurgentibus,
2202 4879 2301 4934 per
2330 4863 2425 4920 Dei
2468 4863 2760 4934 judicium,
2805 4861 3126 4918 Sarracenis
3163 4871 3327 4932 atque

1738 4952 1952 5020 Turcis,
1988 4953 2044 5009 in
2076 4962 2226 5009 tanta
2262 4953 2617 5024 oppressione
2659 4951 2940 5009 servitutis
2988 4951 3077 5006 isti
3105 4950 3324 5007 Suriani

1736 5045 1979 5113 fuerunt,
2020 5062 2118 5118 per
2164 5046 2594 5117 quadringentos
2641 5051 2698 5101 et
2745 5043 2982 5114 amplius
3029 5059 3224 5111 annos,
3265 5053 3323 5100 ut

1734 5137 1892 5192 multi
1922 5152 2113 5192 eorum
2160 5135 2554 5206 compellentur
2587 5133 2820 5205 patriam
2847 5141 2902 5189 et
2951 5133 3322 5190 Christianam

1731 5230 1986 5286 deserere
2015 5228 2186 5300 legem
2211 5245 2226 5282 :
2271 5225 2329 5282 Si
2359 5225 2475 5296 qui,
2506 5241 2606 5297 per
2642 5225 2738 5304 Dei
2789 5225 3042 5298 gratiam,
3072 5234 3321 5283 contem-

1729 5321 1972 5394 psissent
1998 5361 2014 5387 ,
2077 5318 2412 5392 cogebantur
2465 5318 2682 5374 tradere
2744 5319 3006 5389 pulchros
3064 5317 3321 5390 parvulos

1736 5431 1866 5473 suos
1891 5413 1960 5469 ad
1987 5409 2492 5469 circumcidendum
2517 5411 2603 5468 vel
2650 5411 2998 5480 turcandum,
3027 5411 3111 5468 vel
3136 5412 3320 5482 rapie-

1735 5509 1936 5564 bantur
1961 5507 2030 5564 de
2059 5505 2262 5563 ﬁnibus
2290 5514 2552 5576 matrum,
2584 5506 2870 5564 interfecto
2905 5514 3059 5577 patre
3081 5514 3138 5562 et
3157 5505 3320 5562 illusa

1679 5624 1682 5627 -
1731 5605 1980 5670 parente.
2007 5596 2218 5669 Quippe
2247 5597 2304 5653 in
2334 5604 2541 5654 tantam
2580 5597 2847 5654 malitiam
2879 5606 3201 5654 exarserant
3225 5596 3318 5652 illa

1733 5692 2018 5748 hominum
2069 5705 2270 5763 genera
2309 5700 2372 5748 ut
2419 5691 2682 5748 ecclesias
2711 5690 2807 5748 Dei
2838 5691 3237 5758 subverterent,
3253 5699 3318 5746 .ct

1731 5785 1873 5856 ejus,
1897 5785 1982 5842 vel
2009 5792 2326 5842 sanctorum
2351 5783 2474 5854 ejus
2501 5785 2769 5857 imagines
2803 5783 3067 5852 delerent,
3091 5790 3147 5838 et
3173 5796 3314 5852 quas
