3846 6306
534 337 641 396 6U

1107 335 1200 390 AD
1239 335 1691 392 GODEFRIDUM
1730 331 2022 388 APPEND.
2064 330 2126 386 ll.
2180 361 2211 370 —
2275 331 2545 390 MONUM.
2587 331 2677 388 DF.
2716 332 2940 390 BELLO
2981 333 3232 392 SACRO.
3695 346 3766 402 liis

532 470 645 510 non
672 460 923 524 poterant
952 451 1132 510 delere
1157 467 1253 524 per
1279 465 1514 516 moram,
1538 449 1730 505 oculos
1752 461 1945 502 eorum
1971 460 2130 500 erue-
2160 444 2206 502 Λ
2231 444 2344 498 Ιιωε
2374 455 2424 499 et
2448 445 2574 500 alia:
2605 445 2790 500 multae
2829 445 3069 501 civitates
3098 446 3412 518 conquisita
3457 457 3622 505 erunt.
3668 453 3766 512 Pro.

533 546 687 613 bant,
725 545 810 600 vel
836 545 1188 616 sagittabant,
1236 544 1431 599 altaria
1477 557 1607 598 vero
1644 540 1830 595 omnia
1869 537 2130 595 sutl‘odie-

532 636 684 690 bant.
717 635 777 690 ln
805 634 1053 691 ecclesiis
1090 643 1271 690 autem
1318 633 1554 706 magnis,
1605 631 1936 702 bafumarias
1969 628 2130 686 facie-

531 727 684 783 bant.
713 727 871 796 Quod
907 728 1175 798 sialiquis
1199 727 1264 782 de
1293 726 1400 781 illis
1429 723 1754 796 angustiatis
1775 721 2124 787 Christianis,

535 819 829 891 imaginem
859 819 952 874 Dei
983 819 1067 874 vel
1098 817 1332 888 alicujus
1364 817 1561 883 sancti,
1600 814 1748 871 domi
1785 830 1898 870 suae
1925 814 2127 869 habere

533 911 771 976 volebat,
801 909 883 964 vel
915 909 1215 965 redimebat
1241 924 1362 964 eam
1384 924 1482 979 per
1524 907 1775 979 singulos
1806 922 2020 963 menses
2042 907 2126 962 vel

533 1019 746 1071 annos;
800 1011 896 1058 aut
945 1003 1263 1058 conculcata
1316 1002 1370 1056 in
1417 1009 1682 1067 stercore,
1713 1017 1902 1056 coram
1950 1001 2126 1057 oculis

532 1093 708 1162 ipsius
729 1092 1218 1148 eomminuebatur.
1249 1090 1518 1162 Quodque
1541 1091 1723 1146 adhuc
1755 1091 1925 1146 relatu
1959 1091 2125 1148 nimis

529 1184 730 1239 durum
756 1193 860 1250 est,
896 1184 1171 1255 ponebant
1193 1184 1425 1255 juvenes
1460 1185 1514 1238 in
1545 1183 1866 1256 prostibulis
1893 1192 1948 1238 et
1974 1199 2126 1239 com-

527 1284 806 1332 mutantes
835 1291 1054 1332 sorores
1085 1293 1276 1333 eorum
1322 1293 1422 1348 pro
1455 1278 1602 1344 vino,
1637 1287 1698 1333 ut
1733 1277 1969 1348 nequius
1999 1292 2127 1348 age-

525 1376 668 1422 rent.
695 1366 763 1422 Et
792 1383 969 1439 neque
994 1366 1079 1424 his
1111 1385 1288 1440 neque
1331 1369 1454 1426 aliis
1497 1369 1769 1435 tristibus,
1805 1368 2124 1423 illacrimari

525 1461 704 1530 palam
735 1461 900 1516 etiam
924 1472 1129 1518 matres
1153 1462 1448 1518 audebant.
1479 1461 1545 1516 Et
1571 1463 1704 1534 quid
1729 1462 1798 1518 de
1836 1462 1922 1517 his
1953 1463 2124 1517 multa

526 1554 864 1609 narramus?
891 1554 1294 1624 Conjuraverat
1316 1564 1468 1610 certe
1493 1571 1627 1627 gens
1649 1555 1738 1610 illa
1766 1564 1957 1610 contra
1986 1554 2126 1610 San-

523 1655 672 1702 ctum
717 1655 1059 1716 sanctorum,
1107 1658 1162 1703 et
1212 1649 1334 1720 ejus
1385 1649 1779 1705 btereditatem.
1826 1647 1982 1716 Quod
2017 1648 2123 1703 nisi

519 1738 680 1810 jussu
710 1749 764 1796 et
795 1741 1058 1800 instinctu
1093 1741 1210 1809 Dei,
1242 1741 1579 1798 Francorum
1611 1751 1821 1814 gentes,
1853 1742 1939 1797 his
1961 1742 2121 1798 malis

525 1833 920 1896 occurrissent,
953 1833 1197 1904 profecto
1245 1835 1405 1890 bruta
1457 1835 1716 1890 animalia
1753 1844 1944 1891 contra
1995 1835 2120 1890 illos

524 1922 674 1980 Deus
703 1936 1007 1995 armasset;
1035 1928 1181 1998 quod
1232 1928 1528 1998 aliquando
1558 1927 1719 1983 nobis
1760 1929 2122 1998 praesentibus

524 2015 674 2073 fecit.
708 2018 776 2074 Et
805 2020 873 2076 de
904 2021 1011 2087 his,
1060 2021 1326 2075 hactenus
1362 2020 1569 2075 dictum
1617 2020 1709 2076 sit.
1741 2019 1846 2087 Illi,
1871 2020 2119 2090 inquam,

527 2106 770 2178 Suriani,
799 2112 867 2166 de
893 2111 1094 2182 quibus
1125 2112 1380 2182 superius
1406 2111 1672 2177 diximus,
1712 2113 1808 2182 qui
1843 2113 1911 2168 ad
1937 2113 2118 2169 comi-

523 2212 633 2258 tem
656 2213 943 2270 venerunt,
978 2204 1314 2275 requisitidc
1352 2204 1566 2259 meliori
1622 2205 1839 2272 itinere,
1887 2219 2119 2276 respon-

519 2297 757 2352 derunt:
794 2295 890 2360 Est
914 2295 999 2352 via
1025 2314 1120 2367 per
1143 2297 1472 2352 Damascum
1498 2297 1660 2368 plana
1692 2299 1850 2364 satis,
1881 2307 1932 2352 et
1963 2297 2120 2368 plena

519 2387 853 2456 vidualium,
883 2389 974 2443 sed
1019 2405 1124 2443 non
1165 2390 1440 2444 invenietis
1475 2405 1670 2460 aquam
1712 2405 1806 2459 per
1827 2389 1958 2443 duos
1983 2389 2116 2450 dies.

521 2474 620 2529 Est
643 2477 754 2530 alia
775 2495 868 2547 per
905 2490 1159 2532 montana
1208 2477 1425 2544 Libani,
1472 2487 1590 2532 tuta
1611 2479 1750 2532 satis
1779 2487 1830 2533 et
1860 2481 2074 2550 copiosa
2098 2495 2118 2544 ;

517 2571 608 2622 sed
635 2570 810 2640 gravis
860 2569 1088 2625 multum
1135 2571 1420 2642 sagmariis
1451 2581 1608 2642 atque
1657 2571 1896 2627 camelis.
1941 2571 2040 2626 Est
2067 2583 2118 2628 et

518 2661 632 2715 alia
659 2679 808 2716 secus
862 2680 1009 2718 mare
1032 2705 1048 2731 ,
1095 2662 1187 2718 ubi
1229 2673 1340 2718 tam
1371 2665 1555 2720 multa:
1580 2681 1644 2719 ac
1690 2665 1822 2720 tales
1854 2667 2118 2736 angustia:

517 2769 544 2804 δ
567 2759 641 2805 ιηι
665 2762 722 2805 ut
748 2752 796 2806 si
819 2753 1206 2825 quinquaginta
1245 2763 1338 2808 aut
1368 2764 1578 2810 centum
1611 2753 1898 2810 Sarraceni
1918 2774 2009 2811 eas
2031 2773 2115 2812 re-

519 2852 688 2900 tinere
716 2847 998 2913 voluerint,
1020 2847 1295 2918 prohibere
1331 2850 1539 2919 possint
1565 2866 1716 2904 omne
1738 2867 1898 2920 genus
1921 2850 2116 2905 huma-

517 2953 664 2993 num.
697 2939 764 2992 Et
787 2949 960 2994 tamen
991 2941 1046 2994 in
1095 2939 1380 3013 Evangelia
1407 2942 1547 2997 beati
1599 2942 1770 3009 Petri,
1804 2943 1943 3014 quod
1972 2943 2114 3014 apud

516 3045 611 3086 nos
659 3040 758 3097 est,
804 3035 1107 3088 continetur
1145 3034 1285 3106 quod
1328 3036 1374 3089 si
1423 3052 1509 3091 vos
1557 3037 1686 3091 estis
1720 3053 1846 3107 gens
1870 3036 1969 3091 illa
1994 3053 2113 3108 qua:

515 3121 816 3180 Jerusalem
847 3142 1027 3196 sapere
1047 3127 1214 3193 debet,
1237 3144 1328 3197 per
1341 3129 1616 3183 maritima
1641 3130 1870 3185 transire
1888 3129 2110 3197 debetis,
2141 3167 2182 3226 ε

516 3213 641 3270 licet
669 3225 882 3287 propter
903 3216 1266 3286 difﬁcultatem
1305 3219 1454 3273 nobis
1487 3219 1814 3290 impossibile
1845 3221 2106 3276 videatur.

520 3305 647 3364 Non
672 3309 844 3364 solum
874 3319 1052 3368 autem
1097 3311 1216 3378 hoc,
1243 3313 1306 3366 de
1331 3313 1522 3368 itinere
1565 3323 1771 3378 vestro;
1798 3315 1889 3368 sed
1920 3324 1970 3370 et
1999 3313 2111 3370 alia

517 3408 711 3467 menta,
743 3402 1004 3470 quomodo
1034 3419 1122 3457 vos
1151 3404 1356 3474 egistis,
1389 3412 1439 3458 et
1459 3403 1694 3475 qualiter
1744 3420 1898 3474 agere
1929 3403 2112 3459 debea-

517 3496 610 3556 tis,
643 3491 699 3544 in
757 3490 1042 3564 Evangelia
1079 3511 1176 3548 suo
1213 3495 1356 3566 apud
1386 3511 1480 3550 nos
1527 3497 1732 3567 scripta
1752 3497 2108 3553 continentur.

518 3579 617 3637 llis
639 3591 805 3656 atquc
841 3586 967 3642 aliis
1011 3587 1192 3643 modis
1241 3588 1722 3658 persuadentibus,
1750 3597 1806 3645 et
1829 3589 2110 3646 contradi-

514 3677 767 3734 centibus
793 3678 941 3746 aliis,
969 3678 1296 3736 Guillelmus
1334 3677 1452 3752 ligo
1487 3681 1556 3737 de
1585 3679 1833 3739 Montilio
1857 3698 2112 3739 reversus

513 3775 602 3823 est
624 3784 750 3823 cum
773 3784 957 3837 crnee,
994 3770 1063 3826 de
1083 3786 1192 3842 qua
1221 3771 1480 3842 superius
1506 3772 1771 3830 diximus.
1819 3771 1974 3830 Hanc
2011 3789 2112 3829 au-

514 3864 624 3914 tem
649 3875 894 3937 crucem,
934 3877 1062 3918 cum
1092 3863 1364 3921 vidissent
1384 3865 1550 3920 etiam
1598 3864 1902 3924 familiares
1936 3867 2111 3924 comi-

515 3949 610 4017 tis,
644 3950 697 4005 in
729 3959 938 4008 tantam
972 3953 1186 4011 itineris
1211 3957 1636 4013 commotionem
1687 3959 2028 4016 devenerunt
2052 3968 2112 4014 ut

513 4049 712 4110 praeter
740 4043 957 4099 comitis
977 4052 1033 4100 et
1059 4044 1292 4100 aliorum
1333 4046 1642 4118 principum
1665 4049 1987 4114 consilium,
2027 4048 2113 4103 in-

514 4132 700 4188 censis
727 4134 1095 4192 tabernaculis
1142 4137 1280 4204 suis,
1311 4146 1367 4193 et
1409 4139 1648 4209 primum
1693 4139 1915 4195 comitis
1951 4139 2113 4194 lami-

515 4224 701 4292 liares,
723 4227 1064 4284 obsidionem
1091 4227 1376 4286 Archados
1418 4230 1775 4287 dimitterent.
1804 4230 2114 4287 Conturba-

517 4315 680 4372 batur
704 4317 887 4389 itaque
912 4336 1098 4376 comes
1123 4337 1296 4392 usque
1319 4322 1389 4377 ad
1429 4322 1722 4395 laerymas,
1766 4331 1821 4378 et
1847 4339 2024 4395 usque
2043 4324 2111 4379 ad

516 4410 605 4465 sui
629 4419 684 4467 et
711 4427 937 4468 suorum
978 4413 1166 4470 odium
1195 4433 1210 4483 ;
1258 4431 1436 4486 neque
1473 4423 1654 4471 tamen
1687 4417 1759 4471 ob
1787 4416 1892 4473 hoc
1920 4417 2113 4472 volun-

2213 545 2407 607 ,pterea
2432 546 2489 591 tu
2512 537 2621 590 noli
2640 554 2752 592 esse
2781 537 3033 593 molestus
3072 539 3168 592 tibi
3204 555 3368 610 neque
3395 541 3520 606 tuis,
3548 544 3630 596 sed
3655 551 3766 616 quid.

2227 629 2354 700 quid
2383 628 2480 682 tibi
2524 629 2669 684 Deus
2713 631 3051 696 concesserit,
3093 631 3147 684 in
3203 631 3416 684 nomine
3449 631 3560 701 ejus
3601 634 3768 692 libenter

2226 720 2507 787 distribue,
2536 730 2692 793 atque
2716 723 2822 776 tuis
2848 722 3172 790 hominibus,
3196 724 3375 777 socius
3405 731 3456 777 et
3491 725 3649 793 fidelis
3666 733 3767 784 anui.

2226 829 2319 868 cus
2344 821 2474 867 esto.
2495 814 2556 869 Si
2579 815 2657 868 sic
2687 816 2877 885 egeris,
2905 815 3056 869 dabit
3085 816 3183 869 tibi
3213 814 3477 870 Dominus
3501 815 3766 889 Jerusalem,

2225 914 2276 960 et
2309 905 2717 972 Alexandriam,
2741 917 2898 978 atque
2923 907 3279 978 Babyloniam
3300 923 3319 961 :
3352 907 3509 973 Quod
3530 910 3574 962 si
3598 909 3688 965 hac
3710 930 3768 968 ne

2225 996 2474 1068 glexeris,
2507 1015 2598 1052 nec
2621 1000 2884 1068 promissa
2908 1001 3007 1054 tibi
3029 1018 3060 1054 a
3087 999 3197 1054 Deo
3241 1002 3592 1071 consequeris,
3620 1020 3694 1057 nec
3713 1007 3767 1061 le-

2227 1097 2408 1159 gatum
2430 1087 2543 1158 ejus
2566 1088 2802 1156 habebis,
2831 1089 2996 1144 donec
3027 1091 3082 1144 in
3105 1090 3202 1146 illa
3225 1092 3478 1162 angustia
3501 1095 3682 1163 positus
3699 1099 3766 1174 sis.

2225 1192 2284 1237 ut
2313 1200 2416 1255 quo
2454 1184 2724 1240 declinare
2765 1187 2939 1256 possis
2968 1189 3199 1258 ignores.
3244 1189 3472 1260 Accepit
3518 1190 3679 1263 itaque
3701 1209 3767 1249 co-

2226 1291 2344 1332 mes
2375 1276 2490 1332 luec
2518 1277 2681 1333 verba
2715 1279 3040 1348 sacerdotis,
3066 1280 3296 1352 accepit,
3331 1281 3578 1352 inquam,
3612 1287 3767 1352 verbis,

2226 1369 2321 1424 sed
2371 1369 2631 1440 operibus
2701 1371 3010 1444 abnegavit.
3071 1371 3287 1428 Etenim
3349 1389 3476 1429 cum
3527 1378 3771 1446 accepisset

2227 1463 2456 1518 multam
2516 1464 2808 1535 pecuniam
2853 1481 2884 1520 a
2928 1481 3056 1538 rege
3105 1465 3364 1537 Tripolis,
3411 1467 3544 1522 nulli
3577 1485 3767 1540 unquam

2227 1555 2412 1627 largiri
2469 1556 2676 1627 aliquid
2722 1556 2848 1613 inde
2898 1559 3090 1624 voluit,
3139 1559 3235 1615 sed
3285 1558 3454 1614 etiam
3496 1559 3766 1618 verberibus

2227 1657 2392 1719 atque
2419 1649 2771 1706 contumeliis
2795 1651 3042 1722 quotidie
3089 1667 3221 1707 suos
3249 1651 3545 1708 lacerabat.
3575 1649 3679 1707 Non
3707 1670 3770 1709 so-

2227 1740 2340 1796 lum
2375 1751 2558 1797 autem
2589 1742 2705 1798 haec
2735 1744 2995 1800 sacerdos
3022 1744 3181 1810 dixit,
3213 1759 3407 1799 verum
3451 1745 3609 1799 etiam
3640 1748 3769 1801 multa

2221 1835 2327 1890 alia
2357 1851 2480 1906 qua!
2505 1844 2652 1891 retro
2695 1845 2816 1892 acta
2858 1845 3008 1904 sunt,
3050 1837 3117 1893 de
3145 1837 3348 1909 quibus
3401 1839 3640 1908 quasdam
3676 1841 3770 1896 huic

2221 1929 2374 1999 operi
2400 1930 2751 2001 apponimus.
2776 1929 3086 2001 Aliquando
3108 1946 3349 2002 namque
3385 1947 3510 1986 cum
3543 1932 3769 2002 proﬁcisci

2219 2020 2486 2082 vellemus
2528 2021 2598 2076 ab
2645 2020 2962 2089 Antiochia,
3007 2021 3156 2076 venit
3197 2022 3456 2079 sacerdos
3500 2024 3598 2080 iste
3631 2023 3687 2078 ad
3709 2040 3770 2079 me

2221 2111 2616 2179 Baimundum,
2639 2122 2695 2170 et
2723 2114 2862 2169 dixit
2897 2113 3032 2168 mihi
3075 2113 3222 2185 quod
3256 2112 3484 2183 quidam
3526 2115 3621 2170 sibi
3652 2115 3694 2169 in
3710 2116 3770 2170 vi-

2218 2201 2375 2258 sione
2416 2202 2751 2272 apparuerit,
2799 2202 2896 2273 qui
2938 2202 3079 2257 dixit
3105 2202 3195 2257 ei:
3251 2201 3394 2257 Vade
3444 2204 3500 2257 in
3542 2204 3771 2258 ecclesiam

2219 2293 2374 2349 Beati
2404 2293 2638 2361 Leontii,
2691 2305 2740 2350 et
2787 2296 3016 2350 invenies
3053 2295 3127 2350 ibi
3171 2295 3236 2350 de
3289 2295 3530 2366 reliquiis
3585 2308 3772 2368 quatuor

2218 2399 2549 2458 sanctorum,
2581 2397 2633 2443 et
2657 2387 2808 2443 tolles
2832 2405 2921 2442 eas
2948 2397 3138 2455 tecum,
3178 2397 3336 2460 atque
3357 2389 3594 2460 portabis
3632 2391 3677 2443 in
3705 2389 3752 2443 le

2220 2479 2473 2534 rusalem.
2527 2478 2594 2535 Et
2639 2479 2880 2536 ostendit
2917 2479 2968 2536 ei
3008 2480 3064 2535 in
3099 2481 3218 2552 ipsa
3267 2478 3484 2536 viSione
3533 2480 3767 2552 reliquias,

2218 2579 2273 2626 et
2297 2568 2655 2641 reliquiarum
2684 2569 2914 2637 loculos,
2937 2569 3193 2625 etdocuit
3227 2570 3452 2626 nomina
3475 2581 3766 2628 sanctorum.

2217 2661 2359 2717 Cum
2410 2676 2542 2717 vero
2575 2662 2896 2732 evigilasset
2947 2661 3227 2729 sacerdos,
3269 2671 3325 2719 et
3375 2677 3487 2718 non
3536 2665 3663 2720 satis
3687 2681 3770 2718 sua

2217 2753 2463 2809 crederet
2495 2752 2720 2821 visioni,
2769 2755 2936 2825 cmpit
2969 2769 3134 2826 agere
3170 2753 3450 2826 precibus,
3480 2763 3528 2811 et
3561 2757 3770 2815 obsecra-

2217 2843 2463 2900 tionibus
2489 2843 2558 2900 ad
2581 2842 2776 2912 Deum,
2805 2852 2866 2900 ut
2894 2845 2942 2900 si
2971 2845 3088 2902 hac
3109 2845 3370 2902 revelatio
3404 2847 3476 2901 ab
3507 2847 3626 2918 ipso
3661 2859 3768 2910 erat,

2217 2934 2460 2991 secundo
2506 2934 2702 2990 saltem
2745 2935 2851 2991 sibi
2902 2935 3288 2993 innotesceret.
3342 2936 3769 2994 Adstititeiidem

2216 3035 2443 3083 sanctus
2466 3026 2520 3082 in
2548 3026 2763 3082 visione
2789 3038 2914 3098 post
2953 3027 3163 3100 aliquot
3189 3027 3330 3096 dies,
3378 3038 3543 3100 atque
3575 3031 3766 3085 multum

2216 3119 2586 3176 comminatus
2606 3127 2711 3187 est,
2741 3120 2889 3191 quod
2927 3121 3248 3176 mandatum
3279 3136 3311 3176 a
3344 3118 3584 3177 Domino
3627 3123 3770 3194 negle-

2215 3210 2406 3277 xisset,
2440 3219 2496 3266 et
2518 3211 2624 3268 nisi
2656 3227 2831 3282 usque
2861 3211 2928 3267 ad
2975 3211 3228 3282 quintam
3269 3211 3465 3268 feriam
3497 3215 3769 3270 sustulisset

2214 3305 2335 3362 illas
2359 3305 2644 3376 reliquias,
2681 3318 2827 3363 esset
2852 3306 2957 3361 sibi
2991 3321 3156 3376 grave
3195 3306 3461 3362 damnum
3496 3316 3553 3363 et
3581 3305 3769 3362 Domino

2212 3414 2316 3456 suo
2367 3397 2614 3455 Ysoardo
2663 3399 2872 3455 comiti.
2915 3397 3050 3454 Erat
3097 3399 3245 3455 enim
3291 3397 3580 3456 Ysoardus
3624 3415 3770 3454 comis

2213 3491 2454 3560 Diensis,
2477 3491 2561 3547 vir
2586 3492 2639 3546 in
2672 3502 2941 3563 quantum
2972 3500 3222 3559 noverat,
3253 3491 3364 3549 Deo
3386 3493 3587 3560 ﬁdelis,
3613 3501 3660 3548 et
3681 3507 3750 3546 om

2213 3589 2378 3644 nibus
2418 3585 2580 3643 nobis
2620 3586 2890 3657 sapientia
2929 3594 2985 3642 et
3025 3586 3298 3658 probitate
3333 3587 3507 3642 utilis.
3540 3585 3667 3641 Cum
3692 3584 3770 3639 hoc

2213 3679 2349 3734 mihi
2400 3678 2710 3735 Raimundo
2750 3689 3034 3735 narrasset
3075 3679 3357 3746 sacerdos,
3411 3679 3576 3735 retuli
3611 3692 3697 3749 ego
3720 3676 3769 3730 ad

2211 3771 2626 3827 Aurasicensem
2642 3770 3054 3841 episcopum,et
3070 3770 3139 3826 ad
3167 3772 3426 3828 comitem
3457 3773 3629 3829 sancti
3651 3769 3770 3841 ἐξεῖ-

2211 3863 2309 3929 dii,
2336 3873 2390 3918 et
2417 3863 2486 3919 ad
2515 3863 2655 3919 alios
2680 3862 2973 3934 quosdam.
3002 3861 3132 3931 Qui,
3156 3864 3394 3934 acceptis
3413 3865 3673 3932 candelis,
3697 3879 3767 3916 ve-

2213 3957 2397 4012 nimus
2432 3956 2500 4012 ad
2521 3956 2813 4012 ecclesiam
2845 3957 3034 4012 Sancti
3059 3955 3293 4012 Leontii.
3337 3954 3649 4013 Obtulimus
3672 3972 3769 4011 can-

2211 4045 2364 4102 d.las
2387 4054 2444 4102 et
2487 4055 2613 4102 vota
2657 4045 2770 4103 Deo
2798 4055 2854 4104 et
2901 4047 3110 4104 sanctis
3151 4047 3397 4119 ejusdem
3450 4048 3700 4113 ecclesiae,
3728 4052 3770 4097 ut

2213 4137 2360 4194 Deus
2387 4138 2734 4208 omnipotens
2770 4139 2866 4210 qui
2900 4155 2997 4196 eos
3035 4141 3499 4205 sanetilicaverat,
3537 4140 3679 4194 nobis
3699 4151 3770 4192 eos

2211 4239 2516 4296 consortes,
2566 4236 2622 4286 et
2662 4231 3014 4302 coadjutores
3053 4231 3315 4299 donaret;
3363 4241 3419 4288 et
3468 4232 3642 4289 sancti
3695 4229 3769 4291 itii.

2213 4321 2628 4393 peregrinorum
2675 4330 2730 4378 et
2770 4323 3026 4380 exsulum
3065 4337 3166 4396 pro
3197 4323 3309 4380 Deo
3355 4339 3466 4380 non
3493 4331 3771 4395 spernerent

2212 4413 2576 4480 consortium,
2607 4414 2704 4470 sed
2729 4415 2907 4487 magis
2933 4415 3094 4472 nobis
3117 4415 3608 4488 conjungerentur,
3633 4423 3678 4470 et
3696 4428 3770 4468 nos

517 4511 684 4558 tatem
713 4519 828 4559 suae
870 4505 1044 4574 plebis
1088 4504 1234 4562 Deus
1282 4505 1663 4562 imminuebat.
1718 4504 1824 4562 Sed
1854 4506 1966 4561 dux
1995 4505 2105 4561 Lo-
2139 4513 2184 4573 ι)
2211 4507 2324 4562 Ι)εο
2353 4507 2767 4578 conjungerent.
2792 4507 2951 4563 Mane
2978 4515 3163 4563 autem
3201 4507 3367 4572 facto,
3397 4507 3647 4563 venimus
3672 4521 3768 4560 cum

517 4596 825 4667 tharingim,
853 4598 1092 4653 maxime
1149 4598 1253 4652 hoc
1288 4597 1393 4652 iter
1440 4597 1677 4664 volebat,
1701 4606 1756 4654 et
1797 4598 2008 4668 plebem
2039 4598 2108 4654 ad

519 4692 623 4746 lioe
671 4692 1089 4748 monel‘aeiebat.
1139 4691 1326 4762 Itaque
1350 4690 1578 4761 profecti
1627 4692 1696 4747 ab
1734 4693 1908 4748 invisa
1937 4693 2028 4748 illa
2055 4701 2112 4747 et

517 4785 708 4839 odiosa
731 4784 1017 4840 obsidione
1042 4784 1346 4846 Archados,
1379 4783 1628 4839 venimus
1670 4793 1796 4840 ante
1822 4783 2104 4854 Tripolim.

519 4875 803 4934 Nitebatur
839 4879 1006 4934 etiam
1057 4885 1186 4932 tunc
1227 4892 1414 4932 comes
1462 4875 1822 4943 Raimundus,
1855 4877 2110 4948 precibus

517 4979 684 5041 atque
707 4971 1028 5026 muneribus
1075 4968 1219 5039 apud
1249 4983 1441 5023 omnes
1486 4969 1714 5035 nobiles,
1749 4979 1808 5024 ut
1833 4972 2107 5026 civitatem

520 5060 786 5134 Tripolim
815 5062 1147 5127 obsiderent,
1179 5061 1272 5116 sed
1317 5075 1508 5116 omnes
1533 5061 1583 5116 ei
1641 5063 2109 5119 contradicebant.

521 5153 788 5223 Apparuit
813 5169 882 5209 eo
903 5161 1148 5223 tempore
1179 5161 1405 5209 sanctus
1420 5153 1669 5214 Andreas
1701 5157 1980 5226 apostolus
2012 5155 2113 5212 Pe-

522 5251 610 5298 tro
636 5243 921 5312 Desiderii,
955 5243 1024 5299 de
1051 5259 1162 5314 quo
1189 5260 1354 5315 supra
1381 5247 1588 5304 mentio
1615 5245 1758 5302 facta
1781 5257 1884 5314 cst,
1911 5249 2114 5304 etdixit

519 5336 608 5392 ei:
653 5334 796 5389 Vade
835 5345 885 5390 et
925 5337 1012 5389 dic
1051 5337 1271 5392 comiti:
1299 5336 1426 5391 Noli
1459 5338 1708 5393 molestus
1733 5356 1845 5394 esse
1886 5340 2110 5407 tibimet,

522 5440 688 5494 neque
730 5425 876 5492 aliis,
923 5427 1050 5496 quia
1079 5427 1182 5481 nisi
1205 5429 1354 5498 prius
1382 5437 1539 5499 capta
1581 5428 1744 5499 fuerit
1789 5428 2110 5496 Jerusalem,

522 5513 730 5570 nullum
781 5533 1091 5572 succursum
1129 5519 1408 5576 habebitis.
1445 5520 1569 5577 Non
1613 5531 1664 5577 te
1699 5521 1936 5578 molestet
1961 5522 2113 5576 inex-

523 5605 668 5678 pleta
697 5609 903 5664 obsidio
936 5611 1231 5680 Archados,
1261 5630 1364 5668 non
1392 5624 1442 5669 te
1475 5623 1652 5686 gravet
1681 5615 1820 5686 quod
1848 5615 1959 5670 lucc
1983 5615 2112 5669 civi-

523 5705 612 5753 tas
639 5698 717 5754 vel
739 5701 864 5758 alite
891 5719 1008 5774 quis
1033 5706 1090 5759 in
1127 5706 1314 5760 itinere
1365 5715 1487 5760 sunt
1525 5707 1596 5760 ad
1632 5723 1861 5776 praesens
1883 5723 1986 5761 non
2025 5722 2112 5760 ca-

508 5789 758 5866 Μαίας,
787 5795 913 5866 quia
943 5796 1178 5852 imminet
1211 5799 1353 5852 vobis
1393 5799 1449 5852 in
1491 5799 1735 5868 proaimo
1768 5798 1982 5864 bellum,
2018 5796 2108 5850 ubi

2210 4600 2494 4656 sacerdote
2516 4600 2582 4655 ad
2602 4608 2915 4656 sanctarum
2934 4600 3291 4671 reliquiarum
3312 4599 3551 4666 loculos,
3574 4609 3644 4666 et,
3663 4598 3771 4652 sicut

2212 4692 2372 4747 nobis
2399 4691 2717 4762 praedictum
2737 4691 2937 4757 fuerat,
2963 4691 3294 4747 invenimus.
3328 4691 3471 4746 Sunt
3502 4701 3673 4747 autem
3694 4704 3764 4742 no-

2212 4784 2362 4838 mina
2398 4794 2715 4840 sanctorum
2747 4784 3000 4851 istorum,
3028 4783 3362 4855 Cyprianus,
3389 4784 3662 4844 Omezios,
3692 4779 3770 4833 Lc-

2211 4876 2414 4940 outios,
2456 4873 2696 4929 Joannes
2739 4873 3021 4946 Chrysostx
3045 4890 3191 4930 mus.
3243 4872 3389 4929 Inter
3438 4873 3589 4946 ipsos
3624 4883 3769 4927 amem

2206 4968 2438 5034 loculos,
2458 4970 2737 5038 capsulam
2759 4968 3053 5040 quamdam
3071 4968 3379 5038 reperimus
3394 4985 3524 5025 cum
3541 4967 3769 5036 reliquiis.

2205 5061 2275 5118 de
2293 5062 2496 5132 quibus
2522 5077 2646 5117 cum
2683 5077 3057 5132 quaereremus
3085 5077 3115 5115 a
3142 5062 3472 5132 (sacerdote,
3499 5061 3650 5130 cujus
3672 5074 3770 5113 sum

2205 5154 2278 5211 cti
2308 5162 2494 5210 essent
2537 5154 2642 5220 illa:
2686 5154 2952 5226 reliquiae,
2983 5169 3042 5209 se
3081 5153 3296 5210 nescire
3343 5153 3645 5226 respondit,
3670 5162 3769 5205 cum

2206 5264 2340 5304 vero
2369 5249 2439 5304 ab
2461 5249 2657 5310 incolis
2678 5265 3052 5320 quaereremus
3087 5248 3134 5306 si
3179 5249 3387 5305 scirent
3418 5251 3583 5321 cujus
3628 5243 3768 5304 sancti

2207 5347 2416 5406 essent,
2445 5354 2504 5395 se
2531 5339 2748 5395 nescire
2768 5339 3058 5405 dicebant;
3090 5339 3183 5394 alii
3207 5340 3388 5395 sancti
3405 5338 3676 5402 Mercurii.
3698 5333 3766 5388 alii

2213 5429 2541 5488 Sanctorum
2572 5431 2830 5486 aliorum.
2865 5429 3135 5488 Sacerdos
3179 5447 3311 5488 vero
3352 5432 3538 5488 levare
3577 5441 3628 5486 et
3651 5430 3769 5484 coliio

2211 5538 2340 5595 gere
2377 5539 2501 5580 cum
2530 5524 2656 5580 aliis
2697 5523 2944 5595 reliquiis
2983 5537 3079 5581 eas
3111 5523 3350 5581 volebat.
3381 5524 3488 5580 Cui
3510 5539 3627 5596 ego,
3669 5518 3770 5572 Rii-

2212 5615 2476 5681 mundus,
2522 5629 2708 5670 coram
2743 5615 3022 5682 omnibus,
3069 5615 3165 5687 qui
3201 5615 3279 5672 ibi
3312 5616 3550 5672 aderant
3595 5611 3771 5668 fortiter

2210 5707 2324 5764 dixi
2346 5726 2358 5762 :
2387 5705 2446 5761 Si
2468 5708 2642 5762 venire
2669 5706 2891 5762 voluerit
2915 5709 3013 5763 iste
3030 5715 3247 5762 sanctus
3269 5705 3597 5774 Jerusalem,
3618 5715 3770 5757 uomit:

2212 5815 2365 5854 suum
2391 5809 2442 5856 et
2485 5800 2808 5857 voluntatem
2860 5800 3204 5870 manifestet;
3253 5800 3498 5870 alioquin
3541 5799 3768 5853 remanes!
