3846 6306
118 402 193 463 no
1004 365 1206 442 enin.
1228 381 1330 455 inn
1364 380 1616 439 nouns
1674 380 1854 439 nisr.
1898 380 2260 441 IIIEROSOL.

3197 394 3321 453 650’

116 520 194 577 hic.
222 511 436 585 Nunquid
475 509 535 564 de
567 505 767 579 ignotis
813 494 1017 560 ossibus
1050 499 1432 556 honorabimur
1452 500 1478 554 .’
1499 498 1607 554 Ita-
1631 506 1682 567 Α
1709 515 1806 557 cos
1824 477 1942 558 dies
1969 511 2024 558 et
2051 503 2173 559 sine
2195 495 2586 575 impedimento
2615 507 2867 564 venimus
2897 509 3163 566 Aecaron.
3191 510 3307 569 Rex

115 625 192 684 que
215 606 290 661 illo
325 602 401 658 die
424 597 654 656 dimissae
696 603 828 652 sunt
870 590 1114 664 reliquias
1148 590 1275 647 illae.
1315 590 1455 684 Cum
1477 604 1613 646 vero

114 697 310 759 sacerdos
333 693 454 748 alias
485 689 743 759 reliquias
768 686 1093 758 collegisset,
1131 689 1187 740 et
1213 683 1413 755 pannis
1446 691 1613 752 atque

112 793 234 869 pallio
256 803 335 844 eas
358 763 681 848 involvisset,
704 781 760 835 in
785 789 942 835 nocte
966 793 1090 849 quae
1119 785 1307 833 secuta
1343 783 1448 842 est,
1478 774 1617 830 astiv

110 867 158 941 tit
175 884 214 939 ei
229 876 436 952 vigilanti
464 873 679 947 quidam
698 873 937 944 juvenis,
982 869 1137 946 quasi
1176 867 1487 940 quindecim
1513 881 1613 921 an-

107 978 273 1040 norum,
305 968 684 1043 pulcherrimus
720 965 896 1033 valde,
926 965 1022 1035 qui
1048 963 1189 1020 dixit
1213 963 1262 1019 ei
1291 961 1491 1028 :Quare
1512 961 1611 1016 he-

107 1070 169 1122 die
194 1081 278 1120 non
315 1060 572 1132 accepistis
631 1058 885 1130 reliquias
932 1073 1077 1111 meas
1109 1070 1232 1111 cum
1279 1053 1619 1111 creteris?Et

104 1159 324 1233 presbyter
361 1154 423 1209 ad
452 1153 599 1207 haec:
645 1150 862 1222 thuis
898 1165 953 1204 es
977 1158 1054 1216 tu,
1097 1150 1310 1203 domine
1336 1150 1361 1204 ?
1384 1147 1452 1203 Et
1475 1147 1609 1203 ille:

105 1254 162 1306 An
182 1252 360 1320 ignoras
385 1247 496 1316 quis
519 1244 585 1298 sit
609 1241 876 1313 vexillifer
900 1242 1060 1314 hujus
1103 1241 1366 1296 exercitus
1392 1242 1418 1294 .7
1440 1239 1507 1295 Et
1527 1255 1615 1295 re—

101 1342 266 1415 spondit
288 1339 580 1412 presbyter:
602 1335 816 1403 Nescio,
842 1334 1351 1406 domine.-Cumque
1372 1332 1615 1390 secundo

100 1436 230 1492 eidem
257 1430 520 1504 quaerenti,
551 1429 741 1485 eadem
785 1429 1042 1485 sacerdos
1079 1429 1473 1498 respondisset,
1507 1436 1616 1482 ter-

99 1506 275 1581 ribiliter
296 1520 646 1578 comminatus
669 1529 756 1577 est
779 1521 851 1591 ei,
887 1521 1078 1577 dicens
1104 1538 1117 1575 :
1152 1518 1231 1574 Tu
1262 1536 1443 1576 revera
1477 1519 1611 1574 mihi

97 1617 216 1670 licet.
242 1613 298 1669 Et
323 1622 445 1669 tunc
464 1613 541 1669 ait
557 1614 818 1670 sacerdos
842 1630 856 1667 :
888 1611 1132 1680 Domine,
1154 1613 1357 1667 dicitur
1397 1613 1462 1667 de
1489 1629 1617 1667 san-

1710 605 1894 652 autem
1916 596 2186 664 Accaron,
2216 607 2469 656 metuens
2494 614 2564 656 ne
2591 600 2867 658 civitatem
2894 620 3063 660 suam-
3083 606 3307 662 obsides

1710 697 1918 755 remus,
1949 689 2155 761 juravit
2175 691 2383 757 comiti,
2412 701 2635 762 propter
2668 692 2773 749 hoc
2797 702 2858 749 ut
2877 693 3306 761 discederemus,

1709 783 1759 837 si
1793 798 2094 853 caperemus
2129 782 2448 850 Jerusalem,
2476 784 2553 839 rel
2574 785 2620 839 si
2641 802 2868 840 essemus
2899 787 2955 841 in
2975 788 3183 859 regione
3203 787 3307 844 σιω-ε

1710 876 1862 942 dicte,
1890 893 1982 946 per
2013 877 2201 947 viginti
2239 878 2373 946 dies,
2413 888 2463 933 et
2495 895 2587 933 rea:
2614 874 3033 950 Babyloniorum
3069 882 3219 936 nobis
3253 882 3312 939 in

1713 965 1849 1020 bello
1889 983 1991 1021 non
2021 978 2345 1033 occurreret;
2388 968 2466 1023 uel
2495 970 2540 1022 si
2568 986 2837 1040 possemus
2864 986 3111 1041 superare
3128 972 3311 1042 ipsum

1713 1068 1905 1132 regem,
1939 1061 2179 1116 redderet
2215 1063 2364 1117 nobis
2390 1079 2465 1127 se,
2492 1072 2540 1117 et
2578 1063 2846 1118 civitatem
2870 1079 3054 1130 suam;
3076 1065 3311 1127 \interim

1712 1169 1832 1207 vero
1866 1154 2069 1207 amicus
2099 1163 2277 1208 noster
2294 1163 2444 1209 esset.
2491 1153 2726 1211 Profecti
2759 1155 2923 1226 igitur
2956 1156 3026 1211 ab
3056 1155 3309 1213 Λευεί-οη

1716 1259 1826 1300 una
1872 1246 1960 1300 die
1990 1245 2045 1299 in
2075 1260 2322 1316 vespere,
2347 1247 2504 1317 juxta
2546 1249 2773 1319 paludes
2817 1265 2940 1320 quae
2967 1259 3095 1305 sunt
3138 1258 3312 1320 prope

1714 1333 2047 1403 Caesaream,
2087 1344 2267 1392 castra
2293 1338 2642 1396 tetendimus.
2678 1337 2948 1411 Dumque,
2973 1340 3117 1397 sicut
3138 1340 3312 1396 moris

1713 1438 1818 1499 est,
1844 1428 1935 1484 alii
1957 1444 2059 1500 pro
2082 1429 2408 1485 necessitate
2430 1429 2570 1485 infra
2594 1439 2776 1487 castra
2793 1433 3192 1500 discurrerent;
3216 1433 3310 1488 alii

1716 1531 1900 1579 autem
1921 1522 1990 1578 de
2014 1521 2297 1581 sociisubi
2330 1522 2590 1593 bospitati
2622 1538 2826 1594 essent,
2850 1541 2881 1582 a
2924 1526 3071 1583 notis
3098 1526 3203 1582 sibi
3226 1525 3318 1583 in-

1716 1614 2019 1686 quirerent,
2059 1613 2374 1670 columbam
2400 1615 2636 1685 desuper
2669 1618 2971 1673 exercitum
3011 1618 3313 1688 volantem,

96 1712 156 1761 tto
175 1705 379 1776 Georgio,
426 1704 562 1778 quod
615 1705 688 1759 sit
729 1704 995 1776 vexillifer
1034 1704 1192 1776 hujus
1223 1708 1505 1760 exercitus.
1549 1703 1617 1761 Et
1717 1708 1979 1780 accipiter
2003 1708 2060 1763 in
2090 1707 2273 1763 medio
2314 1707 2763 1778 discurrentium,
2790 1712 3097 1768 mortalitcr
3125 1713 3315 1785 plagae

97 1799 187 1853 ille:
212 1796 333 1851 Bene
356 1797 561 1852 dixisti.
620 1796 734 1870 Ego
769 1813 888 1852 sum
932 1796 1043 1853 ille.
1087 1798 1285 1869 Accipe
1311 1798 1478 1869 igitur
1498 1797 1619 1852 retia
1652 1862 1692 1878 n
1718 1808 1831 1855 tam
1865 1799 2081 1871 dejecit.
2128 1799 2267 1855 Cum
2310 1809 2495 1856 autem
2537 1802 2851 1859 sustulisset
2875 1819 2997 1858 eam
3021 1805 3317 1878 episcopus

93 1891 205 1962 quia:
222 1905 365 1957 meas,
392 1898 546 1962 atque
567 1862 808 1945 seorsum
841 1902 960 1945 cum
982 1889 1107 1946 aliis
1132 1862 1313 1961 pones.
1332 1862 1484 1946 'Cum
1516 1906 1617 1945 au-
1648 1862 1694 1918 Β
1717 1862 1958 1959 Atensis,
1988 1891 2193 1963 reperit
2230 1891 2439 1950 litteras
2495 1909 2636 1964 quas
2661 1894 2752 1950 illa
2776 1862 3085 1963 deferebat‘;
3122 1906 3177 1953 et
3197 1862 3319 1953 erat

94 1990 169 2037 lem
194 1982 420 2040 sacerdos
458 1999 557 2054 per
610 1982 821 2055 aliquot
846 1983 967 2040 dies
1004 1982 1124 2039 hzec
1160 1982 1342 2040 facere
1368 1983 1615 2041 distulisa
1716 1984 1986 2041 sententia
2029 1986 2336 2042 litterarum
2375 1990 2536 2060 quasi
2577 1989 2895 2060 huiusmodi
2935 2010 2949 2047 :
2988 1990 3103 2047 Rex
3141 1990 3319 2048 Acca-'-

91 2088 165 2145 εει,
203 2077 394 2134 advenit
450 2077 597 2155 idem
641 2086 869 2135 sanctus
909 2076 1200 2150 Georgius,
1252 2087 1307 2133 et
1358 2078 1623 2149 praecepit
1714 2088 1837 2146 ron,
1867 2078 1993 2134 duci
2034 2077 2300 2136 Caesareae
2330 2099 2342 2135 :
2371 2080 2651 2137 Generatio
2691 2084 2884 2137 canina
2919 2100 3012 2155 per
3036 2092 3321 2139 metransa

92 2174 347 2248 presbytero
398 2148 639 2244 graﬁer
689 2173 919 2229 dicens:
986 2148 1311 2227 Nullatenus
1359 2148 1628 2227 dimittas
1715 2171 1831 2240 ivit,
1868 2188 1989 2243 gens
2012 2171 2180 2227 stulta
2210 2182 2366 2245 atque
2390 2176 2737 2243 contentiosa,
2757 2177 2871 2230 sine
2894 2148 3165 2248 regimine,
3197 2177 3320 2248 qui-

88 2266 192 2338 quod
214 2282 347 2320 mane
372 2265 628 2337 reliquias
653 2282 793 2321 meas
824 2281 927 2319 non
954 2263 1134 2333 tollas,
1159 2273 1317 2336 atque
1340 2265 1505 2335 juxta
1530 2265 1627 2318 in—'
1714 2263 1812 2319 bus
1837 2280 1931 2336 per
1956 2274 2008 2320 te
2029 2275 2080 2319 et
2115 2283 2208 2337 per
2248 2266 2406 2334 alios,
2437 2279 2694 2338 quantum
2721 2269 2885 2340 legem
2929 2279 3075 2323 tuam
3106 2270 3313 2341 diligis,

89 2350 214 2412 tonics
233 2358 281 2412 in
300 2356 618 2429 ampullula,
663 2358 729 2412 de
772 2357 1031 2429 sanguine
1075 2364 1276 2411 sancta:
1320 2356 1540 2427 virginis
1566 2363 1616 2411 et

89 2446 284 2522 martyris
306 2448 488 2518 Tectae,
517 2466 677 2523 quem
700 2451 900 2521 pariter
925 2448 1098 2516 tolles,
1122 2457 1317 2521 etpost
1342 2449 1454 2503 hinc
1482 2450 1615 2504 mis-'-

87 2559 172 2596 tam
190 2544 421 2599 cantabis.
446 2542 579 2600 Haec
603 2551 769 2616 atque
795 2542 981 2599 omnia
1002 2556 1125 2614 qua:
1144 2542 1194 2598 ei
1221 2541 1437 2597 dixerat
1460 2557 1621 2614 repe—

89 2634 141 2688 rit
157 2636 398 2705 sacerdos,
430 2644 486 2691 et
513 2633 671 2692 fecit.

136 2749 503 2820 Sedautequam
527 2749 604 2806 ad
629 2748 836 2820 reliqua
859 2746 1259 2819 perveniamus,
1281 2747 1347 2804 de
1368 2747 1454 2803 bis
1483 2763 1623 2819 prte-

86 2842 323 2898 termittere
341 2858 448 2898 non
469 2841 742 2897 debemus
769 2840 866 2912 qui
893 2856 992 2911 pro
1033 2855 1222 2896 amore
1258 2840 1622 2901 sanctissima:

85 2931 399 3002 expeditionis,
428 2948 529 3004 per
560 2932 751 3004 ignota
781 2941 837 2989 et
871 2930 1193 3006 longissima
1238 2947 1460 3004 tequoz'a
1505 2932 1620 2989 Me-

84 3023 319 3093 diterranei
369 3036 422 3083 et
478 3023 692 3083 Oceani
739 3026 996 3098 navigare
1047 3041 1158 3081 non
1203 3026 1616 3083 dubitaverunt.

88 3114 250 3173 Etenim
268 3119 442 3192 Angli,
474 3119 675 3179 audito
700 3119 921 3177 nomine
946 3119 1173 3176 ultionis
1196 3118 1413 3176 Domini
1446 3117 1621 3178 nostri

1717 2370 1901 2411 nocere
1932 2356 2196 2411 desidera.
2224 2356 2379 2424 Quod
2406 2359 2453 2412 si
2476 2360 2571 2425 vis,
2604 2360 2763 2430 facile
2781 2362 2998 2430 poteris.
3034 2360 3147 2415 Hoc
3173 2362 3318 2415 idem

1715 2457 1766 2503 et
1802 2448 1873 2503 ad
1900 2448 2041 2503 alias
2065 2451 2329 2518 civitates,
2362 2460 2516 2523 atque
2542 2462 2722 2507 castra
2745 2455 3044 2510 mandabis.
3072 2453 3130 2510 In
3153 2470 3319 2521 manu

1718 2549 1902 2598 autem
1942 2558 2070 2599 cum
2122 2544 2423 2601 exercitum
2475 2545 2819 2617 requiescere
2868 2548 3321 2619 praeciperemus,

1718 2620 1980 2707 expositae
2004 2644 2134 2693 sunt
2166 2637 2360 2693 littera:
2384 2638 2453 2694 ad
2478 2639 2776 2710 principes,
2801 2649 2856 2696 ct
2881 2641 2949 2696 ad
2978 2657 3195 2701 omnem
3218 2657 3323 2713 poJ

1718 2729 1945 2800 pulum;
1973 2738 2029 2786 et
2063 2731 2343 2802 quomodo
2384 2731 2530 2788 Deus
2558 2732 2825 2806 benignus
2858 2745 3009 2792 esset
3034 2751 3164 2809 erga
3196 2751 3319 2806 eos,-

1721 2821 1861 2878 adeo
1891 2831 2076 2880 utnec
2104 2823 2270 2880 etiam
2293 2839 2422 2881 aves
2454 2825 2523 2882 ad
2545 2827 2855 2883 nocendum
2884 2828 3046 2885 nobis
3079 2830 3323 2888 transire

1720 2927 1820 2984 per
1854 2928 1982 2970 aera
2021 2923 2276 2985 possent,
2299 2923 2356 2973 et
2402 2915 2749 2973 inimicorum
2796 2928 3112 2977 nostrorum
3150 2921 3320 2979 etiam

1720 3006 1881 3063 nobis
1901 3021 2103 3064 arcana
2126 3016 2456 3065 reserarent.
2483 3007 2640 3067 Unde
2657 3011 3019 3083 omnipotenti
3042 3013 3176 3084 Deo,
3198 3014 3320 3071 laus

1720 3099 1820 3157 des
1854 3109 1910 3157 et
1947 3101 2152 3173 gratias
2186 3101 2584 3161 referebamus.
2620 3106 2799 3178 Atque
2821 3106 2948 3165 inde
2977 3108 3207 3179 profecti
3231 3125 3324 3168 se-

85 3207 178 3264 Jesu
193 3208 394 3281 Christi,
426 3213 481 3267 in
507 3227 613 3269 eos
635 3212 733 3284 qui
755 3222 957 3273 terram
970 3212 1271 3269 nativitatis
1292 3212 1532 3281 Domini,
1564 3225 1618 3271 et

1722 3192 1843 3249 euri
1869 3202 1925 3250 et
1954 3194 2185 3264 alacres,
2212 3204 2267 3253 et
2296 3194 2608 3269 frequentes
2627 3215 2753 3255 cum
2777 3201 2952 3271 prima
2983 3212 3135 3273 parte
3155 3219 3320 3260 exora

84 3305 392 3373 apostolorum
441 3305 569 3376 ejus
636 3303 857 3377 indigne
904 3313 1324 3375 occupaverant,
1385 3305 1619 3378 ingressi
1678 3285 1681 3286 ⁷
1721 3285 1887 3355 citus,
1922 3294 1980 3343 et
2020 3287 2076 3343 in
2112 3288 2308 3345 ultima
2344 3290 2809 3361 praecedebamus.
2858 3292 2999 3350 Cum
3040 3309 3172 3352 vero
3219 3312 3321 3353 au-

87 3397 510 3471 nareAnglicum,
534 3408 597 3455 et
635 3398 900 3455 circinata
950 3397 1233 3469 Hispania,
1262 3398 1621 3455 transfretan-

84 3497 239 3561 tesper
270 3507 415 3549 mare
464 3490 777 3560 Oceanum,
816 3500 981 3563 atque
1030 3491 1111 3548 sic
1163 3490 1619 3547 Mediterraneum

88 3594 200 3637 mre
216 3583 495 3653 sulcantcs,
525 3594 755 3656 portum
790 3583 1117 3653 Antiochiae,
1150 3592 1315 3657 atque
1344 3585 1620 3641 civitatem

86 3670 320 3744 Laodicia,
360 3686 667 3750 antequam
704 3677 978 3735 exercitus
1031 3686 1218 3734 noster
1271 3693 1370 3749 per
1417 3687 1623 3736 terram

85 3762 182 3821 illuc
202 3767 407 3837 veniret,
434 3768 723 3826 laboriose
769 3768 1143 3825 obtinuerunt.
1192 3766 1529 3826 Profuerunt
1555 3786 1622 3828 eo

85 3864 275 3930 tempore
292 3862 445 3919 nobis
470 3871 594 3918 tam
629 3862 863 3918 istorum
885 3876 1071 3930 naves,
1096 3877 1262 3935 quam
1289 3870 1346 3919 et
1370 3862 1622 3921 Genuen-

85 3945 208 4007 Sium.
247 3949 602 4012 Habebamus.
640 3954 791 4036 enim
828 3954 899 4011 ad
942 3954 1305 4025 obsidionem,
1348 3971 1449 4028 per
1485 3957 1622 4016 istas

83 4057 226 4113 naves,
245 4056 295 4103 et
316 4064 411 4120 per
440 4048 805 4106 securitatem
827 4064 1020 4109 earum
1043 4050 1375 4131 commercia
1392 4066 1422 4107 a
1438 4049 1622 4124 Cypro

82 4142 164 4190 ets
184 4137 385 4211 reliquis
419 4142 652 4223 insulis.
681 4140 893 4215 Quippe
937 4143 1210 4214 hae‘ttaves
1242 4145 1486 4215 quotidie
1508 4144 1623 4202 dis-

80 4230 317 4289 currebant
360 4250 458 4306 per
509 4250 710 4302 mare;
773 4244 829 4290 et
865 4235 936 4292 ob
961 4250 1056 4294 eas
1097 4233 1414 4295 Graecorum
1454 4252 1622 4297 naves

83 4330 236 4378 secuta
264 4335 435 4396 erant,
461 4306 915 4405 quiﬁarraceni
935 4308 1019 4387 Ei;
1049 4327 1333 4385 incurrere
1352 4308 1624 4387 formida;

82 4410 193 4470 bant.
217 4414 346 4492 Ergo
370 4436 501 4476 cum
528 4417 804 4477 vidissent
834 4421 912 4477 illi
954 4420 1116 4495 Angli
1155 4422 1458 4480 exercitum
1493 4439 1623 4496 pro—

81 4504 211 4563 ﬁcisci
251 4510 302 4566 in
343 4510 683 4580 Jerusalem,
737 4522 794 4570 et
841 4507 1012 4571 robur
1056 4531 1284 4572 suarum
1332 4514 1555 4572 navium
1587 4532 1620 4572 a

1722 3379 1933 3436 dissent
1957 3379 2267 3448 Sarraceni,
2305 3382 2403 3453 qui
2432 3383 2752 3441 habitabant
2792 3386 2847 3441 in
2882 3387 3153 3457 Ramulis,
3186 3391 3319 3461 quia

1725 3474 2123 3530 transieramus
2144 3474 2372 3531 ﬂuvium
2386 3477 2480 3547 qui
2502 3493 2672 3550 prope
2691 3488 2794 3547 est,
2816 3481 3177 3539 deseruerunt
3194 3499 3321 3540 mna

1724 3564 1987 3622 nitionem
2026 3574 2081 3623 et
2119 3583 2294 3636 arma,
2339 3576 2395 3624 et
2420 3568 2756 3628 frumentum
2787 3575 3021 3630 multum
3052 3577 3109 3632 in
3149 3578 3318 3646 areis,

1720 3667 1773 3714 et
1808 3674 2016 3716 messes
2045 3675 2185 3732 quas
2212 3662 2562 3734 collegerant.
2592 3664 2732 3721 Cum
2761 3676 2946 3724 autem
2971 3669 3319 3730 venissemus

1722 3766 1788 3807 eo
1813 3752 1981 3808 altera
2003 3752 2110 3820 die,
2139 3754 2496 3826 cognovimus
2517 3757 2646 3827 quia
2674 3757 2819 3815 Deus
2860 3775 3049 3818 revera
3079 3778 3180 3833 pro
3216 3777 3320 3820 θοι
3354 3816 3360 3823 .

1722 3842 1807 3898 bis
1833 3853 2118 3917 pugnaret.
2143 3844 2330 3917 Itaque
2357 3847 2660 3906 obtulimus
2682 3859 2807 3907 vota
2832 3862 3024 3910 sancto
3044 3853 3315 3927 Georgio:

1723 3933 1790 3990 Et
1809 3936 2067 4006 quoniam
2091 3952 2150 3994 se
2179 3938 2376 3995 ducem
2402 3948 2653 3997 nostrum
2696 3942 2979 4013 professus
3000 3952 3107 4015 est,
3135 3948 3318 4004 visum

1722 4037 1807 4086 est
1834 4045 1864 4084 a
1912 4030 2237 4101 majoribus,
2269 4040 2323 4089 et
2357 4033 2507 4089 omni
2539 4036 2744 4106 populo
2777 4045 2840 4093 ut
2881 4038 3201 4111 episcopum
3236 4041 3321 4098 ibi

1722 4120 2069 4193 eligeremus,
2091 4124 2354 4196 quoniam
2384 4126 2438 4181 in
2471 4127 2620 4182 illam
2650 4130 2938 4186 ecclesiam
2966 4130 3021 4187 in
3066 4142 3209 4190 terra
3239 4132 3321 4190 ls-a

1723 4200 1857 4283 rael,
1884 4215 2120 4287 primam
2146 4216 2551 4287 inveneramus,
2576 4234 2641 4276 ac
2672 4222 2835 4277 simul
2862 4230 2923 4278 ut
2952 4223 3015 4278 Β.
3047 4223 3319 4296 Georgius

1721 4325 1822 4380 pro
1853 4308 2013 4365 nobis
2049 4307 2162 4365 Deo
2191 4310 2557 4382 supplicaret,
2583 4320 2639 4368 et
2668 4328 2767 4384 per
2791 4322 2996 4371 terram
3042 4315 3317 4383 incolatus

1720 4400 1809 4455 sui
1832 4414 1935 4457 nos
1967 4399 2200 4458 ﬁdeliter
2223 4402 2499 4459 educeret.
2533 4402 2675 4463 Sunt
2697 4414 2880 4463 autem
2907 4406 3154 4466 Ramulc
3180 4425 3317 4481 pro-

1722 4502 1788 4560 pe
1816 4490 1886 4545 ab
1905 4488 2229 4560 Jerusalem,
2256 4492 2415 4564 quasi
2441 4494 2678 4552 sedecim
2700 4497 2977 4556 milliaria.
3006 4498 3196 4571 Itaque
3218 4502 3319 4556 bas

79 4596 418 4674 [mnium
474 4606 752 4678 mporis
818 4606 1170 4664 imminutum
1196 4647 1211 4672 ο
1270 4609 1471 4680 quippe
1521 4609 1616 4680 qui
1654 4599 1695 4653 ο
1722 4583 1943 4680 buimus
1965 4583 2040 4639 ibi
2075 4584 2430 4680 colloquium,
2454 4596 2510 4644 et
2532 4588 2786 4646 dicebant
2810 4591 2905 4647 alii
2938 4610 2951 4645 :
2982 4591 3315 4651 Non-cantus

80 4706 215 4764 usque
250 4696 317 4752 ad
357 4698 592 4772 triginta
642 4699 699 4754 in
744 4699 1017 4772 principio
1058 4717 1225 4756 naves
1276 4701 1619 4770 habuissent,

76 4788 204 4845 modo
230 4792 314 4848 vix
350 4794 550 4851 decem
589 4792 677 4848 vel
713 4807 908 4849 novem
961 4793 1163 4849 habere
1212 4801 1485 4863 poterant,
1524 4795 1619 4850 alii

74 4877 271 4939 dimissis
292 4886 525 4942 navibus
553 4884 677 4942 suis
699 4892 756 4940 et
775 4884 1064 4956 expositis,
1092 4885 1187 4941 alii
1213 4893 1399 4942 autem
1422 4886 1615 4942 inccn-

74 4972 133 5028 δίε
152 4976 414 5036 nobiscum
436 4980 545 5037 iter
564 4979 1030 5037 acceleraverunt.
1616 4966 1623 4971 ’

566 5112 803 5171 CAPUT
838 5112 1081 5172 XXXIII.

124 5221 341 5298 Cumque
366 5238 499 5285 ante
526 5222 791 5301 Tripolim
814 5231 991 5287 nostri
1016 5231 1294 5304 principes
1317 5245 1504 5290 moras
1533 5232 1621 5290 in-

74 5323 323 5389 hecterent,
360 5332 582 5380 tantum
604 5339 846 5381 amorem
868 5325 1034 5383 eundi
1059 5326 1115 5382 in
1134 5324 1440 5382 Jerusalem
1467 5326 1623 5385 misit

74 5403 294 5470 Dominus
318 5416 375 5472 in
405 5418 636 5490 populo,
667 5418 815 5490 quod
854 5418 1040 5476 nullus
1067 5433 1128 5476 se
1155 5420 1243 5475 vel
1279 5419 1448 5475 alium
1482 5419 1618 5477 reti-

74 5512 172 5559 nere
193 5505 260 5562 ibi
286 5510 521 5580 poterit;
555 5510 650 5567 sed
674 5509 902 5581 profecti
936 5525 1162 5583 vespere
1192 5521 1382 5569 contra
1415 5512 1621 5584 princia

73 5594 400 5656 Mdecreta
443 5607 503 5656 et
562 5611 752 5657 coitura
802 5614 1051 5659 amorem
1102 5604 1275 5659 nostri
1322 5603 1616 5673 exercitus,

72 5690 139 5737 αι
165 5684 247 5743 illa
274 5701 433 5747 nocte
452 5693 917 5764 perambulantes,
944 5696 1194 5767 sequenti
1216 5696 1304 5752 die
1327 5694 1623 5752 Berintum

72 5774 364 5852 devenimus,
395 5797 564 5855 atque
592 5788 1285 5860 pusulam-praeoccupatis
1313 5805 1382 5845 ex
1406 5790 1619 5861 impro-

73 5865 451 5945 ﬁsungustiis,
473 5893 597 5948 quae
610 5879 931 5939 Buoeatorta
948 5882 1322 5952 nominantur,
1335 5882 1475 5939 intra
1490 5886 1625 5955 pau-

382 5970 659 6034 Ριτιιοι..
698 5973 873 6038 ριν.

1723 4674 1796 4729 ad
1814 4692 2044 4746 praesens
2072 4676 2129 4731 in
2156 4676 2476 4748 Jerusalem,
2497 4681 2589 4736 sed
2615 4697 2793 4737 versus
2809 4681 3104 4754 Egyptum
3130 4692 3183 4738 et
3203 4682 3316 4738 Ba—

1723 4765 2023 4838 byloniam;
2047 4778 2098 4823 et
2122 4771 2191 4838 si,
2225 4787 2319 4841 per
2349 4772 2579 4842 gratiam
2603 4771 2724 4840 Dei,
2751 4789 3000 4844 superare
3025 4773 3317 4844 poterimus

1721 4868 1894 4932 regem
1926 4860 2173 4934 Egypti,
2212 4878 2317 4917 non
2366 4864 2540 4919 solum
2588 4864 2918 4932 Jerusalem,
2974 4867 3319 4921 uerumetiam

1719 4954 2103 5010 Alexandriam
2124 4965 2174 5011 et
2203 4955 2577 5028 Babyloniam,
2598 4966 2649 5013 et
2670 4957 2906 5029 plurima
2931 4959 3320 5030 regnaobliue-

1721 5047 1914 5103 cintus.
1943 5048 2097 5116 Quod
2122 5050 2169 5104 si
2199 5052 2353 5104 modo
2377 5067 2558 5105 eamus
2586 5051 2643 5105 in
2668 5049 2989 5118 Jerusalem,
3023 5061 3075 5107 et
3099 5068 3204 5109 non
3228 5054 3318 5109 ind

1718 5144 1977 5200 venientes
2020 5159 2214 5215 aquam
2246 5143 2583 5213 aspicientem
2611 5145 2916 5199 deseramus
2962 5146 3313 5216 obsidionem,

1719 5248 1816 5292 nec
1832 5237 1930 5292 hoc
1955 5253 2049 5292 nec
2072 5236 2211 5291 illud
2232 5245 2413 5308 postea
2435 5237 2787 5308 perﬁciamus.
2806 5236 2881 5293 At
2892 5254 3020 5297 vero
3036 5239 3129 5296 alii
3141 5255 3313 5298 econ«

1718 5333 1805 5383 tra
1843 5327 2098 5383 dicebant
2129 5346 2157 5382 :.
2180 5327 2281 5383 Via:
2320 5337 2443 5383 sunt
2476 5328 2533 5382 in
2579 5329 2817 5384 exercitu
2864 5331 3008 5387 mille
3040 5333 3314 5405 quingenti

1720 5417 1935 5486 milites,
1960 5426 2012 5474 et
2048 5426 2379 5473 armatorum
2406 5420 2644 5489 peditum
2683 5421 2902 5492 grandis
2928 5439 3313 5480 rtunterusnon

1718 5518 1830 5576 est;
1857 5519 1911 5566 et
1936 5509 2196 5567 laudatur
2231 5511 2408 5580 modo,
2436 5521 2496 5567 ut
2531 5512 2743 5586 ignotas
2771 5524 2823 5571 et
2860 5510 3199 5589 longissimas
3227 5533 3311 5572 re—

1719 5602 1897 5674 giones
1938 5601 2213 5669 adeamus,
2252 5602 2343 5656 ubi
2380 5618 2474 5658 nec
2500 5619 2811 5660 succursum
2842 5605 2910 5661 de
2942 5615 3126 5662 nostra
3162 5610 3315 5678 gente

1720 5695 1910 5751 habere
1948 5710 2233 5766 possimus,
2276 5711 2368 5751 nec
2401 5705 2644 5752 sanctam
2678 5699 2949 5753 ciuitatem
2991 5698 3310 5769 capiamus;

1721 5804 1814 5844 nec
1853 5788 2165 5860 prasidium
2212 5802 2422 5862 ponere,
2457 5795 2740 5849 nee-etiam
2775 5793 2897 5849 inde
2937 5792 3145 5859 reverti,
3186 5798 3312 5846 cura

1724 5885 2081 5941 necessarium
2112 5884 2299 5957 fuerit,
2328 5888 2642 5946 valeamus?
2676 5886 2787 5945 Sed
2822 5885 2960 5943 nihil
2992 5893 3073 5942 est
3101 5884 3226 5952 hoc;
3260 5889 3311 5939 ω
