3846 6306
461 374 557 431 ..ςες

1022 366 1111 420 AD
1149 361 1598 423 GODEFRIDUM
1637 356 1928 415 APPEND.
1970 354 2034 415 IL
2076 385 2145 395 --
2181 353 2450 413 MONUM.
2492 353 2580 408 DE
2617 353 2838 413 BELLO
2879 353 3126 411 SACRO.

3583 357 3678 418 656

463 471 626 543 ιίιίυε
677 479 964 544 Dominus,
1020 475 1187 532 simul
1229 490 1296 530 ne
1347 471 1646 529 adversarii
1698 468 1872 525 nostri
1933 465 2035 536 legi
2069 473 2110 528 Α
2143 468 2286 520 niam
2317 470 2484 522 secuti
2511 484 2692 521 sumus
2724 467 3008 521 Doininnm
3055 483 3216 538 usque
3241 467 3309 521 ad
3341 463 3501 523 locum
3524 488 3680 528 ascen-

463 578 584 648 eius
633 573 980 637 insultarent,
1024 568 1267 624 dicentes
1310 583 1322 618 :
1379 564 1480 619 Ubi
1519 572 1594 618 est
1642 561 1784 616 Deus
1825 576 2004 614 eorum
2023 559 2062 612 2"-

465 669 746 727 mandavit
775 665 932 722 nobis
960 678 1056 734 per
1081 661 1396 732 episcopum
1415 657 1737 714 Podiensem
1765 653 2048 708 dominum

471 767 828 826 Ademarum,
867 756 1100 828 qualiter
1130 755 1265 810 iram
1294 753 1415 822 ejus
1437 752 1656 822 placare
1685 761 1974 818 possemus
1997 745 2060 798 et

475 858 767 927 impetrare
804 847 1252 906 misericordiam.
1298 843 1405 898 Sed
1434 852 1487 900 et
1529 857 1650 904 nos,
1687 841 1754 895 de
1795 838 2056 893 mandato

476 944 702 1002 Domini.
720 943 1027 1003 reticentes,
1055 933 1362 990 faciendum
1386 947 1509 987 esse
1548 930 1680 985 illud
1715 927 2058 999 praedicaba-

477 1051 624 1099 mus,
657 1048 724 1087 ne
754 1031 798 1086 si
829 1027 1060 1100 populus
1090 1026 1195 1080 hoc
1223 1023 1539 1078 mandatum
1569 1019 1916 1091 praeterisset,
1947 1017 2058 1072 cul-

477 1125 676 1197 pabilis
705 1121 898 1191 magis,
929 1118 1166 1173 maxime
1200 1116 1548 1186 allligerctur.
1582 1113 1793 1167 Etenim
1829 1119 1940 1165 tam
1963 1110 2061 1164 bc-

481 1219 681 1288 nignus
713 1229 838 1283 erga
877 1227 977 1266 nos
1015 1219 1132 1265 erat
1161 1208 1425 1267 Dominus
1474 1214 1535 1260 ut
1593 1205 1798 1275 legatos
1838 1218 1967 1258 suos
1991 1201 2058 1256 ad

479 1323 584 1363 nos
612 1301 868 1370 mitteret,
900 1302 995 1358 sed
1023 1303 1151 1373 quia
1190 1300 1388 1354 fratres
1410 1306 1588 1363 erant,
1629 1313 1734 1350 non
1770 1295 2061 1354 credebant

479 1399 578 1454 cis.
614 1397 854 1451 Locutus
883 1401 968 1449 est
999 1409 1130 1464 ergo
1155 1393 1446 1462 episcopus
1468 1389 1630 1444 Petro
1659 1387 1956 1452 Desiderio,
1986 1386 2063 1440 die

481 1507 611 1545 (τρυε
647 1509 661 1543 :
691 1488 925 1559 Loquere
956 1486 1025 1541 ad
1063 1486 1328 1556 principes
1363 1493 1420 1547 et
1457 1483 1526 1536 ad
1567 1497 1773 1535 onmem
1811 1478 2062 1550 populum

481 1593 530 1636 et
559 1583 702 1636 dices
736 1597 754 1635 :
789 1580 888 1635 Vos
915 1580 1006 1650 qui
1033 1578 1246 1632 venistis
1273 1577 1335 1630 de
1367 1584 1478 1628 tam
1513 1573 1810 1645 longinquis
1839 1570 2066 1642 regioni-

483 1676 603 1743 bus,
635 1676 694 1729 ut
715 1674 881 1729 Deum
935 1682 985 1727 et
1017 1671 1300 1726 Dominum
1338 1669 1660 1722 exercituum
1693 1667 1778 1722 hic
1809 1665 2064 1729 adoretis,

477 1766 899 1835 sanctiﬁcamini
953 1763 1016 1818 ab
1053 1761 1408 1816 immunditiis
1461 1758 1646 1812 vestris
1690 1766 1738 1810 et
1776 1765 2068 1810 revertatur

485 1859 842 1930 unusquisque
886 1855 950 1909 ab
993 1853 1233 1924 aperibus
1276 1852 1388 1905 suis
1431 1850 1629 1920 pravis.
1679 1846 1746 1900 Et
1777 1856 1893 1917 post
1933 1846 2064 1913 hac,

485 1951 645 2006 nudis
673 1949 887 2020 pedibus
914 1946 1132 2000 circuite
1165 1943 1483 2009 Jerusalem,
1534 1943 1832 1994 invocantes
1876 1938 2067 2009 Deum,

485 2052 536 2096 et
559 2041 820 2112 jejunate.
861 2035 921 2092 Si
944 2037 1020 2090 sic
1049 2033 1280 2106 egeritis,
1309 2042 1358 2087 et
1399 2029 1823 2103 oppugnaveritis
1845 2026 2070 2082 Jerusa-

482 2135 591 2187 lem
629 2130 856 2187 viriliter
898 2144 1060 2198 usque
1112 2126 1180 2180 ad
1228 2141 1406 2179 novem
1450 2126 1583 2190 dies,
1619 2123 1876 2192 capietur.
1923 2119 2073 2173 Alio-

487 2225 638 2294 quin,
671 2221 848 2275 omnia
890 2218 1036 2272 mala
1077 2233 1195 2290 qua:
1231 2217 1378 2288 passi
1419 2217 1566 2279 estis,
1615 2215 1814 2268 vobisa
1845 2211 2071 2265 Domino

488 2312 1005 2384 multiplicabuntur.
1045 2310 1292 2380 Cumque
1317 2310 1432 2363 lucc
1459 2308 1688 2362 dixisset
1723 2303 1976 2361 sacerdos
2006 2302 2075 2359 ad

490 2409 715 2462 fratrem
760 2407 932 2476 ipsius
967 2404 1210 2474 episcopi
1247 2401 1583 2456 Willelmum
1627 2399 1868 2471 Ugonem
1913 2406 1968 2453 et
2006 2397 2076 2452 ad

501 2499 805 2555 Ysoardum
850 2498 1106 2552 comitem
1143 2495 1427 2550 dominum
1463 2509 1644 2558 suum,
1691 2502 1746 2547 et
1793 2491 1862 2547 ad
1902 2505 2074 2560 quos-

489 2593 616 2646 dam
647 2593 712 2646 dc
749 2593 913 2653 clero,
955 2590 1402 2644 coadunaverunt
1431 2586 1720 2641 consilium
1759 2585 1826 2639 de
1868 2581 2078 2653 princi-

489 2685 671 2754 pibus,
710 2693 763 2738 et
788 2684 854 2738 de
885 2682 1034 2736 onini
1059 2681 1282 2753 populo,
1311 2689 1365 2735 et
1389 2680 1643 2735 dixerunt
1674 2693 1688 2728 :
1724 2675 1836 2730 Viri
1861 2676 2076 2745 fratres,

489 2792 580 2831 vos
609 2777 758 2830 scitis
788 2792 904 2847 quia
930 2791 1094 2827 causa
1120 2775 1326 2828 itineris
1359 2772 1526 2826 nostri
1553 2773 1621 2824 sit
1653 2787 1716 2823 ac
1738 2777 1902 2823 tantm
1923 2767 2078 2837 defa-

485 2869 800 2938 tigationis;
829 2877 877 2920 et
909 2866 1227 2936 negligenter
1250 2866 1476 2936 agimus,
1511 2863 1640 2917 adeo
1671 2871 1727 2915 ut
1758 2876 1918 2932 neque
1938 2873 2082 2912 com-

487 2974 740 3027 paremus
763 2975 824 3011 ea
846 2972 962 3028 quae
990 2957 1287 3010 necessaria
1315 2965 1438 3010 sunt
1475 2955 1542 3009 ad
1567 2953 1974 3025 oppugnandam
2003 2951 2083 3004 ci-

490 3054 730 3120 vitatem,
764 3068 924 3121 neque
957 3067 1138 3105 curam
1175 3051 1403 3121 gerimus
1438 3048 1698 3120 quomodo
1725 3045 1893 3100 Deum
1931 3043 2082 3098 nobis

2147 560 2308 616 sionis
2327 561 2463 630 ejus,
2514 567 2565 614 et
2613 559 2836 615 ulterius
2887 575 3096 630 pergere
3142 560 3433 631 nequimus,
3470 565 3692 621 condonet

2148 654 2500 724 unusquisque
2527 655 2688 724 fratri
2725 669 2820 706 suo
2850 654 2939 724 qui
2979 651 3136 705 [rasus
3176 661 3273 716 est,
3306 661 3362 705 ut
3395 651 3519 707 Deus
3543 659 3688 710 omni-

2149 755 2330 816 potens
2354 747 2502 800 nobis
2534 747 2650 815 ﬁeri
2677 746 2844 815 possit
2876 745 3161 815 propitius.
3189 743 3332 810 Quid
3359 745 3547 800 multa?
3570 747 3689 802 Con-

2152 839 2489 894 donaverunt
2527 853 2741 902 omnes,
2773 845 2824 892 et
2871 836 3196 908 largissimis
3243 835 3584 906 cleemosynis
3614 836 3690 894 Dei

2154 931 2587 986 misericordiam
2648 930 3023 1000 appellabant,
3089 939 3150 984 ut
3211 929 3274 984 in
3320 928 3424 983 line
3473 933 3692 999 populum

2157 1037 2316 1077 suum
2369 1019 2512 1076 Deus
2557 1036 2664 1075 non
2711 1021 3002 1086 desereret,
3029 1035 3190 1091 quem
3245 1034 3418 1089 usque
3458 1010 3524 1074 ad
3565 1023 3696 1076 lin-em

2158 1116 2394 1186 gloriose
2437 1123 2491 1169 et
2522 1114 2847 1169 mirabiliter
2889 1115 3208 1170 adduxerat.
3256 1113 3506 1168 Placatur
3549 1116 3700 1186 itaque

2160 1207 2256 1263 Dei
2315 1207 2724 1271 misericordia,
2776 1208 3038 1277 quoniam
3073 1206 3259 1261 omnia
3299 1221 3424 1276 qua:
3454 1206 3592 1275 prius
3619 1225 3700 1262 no~

2159 1301 2246 1356 bis
2289 1301 2516 1356 adversa
2558 1299 2794 1365 fuerant,
2840 1314 2984 1355 nunc
3030 1299 3318 1354 commode
3355 1297 3510 1354 nobis
3541 1314 3704 1369 prove-

2163 1392 2403 1447 niebant.
2773 1446 2781 1453 ,

2167 1558 2174 1565 η
2693 1483 2922 1538 (κεπτ
2957 1481 3224 1538 xxxvu.

2238 1576 2342 1632 Sed
2369 1577 2494 1632 licet
2515 1576 2685 1631 multa
2709 1586 3115 1646 prmtereamus,
3141 1576 3246 1630 hoc
3271 1590 3440 1629 unum
3473 1577 3712 1645 praterire

2165 1686 2273 1725 non
2297 1668 2476 1724 libuit.
2496 1668 2635 1723 Cum
2667 1668 3026 1724 circuiremus
3055 1667 3334 1723 civitatem
3359 1666 3427 1722 de
3461 1665 3585 1720 feris
3605 1681 3712 1721 cum

2168 1764 2538 1835 processionis
2571 1763 2831 1829 tumultu,
2882 1760 3174 1818 Sarraceni
3216 1771 3270 1818 et
3299 1741 3472 1817 Turci
3493 1761 3613 1816 infra
3642 1762 3712 1817 ci-

2168 1859 2389 1914 vitatem
2418 1857 2702 1930 gyrabant,
2734 1856 3053 1910 multimode
3075 1840 3180 1912 nes
3200 1855 3526 1921 deridentes,
3550 1853 3721 1911 audias

2170 1965 2364 2007 cruces
2394 1960 2564 2019 super
2587 1964 2777 2003 muros
2808 1948 3082 2019 ponebant
3122 1949 3177 2001 in
3203 1946 3483 2017 patibulis,
3507 1945 3718 2000 allicien-

2173 2054 2254 2101 tes
2287 2059 2381 2099 eas
2409 2058 2532 2098 cum
2561 2041 2887 2096 verberibus
2921 2049 2974 2094 et
3013 2039 3384 2095 contumeliis.
3432 2037 3621 2105 Quibus
3647 2038 3715 2093 si-

2173 2138 2292 2210 gnis
2337 2151 2436 2191 nos
2463 2150 2495 2191 e
2519 2133 2700 2189 vicino
2739 2133 3172 2189 misericordiam
3211 2131 3307 2186 Dei
3342 2139 3628 2202 sperantes,
3664 2131 3719 2185 ad

2172 2228 2589 2301 expugnandam
2622 2226 2918 2293 civitatem,
2957 2225 3044 2281 die
3070 2232 3348 2295 noctuque
3387 2224 3624 2294 operibus
3649 2223 3722 2276 in-

2143 2317 2858 2377 -stabamus.Pra:fecerant
2879 2317 3063 2388 itaque
3100 2318 3210 2372 dux
3235 2327 3289 2372 et
3317 2332 3502 2372 comes
3552 2312 3723 2369 North-

2175 2413 2410 2470 mannizc
2457 2421 2511 2467 et
2554 2411 2828 2467 Flandriaz
2877 2409 3173 2466 Gastonem
3209 2409 3277 2466 de
3318 2407 3529 2464 Beardo
3559 2423 3725 2478 opera-

2175 2507 2274 2561 riis
2306 2493 2410 2576 qui
2438 2504 2726 2559 machinas
2764 2502 3176 2568 construebant,
3215 2509 3269 2556 et
3301 2511 3480 2557 crates
3514 2509 3564 2554 et
3593 2514 3726 2568 agge-

2176 2613 2286 2662 res,
2315 2599 2380 2651 ad
2410 2596 2772 2650 invadendum
2815 2610 3034 2649 murum
3072 2595 3492 2663 componebant.
3527 2590 3613 2646 Hic
3645 2605 3729 2643 au-

2179 2695 2288 2746 tem
2314 2689 2482 2743 Gasto
2521 2685 2900 2742 nobilissimus
2937 2687 3213 2757 princeps,
3248 2686 3392 2755 apud
3435 2699 3613 2739 omnes
3650 2683 3730 2738 bo-

2179 2788 2410 2835 noratns
2459 2788 2596 2844 erat,
2649 2776 2904 2832 utilitatis
2955 2790 3068 2830 sua:
3109 2784 3166 2830 et
3208 2775 3497 2845 probitatis
3543 2772 3728 2836 merito,

2181 2878 2346 2940 atque
2373 2869 2492 2924 ideo
2515 2883 2655 2938 opus
2677 2866 2780 2922 sibi
2803 2881 2834 2922 a
2861 2866 3204 2937 principibus
3224 2865 3577 2920 commissum
3599 2878 3732 2933 saga—

2182 2963 2321 3019 citer
2342 2961 2610 3032 operariis
2629 2959 2897 3025 dividens,
2922 2958 3200 3030 sapienter
3225 2957 3577 3014 accelerabat.
3604 2955 3734 3008 Priu-

2185 3054 2332 3124 cipes
2356 3061 2534 3108 autem
2560 3060 2771 3106 tantum
2795 3051 3057 3122 gerebant
3077 3066 3266 3107 curam
3293 3051 3361 3107 de
3386 3045 3733 3120 comportanda

485 3143 912 3209 reconcilicmus,
945 3157 1096 3212 quem
1137 3150 1245 3194 tam
1277 3139 1648 3208 multiplici-ter
1679 3151 1853 3190 omnes
1892 3135 1950 3188 in
1970 3149 2078 3186 om-

2186 3147 2459 3217 lignorum
2491 3144 2741 3210 materia,
2774 3152 2826 3199 et
2849 3143 3038 3212 Gasto,
3073 3143 3140 3198 de
3170 3143 3552 3200 construendis
3585 3154 3735 3195 ncces-

488 3237 652 3293 uibus
683 3237 1028 3306 offendimus;
1056 3249 1209 3304 quem
1242 3249 1276 3286 α
1305 3233 1452 3284 nobis
1491 3229 1814 3300 expulimus,
1849 3234 1899 3280 et
1930 3225 2080 3295 longe

496 3330 724 3389 multum
759 3325 850 3399 per
886 3334 1068 3381 nostra
1090 3342 1252 3396 prava
1285 3340 1443 3394 opera
1472 3339 1504 3376 a
1535 3322 1682 3374 nobis
1713 3319 2079 3389 e/‘i'ugavimus.

503 3423 571 3475 Et
599 3437 753 3486 nunc,
791 3422 836 3474 si
876 3419 1018 3473 vobis
1033 3419 1241 3488 justum
1272 3416 1498 3480 videtur,
1528 3412 1893 3468 reconcilietur
1921 3426 2084 3464 unus-

487 3516 713 3584 quisque
756 3513 915 3583 fratri
956 3527 1053 3566 suo
1088 3526 1240 3582 quem
1289 3508 1529 3578 o/Iendit,
1569 3515 1618 3561 et
1663 3505 1832 3576 frater
1869 3504 2084 3574 benigne

501 3606 662 3670 fratri
691 3605 965 3658 condonet.
998 3601 1067 3656 Et
1090 3611 1204 3673 post
1229 3595 1337 3656 me
1361 3599 1703 3654 humiliemur
1725 3597 1853 3663 Deo,
1889 3605 1937 3650 et
1975 3596 2081 3649 cir-

487 3714 802 3752 cumeamus
826 3695 1127 3751 Jerusalem
1150 3694 1306 3748 nudis
1322 3693 1560 3764 pedibus,
1585 3703 1634 3746 et
1659 3689 1756 3744 Dei
1782 3689 2084 3743 misericor-

495 3791 662 3856 diam,
681 3798 1084 3860 persanctorum
1102 3782 1751 3856 patrociniaappellemus,
1771 3791 1826 3834 ut
1841 3779 1933 3834 ille
1944 3779 2085 3833 Deus

491 3882 847 3952 omnipotens,
880 3881 969 3951 qui
1002 3895 1096 3949 pro
1137 3879 1306 3945 nobis,
1335 3877 1398 3931 de
1419 3876 1567 3930 nobis
1607 3876 1769 3930 servis
1813 3872 1924 3927 suis
1969 3887 2088 3925 ear-

497 3989 616 4027 nem
649 3973 961 4042 assumpsit,
1001 3969 1279 4025 exinanita
1311 3970 1484 4039 forma
1512 3967 1736 4022 dominii
1764 3966 1870 4032 sui,
1907 3972 1956 4018 et
1997 3963 2086 4034 qui

499 4063 771 4119 humiliter
811 4079 966 4134 super
999 4064 1207 4116 asinam
1267 4062 1471 4128 sedens,
1532 4074 1786 4131 passurus
1830 4059 1887 4111 in
1937 4071 2090 4109 cruce

499 4157 687 4211 mortis
711 4154 1030 4226 supplicium
1053 4170 1149 4225 pra
1171 4153 1342 4222 nobis,
1374 4153 1511 4208 hanc
1529 4153 1799 4206 civitatem
1822 4149 2088 4218 ingressus

498 4259 597 4315 est,
639 4247 806 4302 turbis
829 4249 880 4302 ei
919 4248 1312 4301 occurrentibus
1354 4261 1475 4300 cum
1515 4258 1706 4314 magno
1743 4239 2089 4311 processionis

501 4338 732 4403 honore;
762 4337 853 4392 ille
883 4354 977 4392 nos
1001 4338 1070 4392 ad
1095 4337 1342 4394 honorent
1369 4345 1420 4391 et
1455 4335 1682 4407 gloriam
1728 4332 1954 4386 nominis
1982 4331 2086 4397 sui,

499 4443 550 4484 et
578 4432 844 4485 civitatem
873 4430 1022 4484 nobis
1057 4431 1262 4501 aperiat
1302 4438 1352 4483 et
1401 4428 1573 4498 facere
1594 4425 1864 4496 judicium
1891 4424 1954 4477 de
1981 4424 2088 4477 ini-

2186 3239 2348 3293 sariis
2392 3236 2813 3292 sollicitudinem
2863 3235 3080 3307 agebat.
3127 3232 3392 3290 Similiter
3432 3247 3610 3294 comes
3642 3229 3737 3282 Bai-

2184 3331 2424 3386 mundus
2471 3327 2788 3400 praefecerat
2846 3327 3183 3382 Willelmum
3246 3325 3460 3380 Ricbau
3507 3321 3736 3394 operariis

2185 3421 2302 3476 suis
2352 3420 2406 3474 in
2457 3427 2696 3474 montem
2747 3416 2903 3484 Sion,
2945 3422 3001 3472 et
3035 3418 3354 3487 episeopum
3399 3415 3734 3472 Albariensm

2187 3511 2528 3573 Sarracenis,
2554 3519 2608 3563 et
2635 3511 2758 3564 aliis
2781 3509 2874 3579 qui
2905 3509 3051 3579 ligna
3079 3506 3417 3564 deferebant.
3443 3505 3737 3574 Acceperant

2186 3619 2425 3674 namque
2461 3602 2715 3658 homines
2761 3600 3003 3666 comitis,
3049 3599 3222 3659 multa
3258 3598 3484 3654 castella
3523 3604 3575 3651 et
3614 3595 3737 3650 villas

2190 3695 2641 3760 Sarracenorum,
2685 3701 2742 3747 et
2799 3690 3145 3756 Sarracenis,
3199 3690 3363 3760 quasi
3422 3689 3593 3744 servis
3629 3687 3739 3751 suis,

2187 3803 2353 3859 Opera
2390 3786 2728 3850 iudicebaut;
2773 3783 2868 3853 qui
2918 3783 3318 3853 quinquaginta
3354 3781 3442 3837 vel
3497 3780 3738 3852 sexaginta

2187 3879 2482 3948 portabant
2514 3891 2616 3932 suo
2659 3875 2801 3929 collo
2836 3875 3048 3929 trabem
3087 3874 3412 3939 maximam,
3459 3887 3619 3942 quam
3654 3884 3739 3924 non

2189 3969 2464 4026 deferrent
2505 3975 2744 4038 quatuor
2775 3965 2932 4036 paria
2975 3966 3166 4032 boum,
3207 3965 3274 4022 ad
3317 3965 3601 4021 machinas
3636 3976 3738 4018 con-

2189 4061 2482 4124 struendas
2522 4059 2846 4115 Jerusalem.
2879 4057 3022 4125 Quid
3054 4058 3258 4114 multa?
3282 4071 3477 4113 omnes
3513 4071 3620 4112 uno
3649 4052 3741 4108 anio

2189 4171 2283 4210 mo
2302 4154 2570 4224 parilique
2593 4167 2867 4211 consensu
2896 4166 3036 4222 opus
3073 4150 3327 4222 agebant,
3364 4159 3528 4220 atque
3566 4147 3741 4203 labora-

2191 4247 2342 4312 bant,
2370 4253 2425 4300 ct
2446 4243 2865 4310 construebant,
2889 4251 2942 4298 et
2964 4241 3320 4313 adiuvabant,
3356 4241 3541 4295 nullus
3577 4237 3739 4307 segnis,

2191 4339 2399 4394 nullius
2455 4352 2658 4392 manus
2703 4335 3163 4390 remittebantur
3211 4332 3420 4388 Omnes
3493 4325 3740 4402 spontauci

2191 4431 2578 4502 operabantur,
2606 4437 2802 4499 praeter
2847 4428 3107 4493 artiﬁces.
3146 4425 3257 4482 Illis
3295 4425 3532 4481 dabatur
3574 4433 3742 4477 merces

500 4526 656 4578 ini-cis
690 4525 801 4579 suis
838 4535 886 4579 et
930 4527 1146 4589 nostris,
1196 4522 1438 4578 omnibus
1487 4518 1635 4574 nobis
1691 4521 1961 4584 concedat,
2003 4519 2092 4588 qui
2121 4513 2171 4576 D
2195 4525 2262 4579 de
2290 4523 2555 4590 collectis,
2581 4537 2705 4593 qua:
2743 4520 2900 4577 facta:
2933 4520 2990 4576 in
3019 4519 3223 4591 populo
3255 4517 3497 4574 fuerant.
3544 4515 3638 4570 Sed
3673 4525 3742 4566 eos

501 4616 677 4671 locum
699 4618 964 4690 passionis
997 4633 1108 4672 sua:
1135 4625 1185 4670 et
1220 4631 1272 4668 se
1301 4613 1509 4668 ultum
1547 4612 1661 4681 ejus
1699 4609 1916 4679 indigne
1953 4608 2092 4662 obti-

505 4719 684 4765 nentes
715 4711 1102 4774 contaminant,
1133 4718 1181 4762 et
1211 4707 1300 4778 qui
1325 4722 1418 4758 nos
1459 4721 1492 4758 a
1532 4713 1680 4758 tanta
1720 4702 1967 4772 beneﬁcio
1989 4701 2092 4755 hu.-

503 4803 754 4857 militatis
800 4804 1017 4869 divinat,
1064 4811 1114 4856 et
1164 4799 1534 4869 redemptionis
1581 4806 1776 4853 nostris
1819 4796 2092 4852 excludere

505 4896 848 4952 contendunt.
895 4893 1228 4949 Plat-uerunt
1281 4892 1396 4946 lucc
1443 4891 1608 4946 verba
1651 4890 2012 4961 principibus,
2039 4897 2094 4946 et

507 4987 657 5040 omni
684 4987 908 5057 populo,
945 4994 998 5042 et
1023 4985 1144 5040 ideo
1168 4985 1379 5055 publice
1405 4983 1620 5053 iussum
1644 4992 1749 5051 est,
1772 4977 1832 5038 ut
1857 4984 1910 5038 in
1941 4993 2094 5038 sexta

508 5076 643 5130 feria
675 5091 799 5147 qua:
830 5076 1079 5146 proxima
1107 5083 1249 5139 erat,
1275 5069 1462 5128 cici-isi
1485 5079 1851 5144 praepararent
1871 5089 1930 5129 se
1966 5087 2092 5128 cum

498 5165 770 5222 crucibus
799 5176 854 5221 et
875 5161 1189 5220 Sanctorum
1224 5165 1476 5234 reliquiis
1493 5165 1560 5219 ad
1583 5161 2014 5235 processiouom,
2039 5171 2096 5218 et

510 5258 712 5312 mil-.tes
742 5265 919 5326 atque
935 5271 1130 5312 omnes
1155 5257 1253 5314 viri
1283 5255 1447 5312 fortes
1473 5266 1832 5326 sequerentur
1851 5271 1952 5311 eos
1969 5271 2095 5310 cum

510 5351 662 5405 tubis
684 5360 741 5404 et
768 5349 1008 5419 vexillis,
1033 5357 1198 5421 atque
1234 5352 1431 5405 armati
1483 5350 1644 5405 nudis
1678 5350 1910 5420 pedibus
1949 5349 2097 5404 ince-

505 5439 894 5508 derent.-Quze
944 5442 1151 5508 omnia,
1213 5443 1514 5498 secundum
1566 5441 1872 5511 iussionem
1921 5438 2016 5494 Dei
2043 5448 2098 5494 et

503 5531 822 5602 principum
867 5533 1119 5592 iactanter.
1151 5531 1506 5604 explevimus.
1558 5532 1804 5602 Namque
1834 5546 1960 5590 cum
1999 5546 2096 5586 ve-

515 5625 790 5682 nissemus
829 5626 884 5681 in
933 5637 1172 5682 montem
1215 5627 1429 5695 Oliveti,
1474 5637 1527 5682 et
1573 5641 1820 5687 essemus
1867 5625 2095 5690 inloco,

517 5717 660 5771 unde
697 5717 960 5802 Dominus
992 5729 1115 5789 post
1154 5721 1607 5775 resurrectionem
1654 5732 1808 5772 suam
1857 5718 2099 5772 ascendit

503 5808 572 5862 in
868 5812 1281 5881 praedicavimus
1313 5811 1371 5867 in
1413 5811 1613 5882 pepulo
1635 5811 1878 5866 dicentes
1909 5830 1921 5863 :
1949 5806 2096 5875 Quo-

2194 4632 2310 4672 mes
2337 4616 2405 4670 de
2434 4631 2601 4670 censu
2643 4629 2748 4669 suo
2801 4614 2918 4669 suis
2977 4611 3246 4682 operariis
3292 4610 3478 4668 debita
3517 4605 3738 4673 solvebat.

2187 4707 2261 4762 Et
2301 4716 2447 4763 certe
2492 4722 2690 4762 manus
2733 4705 2949 4764 Domini
2997 4704 3354 4775 operabatur,
3389 4711 3447 4758 et
3493 4706 3741 4772 operante:

2189 4800 2506 4871 adiuvabat.
2556 4799 2806 4870 Cumque
2847 4799 2997 4854 brevi
3046 4798 3330 4854 intervallo
3377 4797 3562 4852 omnia
3612 4788 3738 4848 moli-

2181 4893 2342 4948 mina
2371 4902 2560 4948 nostra
2583 4903 2636 4947 et
2666 4892 2934 4947 machina:
2971 4899 3303 4962 comparata:
3331 4897 3538 4955 essent,
3570 4886 3740 4943 habue-

2181 4996 2325 5046 Tunt
2349 4986 2520 5046 nostri
2568 4986 2843 5056 principes
2875 4984 3195 5051 consilium,
3229 4991 3285 5039 et
3311 4983 3568 5039 dixerunt
3597 4996 3610 5031 :
3641 4975 3741 5032 0m-

2180 5081 2277 5135 wis
2308 5077 2470 5134 homo
2511 5087 2775 5150 prepares
2819 5094 2876 5132 se
2926 5077 2996 5131 ad
3027 5092 3260 5149 pugnam
3296 5076 3354 5130 in
3383 5077 3568 5146 quinta
3613 5068 3738 5140 feria.

2184 5171 2426 5229 Jttte‘rim
2449 5171 2802 5238 orationibus,
2825 5179 2878 5224 et
2905 5169 3106 5242 vigiliis
3134 5185 3350 5240 cperam
3381 5169 3584 5230 demus,
3619 5169 3739 5229 atque

2186 5264 2558 5335 deantes'ynis.
2597 5262 2850 5317 Iumenta
2885 5271 3062 5316 vestra
3109 5278 3230 5327 cum
3268 5261 3449 5331 pueris
3487 5252 3741 5326 artiﬁciis!

2183 5351 2393 5406 inauris
2429 5360 2492 5410 ,ιι
2535 5352 2786 5421 lignariis
2809 5361 3061 5422 prestat:
3108 5360 3166 5405 ut
3211 5351 3456 5420 deferant
3505 5347 3676 5408 trabes,
3701 5346 3743 5392 τε·

2193 5442 2451 5515 perticas,
2477 5454 2634 5515 atque
2667 5443 2836 5513 palos,
2885 5453 2934 5498 et
2971 5444 3147 5514 virgas
3183 5443 3252 5497 ad
3279 5451 3451 5497 crates
3490 5437 3737 5510 facienda.

2197 5536 2318 5592 Duo
2349 5546 2398 5590 et
2423 5538 2530 5589 duo
2553 5536 2747 5591 milites
2782 5545 2982 5590 cratem
3005 5551 3166 5590 unam
3191 5551 3407 5590 curvam
3445 5533 3655 5614 fugiant,
3683 5520 3740 5580 td

2189 5645 2358 5683 unam
2386 5629 2622 5693 scalam;
2649 5637 2699 5682 et
2723 5645 2784 5682 ne
2809 5628 3063 5682 dubitetis
3087 5627 3336 5682 laborare
3357 5642 3453 5696 pro
3490 5616 3611 5687 Deb,
3640 5618 3737 5686 quid

2197 5721 2255 5775 iu
2295 5723 2533 5791 proxime
2582 5720 2788 5775 labores
2830 5728 3026 5775 vestros
3058 5719 3384 5778 temtinabit.
3431 5715 3553 5772 llzcc
3593 5718 3738 5768 autem

2197 5813 2389 5868 omnia
2431 5811 2660 5868 libenter
2687 5823 2911 5885 accepta
2957 5821 3105 5870 sunt.
3147 5809 3282 5885 130st
3311 5810 3424 5868 haec
3465 5805 3738 5864 modum
