3806 6306
67 359 153 415 657

1041 359 1233 417 RAIM.
1275 359 1363 416 DE
1397 360 1651 418 AGILES
1689 360 1868 420 HIST.
1906 364 2272 426 IIIEROSOL.

3168 385 3275 434 ὃὸδ

65 486 132 530 est
158 470 269 543 quis
293 467 356 524 de
375 467 707 540 principibus
728 483 854 524 eum
887 484 987 563 sua
1013 480 1173 542 gente
1201 487 1366 542 quam
1391 483 1598 543 partem
1629 477 1673 533 Α
1705 474 1773 530 ad
1825 492 2068 546 praesens
2096 496 2156 536 se
2185 482 2254 538 de
2294 482 2554 541 hostibus
2585 483 2952 542 vindicarent.
2973 486 3277 563 Fiehatque

66 563 189 620 urbis
213 569 552 633 expugnaret,
578 569 634 620 et
661 577 785 632 quae
809 561 1078 619 machina:
1106 564 1309 636 quibus
1336 565 1471 622 locis
1495 581 1592 636 ap-

61 657 368 728 plicat-eatur.

531 743 761 803 CAPUT
784 743 1074 804 XXXVIII.

122 837 347 896 fidentes
391 847 572 894 autem
627 837 938 908 Sarraceni,
983 839 1080 912 qui
1128 829 1271 897 infra
1316 839 1592 898 civitatem

60 941 203 999 erant,
243 932 633 987 multitudinem
662 933 1038 990 machinarum
1058 927 1182 1005 Qua:
1199 936 1594 992 construeban-

61 1038 148 1090 tur,
181 1025 467 1080 inﬁrmiora
507 1042 794 1081 murorum
837 1026 978 1096 loca,
1017 1027 1151 1084 adeo
1170 1028 1464 1084 adversum
1492 1043 1594 1088 nos

60 1119 379 1185 munierunt,
433 1128 494 1173 ut
540 1119 868 1190 quibusdam
928 1119 1268 1192 desperabile
1316 1122 1595 1179 videretur

58 1225 190 1280 posse
219 1209 531 1280 expugnari.
572 1208 816 1266 Instante
844 1220 1026 1266 autem
1043 1211 1215 1282 jussae
1236 1212 1596 1286 oppugnatio-

58 1302 126 1354 nis
145 1299 238 1367 die,
261 1302 362 1355 dux
392 1310 445 1356 et
465 1317 649 1357 comes
675 1301 1043 1372 Flandrensis,
1065 1313 1230 1376 atque
1253 1303 1593 1360 Northman-

54 1394 140 1450 nim
163 1411 349 1460 comes,
384 1411 508 1450 cum
554 1396 817 1451 vidissent
857 1397 1002 1473 quod
1032 1395 1320 1460 Sarraceni
1350 1406 1500 1456 tanta
1529 1412 1596 1455 ac

58 1488 160 1540 taiia
187 1487 476 1541 munimina
523 1499 969 1560 argumentorum
995 1499 1188 1546 contra
1237 1505 1433 1546 omnes
1478 1507 1596 1546 ma-

55 1579 214 1634 chinas
238 1589 449 1635 nostras
488 1581 950 1650 composuissent,
981 1591 1094 1638 tota
1118 1591 1278 1638 nocte
1309 1583 1594 1640 machinas

55 1681 245 1737 suas,et
279 1683 457 1729 crates
503 1682 556 1728 et
599 1689 824 1745 aggeres
869 1683 1378 1746 transportaverunt
1401 1683 1594 1731 contra

55 1763 180 1816 urbis
206 1773 435 1833 partem,
465 1781 588 1835 qua:
621 1773 706 1832 est
727 1765 796 1820 ab
824 1766 1056 1822 ecclesia
1088 1765 1274 1822 Sancti
1331 1766 1593 1836 Stephani

55 1830 284 1923 usquead
312 1830 508 1909 vallem
531 1830 812 1926 Josaphat.
845 1855 953 1912 Vos
974 1872 1102 1912 vero
1123 1857 1218 1928 qui
1249 1857 1366 1914 haec
1391 1830 1592 1928 legitis,
1625 1830 1670 1894 Β

56 1962 140 2000 non
168 1949 353 2017 putetis
377 1965 608 2018 parvum
645 1949 891 2006 laborem
927 1960 1094 2021 atque
1141 1951 1478 2009 industriam
1519 1953 1598 2008 ibi

55 2035 212 2106 fuisse.
239 2038 450 2094 Etenim
482 2040 594 2097 fere
622 2043 938 2099 milliarium
964 2052 1049 2100 est
1079 2043 1186 2111 ibi,
1221 2060 1254 2100 a
1307 2044 1430 2101 loco
1455 2043 1600 2102 unde

55 2131 286 2202 machinae
333 2133 617 2202 dissoluta:
665 2151 762 2206 per
806 2137 1050 2192 membra
1089 2137 1597 2208 comportabantur,

55 2237 199 2291 usque
223 2221 287 2277 ad
314 2241 444 2290 eum
469 2221 652 2280 locum
683 2227 774 2282 ubi
801 2230 1285 2290 construebantur.
1314 2229 1472 2285 Mane
1499 2245 1605 2286 au—

54 2324 139 2369 tem
169 2315 300 2372 facto
345 2333 474 2372 cum
527 2319 791 2376 vidissent
835 2322 1123 2379 Sarraceni
1171 2323 1356 2378 omnia
1397 2321 1603 2378 instrn-

55 2417 206 2461 menta
231 2415 392 2479 atque
425 2410 679 2476 tentoria,
706 2421 974 2467 nocturno
989 2421 1232 2484 tempore
1249 2414 1380 2470 illuc
1401 2413 1601 2483 depor-

54 2503 163 2562 tata,
189 2498 603 2570 obstupuerunt.
650 2489 760 2558 Nec
809 2504 984 2558 solum
1038 2503 1381 2573 Sarracenis,
1409 2521 1602 2566 verum

53 2587 189 2640 etiam
229 2589 386 2644 nobis
426 2590 480 2644 in
532 2601 811 2662 stuporem
849 2595 1029 2649 fiebat.
1080 2594 1367 2652 Manifeste
1401 2595 1606 2655 etenim

57 2679 199 2746 potuit
223 2683 456 2752 quisque
485 2699 816 2754 cognoscere
849 2685 1024 2742 fidelis
1064 2687 1211 2758 quod
1255 2704 1455 2744 manus
1497 2687 1602 2760 Do.-

57 2769 165 2824 mini
211 2774 492 2829 nobiscum
542 2785 678 2831 erat.
714 2773 839 2833 Ilmc
887 2788 1067 2834 autem
1099 2781 1510 2852 transmigratio
1533 2765 1605 2837 δι)

56 2859 139 2918 hoc
167 2864 292 2920 facta
322 2876 408 2923 est
435 2869 564 2938 quia
608 2869 761 2925 locus
786 2871 982 2940 planus
1011 2881 1149 2940 erat,
1191 2881 1246 2928 et
1276 2874 1606 2930 conveniens

57 2954 403 3015 instrumentis
434 2962 500 3016 ad
523 2953 739 3017 murum
762 2963 1141 3036 adjungendis,
1165 2982 1289 3036 qua:
1314 2982 1424 3022 non
1448 2975 1604 3037 pote-

60 3058 159 3102 rant
181 3050 276 3104 nisi
305 3067 402 3122 per
441 3053 602 3122 plana
632 3055 892 3122 conduci;
925 3065 978 3110 et
1001 3057 1166 3112 etiam
1214 3058 1285 3113 ob
1321 3057 1448 3124 hoc,
1475 3058 1604 3128 quia

60 3137 130 3192 illa
154 3157 265 3210 pars
295 3145 449 3200 urbis
492 3145 757 3208 inﬁrmior
781 3162 903 3204 esse
927 3149 1232 3216 videbatur,
1271 3149 1398 3220 quia
1445 3149 1606 3222 longe

61 3238 250 3288 steterat
275 3252 308 3290 a
335 3237 562 3303 castris,
600 3237 886 3293 immunita
929 3239 1020 3294 illa
1054 3256 1183 3310 pars
1214 3251 1558 3299 remanserat
1590 3261 1604 3297 :

61 3315 163 3378 Haec
196 3335 372 3380 autem
414 3342 543 3397 pars
567 3327 802 3383 civitatis
835 3338 921 3384 est
962 3344 995 3384 a
1026 3331 1416 3400 septentrione.
1462 3330 1614 3388 Nihil

63 3413 214 3471 minus
239 3416 524 3473 laborabat
569 3435 754 3475 comes
777 3428 831 3476 et
869 3420 954 3476 sui
983 3421 1034 3476 in
1073 3432 1260 3478 monte
1290 3421 1421 3480 Sion
1449 3465 1466 3490 ,
1513 3425 1612 3496 qui

63 3513 130 3560 est
153 3508 345 3564 civitati
384 3509 450 3565 ad
480 3505 790 3578 meridiem,
837 3513 932 3569 sed
967 3513 1200 3572 habebat
1230 3524 1359 3572 tunc
1405 3517 1612 3574 multos

65 3597 345 3670 adjutores,
383 3603 591 3659 scilicet
622 3601 956 3662 Willelmum
1006 3606 1336 3676 Ebriacum,
1385 3618 1440 3664 et
1483 3625 1610 3666 cum

66 3702 116 3742 ro
136 3707 312 3747 clunes
345 3705 543 3750 nautas
587 3693 926 3761 Genuenses,
966 3698 1060 3768 qui
1091 3714 1261 3754 naves
1293 3715 1444 3768 suas,
1471 3701 1615 3756 sicut

67 3786 290 3862 superius
319 3789 686 3856 narravimus,
719 3789 860 3860 apud
882 3788 1090 3860 Joppen
1117 3792 1486 3861 perdiderant;
1519 3795 1614 3850 sed

65 3885 383 3934 extraxerunt
408 3880 476 3935 de
498 3880 732 3944 navibus
765 3880 882 3936 suis
913 3882 1110 3938 cordas
1131 3891 1186 3938 et
1209 3884 1436 3941 malleos
1460 3883 1614 3954 ferri,

69 3976 204 4038 atque
226 3969 420 4038 clavos,
449 3981 505 4028 et
528 3972 705 4028 ascias
725 4014 740 4040 ,
772 3982 936 4044 atque
960 3974 1221 4033 dolabras
1250 3985 1305 4033 et
1348 3993 1570 4036 secures
1598 4021 1614 4046 ,

70 4077 168 4130 qua:
201 4067 528 4136 permaxime
550 4068 708 4124 nobis
729 4069 1060 4126 necessaria:
1089 4069 1332 4127 fuerunt.
1361 4070 1467 4128 Sed
1485 4073 1617 4143 quid

70 4157 352 4212 moramur?
373 4157 608 4232 Jamque
621 4159 737 4216 dies
760 4175 953 4230 pugnae
971 4163 1282 4218 constituta:
1303 4164 1616 4232 advenerat,

69 4254 112 4306 rt;
129 4252 438 4320 oppugnatio
472 4251 710 4322 inempta
743 4261 844 4308 est.
868 4250 973 4308 Sed
1005 4254 1109 4310 hoc
1139 4271 1308 4310 unum
1332 4256 1387 4310 in
1427 4257 1618 4327 primis

70 4337 224 4396 dicere
262 4344 513 4400 volumus
551 4345 720 4416 quod,
765 4360 866 4416 pro
917 4346 1178 4416 opinione
1227 4348 1530 4406 multorum
1566 4359 1622 4413 et

73 4444 249 4503 nostra,
274 4453 444 4509 usque
479 4439 545 4493 ad
570 4439 854 4530 sexaginta
881 4439 1050 4494 millia
1073 4441 1362 4498 hominum
1393 4443 1610 4524 belligef

1683 582 1876 650 pugna
1903 569 2054 624 nullo
2081 571 2287 628 indicio
2313 574 2575 643 victoria},
2599 577 2697 632 sed
2717 591 2843 633 cum
2861 577 2974 648 jam
2997 583 3275 650 proxima-

1694 667 1816 714 rent
1843 675 1969 716 cum
2002 664 2278 722 machinis
2307 667 2375 721 ad
2407 683 2622 736 muros,
2645 675 2758 726 non
2783 669 2962 726 solum
2986 671 3191 742 lapides
3219 683 3277 730 et

1691 751 1907 823 sagittae
1924 795 1940 820 ,
1968 757 2328 814 verumetiam
2352 758 2500 830 ligna
2523 768 2582 816 et
2601 761 2801 832 stipula
2819 761 3272 834 projiciebantur,

1691 849 1748 898 et
1771 857 1938 914 super
1964 845 2080 900 hinc
2115 845 2279 918 ignis,
2306 856 2361 903 et
2385 848 2568 906 mallei
2589 849 2758 921 lignei
2781 850 3010 908 inroluti
3041 851 3190 923 pice,
3219 862 3278 911 et

1691 945 1819 988 cera
1843 973 1860 1000 ,
1895 941 1952 988 et
1981 935 2281 1005 sulphure,
2307 946 2363 993 et
2397 947 2557 1010 stupa
2577 948 2632 994 et
2655 939 2963 1010 panniculis
2991 941 3116 1014 igne
3143 958 3273 1000 suo.

1692 1023 1874 1102 censis
1899 1027 2332 1098 projiciehantur
2354 1031 2410 1086 in
2460 1031 2764 1090 machinas.
2796 1031 2996 1100 Mallei,
3026 1035 3274 1106 inquam,

1691 1117 1892 1174 clavati
1936 1118 2007 1174 ab
2041 1120 2192 1175 omni
2239 1129 2428 1191 parte,
2481 1131 2544 1178 ut
2569 1138 2789 1195 quaqua
2827 1135 2981 1196 parte
3009 1125 3273 1194 ferirent,

1694 1207 1984 1277 haererent,
2012 1219 2066 1265 et
2092 1211 2348 1268 haerendo
2380 1213 2800 1278 inflammarent.
2845 1215 3014 1290 Ligna
3051 1233 3182 1273 vero
3221 1227 3278 1274 et

1695 1299 1926 1371 stipulas
1969 1301 2091 1357 ideo
2127 1302 2406 1372 jacirbant
2430 1317 2491 1361 ut
2521 1307 2700 1366 saltim
2733 1308 2982 1364 incendia
3022 1309 3146 1370 inde
3178 1325 3274 1369 ac-

1693 1405 1858 1446 censa
1885 1394 2228 1448 retardarent
2251 1411 2388 1464 quos
2420 1412 2596 1466 neque
2619 1398 2830 1468 gladius
2859 1408 2914 1452 et
2935 1400 3041 1453 alta
3073 1401 3277 1456 moenia

1694 1484 2106 1541 retardarentur
2128 1527 2144 1553 ,
2176 1503 2278 1543 nec
2308 1488 2640 1558 profundum
2669 1491 2872 1545 vallum
2901 1493 3150 1563 retinere.
3179 1508 3278 1562 po—

1695 1584 1855 1632 terat.
1879 1577 2014 1632 Acta
2037 1588 2122 1633 est
2143 1578 2327 1650 itaque
2363 1596 2542 1649 pugna
2579 1581 2648 1644 ab
2673 1590 2796 1636 ortu
2831 1582 2966 1638 solis
3005 1595 3180 1653 usque
3209 1581 3280 1638 ad

1695 1683 1954 1724 occasum
1977 1669 2065 1725 die
2090 1670 2202 1736 illa,
2242 1670 2315 1725 ita
2339 1671 2662 1730 mirabiliter
2699 1680 2762 1726 ut
2801 1687 3075 1743 nusquam
3116 1673 3280 1727 mira-

1694 1759 1861 1816 bilius
1885 1761 2088 1832 aliquid
2117 1775 2328 1832 gestum
2353 1779 2474 1818 esse
2503 1763 2778 1820 credatur.
2808 1763 2876 1818 Et
2894 1764 3073 1819 adhuc
3108 1763 3282 1819 Deum

1699 1853 2132 1925 omnipotentem
2165 1855 2359 1910 ducem
2389 1871 2456 1911 ac
2488 1857 2879 1912 conductorem
2909 1864 3160 1911 nostrum
3183 1869 3284 1925 ap-

1697 1933 2058 2018 pellabamus,
2087 1947 2424 2005 conﬁdentes
2449 1949 2518 2004 de
2558 1949 2679 2018 ejus
2719 1947 3114 2005 misericordia.
3161 1947 3283 2004 Nox

1697 2046 1880 2097 autem
1905 2039 2225 2105 adveniens,
2257 2050 2552 2112 utrumque
2579 2040 2832 2096 timorem
2869 2049 3119 2098 nostrum
3150 2055 3286 2095 con~

1698 2129 2014 2200 duplicavit.
2043 2129 2353 2188 Metuebant
2374 2132 2520 2186 enim
2553 2131 2840 2186 Sarraceni
2863 2147 2930 2186 ne
2950 2148 3046 2202 per
3068 2140 3282 2188 noctem

1699 2221 1894 2277 civitas
1932 2238 1964 2276 a
2013 2221 2216 2278 nostris
2254 2232 2562 2293 caperetur,
2592 2223 2679 2277 vel
2725 2223 2975 2291 sequenti
2999 2222 3118 2288 die,
3165 2221 3288 2292 jam

1701 2317 1888 2373 fractis
1923 2318 2356 2374 antemuralibus
2380 2359 2395 2383 ,
2427 2326 2481 2372 et
2509 2317 2777 2386 completo
2808 2317 2981 2384 vallo,
3012 2316 3285 2372 citissime

1702 2427 1897 2468 murus
1926 2412 2328 2482 pervaderetur.
2358 2411 2429 2465 At
2453 2425 2584 2464 vero
2611 2409 2783 2464 nostri
2811 2410 2917 2464 hoc
2959 2409 3139 2464 solum
3171 2423 3288 2463 mc-

1703 2505 1948 2570 tuebant,
1979 2519 2049 2559 ne
2078 2503 2328 2559 admotas
2363 2502 2646 2558 machinas
2682 2501 2868 2571 aliquo
2887 2501 3053 2554 modo
3083 2499 3285 2554 Sarra-

1704 2598 1825 2654 ceni
1875 2597 2248 2663 incenderent,
2286 2606 2342 2652 et
2386 2595 2468 2651 sic
2499 2594 2960 2651 confortarentur.
2993 2592 3296 2663 Propterea

1704 2688 1775 2748 tib
1797 2687 2049 2757 utrisque
2070 2685 2354 2753 custodia»,
2379 2685 2448 2741 ab
2483 2685 2728 2754 utrisque
2755 2683 2909 2738 labor
2937 2683 3007 2738 ab
3040 2682 3290 2752 utrisque
3363 2723 3368 2730 .

1706 2780 1992 2836 insomnes
2047 2795 2214 2835 curae.
2247 2777 2408 2845 Hinc,
2440 2793 2566 2848 spes
2594 2775 2936 2842 certissima;
2983 2774 3152 2841 illinc,
3183 2773 3288 2829 du-

1706 2873 1832 2936 bius
1867 2873 2051 2927 timor.
2100 2871 2482 2942 Operabantur
2525 2871 2617 2926 isti
2644 2885 2747 2942 pro
2783 2868 2896 2924 Deo
2919 2910 2933 2936 ,
2967 2868 3287 2939 spontanei,

1706 2982 1874 3036 opera
1907 2965 1974 3022 ad
2015 2963 2375 3035 capiendum;
2409 2963 2777 3034 operabantur
2807 2959 2884 3016 illi
2933 2975 3036 3031 pro
3079 2960 3292 3031 legibus

1706 3057 2011 3112 Bahumeth
2055 3056 2231 3123 inviti,
2267 3072 2430 3128 opera
2473 3056 2540 3111 ad
2569 3053 2959 3110 resistendum.
3007 3051 3139 3121 Qute
3161 3067 3304 3105 vero-

1635 3184 1681 3248 C
1709 3159 1764 3206 et
1785 3150 1967 3221 qualia
1988 3149 2271 3206 molimina
2297 3149 2367 3204 ab
2389 3148 2638 3219 utrisque
2655 3163 2754 3218 per
2775 3152 2988 3248 noctem
3017 3145 3157 3201 facta
3183 3143 3296 3200 fus-

1713 3245 1844 3310 rint,
1874 3242 2124 3299 mirabile
2171 3242 2396 3298 credite.
2447 3240 2604 3296 Mane
2652 3249 2834 3296 autem
2874 3237 3018 3298 facto
3043 3281 3058 3305 ,
3095 3247 3296 3296 tantus

1711 3332 1872 3386 ardor
1909 3332 2112 3387 nostris
2141 3331 2424 3399 incubuit,
2456 3340 2517 3388 ut
2544 3345 2720 3402 usque
2749 3329 2815 3386 ad
2849 3344 3038 3384 muros
3067 3343 3292 3400 progre-

1710 3422 1988 3492 deremur,
2011 3432 2066 3479 ct
2087 3425 2371 3480 machinas
2396 3425 2526 3480 illuc
2553 3424 2912 3482 deducerunt.
2942 3422 3012 3476 At
3038 3421 3295 3476 Sarrace-

1712 3513 1768 3576 ni
1795 3522 1975 3575 tantas
2000 3515 2285 3572 machinas
2307 3514 2552 3574 fecerant
2580 3523 2640 3570 ut
2675 3513 2971 3585 unicuique
2993 3511 3061 3569 de
3089 3512 3297 3567 nostris

1714 3623 1910 3663 novem
1935 3608 2018 3662 vel
2061 3607 2248 3665 decem
2289 3617 2712 3679 apponerentur,
2744 3616 2910 3677 atque
2950 3605 3032 3661 sic
3061 3605 3296 3660 multum

1713 3701 1996 3756 molimina
2026 3709 2216 3756 nostra
2260 3700 2646 3770 impediebant.
2680 3698 2748 3754 Et
2787 3708 2970 3754 tamen
3016 3697 3133 3752 lucc
3175 3696 3310 3752 dies-

1715 3809 1860 3848 nona
1880 3801 2018 3860 erat,
2044 3792 2115 3848 de
2143 3808 2252 3863 qua
2286 3792 2545 3849 sacerdos
2572 3791 2806 3858 dixerat,
2837 3789 2985 3861 quod
3018 3802 3193 3858 usque
3228 3787 3300 3844 ad

1715 3901 1836 3942 eam
1862 3885 2055 3942 civitas
2074 3894 2381 3956 caperetur.
2413 3883 2520 3940 Sed
2540 3883 2672 3955 quid
2700 3883 2929 3940 nimiam
2955 3896 3168 3937 moram
3191 3880 3301 3951 agi—

1716 3979 1884 4034 mus?
1914 3975 2034 4033 Jam
2061 3979 2332 4036 machinae
2378 3987 2583 4035 nostra:
2631 3977 3036 4051 quassabantur
3081 3976 3148 4031 ad
3188 3983 3301 4032 tam

1718 4071 1944 4127 crebros
1979 4071 2223 4142 lapidum
2272 4072 2418 4128 ictus
2443 4113 2458 4137 ,
2496 4081 2552 4127 et
2565 4072 2680 4126 viri
2711 4069 3033 4128 deﬁciebant
3083 4067 3299 4135 nostri,

1719 4165 2041 4228 multimode
2067 4162 2367 4236 defatigati.
2404 4164 2508 4220 Sed
2539 4165 2780 4220 restabat
2806 4164 2985 4219 adhuc
3012 4161 3106 4217 Dei
3131 4162 3300 4216 mise-

1717 4258 1977 4325 ricordia,
2003 4273 2286 4329 nunquam
2299 4257 2699 4330 expugnabilis,
2723 4267 2995 4326 nusquam
3021 4262 3300 4324 superata,

1720 4349 1774 4405 in
1807 4349 2254 4408 tribulationibus
2279 4365 2496 4420 semper
2517 4356 2851 4419 opportuna.
2884 4344 2990 4402 Sed
3021 4346 3126 4402 hoc
3159 4357 3304 4415 prte-

1721 4443 1886 4498 terire
1913 4457 2024 4498 non
2048 4443 2210 4499 libuit
2235 4443 2384 4514 quod
2409 4442 2541 4498 dum
2570 4441 2695 4497 duae
2725 4439 2986 4496 mulieres
3005 4437 3304 4510 petrariam

73 4539 282 4586 ratorum
311 4541 466 4588 erant
500 4531 640 4588 infra
671 4533 944 4588 civitatem
965 4575 980 4601 ,
1015 4534 1258 4604 exceptis
1289 4535 1533 4605 parvulis
1565 4543 1624 4592 et.
1654 4547 1698 4602 D
1723 4552 1890 4593 unam
1913 4537 1980 4594 de
2006 4539 2210 4594 nostris
2233 4537 2501 4594 fascinare
2528 4537 2748 4605 vellent,
2786 4536 2926 4607 lapis
2957 4535 3185 4591 viriliter
3209 4551 3315 4589 ex-

75 4619 458 4693 mulieribus,de
470 4623 676 4694 quibus
697 4638 804 4678 non
820 4633 939 4678 erat
955 4640 1240 4686 numerus.
1256 4623 1398 4688 Etde
1413 4625 1622 4692 nostris

74 4707 127 4762 ad
150 4725 284 4766 arma
309 4713 567 4780 valentes,
593 4713 646 4767 in
671 4723 937 4796 quantum
962 4730 1064 4771 nos
1085 4711 1492 4782 existimamus,
1518 4731 1620 4770 nu-

74 4815 254 4868 merum
277 4806 559 4862 duodecim
597 4807 829 4867 millium
871 4824 981 4862 non
1009 4810 1492 4876 transcendebant,
1526 4810 1622 4865 sed

76 4888 372 4953 habebamus
402 4898 606 4954 multos
627 4898 833 4953 debiles
856 4907 1018 4969 atque
1043 4915 1331 4970 pauperes.
1367 4899 1432 4957 Et
1468 4909 1628 4956 erant

78 4982 119 5036 in
141 4990 357 5044 exercitu
381 4999 572 5046 nostro
596 4990 746 5046 mille
775 4991 993 5046 ducenti
1018 4993 1101 5047 vel
1133 4993 1359 5050 trecenti
1400 4991 1620 5059 milites,

78 5086 125 5143 ut
152 5094 240 5149 ego
267 5083 517 5148 arbitror,
551 5099 660 5137 non
686 5083 941 5154 amplius.
970 5083 1096 5139 ΙΙωο
1122 5095 1304 5140 autem
1329 5085 1455 5141 ideo
1479 5085 1625 5142 dixi-.

79 5181 198 5236 mus,
227 5184 281 5227 ut
325 5174 635 5246 intelligatis
667 5175 814 5246 quod
853 5177 970 5252 sive
1010 5177 1238 5248 grande,
1290 5178 1404 5234 sive
1427 5195 1622 5248 parum

80 5259 154 5324 sit,
177 5264 310 5332 quod
337 5265 394 5336 in
435 5267 657 5322 nomine
683 5265 904 5323 Domini
929 5267 1208 5340 incipitur,
1243 5270 1380 5326 nihil
1419 5271 1628 5328 frustra.

59 5354 290 5424 ‘Crcnire;
324 5359 466 5428 quod
507 5360 850 5431 subsequens
876 5360 1072 5432 pagina
1119 5363 1380 5420 continet.
1408 5362 1481 5420 Ut
1517 5379 1620 5420 au-

83 5450 169 5498 tem
210 5450 370 5504 nostri
410 5461 589 5509 turres
638 5469 703 5508 ac
733 5469 922 5510 muros
969 5454 1184 5512 minare
1212 5467 1517 5528 eruperunt,
1553 5459 1626 5516 ab

82 5535 209 5589 omni
239 5550 384 5609 parte
408 5543 666 5604 volabant
699 5544 910 5616 lapides
961 5548 1180 5604 excussi
1232 5565 1264 5605 a
1298 5551 1630 5619 tormentis,

84 5635 221 5695 atqlie
240 5635 520 5704 pctrariis;
545 5645 600 5694 et
631 5637 840 5712 sagittae
863 5647 926 5706 ut
943 5641 1153 5712 grando
1175 5641 1634 5704 innumerabiles.

88 5713 174 5778 Sed
209 5721 304 5780 ista
334 5727 602 5796 patienter
640 5730 782 5788 servi
814 5719 912 5788 Dei
951 5733 1319 5800 sustinebant.
1367 5737 1628 5794 habentes

89 5806 191 5868 ﬁdei
218 5817 564 5886 propositum,
593 5823 738 5894 quod
773 5823 856 5878 vel
901 5825 1308 5894 occumbcrcnt,
1355 5828 1434 5886 vel
1480 5824 1640 5898 quod.

1723 4643 1960 4696 cussus,
1997 4628 2672 4685 mulierescarrrinr-ntes
2716 4637 2843 4684 cum
2899 4626 3076 4682 tribus
3118 4624 3306 4695 pueris

1727 4721 1914 4787 allisit,
1971 4734 2136 4791 atque
2195 4719 2483 4780 animabus
2552 4719 2802 4776 excussis
2834 4760 2849 4782 ,
2905 4714 3306 4771 incantationes

1729 4813 1927 4872 avertit
1954 4833 1966 4867 :
1992 4827 2229 4882 cumque
2257 4811 2372 4883 jam
2419 4812 2564 4866 circa
2601 4810 2882 4864 meridiem
2909 4819 3104 4861 omnes
3133 4804 3316 4858 nostri

1728 4905 2206 4970 conturbarentur,
2231 4911 2342 4958 tam
2372 4902 2694 4958 lassitudine
2715 4913 2880 4969 quam
2907 4895 3304 4966 desperatione,

1727 4998 1928 5068 quippe
1969 5013 2094 5053 cum
2119 4995 2417 5065 unicuique
2451 4994 2518 5049 dc
2549 4991 2750 5048 nostris
2781 4991 2966 5060 plures
3011 4987 3306 5042 adversarii

1729 5089 2077 5154 resisterent;
2130 5095 2393 5158 praeterea
2440 5099 2633 5139 murus
2667 5081 3016 5137 ﬁrmissimus
3044 5088 3097 5134 et
3123 5079 3266 5134 altus
3288 5085 3320 5148 ,‘

1731 5189 1788 5236 et
1818 5181 1990 5236 multa
2011 5179 2169 5249 copia
2189 5186 2354 5247 atque
2374 5173 2772 5246 opportunitas,
2806 5187 2930 5242 qute
2963 5169 3212 5226 hostibus
3239 5177 3322 5222 Μ·

1727 5274 2009 5331 munimen
2035 5315 2050 5338 ,
2104 5271 2263 5326 nobis
2312 5279 2495 5326 autem
2540 5267 2788 5322 adversa.
2822 5264 2967 5320 Inter
2993 5261 3327 5334 hujusmodi‘

1727 5363 2000 5420 defectum
2043 5370 2294 5418 nostrum
2321 5404 2335 5426 ,
2379 5368 2436 5416 et
2463 5358 2704 5414 hostium
2733 5356 3184 5422 exsultationem,
3213 5369 3308 5412 ac-

1727 5455 1897 5514 cessit
1929 5453 2224 5511 mediatrix
2251 5453 2345 5508 Dei
2371 5451 2769 5517 misericordia,
2806 5465 2930 5521 quae
2971 5450 3177 5504 luctum
3205 5461 3308 5502 no-

1728 5559 1905 5610 strum
1929 5549 1984 5605 in
2013 5546 2274 5620 gaudium
2305 5545 2594 5611 convertit,
2615 5545 2763 5616 quod
2788 5543 2938 5598 nulla
2963 5542 3080 5596 dies
3102 5557 3134 5595 a
3154 5539 3326 5594 nobis

1728 5641 1960 5704 auferat.
2017 5640 2228 5697 Etenim
2264 5639 2554 5698 consilium
2613 5637 2974 5709 quorumdam
3011 5635 3124 5704 jam
3183 5645 3328 5700 ager:

1732 5737 1912 5804 batur,
1945 5742 2006 5791 ut
2052 5733 2324 5790 machinae
2375 5741 2575 5788 nostra:
2623 5731 3034 5786 reducerentur,
3075 5725 3326 5792 quarum‘

1731 5844 1861 5902 pars
1887 5827 2196 5894 combusta,
2226 5827 2390 5882 altera
2419 5831 2782 5894 conquassata
2809 5819 3001 5874 fuerat.
3031 5813 3168 5874 Tum
3185 5825 3310 5870 ecce
