3846 6306
495 375 604 441 659

1067 372 1160 427 AD
1194 369 1644 430 GODEFRIDUM
1681 367 1973 426 APPEND.
2009 369 2075 424 ll.
2118 403 2187 412 —
2228 371 2505 428 MONUM.
2548 372 2635 425 DE
2673 371 2897 429 BELLO
2934 370 3178 429 SACRO.

3633 381 3714 438 660

493 490 655 558 miles
692 487 940 559 quidam,
995 489 1064 545 de
1108 500 1296 547 monte
1324 488 1518 545 Oliveti
1567 503 1694 542 cum
1744 488 1934 558 clypeo
1971 500 2075 542 suo
2101 489 2151 549 Α
2178 488 2302 558 fecit
2349 488 2634 559 Dominus,
2659 489 2978 542 exsultemus
3020 496 3069 542 et
3099 489 3339 554 testemur
3374 503 3428 577 in
3472 505 3528 542 ca
3565 490 3710 559 (Ρεαι,

495 583 764 638 ventilare
792 581 977 652 coepit,
1025 580 1092 636 ad
1120 597 1216 637 eos
1256 581 1349 652 qui
1374 587 1530 636 erant
1553 579 1620 633 de
1649 587 1801 649 parte
1826 577 2076 647 comitis,

491 683 547 732 et
574 671 643 727 ad
671 671 812 727 alios
840 679 901 727 ut
931 671 1358 742 ingrederentur.
1403 669 1540 736 Quis
1565 678 1748 724 autem
1777 668 1878 724 iste
1909 670 2067 726 miles

494 763 682 831 fuerit,
708 777 1043 835 cognoscere
1071 777 1180 816 non
1224 761 1524 832 potuimus.
1573 759 1689 816 Hoc
1713 762 1873 831 signo
1900 761 2077 817 nostri

494 853 787 911 confortati
811 855 904 926 qui
928 855 1042 926 jam
1071 853 1442 925 languebant,
1476 863 1760 924 coeperunt
1801 855 2080 911 incurrere

494 945 692 1012 muris,
721 945 812 1001 alii
840 954 1022 1001 autem
1058 947 1253 1012 scalas,
1304 955 1359 1001 et
1403 944 1563 1002 funes
1592 960 1813 1002 sursum
1859 945 2075 1017 injicie-

493 1035 644 1094 bant.
683 1035 950 1092 Praeterea
977 1034 1201 1106 quidam
1223 1034 1454 1104 juvenes
1483 1035 1756 1104 iguierant
1800 1035 2027 1107 sagittas
2057 1078 2072 1104 ,

491 1135 546 1190 et
593 1127 989 1198 sagittaverunt
1015 1127 1294 1194 culcitras,
1341 1127 1544 1198 quibus
1571 1129 1919 1184 muniebatur
1947 1144 2077 1199 pro-

491 1216 859 1286 pugnaculum
882 1218 1028 1286 quod
1054 1215 1341 1272 Sarraceni
1366 1217 1629 1286 fecerant,
1654 1227 1843 1275 contra
1872 1228 2078 1276 turrem

490 1306 726 1376 ligneam
775 1308 932 1364 ducis
975 1318 1030 1364 et
1081 1310 1318 1365 duorum
1355 1309 1658 1379 comitum;
1706 1321 1867 1367 erant
1897 1321 2078 1368 autem

486 1396 739 1458 euleitree
758 1399 826 1454 de
851 1401 1154 1470 gambasio.
1193 1400 1271 1458 ibi
1298 1401 1482 1472 itaque
1504 1402 1648 1473 ignis
1686 1417 1954 1460 accensus
1999 1403 2079 1460 ef-

485 1486 695 1559 fugavit
713 1505 812 1546 eos
842 1491 940 1561 qui
958 1490 1324 1547 defendebant
1345 1491 1726 1549 munitionem.
1752 1493 1892 1549 Tum
1929 1495 2079 1550 velo~

2179 596 2345 648 c-xvn,
2369 581 2484 650 25),
2508 581 2635 651 quia
2678 582 2731 636 in
2774 582 2876 636 hac
2913 580 3093 635 illuxit
3114 589 3170 634 et
3205 579 3481 634 benedixit
3498 578 3716 643 Dominus

2179 671 2382 741 populo
2406 687 2526 726 suo.
2555 669 2614 726 lu
2635 672 2740 734 hac
2757 671 2845 727 die
2860 670 3465 738 dominusAdemams,
3479 667 3716 732 Podicnsis

2178 764 2490 835 episcopus,
2535 779 2565 831 a
2610 764 2797 820 multis
2839 764 2895 818 in
2940 763 3160 820 civitate
3199 763 3356 818 visus
3386 771 3490 818 est.
3509 761 3716 824 Etetiam

2179 855 2336 910 multi
2379 841 2447 910 de
2486 870 2552 911 eo
2611 864 2883 912 testantur
2941 855 3089 928 quod
3141 857 3260 930 ipse
3299 854 3508 926 primus
3541 872 3718 916 murum

2179 946 2502 1017 ascendens,
2547 947 2616 1002 ad
2656 947 3060 1011 ascendentium
3102 947 3284 1011 socios
3316 955 3479 1018 atque
3502 951 3718 1029 populum

2177 1038 2315 1094 iuvit
2335 1038 2463 1095 bat.
2503 1038 2560 1094 In
2583 1041 2688 1096 hac
2714 1049 2896 1096 autem
2921 1041 3011 1102 die
3029 1040 3187 1110 eiecti
3213 1040 3446 1111 apostoli
3479 1041 3542 1096 ab
3566 1041 3717 1099 Hiero-

2179 1130 2426 1203 solymis,
2456 1149 2550 1202 per
2575 1133 2890 1188 universum
2925 1133 3193 1189 mundum
3224 1133 3460 1212 dispersi
3502 1145 3633 1190 sunt.
3672 1122 3732 1198 In.

2179 1221 2282 1276 hac
2325 1222 2514 1277 eadem
2559 1223 2667 1291 die,
2711 1225 3086 1294 apostolorum
3128 1221 3249 1292 lilii,
3281 1223 3395 1280 Deo
3438 1232 3491 1280 et
3517 1227 3724 1295 patribus

2177 1312 2369 1368 urbem
2392 1322 2446 1370 et
2465 1314 2695 1384 patriam
2718 1315 3150 1370 vindicaverunt.
3176 1313 3304 1370 Haec
3323 1314 3444 1371 dies
3464 1316 3722 1374 celebratur
3738 1295 3762 1368 is

2179 1403 2308 1461 ldus
2328 1405 2479 1474 Julii,
2503 1407 2570 1462 ad
2594 1407 2807 1463 laudem
2835 1415 2890 1463 et
2909 1407 3136 1480 gloriam
3159 1407 3405 1463 nominis
3425 1407 3629 1474 Christi,
3649 1410 3722 1480 qui

2179 1497 2327 1553 dedit
2346 1500 2602 1569 precibus
2633 1498 2890 1555 Ecclesia:
2920 1515 3033 1554 suae
3060 1499 3254 1554 urbem
3275 1506 3331 1554 et
3350 1500 3571 1570 patriam
3589 1516 3722 1570 quam

485 1579 622 1642 citer
647 1581 759 1638 dux
791 1589 846 1637 ct
871 1583 968 1652 qui
993 1597 1119 1657 cum
1145 1598 1212 1638 eo
1239 1591 1400 1638 erant
1429 1583 1711 1640 solverunt
1744 1592 1950 1640 cratem
1981 1585 2076 1640 de-
2173 1588 2378 1660 juravit
2409 1591 2676 1661 patribus,
2713 1599 2766 1645 et
2792 1591 3029 1646 reddidit
3068 1591 3124 1645 in
3166 1590 3274 1647 [ide
3301 1599 3359 1646 et
3392 1591 3726 1648 benedictione

491 1685 716 1730 sursum
733 1689 842 1742 qua
870 1675 1261 1730 muniebantur
1284 1675 1559 1730 anteriora
1585 1677 1752 1732 turris
1772 1677 2073 1744 conductae,

487 1778 520 1817 a
542 1779 766 1823 summo
793 1779 966 1835 usque
1003 1765 1073 1820 ad
1109 1765 1349 1822 medium
1391 1774 1557 1836 atque
1595 1767 1674 1822 sic
1703 1765 1848 1822 facto
1869 1777 2034 1837 ponte
2056 1809 2072 1834 ,

2180 1682 2324 1739 ﬁliis.
2365 1681 2424 1737 In
2463 1684 2566 1738 hac
2601 1684 2688 1738 die
2710 1683 2944 1738 cilicium
2965 1683 3033 1738 de
3065 1683 3465 1739 resurrectione
3515 1685 3724 1738 cantavi-

2178 1795 2326 1844 mus,
2353 1778 2479 1848 quia
2503 1778 2556 1832 in
2590 1779 2711 1843 hac,
2747 1779 2835 1832 ille
2859 1778 2951 1848 qui
2984 1793 3082 1839 sua
3105 1776 3306 1832 virtute
3330 1792 3363 1831 a
3387 1777 3605 1831 mortuis
3622 1793 3721 1841 sur-

485 1857 1362 1930 viriliteretimperterritiiutrare
1380 1861 1434 1915 in
1455 1859 1752 1916 Jerusalem
1771 1870 2072 1932 coeperunt.
2106 1852 2151 1912 Β
2183 1871 2339 1936 τοκῆι,
2365 1885 2461 1941 per
2479 1869 2707 1941 gratiam
2752 1887 2910 1926 suam
2945 1887 3044 1926 nos
3081 1869 3450 1927 resuscitavit.
3486 1869 3548 1925 Et
3567 1871 3627 1926 de
3656 1871 3726 1938 his

482 1947 634 2010 Inter
658 1950 867 2020 primos
905 1966 1038 2007 vero
1085 1952 1367 2023 ingressus
1387 1961 1470 2009 est
1495 1951 1835 2021 Tancredus,
1885 1962 1940 2008 et
1964 1955 2075 2009 dux

487 2037 876 2111 Letharingim,
893 2041 985 2111 qui
1005 2043 1600 2114 quantumsanguinem
1622 2057 1686 2098 ea
1701 2043 1790 2098 die
1803 2041 2068 2110 fuderint,

488 2131 578 2186 vix
605 2141 692 2189 est
703 2133 980 2189 credibile.
997 2133 1129 2189 Post
1149 2135 1274 2190 illos
1291 2143 1472 2190 autem
1485 2135 1848 2191 ascendebant
1861 2152 2074 2202 omnes;

491 2235 548 2282 et
573 2224 860 2281 Sarraceni
883 2227 996 2296 jam
1014 2228 1380 2297 patiebantur.
1412 2228 1515 2283 Sed
1530 2229 1729 2284 mirum
1753 2229 1900 2299 quod
1915 2230 2077 2284 modo

483 2317 664 2377 dicam
695 2338 706 2372 :
732 2316 982 2388 Cumque
1007 2320 1122 2389 jam
1152 2320 1345 2376 civitas
1373 2335 1511 2390 pene
1557 2329 1803 2390 correpta
1849 2330 1996 2375 esset
2044 2337 2074 2375 a

486 2407 862 2480 Francigenis,
893 2409 1073 2466 adhuc
1098 2420 1280 2466 tamen
1305 2412 1636 2467 resistebant
1669 2413 1955 2467 Sarraceui
1991 2411 2077 2467 his

483 2501 580 2571 qui
609 2509 766 2557 erant
791 2502 858 2558 de
888 2511 1042 2572 parte
1073 2503 1312 2570 comitis,
1342 2518 1408 2559 ac
1432 2504 1477 2559 si
1514 2518 1797 2574 nunquam
1825 2503 2075 2574 capiendi

484 2601 690 2666 essent.
721 2593 833 2652 Sed
858 2610 982 2650 cum
1008 2594 1124 2666 jam
1151 2595 1328 2650 nostri
1350 2595 1630 2650 moenibus
1655 2596 1969 2665 potirentur
1989 2594 2073 2650 ci-

479 2687 688 2753 vltatis,
720 2697 774 2742 et
809 2687 1074 2754 turribus,
1102 2697 1235 2744 tunc
1283 2697 1402 2744 erat
1427 2688 1612 2744 videre
1637 2687 1931 2742 mirabilia.
1969 2688 2077 2742 Alii

485 2794 728 2850 namque
764 2778 1005 2846 illorum,
1036 2779 1181 2848 quod
1214 2779 1386 2834 levius
1432 2787 1576 2845 erat,
1604 2779 2078 2834 obtruncabantur

483 2872 789 2942 capitibus,
837 2871 926 2926 alii
959 2879 1142 2927 autem
1192 2871 1454 2942 sagittati,
1485 2872 1559 2927 de
1596 2871 1847 2926 turribus
1875 2871 2077 2925 saltare

486 2964 858 3034 cogebantur;
893 2961 986 3018 alii
1030 2978 1160 3018 vero
1199 2961 1511 3019 diutissime
1554 2963 1704 3029 torti,
1749 2969 1804 3016 et
1857 2961 2078 3031 ignibus

485 3052 670 3109 adusti
731 3052 1253 3108 ﬂammeriebantur.
1304 3051 1643 3108 Videbantur
1679 3066 1778 3121 per
1820 3051 1974 3106 vicos
2023 3060 2079 3106 et

482 3155 698 3230 plateas
728 3153 964 3211 civitatis
991 3170 1214 3228 aggeres
1236 3155 1500 3228 capitum,
1530 3163 1584 3210 et
1610 3170 1876 3210 manuum
1909 3164 2076 3224 atque

482 3235 705 3315 pedum.
770 3244 872 3301 Per
919 3246 1182 3302 cadavera
1224 3262 1352 3302 vero
1403 3247 1638 3317 publice,
1699 3245 1987 3301 hominum
2021 3255 2076 3301 et

483 3338 733 3407 equitum
756 3337 1041 3392 discursus
1063 3347 1200 3392 erat.
1231 3337 1335 3393 Sed
1357 3354 1524 3409 parva
1549 3346 1604 3393 et
1624 3353 1798 3409 pauca
1828 3338 1932 3393 ista
1954 3354 2078 3409 quae

487 3431 752 3485 diximus.
788 3430 893 3485 Sed
923 3431 989 3486 ad
1018 3431 1281 3502 templum
1313 3430 1626 3487 Salomonis
1646 3431 1958 3500 veniamus,
1982 3432 2077 3486 ubi

484 3539 618 3580 suos
647 3524 795 3581 ritus
821 3534 984 3596 atque
1013 3525 1386 3585 solemnitates
1410 3534 1634 3581 cantare
1665 3525 1933 3581 solebant.
1971 3524 2078 3582 Sed

483 3617 616 3687 quid
651 3617 732 3673 ibi
755 3616 962 3674 factum
985 3627 1070 3674 est
1087 3619 1115 3673 ?
1140 3617 1198 3673 Si
1225 3635 1416 3675 verum
1439 3618 1696 3687 dicimus,
1727 3617 1888 3674 fidem
1911 3633 2074 3684 exce-

485 3708 690 3765 dimus.
730 3709 838 3766 Sed
888 3719 1101 3766 tantum
1158 3712 1264 3767 hoc
1319 3711 1526 3768 dixisse
1573 3711 1806 3768 suiliciat
1833 3712 1978 3783 quod
2021 3712 2078 3767 in

485 3804 692 3874 templo
715 3811 770 3859 et
797 3804 850 3858 iu
876 3804 1091 3875 porticu
1125 3804 1456 3873 Salomonis,
1485 3805 1838 3876 equitabatur
1865 3807 1920 3862 in
1947 3823 2079 3863 san-

486 3894 652 3963 guiue
676 3910 854 3965 usque
885 3896 954 3950 ad
979 3912 1178 3967 genua,
1210 3906 1265 3952 et
1293 3913 1470 3968 usque
1501 3899 1568 3953 ad
1594 3897 1781 3954 frenos
1809 3914 2078 3970 equorum

482 3985 637 4055 justo
690 3987 944 4058 miroque
998 3988 1092 4043 Dei
1120 3988 1350 4060 judicio,
1390 3999 1445 4045 ut
1478 3991 1634 4046 locus
1684 3991 1828 4047 idem
1884 4006 2079 4047 eorum

487 4075 814 4146 sanguinem
835 4077 1132 4149 exciperet,
1159 4091 1394 4151 qu‘orum
1431 4082 1800 4153 blasphemias
1825 4083 1881 4148 in
1907 4081 2081 4137 Deum

485 4175 602 4220 tam
639 4167 804 4238 longo
838 4177 1084 4242 tempore
1135 4173 1452 4240 pertulerat.
1494 4172 1724 4244 Repleta
1767 4173 1953 4242 itaque
1987 4189 2082 4229 ca-

489 4257 786 4315 daveribus
839 4269 895 4317 et
916 4263 1182 4334 sanguine
1241 4265 1501 4330 civitate,
1569 4263 1935 4336 confugerunt
1994 4265 2088 4320 ali-

486 4346 680 4421 quanti
709 4349 777 4404 ad
807 4358 1013 4406 turrem
1050 4351 1244 4419 David,
1287 4362 1342 4408 et
1401 4360 1772 4423 poposcerunt
1805 4367 1836 4406 a
1871 4352 2074 4409 comite

493 4437 810 4513 Baimundo
864 4443 1178 4500 securitatis
1221 4445 1503 4513 dextram,
1545 4452 1600 4500 et
1640 4443 1998 4500 reddiderunt
2035 4447 2085 4502 ei

492 4545 676 4587 arcem
685 4573 698 4585 .

1029 4625 1260 4682 CAPUT
1298 4615 1543 4680 XXXIX.

561 4715 734 4786 Capta
764 4726 946 4772 autem
981 4719 1116 4772 urbe
1139 4733 1321 4789 operae
1350 4717 1584 4786 pretium
1623 4725 1741 4773 erat
1769 4718 1952 4774 videre
1986 4720 2084 4777 de-

2104 3199 2144 3255 C

2180 1965 2446 2021 hactenus
2470 1965 2676 2021 dictum
2699 1966 2792 2020 sit.

2781 2052 3011 2108 CAPUT
3048 2053 3164 2108 XL.

2185 2173 2190 2183 -
2251 2146 2493 2205 Peractis
2525 2149 2692 2221 igitur
2726 2163 2821 2204 sex
2841 2147 2929 2202 vel
2956 2155 3164 2218 septem
3197 2145 3416 2213 diebus,
3453 2145 3731 2202 solemnitcr

2179 2239 2238 2293 in
2261 2249 2452 2295 octava
2489 2239 2578 2295 die
2612 2247 2895 2310 creperum
2935 2251 3096 2310 agere
3141 2237 3442 2307 principes,
3475 2245 3534 2291 ut
3563 2236 3729 2306 aliquis

2183 2335 2474 2405 eligeretur
2507 2333 2563 2386 in
2593 2346 2807 2403 regem;
2841 2329 2937 2401 qui
2972 2329 3218 2386 omnium
3252 2344 3444 2384 curam
3476 2344 3672 2400 gerens,
3689 2338 3732 2382 et

2179 2425 2382 2480 tributa
2425 2423 2664 2495 regionis
2694 2423 2991 2491 colligeret,
3024 2429 3078 2475 et
3117 2419 3184 2476 ad
3209 2435 3374 2491 quem
3401 2421 3580 2491 plebes
3601 2430 3732 2474 terra:

2179 2521 2599 2582 reverterentur,
2623 2522 2678 2570 et
2697 2515 2788 2585 qui
2819 2512 3128 2584 provideret
3149 2527 3220 2566 ue
3243 2511 3476 2567 ulterius
3497 2510 3732 2567 desolare-

2177 2616 2286 2662 tur.
2331 2607 2580 2677 Cumque
2623 2607 2676 2662 id
2719 2613 2962 2679 agerent,
2998 2604 3312 2676 congregati
3348 2611 3478 2660 sunt
3514 2603 3579 2659 de
3613 2603 3732 2657 clero

2178 2702 2422 2771 quidam,
2451 2711 2503 2756 et
2537 2701 2877 2771 principibus
2901 2700 3155 2755 dixerunt
3184 2716 3199 2753 :
3223 2697 3532 2752 Laudamus
3557 2697 3733 2752 electio-

2179 2809 2295 2845 nem
2323 2800 2567 2858 vestram,
2585 2807 2759 2846 verum
2782 2791 2830 2845 si
2854 2799 2989 2845 recte
3007 2799 3059 2844 et
3087 2789 3334 2843 ordinate
3356 2789 3604 2859 faciatis:
3623 2789 3732 2850 sicut

2178 2889 2300 2934 sunt
2331 2889 2528 2935 wterna
2564 2882 2748 2951 priora
2779 2879 3176 2949 temporalibus,
3207 2880 3286 2933 sic
3316 2879 3575 2934 vicarium
3599 2878 3732 2950 spiri~

2181 2972 2377 3026 tantem
2403 2972 2580 3043 eligite
2607 2973 2760 3042 prius
2783 2989 2801 3037 ;
2829 2980 2947 3042 post
2981 2970 3092 3026 hac
3125 2972 3218 3042 qui
3245 2971 3400 3025 rebus
3423 2971 3631 3042 agendis
3655 2987 3733 3024 se.

2179 3065 2451 3118 nitaribus
2486 3065 2668 3134 prmsit
2696 3082 2715 3119 :
2748 3062 2984 3134 alioquin
3016 3063 3311 3117 invalidam
3339 3079 3453 3117 esse
3480 3079 3733 3128 censemus,

2180 3155 2486 3208 electionem
2519 3165 2766 3209 vestram.
2806 3152 3085 3226 Principes
3106 3169 3238 3211 vero
3271 3169 3397 3210 cum
3439 3157 3553 3212 huic
3585 3157 3734 3212 audis-

2178 3255 2297 3302 scnt
2346 3247 2470 3302 irati
2519 3247 2772 3314 nimium,
2821 3248 3140 3303 electionem
3190 3255 3378 3303 tamen
3415 3249 3735 3304 nihilominus

2177 3340 2288 3395 acc;
2310 3341 2571 3394 lcrabant.
2608 3341 2711 3394 Sed
2747 3341 3067 3394 imminutus
3091 3349 3208 3395 erat
3237 3340 3449 3410 clerus,
3472 3341 3644 3396 ablato
3661 3341 3734 3395 do-

2180 3433 2332 3486 mino
2357 3432 2647 3498 Ademaro,
2675 3430 2940 3488 Podiense
2964 3432 3241 3503 pontiﬁce,
3287 3433 3384 3503 qui
3417 3434 3476 3488 in
3511 3434 3618 3488 vita
3639 3448 3733 3499 sua,

2181 3527 2320 3580 alter
2350 3524 2580 3596 Moyses,
2612 3532 2860 3579 nostrum
2891 3524 3191 3581 exercitum
3224 3525 3393 3588 rebus
3435 3534 3490 3581 et
3520 3525 3736 3596 alloquiis

2181 3615 2382 3670 divinis
2410 3613 2729 3680 confovens,
2754 3613 3087 3669 continebat.
3109 3613 3241 3670 Post
3259 3615 3416 3670 illum
3440 3624 3614 3679 autem
3635 3627 3734 3669 cum

2181 3708 2490 3762 Willelmus
2525 3707 2928 3769 Aurasiceus'rs,
2957 3707 3039 3760 vir
3069 3707 3229 3763 bonae
3271 3708 3555 3763 memoria:
3578 3716 3627 3761 et
3645 3705 3736 3775 epi-

2184 3814 2404 3869 scapus,
2428 3811 2527 3866 pro
2551 3796 2760 3851 viribus
2785 3795 2944 3850 nobis
2973 3797 3231 3865 prodesse
3257 3799 3438 3865 vellet,
3464 3797 3610 3854 brevi
3629 3805 3736 3850 tem~

2183 3907 2313 3961 pore
2342 3891 2482 3959 apud
2518 3889 2748 3943 Murram
2781 3889 2834 3942 in
2881 3903 3015 3957 pace
3063 3889 3400 3958 conquievit.
3460 3887 3553 3944 Sic
3587 3889 3736 3957 itaque

2184 3983 2342 4038 bouis
2375 3981 2590 4046 ablatis,
2634 3980 2916 4034 humiliter
2963 3995 3023 4035 se
3081 3979 3265 4036 clerus
3311 3981 3528 4053 agebat,
3575 3988 3735 4051 prater

2185 4079 2497 4148 episcopum
2526 4075 2897 4130 Albariensem
2928 4082 2982 4129 et
3013 4073 3151 4130 alios
3165 4075 3736 4146 quosdam;episccpus

2187 4185 2423 4240 namque
2452 4166 2840 4221 Martrauensis
2867 4165 3026 4220 aliter
3058 4180 3222 4235 quam
3251 4174 3402 4221 recto
3433 4166 3618 4220 itinere
3639 4179 3737 4235 gra-

2187 4263 2360 4327 diens,
2395 4278 2516 4316 cum
2547 4257 3045 4313 Bethlehemiticam
3075 4257 3374 4314 Ecclesium
3403 4256 3738 4314 haudulenter

2189 4354 2535 4419 obtinuisset,
2575 4351 2753 4420 tertio,
2777 4351 2860 4405 vel
2908 4357 3107 4420 quarto
3149 4349 3238 4405 die
3267 4365 3300 4404 a
3333 4349 3638 4406 Sarracenis
3662 4362 3734 4401 ca-

2189 4455 2336 4517 ptus,
2367 4461 2638 4516 nusquam
2670 4443 2814 4498 inter
2841 4451 3056 4498 nostros
3087 4442 3417 4513 comparuit.
3454 4440 3635 4512 Spreta
3659 4440 3737 4493 ita.

2114 4546 2155 4601 D
2181 4552 2289 4609 que
2314 4535 2686 4591 admonitione
2715 4541 2771 4588 et
2794 4533 3229 4589 contradictione
3262 4533 3609 4596 clericorum,
3635 4531 3738 4584 hor-

2180 4631 2438 4686 tabantur
2465 4627 2737 4698 principes
2763 4628 3016 4684 comitem
3051 4625 3237 4682 Sancti
3261 4624 3498 4696 IEgidii,
3537 4633 3594 4679 ut
3623 4620 3737 4677 acci—

2180 4730 2332 4794 peret
2361 4735 2609 4791 regnum.
2662 4720 2732 4774 At
2784 4720 2874 4773 ille
2922 4733 3122 4773 nomen
3148 4719 3360 4790 regium
3392 4734 3453 4774 se
3479 4717 3732 4789 perhum-

489 4807 767 4866 Yotiouem
791 4808 1204 4879 peregrinorum
1229 4808 1295 4861 ad
1330 4808 1638 4877 sepulcrum
1671 4808 1910 4876 Domini,
1943 4827 2082 4882 quo-
2183 4807 2336 4870 acere
2360 4809 2633 4864 fatebatur
2677 4809 2732 4863 in
2763 4809 2852 4863 illa
2884 4809 3136 4874 civitate;
3187 4807 3279 4864 sed
3314 4808 3555 4878 praebere
3578 4820 3631 4861 se
3653 4802 3736 4857 illis

489 4897 660 4964 modo
689 4899 1040 4969 plaudebant,
1075 4900 1415 4954 exsultantes
1427 4907 1482 4953 et
1502 4910 1786 4956 cantantes
1808 4903 2079 4958 canticum

489 5005 696 5060 novum
735 4989 990 5046 Domino.
1027 4990 1242 5046 Etenim
1281 5007 1438 5046 meus
1460 5006 1649 5047 eorum
1687 4992 2010 5053 Deovictori
2029 5005 2084 5052 et

493 5081 856 5152 triumphanti
897 5091 1024 5136 vota
1075 5082 1298 5136 laudum
1343 5082 1619 5151 olierebat,
1652 5101 1776 5155 quae
1810 5087 2083 5156 explicare

491 5188 603 5231 non
624 5179 896 5243 poterant.
921 5173 1071 5229 Nova
1095 5173 1234 5241 dies,
1265 5191 1465 5230 novum
1491 5178 1747 5247 gaudium
1773 5187 1828 5233 et
1845 5180 2086 5234 exsulta—

489 5268 594 5330 tio,
617 5278 762 5321 nova
802 5273 858 5320 et
901 5274 1161 5335 perpetua
1205 5268 1420 5335 laetitia;
1463 5269 1665 5324 laboris
1703 5277 1756 5324 et
1777 5263 2084 5325 devotionis

493 5357 924 5422 consummatio,
960 5373 1101 5412 nova
1133 5359 1316 5426 verba,
1346 5375 1484 5415 nova
1505 5361 1738 5425 cantica,
1771 5360 1840 5415 ab
1865 5361 2084 5415 univer-

495 5447 580 5529 sis
595 5445 867 5516 exigebat.
893 5447 1038 5514 Haec,
1063 5449 1306 5523 inquam,
1337 5451 1455 5508 dies
1477 5452 1707 5508 celebris
1731 5451 1788 5506 iu
1811 5451 1960 5506 omni
1984 5467 2086 5508 saa-

496 5541 622 5595 culn
645 5547 894 5605 venturo,
925 5557 1116 5598 omnes
1144 5544 1360 5600 dolores
1401 5553 1566 5614 atque
1607 5544 1823 5599 labores
1865 5552 2086 5599 nostros

497 5632 757 5703 gaudium
785 5642 839 5688 et
861 5635 1278 5690 exsultationem
1320 5636 1486 5702 fecit;
1530 5637 1647 5692 dies
1674 5636 1810 5701 haec,
1835 5636 2080 5706 inquam,

497 5721 670 5777 totius
693 5720 1124 5781 Christianitatis
1153 5727 1514 5794 conﬁrmatio,
1549 5737 1603 5783 et
1638 5728 1965 5800 pagauitatis
1989 5744 2086 5784 ex-

502 5809 752 5882 utanitio,
780 5825 831 5870 et
871 5815 1001 5887 ﬁdei
1036 5826 1236 5886 nostra
1275 5819 1574 5874 renovatio.
1618 5817 1744 5873 Hrec
1785 5819 1895 5872 dies
1927 5834 2090 5887 quant

2183 4917 2535 4967 consensum,
2583 4901 2628 4957 si
2660 4901 2712 4955 id
2743 4901 2884 4956 alius
2913 4902 3203 4970 acciperet.
3251 4898 3336 4956 0b
3365 4901 3472 4956 hoc
3497 4901 3737 4969 elegerunt

2183 4995 2385 5068 pariter
2436 4995 2652 5057 ducem,
2697 5001 2752 5048 et
2799 4993 3116 5048 obtulerunt
3169 5008 3295 5048 eum
3347 4993 3418 5047 ad
3463 4992 3736 5062 sepulcrum

2187 5085 2422 5141 Domini.
2457 5082 2587 5136 Post
2616 5084 2732 5137 haec
2761 5092 2942 5138 autem
2972 5083 3283 5154 requirebat
3313 5084 3427 5138 dux
3456 5097 3627 5139 arcem
3654 5079 3734 5131 Da-

2187 5179 2274 5234 vid
2305 5194 2335 5232 a
2367 5175 2584 5240 comite,
2619 5184 2675 5229 at
2699 5176 2788 5230 ille
2814 5177 2920 5231 hoc
2943 5175 3261 5240 excusabat,
3293 5175 3486 5230 dicens
3533 5189 3588 5229 se
3627 5170 3736 5226 velle

2187 5282 2398 5324 moram
2427 5281 2588 5338 agere
2613 5266 2668 5319 in
2696 5266 2919 5336 regione
2947 5267 3058 5333 illa,
3090 5267 3265 5321 donec
3315 5269 3370 5321 iu
3421 5267 3655 5327 Pascha;
3695 5271 3736 5313 cl

2185 5360 2400 5417 interim
2429 5374 2488 5414 se
2515 5366 2570 5412 et
2597 5373 2728 5413 suos
2757 5359 2985 5414 honeste
3012 5359 3200 5414 haberi
3231 5361 3390 5415 velle.
3435 5360 3502 5413 At
3531 5358 3628 5412 dux
3658 5371 3734 5424 po-

2183 5451 2294 5507 tius
2338 5465 2402 5533 se
2439 5448 2620 5503 aiebat
2665 5457 2864 5503 caetera
2914 5448 3274 5506 dimissurum
3320 5465 3489 5520 quam
3538 5457 3731 5502 turrem.

2184 5541 2314 5599 Inde
2343 5538 2845 5609 multiplicabautur
2892 5540 3036 5596 lites.
3085 5539 3443 5597 Flandrensis
3476 5547 3528 5594 et
3567 5535 3731 5591 North-

2183 5630 2419 5688 manniae
2438 5627 2664 5684 comites
2688 5627 2944 5686 favebant
2968 5629 3119 5698 duci,
3139 5637 3196 5684 et
3220 5643 3416 5684 omnes
3445 5627 3598 5684 etiam
3625 5634 3734 5695 pene

2185 5723 2254 5778 de
2281 5733 2422 5778 terra
2453 5721 2695 5788 comitis,
2725 5723 3010 5778 credentes
3037 5720 3250 5777 reddita
3279 5729 3454 5786 turre,
3483 5734 3542 5775 se
3569 5726 3730 5771 conse-

2183 5825 2414 5887 quenter
2442 5830 2566 5871 cum
2593 5831 2657 5871 eo
2686 5830 2808 5873 esse
2837 5829 3172 5872 reversuros.
3204 5811 3346 5870 Non
3374 5813 3552 5870 solum
3581 5813 3729 5869 πνέω
