3806 6306
63 364 145 420 661
1085 355 1276 412 BAL“.
1319 355 1408 411 DE
1447 353 1702 412 AGILES

61 473 390 550 provinciales
417 471 474 527 in
508 471 618 528 hoc
645 469 870 525 domino
893 485 996 525 suo
1024 471 1208 525 comiti
1249 470 1620 526 adversaban-
1654 473 1699 530 Α

62 579 152 634 tur,
177 581 355 622 verum
385 564 558 620 etiam
590 563 757 618 multa
785 563 852 618 de
874 577 940 617 eo
971 563 1150 633 turpia
1173 570 1619 632 composuerunt,

59 675 117 714 ne
139 658 420 728 eligeretur
447 654 505 709 in
537 669 742 725 regem.
771 651 1081 708 Destitutus
1111 654 1294 722 itaque
1323 668 1506 708 comes
1531 667 1622 707 so-

59 750 242 806 ciorum
269 755 322 802 et
350 747 661 802 amicorum
685 746 938 812 consitio,
965 762 1064 817 pro
1082 746 1292 816 judicio
1316 747 1620 813 subeundo,

57 844 252 901 tradidit
279 851 486 898 turrem
515 841 575 896 in
606 851 772 896 manu
821 840 1162 897 Albariensis
1211 841 1475 912 episcopi.
1530 838 1624 895 llle

57 954 183 1004 vero,
213 951 318 992 non
347 943 670 1005 exspectato
709 932 939 1004 judicio,
971 933 1193 988 tradidit
1238 920 1445 988 turrem
1473 933 1619 988 duci.

58 1030 276 1100 Cumque
301 1028 673 1099 appellaretur
700 1027 992 1097 episcopus
1017 1028 1084 1082 de
1110 1029 1214 1082 hoc
1244 1027 1409 1095 facto,
1439 1029 1624 1098 prodi-

59 1131 130 1176 tor
153 1119 355 1176 dicebat
381 1133 508 1175 sese
536 1127 790 1175 coactum
821 1117 1014 1186 fuisse,
1057 1127 1222 1190 atque
1251 1136 1471 1190 passum
1501 1121 1622 1174 vio—

59 1213 273 1268 lentiam.
325 1209 435 1268 Sed
489 1211 596 1268 hoc
643 1227 745 1282 ego
774 1211 830 1265 in
857 1211 1088 1268 veritate
1117 1211 1357 1282 comperi
1389 1213 1626 1282 plurima
1657 1219 1662 1224 '

57 1320 186 1360 arma
212 1319 328 1360 esse
358 1304 512 1360 illata
543 1304 599 1359 in
646 1303 1065 1374 patriarchalem
1101 1303 1346 1371 domum,
1379 1305 1470 1360 ubi
1509 1305 1625 1376 epi-

59 1409 230 1466 scopus
253 1394 513 1452 manebat
541 1409 713 1466 prope
731 1395 1026 1450 ecclesiam
1057 1393 1328 1452 Dominici
1363 1396 1620 1467 sepulcri.

59 1482 148 1540 Sed
168 1484 231 1540 de
255 1483 516 1541 violentia
549 1484 658 1541 sibi
691 1483 838 1540 illata
870 1484 962 1540 ille
985 1484 1229 1552 dicebat;
1274 1493 1332 1541 et
1368 1484 1626 1557 frequen-

59 1584 127 1631 ter
147 1575 275 1632 clam
300 1575 537 1647 hujusce
564 1577 646 1632 rei
671 1575 894 1634 comitis
920 1574 1224 1634 familiares
1251 1577 1622 1634 insimulabat.

58 1667 256 1724 Reddita
289 1665 474 1740 itaque
499 1678 676 1738 turre,
699 1670 758 1726 in
780 1685 1040 1742 magnum
1067 1669 1255 1726 odium
1281 1679 1475 1728 contra
1496 1687 1627 1729 suos

58 1777 216 1816 comes
239 1762 466 1828 exarsit,
501 1763 697 1820 dicens
743 1778 810 1819 se
855 1763 1269 1832 inhonoratum,
1323 1778 1433 1819 non
1465 1779 1628 1835 posse

59 1869 248 1908 manere
277 1855 330 1908 in
356 1822 683 1925 illa'patria.
732 1853 918 1926 Itaque
946 1853 1177 1926 profecti
1212 1822 1284 1911 ab
1309 1822 1627 1927 Hierdsoly-
1658 1822 1703 1878 Β

58 1945 146 2000 mis
170 1942 396 2013 Jericho,
431 1955 490 2003 et
517 1948 763 2018 acceptis
793 1947 991 2018 palmis
1037 1949 1291 2005 venimus
1327 1948 1400 2004 ad
1427 1946 1626 2004 Iorda-

60 2050 180 2102 nem,
207 2044 259 2091 et
281 2036 423 2092 sicut
471 2048 814 2110 praeceperat
840 2037 1036 2096 Petrus
1063 2039 1518 2109 Bartholomasus,
1546 2041 1628 2098 l'a-

59 2138 129 2184 eta
150 2137 255 2186 rate
281 2129 350 2186 de
377 2131 708 2199 viminibus,
737 2140 793 2188 et
838 2132 1097 2204 imposito
1141 2134 1378 2205 desuper
1429 2135 1627 2191 comite

60 2222 426 2278 transveximus
453 2239 620 2291 eum;
655 2225 859 2296 quippe
891 2239 1017 2280 cum
1038 2241 1145 2281 non
1175 2227 1504 2284 haberemus
1531 2244 1630 2283 na-

59 2327 176 2380 vem,
195 2314 272 2370 sic
283 2316 444 2372 nobis
461 2317 666 2372 melius
681 2316 998 2373 visum’l‘uit.
1017 2316 1152 2374 Post
1183 2318 1297 2376 haec
1323 2331 1624 2378 convocata

63 2405 368 2461 multitudine
393 2408 708 2480 exegimus,
735 2417 1008 2479 quatenus
1037 2419 1294 2482 rogarent
1325 2409 1494 2466 Deum
1527 2426 1628 2481 pro

61 2494 150 2548 vita
171 2495 372 2554 comitis
402 2508 458 2555 et
481 2499 730 2556 aliorum
757 2485 1102 2572 principum;
1143 2501 1342 2558 dehinc
1370 2503 1628 2558 indutum

65 2587 274 2656 camisia,
302 2599 356 2646 et
395 2592 620 2650 braccis
667 2593 848 2659 novis,
899 2594 1042 2649 sicut
1089 2593 1256 2649 nobis
1291 2604 1625 2666 praeceptum

66 2674 213 2733 fuerat
253 2685 588 2754 peregimus,
639 2684 733 2741 sed
762 2701 934 2757 quare
963 2686 1146 2744 taliter
1171 2686 1337 2742 homo
1367 2687 1461 2760 Dei
1488 2703 1628 2758 prce-

67 2771 254 2840 ceperit,
284 2774 461 2832 adhuc
492 2777 839 2848 ignoramus.

631 2869 866 2926 CAPUT
903 2870 1036 2927 XLI.

127 2953 192 3024 (Ι)
225 2951 420 3029 Hisque
447 2962 716 3031 peractis,
748 2964 953 3020 reversi
984 2979 1177 3020 sumus
1212 2961 1616 3021 Jerosolimam.

71 3039 240 3102 Eodem
266 3057 508 3123 tempore
556 3055 820 3112 Arnull‘us
865 3055 1179 3126 capellanus
1208 3055 1632 3115 Northmanniae

74 3141 271 3249 cornitis,
297 3161 327 3232 ξ
356 3148 693 3218 quibusdam
723 3150 778 3204 in
803 3151 1167 3221 patriarcham
1200 3151 1438 3223 eligitur,
1487 3167 1619 3208 con-
1653 3189 1696 3249 ρ

72 3234 418 3297 tradicentibus
443 3241 632 3308 bonis,
661 3250 778 3298 tum
804 3243 933 3315 quia
959 3260 1070 3300 non
1101 3245 1622 3313 eratsubdiaconus,

75 3326 273 3384 maxime
292 3330 450 3386 etiam
482 3333 620 3404 quia
651 3343 770 3389 erat
795 3333 864 3391 de
891 3350 1088 3407 genere
1117 3337 1464 3406 sacerdotali,
1494 3349 1547 3394 et
1569 3338 1626 3394 in

76 3411 232 3474 itinere
257 3431 434 3480 nostro
461 3425 536 3480 de
563 3425 961 3482 incontinentia
991 3428 1374 3497 accusabatur,
1407 3430 1544 3486 adeo
1568 3438 1628 3486 ut

77 3509 288 3579 Volgares
361 3527 565 3574 cantus
616 3517 684 3574 de
729 3534 795 3574 eo
835 3518 1122 3575 inhoneste
1148 3522 1623 3592 composuissent.

82 3594 163 3653 Sed
200 3601 278 3659 ille
301 3621 397 3664 nec
423 3623 710 3664 canonum
744 3610 962 3665 decreta
986 3612 1278 3679 reveritus,
1313 3621 1466 3669 tanta
1504 3629 1626 3668 am-

80 3684 246 3747 bitione
287 3703 488 3764 tentus,
538 3714 641 3754 nec
669 3715 840 3771 genus
865 3743 879 3766 ,
931 3716 1033 3756 nec
1087 3703 1439 3760 conscientiae
1486 3704 1629 3760 infa—

83 3776 234 3846 ntiam,
275 3795 456 3843 contra
494 3789 670 3845 bonos
711 3791 974 3860 populum
1018 3793 1334 3863 concitavit,
1366 3804 1532 3867 atque
1566 3812 1629 3854 se

84 3881 182 3924 cum
206 3871 406 3946 hymnis
429 3890 490 3937 et
517 3881 772 3938 cantibus
793 3883 849 3938 in
873 3883 1003 3941 sede
1029 3886 1404 3956 patriarchali,
1428 3903 1630 3960 magno

86 3963 362 4052 populorum
391 3973 594 4042 plausu
632 3974 846 4031 elevare
893 3974 1042 4032 fecit.
1097 3975 1203 4034 Sed
1256 3977 1326 4036 de
1369 3980 1628 4052 episcopo

87 4049 388 4134 llatranensi,
410 4068 512 4140 qui
542 4068 774 4140 hujusce
817 4070 899 4126 rei
927 4071 1179 4128 incentor
1197 4081 1252 4129 et
1273 4049 1628 4132 administra-

89 4153 156 4201 tor
185 4150 360 4224 fuerat,
402 4159 646 4217 vindicta
695 4161 962 4220 divinitus
1005 4175 1224 4236 sumpta
1287 4183 1397 4222 non
1462 4169 1626 4224 modo

87 4240 329 4334 Amulium
351 4273 459 4313 non
489 4258 704 4324 terruit,
753 4259 846 4316 sed
890 4259 1116 4332 insuper
1145 4263 1375 4320 clericos
1395 4264 1489 4334 qui
1528 4265 1628 4320 ha.-

88 4332 246 4428 hebant
267 4346 446 4406 altaria
473 4351 526 4405 in
556 4351 787 4408 ecclesia
813 4351 1082 4409 Dominici
1108 4355 1365 4424 sepulcri,
1393 4332 1474 4412 vel
1495 4358 1624 4428 qui-

88 4424 167 4520 ltus
185 4448 321 4494 erant
341 4457 434 4512 pro
468 4445 716 4501 custodia
748 4447 1024 4502 mercedes
1045 4449 1377 4517 constitutae,
1406 4424 1626 4520 privare

91 4517 318 4619 beneﬁciis
357 4552 464 4593 non
503 4538 805 4594 desinebat.
865 4537 1072 4597 Nactus
1131 4539 1315 4612 itaque
1359 4517 1626 4600 ΑἶἯυῙῖιιε
1657 4560 1702 4619 D

91 4609 201 4674 hanc
217 4633 540 4698 potestatem,
566 4630 730 4702 coepit
750 4631 1031 4702 requirere
1055 4633 1126 4688 ab
1147 4609 1340 4691 incolis
1365 4633 1625 4700 civitatis,

96 4703 166 4760 ubi
187 4727 299 4771 crux
321 4732 432 4778 erat
457 4739 621 4793 quam
651 4724 925 4796 peregrini
969 4735 1096 4780 ante
1120 4735 1335 4798 captam
1359 4725 1624 4784 Jerosoli—

93 4809 208 4898 tuam
245 4809 456 4869 adorare
485 4823 901 4871 consueverant.
939 4815 1148 4883 Quibus
1194 4818 1541 4889 negantibus,
1571 4826 1626 4874 et

94 4899 350 4981 momento
369 4915 421 4961 et
447 4906 572 4962 aliis
603 4907 774 4977 signis
816 4923 876 4964 se
899 4909 1112 4965 nescire
1137 4911 1369 4981 probare
1395 4911 1628 4967 volenti-

96 4977 192 5054 διιε,
227 4997 421 5056 tandem
465 5004 640 5058 coacti
680 5012 828 5070 sunt,
859 5010 915 5059 et
961 4999 1086 5059 haec
1114 4977 1370 5058 dixerunt
1401 5023 1414 5058 :
1449 5003 1627 5058 Mani-

100 5073 250 5167 ξαιαηι
277 5101 345 5143 ut
369 5095 504 5165 quod
535 5095 678 5150 Deus
711 5089 800 5150 eos
834 5095 1009 5167 elegit,
1049 5105 1098 5151 et
1149 5111 1213 5150 ea;
1242 5095 1482 5150 omnibus
1527 5096 1628 5151 tri-

100 5162 398 5240 bulationibus
433 5205 522 5242 vos
561 5189 789 5259 eripuit,
831 5197 881 5243 et
925 5190 1059 5243 hanc
1100 5190 1368 5243 ciuitatem
1401 5199 1452 5244 et
1486 5188 1632 5244 alias

104 5262 258 5320 multa:
290 5277 418 5333 vobis
449 5280 659 5348 tribuit,
695 5297 799 5335 non
841 5282 897 5335 in
930 5283 1145 5336 virtutis
1187 5291 1372 5338 vestra:
1420 5283 1624 5350 robore,

102 5351 234 5447 fdi"
262 5362 418 5431 furore
446 5388 543 5426 suo
568 5387 840 5426 exercearis
865 5374 1078 5442 impios,
1104 5383 1156 5428 et
1184 5375 1422 5428 civitates
1451 5374 1628 5428 muni-

108 5443 293 5504 tissima:
317 5459 445 5514 vobis
466 5461 703 5531 aperuit,
730 5471 778 5514 et
811 5459 950 5515 bella
976 5461 1323 5530 formidolosa
1352 5463 1496 5516 vobis
1523 5462 1626 5516 du-

107 5536 196 5584 ctor
211 5547 250 5590 et
271 5541 504 5608 Dominus
527 5561 692 5606 vester
719 5568 814 5622 pro
839 5549 984 5605 vobis
1014 5552 1122 5620 ipse
1154 5553 1340 5622 pergit.
1368 5549 1485 5616 Qua
1511 5551 1622 5604 ita-

111 5632 183 5682 Ψίε
197 5637 450 5696 Pertinacia
461 5659 590 5697 cum
617 5643 876 5698 Dominus
904 5643 1166 5698 vobiscum
1189 5643 1479 5710 videamus,
1509 5643 1632 5712 ejus

166 5817 226 5888 (η
259 5827 366 5906 Quae
388 5850 688 5912 sequuntur
729 5858 836 5897 non
865 5853 990 5903 sunt
1023 5839 1332 5904 Raimmldi.

1743 351 1925 409 HlST.
1942 350 2330 409 -HlEROSOL.
3211 352 3317 411 662

1731 467 1989 537 beneﬁcia
2033 466 2176 522 vobis
2212 466 2539 522 celabimua?
2579 465 2829 524 Posthazc
2855 467 3198 525 deduxerunt
3223 485 3320 526 eos

1725 561 1792 616 ad
1819 561 2092 631 quoddam
2120 560 2328 615 atrium
2358 561 2623 628 ecclesiae,
2659 569 2715 616 et
2747 561 2822 616 ibi
2849 560 3166 618 ell‘odientes
3195 561 3320 616 reda

1723 654 2005 709 didcrunt.
2057 653 2244 733 (ἑανὶςὶ
2286 661 2414 708 sunt
2458 652 2641 724 itaque
2669 666 2862 708 omnes
2893 651 3088 718 nostri,
3118 659 3174 708 et
3209 651 3322 710 Deo

1725 747 2094 818 omnipotenti
2121 745 2315 801 laudes
2357 754 2414 800 et
2450 745 2668 816 gratias
2697 743 3022 811 referebant,
3071 744 3166 816 qui
3209 761 3320 800 non

1725 841 1903 898 solum
1933 841 2123 895 urbem
2169 840 2226 894 ln
2263 855 2371 910 qua
2407 853 2611 909 passus
2631 845 2736 906 est,
2779 838 2874 894 sed
2896 839 3058 894 etiam
3081 838 3322 910 insignia

1723 933 1998 1006 passionis
2023 948 2138 987 suae
2167 941 2332 1002 atque
2359 932 2603 988 victoria:
2629 931 2788 987 nobis
2809 931 3062 1000 reddidit,
3089 942 3150 988 ut
3171 942 3323 989 tanto

1724 1040 1850 1081 eum
1886 1025 2141 1080 manibus
2185 1024 2309 1079 lidei
2359 1024 2569 1080 arctius
2613 1024 3088 1094 amplecteremur,
3115 1033 3322 1095 quanto

1724 1116 1960 1172 certiora
1992 1125 2197 1171 nostrae
2221 1115 2418 1171 salutis
2449 1125 2868 1178 contueremur."
3233 1106 3235 1108 ’

1739 1221 1742 1224 ’
2315 1207 2549 1266 CAPUT
2587 1207 2748 1264 XLII.

1793 1299 2066 1373 Dumque,
2095 1301 2240 1358 sicut
2272 1300 2532 1372 superius
2557 1301 2818 1368 diximus,
2849 1301 2916 1356 de
2945 1300 3084 1356 duce
3119 1301 3322 1357 Lollia-

1724 1395 1918 1469 rlngize
1943 1395 2258 1452 ordinatum
2287 1402 2457 1462 esset,
2487 1395 2635 1465 quod
2659 1394 2937 1450 civitatem
2967 1395 3202 1450 retinere
3227 1393 3323 1450 de-

1726 1487 1900 1556 beret,
1929 1497 1984 1544 et
2027 1503 2213 1545 comes
2257 1486 2450 1544 dolore
2487 1495 2544 1543 et
2588 1486 2792 1558 injuria
2836 1488 3213 1555 exercebatur,
3255 1502 3323 1542 eo

1726 1583 1873 1654 quod
1902 1597 2087 1640 arcem
2118 1581 2310 1650 David,
2348 1581 2560 1638 scilicet
2595 1581 2765 1638 totius
2804 1581 2959 1654 regni
2988 1580 3202 1638 Judaici
3226 1595 3321 1636 ca-

1726 1683 1844 1745 put,
1867 1673 2062 1730 leviter
2095 1673 2432 1745 perdiderat,
2463 1683 2517 1730 et
2538 1674 2610 1730 ob
2634 1674 2742 1730 hoc
2769 1673 3131 1745 regredi‘cum
3153 1672 3325 1728 mari:

1727 1783 1817 1823 ma
1843 1775 1999 1838 parte
2027 1775 2233 1822 nostra:
2271 1767 2450 1838 gentis
2495 1767 2831 1838 disponeret,
2877 1765 3192 1822 nuntiatum
3237 1773 3324 1820 est

1729 1858 1890 1916 nobis
1917 1858 2067 1930 quod
2111 1874 2208 1914 rex
2257 1857 2684 1932 Babyloniorum
2737 1857 3008 1914 Ascalona
3057 1857 3320 1922 venisset,

1730 1965 1857 2008 cum
1901 1949 2294 2006 innumerabili
2335 1965 2676 2022 paganorum
2719 1948 3104 2017 multitudine,
3141 1957 3215 2016 et;
3261 1957 3328 2012 ut

1728 2039 1891 2096 nobis
1913 2029 2147 2096 relatum
2175 2048 2280 2109 est,
2307 2041 2454 2111 quod
2480 2039 2865 2098 Jerosolimam
2890 2055 3207 2112 expugnare
3237 2056 3326 2096 vc:

1730 2138 1904 2197 uerat,
1931 2137 1988 2186 et
2009 2130 2260 2187 occidere
2281 2130 2526 2196 Francos
2549 2148 2741 2189 omnes
2772 2149 2804 2188 a
2849 2132 3040 2203 viginti
3081 2133 3243 2189 annis
3268 2141 3340 2188 ct-

1729 2238 1914 2294 supra,
1946 2233 2003 2281 et
2039 2225 2318 2297 captivare
2369 2226 2614 2297 reliquos
2636 2243 2761 2284 cum
2788 2227 3133 2295 mulieribus,
3163 2228 3325 2283 datu-

1730 2333 1828 2373 rus
1847 2319 1994 2375 viros
2024 2318 2348 2376 mulieribus
2377 2319 2444 2376 de
2467 2337 2568 2376 sua
2591 2331 2772 2392 gente,
2805 2331 2859 2377 et
2883 2321 3178 2391 juvenibus
3200 2337 3327 2376 mu.

1730 2409 1912 2476 lieres,
1948 2417 2010 2466 ut
2035 2409 2462 2482 Babyloniorum
2509 2412 2717 2467 domini
2742 2412 3004 2484 deinceps
3029 2412 3324 2468 bellicosas

1731 2499 1967 2557 familias
1988 2501 2273 2569 haberent,
2297 2501 2366 2558 de
2388 2518 2586 2574 genere
2630 2503 2991 2558 Francorum.
3046 2501 3176 2568 Sed,
3212 2518 3323 2557 non

1733 2597 1819 2653 his
1859 2597 2040 2653 adhuc
2083 2605 2396 2664 contentus,
2427 2597 2682 2652 similiter
2725 2595 3030 2652 Antiochia:
3077 2604 3133 2651 et
3177 2594 3321 2650 Boa-

1731 2688 1937 2744 mundo
1974 2687 2250 2744 facturum
2282 2704 2342 2745 se
2369 2688 2565 2756 aiebat,
2593 2686 2848 2744 Damasci
2874 2688 3060 2754 etiam,
3106 2696 3161 2743 et
3187 2685 3320 2742 reli-

1727 2798 1962 2854 quarum
2001 2781 2285 2838 civitatum
2311 2781 2561 2838 diadema
2591 2781 2756 2853 capiti
2789 2796 2891 2837 suo
2931 2779 3319 2850 impositurum

1730 2889 1789 2930 se
1823 2875 2060 2941 dicebat,
2088 2875 2224 2930 nihil
2252 2874 2484 2941 Turcos,
2519 2873 2675 2929 nihil
2704 2873 2969 2939 Francos,
3009 2871 3320 2929 Turcorum

1726 2969 1964 3028 victores
2019 2984 2142 3025 esse
2175 2969 2410 3035 dicebat,
2441 2967 2787 3024 considerata
2831 2966 3184 3022 multitudine
3221 2982 3320 3037 pe-

1728 3063 1902 3118 ditum
1931 3078 2157 3118 suorum
2189 3071 2244 3118 et
2266 3061 2522 3118 militum.
2576 3059 2682 3117 Sed
2711 3076 2811 3116 nec
2839 3059 3004 3115 etiam
3055 3061 3142 3115 his
3189 3075 3322 3114 con-

1730 3166 1932 3222 tentus,
1987 3157 2042 3211 in
2090 3154 2258 3210 Deum
2299 3153 2668 3226 blasphemias
2721 3153 3087 3223 intorquebat,
3133 3151 3322 3206 dicens

1730 3249 1873 3319 quod
1905 3249 2084 3304 locum
2120 3247 2418 3304 Dominicae
2460 3246 2778 3314 nativitatis,
2823 3255 2878 3302 et
2919 3260 3180 3316 prmsrpe,
3228 3243 3316 3298 uli

1729 3330 1996 3397 Dominus
2025 3341 2320 3397 reclinatus
2347 3350 2450 3407 est,
2481 3350 2535 3396 et
2565 3341 2746 3395 locum
2773 3323 3067 3410 passionis.
3086 3347 3141 3393 et
3183 3335 3321 3393 Gol-

1729 3431 1914 3502 gotba,
1941 3431 2032 3488 ubi
2058 3431 2259 3488 dicitur
2281 3432 2428 3503 quod
2456 3432 2682 3503 sanguis
2713 3429 2930 3484 Domini
2954 3429 3241 3500 pendentis
3264 3427 3322 3482 in
3391 3453 3396 3456 -

1729 3538 1892 3580 cruce
1915 3523 2230 3592 deﬂuxerit;
2289 3533 2344 3580 et
2379 3525 2560 3579 locum
2593 3523 2892 3578 Dominicte
2921 3523 3234 3593 sepulturae,
3266 3529 3323 3576 et

1730 3617 1835 3673 alia
1863 3618 2046 3672 omnia
2090 3619 2208 3672 loca
2255 3624 2443 3672 sancta
2491 3631 2614 3686 qua:
2642 3616 2695 3668 in
2727 3615 2968 3679 civitate,
3000 3613 3081 3668 vel
3105 3613 3319 3682 juxta~a

1729 3709 1931 3780 populo
1960 3717 2292 3765 venerantur
2320 3707 2656 3774 Christiano,
2691 3707 2764 3760 ita
2809 3704 3031 3770 deleret,
3065 3713 3125 3758 ut
3150 3703 3319 3757 etiam

1731 3817 1760 3856 a
1805 3803 1996 3872 stirpe,
2047 3818 2080 3856 a
2134 3810 2280 3857 terra
2327 3801 2670 3857 abstraheret
2718 3807 2772 3855 ct
2807 3797 3223 3860 comminueret,
3265 3805 3320 3851 et

1730 3893 1972 3962 posthazc
2019 3892 2300 3964 pulverem
2346 3893 2400 3946 in
2433 3892 2570 3947 mari
2603 3890 2910 3964 projiceret,
2944 3897 3006 3943 ut
3035 3903 3146 3943 non
3173 3897 3320 3944 esset

1729 3984 1950 4054 aliquod
1997 3984 2344 4040 Dominicum
2389 3984 2761 4050 memorabile,
2803 3983 2948 4054 quod
2976 3981 3320 4038 Francorum

1730 4092 1862 4148 gens
1914 4078 1969 4132 in
2016 4078 2331 4149 regionibus
2362 4077 2468 4133 iliis
2519 4079 2748 4133 ulterius
2775 4077 3137 4148 requirerent.
3176 4074 3318 4132 Cum

1730 4179 1912 4226 autem
1945 4171 2061 4227 hinc
2091 4181 2146 4226 et
2173 4172 2279 4226 alia
2310 4172 2501 4238 multa,
2549 4180 2602 4226 ct
2643 4171 2710 4226 de
2766 4169 3115 4224 multitudine
3143 4168 3319 4240 gentis

1730 4279 1853 4334 quae
1880 4279 2004 4319 cum
2037 4265 2158 4334 ipso
2186 4273 2418 4337 tyranno
2443 4273 2580 4330 erat,
2625 4264 2787 4319 nobis
2816 4263 3220 4327 nuntiarentur,
3265 4269 3327 4314 et

1729 4356 1878 4426 quod
1923 4371 2116 4412 omnes
2157 4357 2249 4412 isti
2292 4356 2602 4428 congregati
2640 4365 2798 4414 erant
2841 4355 3149 4423 Ascalonae,
3195 4368 3320 4424 qua:

1729 4449 1977 4520 proxima
2023 4457 2140 4504 erat
2183 4447 2480 4504 Jerusalem
2533 4463 2632 4519 per
2677 4431 2864 4515 diem,
2909 4454 2964 4503 et
3007 4431 3316 4510 dimidium,

1729 4541 2044 4612 congregati
2101 4548 2228 4596 sunt
2287 4541 2461 4595 nostri
2517 4540 2791 4611 principes
2857 4547 2913 4594 et
2983 4537 3200 4602 clerus,
3265 4545 3320 4590 et

1729 4630 1893 4687 nudis
1942 4631 2172 4702 pedibus
2215 4631 2526 4688 incedentes
2569 4640 2696 4687 ante
2733 4630 3048 4702 sepulcrum
3099 4627 3317 4682 Domini

1725 4739 1853 4780 cum
1891 4724 2081 4779 multis
2107 4724 2452 4781 orationibus
2489 4733 2542 4780 et
2571 4724 2852 4796 lacrymis,
2882 4720 3316 4777 misericordiam

1726 4831 1758 4872 a
1831 4815 2068 4872 Domino
2135 4815 2612 4886 deprecabantur,
2688 4824 2750 4870 ut
2819 4814 3081 4883 populum
3152 4828 3316 4868 suum

1725 4909 1892 4966 modo
1955 4909 2252 4976 liberaret,
2318 4922 2480 4979 quem
2570 4907 2838 4962 hactenus
2913 4904 3176 4958 victorem
3248 4905 3317 4959 do

1725 4999 1984 5056 omnibus
2031 4999 2277 5068 fecerat;
2336 5008 2391 5054 et
2458 4998 2554 5068 qui
2619 4998 2801 5052 locum
2866 4994 3316 5051 sanctiﬁcationis

1726 5107 1842 5150 suae
1871 5092 2252 5159 mundaverat,
2289 5091 2520 5147 ulterius
2557 5087 2920 5146 contaminari
2954 5097 3176 5159 propter
3209 5103 3313 5143 no-

1725 5201 1852 5241 men
1879 5201 2040 5240 suum
2081 5201 2186 5240 non
2213 5191 2510 5254 pateretur.
2559 5180 2807 5237 Posthac
2851 5180 3108 5237 similiter
3149 5180 3314 5238 nudis

1726 5275 1957 5346 pedibus
1998 5275 2312 5330 incedentes
2353 5272 2408 5326 in
2446 5271 2672 5342 psalmis
2712 5280 2768 5326 et
2808 5272 3049 5344 hymnis,
3091 5280 3146 5328 et
3179 5287 3311 5328 san-

1726 5374 1938 5422 ctorum
1969 5365 2237 5435 praesidiis
2272 5362 2706 5418 misericordiam
2735 5361 2830 5418 Dei
2861 5363 3215 5436 appellantes,
3242 5366 3313 5421 ad

1725 5455 1990 5525 templum
2016 5453 2233 5510 Domini
2259 5453 2530 5519 venimus,
2575 5454 2764 5525 ibique
2783 5456 2970 5512 animo
2997 5465 3051 5513 et
3081 5472 3314 5528 corpore

1725 5556 1853 5603 ante
1879 5547 2059 5614 effusi,
2098 5557 2157 5602 ut
2191 5547 2587 5604 benedictionis
2627 5563 2740 5603 suae
2770 5549 2969 5605 ibidem
3003 5549 3189 5606 eliusw
3219 5567 3306 5603 rc.-

1725 5636 2084 5694 eordarctur:
2123 5635 2182 5693 Si
2210 5639 2498 5708 peccaverit
2534 5638 2588 5693 in
2624 5647 2680 5693 te.
2697 5639 2921 5711 pepnlus
2951 5649 3070 5694 tuus
3099 5648 3310 5693 et-cou-e.
