3846 6306
419 327 579 401 ,663

1039 322 1132 379 Al)
1166 321 1619 398 GODEFRIDUM
1655 319 1951 378 APPEND.
1992 319 2058 378 Il.
2095 349 2171 364 -—
2200 319 2473 379 NONUM.
2516 321 2607 377 DE
2641 321 2867 379 BELLO
2906 320 3153 380 SACRO.

3602 325 3694 389 εει

468 456 649 500 versus
673 439 837 512 egerit
861 438 1248 510 paenitentiam,
1275 439 1581 509 veniensque
1603 437 1836 499 oraverit
1861 437 1917 492 in
1946 435 2059 492 loco
2086 438 2137 502 Α
2164 436 2298 505 ritas
2343 437 2468 495 ideo
2511 437 2672 500 nobis
2711 446 2850 505 erat,
2895 437 3026 508 quia
3066 434 3418 497 credebamus
3446 439 3694 504 Dominam

469 539 595 603 ista,
626 543 681 589 tu
713 532 964 589 exaudies
990 532 1054 588 de
1081 531 1244 600 coelo,
1274 531 1532 586 Domine:
1568 539 1619 585 et
1650 530 1818 585 libera
1847 546 1967 584 eum
1996 529 2063 586 de

472 628 719 684 manibus
744 627 1082 683 inimicorum
1123 642 1340 680 suorum
1376 623 1501 696 (ΙΙΙ
1542 623 1669 695 Reg.
1721 625 1863 696 vm).
1898 623 2062 680 Post-

470 719 590 785 btec
618 726 873 791 percepta
907 716 1284 774 benedictione
1312 717 1382 772 ab
1411 704 1709 787 episcbpis,
1752 723 2064 773 statuerunt

471 814 750 901 principes
789 813 857 868 de
898 811 1025 868 belli
1069 809 1570 876 administratione,
1612 819 1668 866 et
1707 810 1775 866 de
1812 810 2063 868 custodia

474 907 733 971 civitatis.
766 903 1049 962 Profectus
1076 912 1159 960 est
1184 904 1368 974 itaque
1396 903 1507 962 dux
1534 913 1589 959 et
1619 904 1820 959 milites
1853 903 1975 975 ejus
2002 911 2068 960 ut

473 1003 844 1059 certissimum
871 1000 1291 1070 comprobarent
1305 998 1354 1054 si
1373 997 1763 1065 deAdmiravis
1792 998 1865 1053 ita
1894 1014 1985 1055 res
2005 1013 2069 1063 se,

474 1089 720 1160 haberet,
752 1102 810 1147 ut
837 1091 981 1147 fama
1009 1091 1316 1161 ferebatur;
1354 1092 1449 1164 qui
1479 1107 1606 1147 cum
1637 1092 1704 1146 ad
1735 1090 2070 1162 campestria

477 1184 830 1239 llamularum
880 1184 1248 1254 pervenisset,
1296 1201 1520 1241 causam
1566 1183 1768 1257 negotii
1811 1199 1906 1253 per
1949 1182 2065 1253 cpi-

471 1290 697 1345 scopum
734 1274 1138 1339 Matronensem
1176 1275 1572 1350 Hierosolymis
1600 1276 1810 1353 remisit
1853 1276 1922 1331 ad
1962 1291 2064 1336 00-

469 1366 651 1423 mites.
694 1365 773 1422 Illi
810 1378 996 1429 autem
1039 1370 1326 1427 certiticati
1371 1369 1440 1426 de
1486 1369 1669 1436 bello,
1715 1382 2067 1425 communem

467 1462 746 1533 pugnandi
776 1478 1006 1520 causam
1041 1463 1185 1534 apud
1211 1478 1405 1518 omnes
1439 1462 1610 1519 fortes
1637 1462 1733 1534 qui
1759 1462 1816 1519 in
1846 1462 2067 1519 civitate

467 1564 848 1621 remanserant
876 1597 891 1623 ,
933 1555 1269 1610 detulerunt.
1314 1555 1503 1626 Itaque
1546 1555 1915 1627 supplicantes
1956 1555 2067 1613 Deo

469 1658 525 1703 et
554 1650 793 1719 acceptis
829 1651 1000 1709 armis
1038 1658 1092 1706 et
1123 1649 1467 1705 Dominicam
1511 1649 1794 1716 lanceam,
1832 1648 2067 1720 profecti

468 1757 667 1801 sumus
708 1743 779 1798 ab
824 1742 1192 1810 Jerosolimis,
1236 1752 1294 1815 et
1334 1744 1586 1801 venimus
1626 1744 1695 1799 ad
1733 1744 2066 1814 campestria

472 1834 705 1913 dieilla.
741 1835 931 1901 Altera
975 1804 1290 1910 autem’die
1321 1836 1618 1907 conjuncta
1657 1804 1925 1905 exercitu,
1969 1852 2069 1909 per
2096 1804 2141 1868 Β

471 1925 662 2001 firmas
712 1927 996 1999 dispositis
1023 1928 1291 2000 prmsidiis
1315 1929 1386 1984 ab
1406 1929 1559 1985 omni
1584 1937 1759 1999 parte,
1798 1929 2065 2000 procede-

472 2028 691 2075 namus.
725 2018 784 2075 In
821 2036 1047 2093 vespere
1072 2037 1199 2077 vero
1232 2037 1358 2077 cum
1396 2020 1741 2077 venissemus
1773 2036 1941 2092 prope
1965 2020 2070 2076 tiu-

471 2111 624 2167 vium
655 2112 748 2183 qui
778 2123 862 2169 est
885 2112 940 2167 in
965 2113 1157 2169 itinere
1184 2114 1444 2170 euntibus
1473 2114 1543 2170 ab
1564 2112 1868 2171 Jerusalem
1892 2113 2068 2182 Asca-

471 2203 681 2271 lonam,
714 2206 1013 2276 pascebant
1055 2206 1128 2261 ibi
1167 2206 1377 2263 Arabes
1411 2222 1605 2277 greges
1637 2205 1848 2274 ovium,
1883 2212 1940 2260 et
1978 2221 2070 2260 ar-

473 2304 657 2355 menta
686 2290 854 2352 boum
891 2298 1337 2365 innumerabilia,
1367 2307 1421 2355 et
1448 2299 1569 2355 sine
1601 2314 1833 2357 numero
1877 2312 2066 2354 came-

470 2387 578 2457 los.
609 2386 748 2443 Cum
775 2389 1042 2466 vidissent
1072 2402 1254 2465 autem
1282 2392 1459 2448 nostri
1488 2392 1631 2448 hanc
1657 2391 2068 2448 multitudinem

471 2486 528 2552 et
542 2479 828 2536 hominum
848 2490 904 2537 et
921 2482 1267 2552 animalium,
1284 2483 1668 2559 existimantes
1694 2482 1899 2539 bellum
1919 2496 2066 2550 esse,

471 2575 709 2647 arreptis
725 2575 894 2631 armis
907 2576 978 2637 ad
993 2575 1438 2647 prospiciendum
1457 2575 1661 2631 milites
1682 2589 1857 2646 usque
1869 2574 2072 2632 ducen-

470 2667 1005 2738 tos-praemiserunt;
1057 2669 1239 2725 caeteri
1264 2685 1395 2724 vero
1417 2669 1711 2738 armati,ut
1731 2667 2069 2739 diximus,in

435 2823 439 2826 ,
471 2779 674 2835 novem
699 2759 901 2818 turmis
928 2759 1269 2817 incedebant.
1295 2759 1467 2815 Erant
1496 2769 1682 2815 autem
1709 2768 1868 2816 tresa
1891 2769 2069 2831 tergo,

474 2867 585 2923 tres
599 2873 629 2912 a
652 2855 981 2926 fronte,tres
994 2854 1050 2909 in
1068 2841 1270 2921 medio,
1290 2854 1372 2910 sic
1393 2853 1658 2909 ordinata:
1678 2863 1737 2909 ut
1753 2853 2070 2926 ubicunque

474 2952 678 3009 bellum
709 2967 769 3008 se
794 2958 1102 3022 emergeret
1126 2950 1183 3005 in
1207 2950 1387 3006 tribus
1412 2948 1700 3006 ordinibus
1725 2948 1834 3005 illis
1875 2964 2071 3007 occur-

474 3054 712 3113 reretur,
728 3053 910 3101 turma
926 3044 1106 3100 media
1129 3043 1617 3106 manentecunctis
1639 3043 1707 3099 ad
1727 3042 2065 3114 praesidium.

2162 530 2451 594 nobiscum
2482 547 2626 599 esse,
2658 530 2803 595 sicut
2825 538 2881 595 et
2909 529 2966 585 in
2993 529 3220 601 reliquis
3247 530 3491 601 negotiis,
3525 541 3573 589 et
3596 552 3699 607 pro-

2162 632 2284 695 pter
2303 623 2676 695 blasphemias
2694 623 2796 679 sibi
2825 623 3027 693 illatas,
3050 638 3210 694 agere
3238 633 3451 695 propter
3474 627 3701 701 seipsum,

2165 717 2213 774 si
2240 717 2407 774 etiam
2428 719 2596 773 causa
2619 725 2814 777 nostra
2843 716 3082 779 invalida
3108 716 3324 773 fuisset.
3368 715 3516 774 Unde
3539 702 3586 776 ia
3613 739 3701 780 uo.

2164 818 2280 875 atra
2311 820 2465 882 parte
2494 808 2859 879 defensorem,
2892 818 2953 866 et
2979 809 3034 865 in
3071 825 3171 866 sua
3201 806 3477 881 adjutores
3494 812 3572 867 illi
3600 831 3709 874 esse

2162 904 2460 960 voluimus.
2502 903 2708 960 Deinde
2750 903 3151 960 conclamatum
3194 912 3279 959 est
3322 917 3419 974 per
3448 897 3705 976 exercitum

2165 1007 2229 1063 ut
2258 1014 2418 1054 mane
2446 998 2515 1054 ad
2540 1013 2780 1071 pugnam
2824 1012 3016 1054 omnes
3056 995 3235 1069 parati
3275 1007 3476 1065 essent,
3505 1007 3557 1055 et
3580 1003 3709 1072 quis~

2164 1109 2273 1165 que
2295 1093 2635 1163 principibus
2655 1092 2723 1148 de
2745 1108 2843 1148 sua
2866 1098 3025 1164 gente
3040 1092 3483 1162 coniungeretur,
3504 1101 3558 1147 et
3575 1109 3709 1151 nemo

2165 1187 2404 1257 pratdam
2438 1194 2701 1258 tangeret,
2725 1194 2780 1241 et
2799 1183 3259 1241 exeommuuica-ti
3286 1191 3416 1239 sunt
3439 1184 3709 1256 quicunque

2164 1293 2287 1337 eam
2319 1285 2620 1348 tangerent,
2652 1276 2758 1332 nisi
2791 1277 2945 1347 prius
2970 1276 3111 1332 bello
3140 1272 3412 1339 coniecto,
3453 1274 3713 1347 Haesimus

2164 1385 2232 1427 ea
2260 1381 2419 1426 nocte
2448 1370 2582 1427 satis
2616 1370 2992 1441 pauperrime;
3020 1370 3227 1425 etenim
3258 1370 3487 1427 tentoria
3514 1385 3607 1425 nou
3630 1372 3713 1427 ha-

2166 1464 2452 1531 bebamus,
2499 1479 2694 1535 partem
2740 1462 2922 1534 pauci,
2966 1463 3160 1519 vinum
3205 1462 3421 1528 nullus,
3469 1477 3709 1520 annonam

2167 1570 2333 1630 atque
2362 1558 2530 1614 salem
2557 1557 2913 1628 paucissimi;
2942 1558 3037 1613 sed
3063 1556 3227 1628 copia
3243 1556 3428 1613 carnis
3451 1566 3561 1612 erat
3581 1558 3716 1627 quasi

2167 1668 2355 1719 arena,
2373 1651 2469 1709 sed
2490 1651 2849 1709 vescebamur
2864 1650 3152 1717 carnibus;
3181 1658 3238 1706 et
3258 1665 3360 1721 pro
3388 1664 3542 1721 pane,
3563 1650 3717 1706 ovium

2170 1762 2300 1802 caro
2331 1755 2469 1801 erat.
2496 1744 2563 1799 Et
2590 1745 2703 1814 jam
2734 1758 2937 1803 aurora
2968 1743 3221 1814 sequenti
3247 1742 3339 1799 die
3365 1743 3638 1811 oriebatur,
3672 1753 3721 1800 et

2174 1838 2401 1909 pervigil
2437 1837 2628 1904 turba,
2678 1836 2826 1892 tubis
2864 1844 2920 1893 et
2963 1835 3243 1892 comubus
3271 1835 3327 1891 in
3372 1852 3595 1907 pugnam
3619 1837 3721 1893 ani—

2170 1931 2444 1991 mabatur.
2461 1928 2649 2000 Itaque
2673 1944 2893 1985 summo
2914 1928 3158 1987 diluculo
3177 1926 3430 1999 profecti,
3454 1928 3720 1999 dispositis,

2169 2029 2231 2077 ut
2253 2022 2368 2092 jam
2394 2021 2658 2087 diximus,
2691 2019 2761 2075 ab
2780 2019 2932 2075 omni
2960 2027 3115 2090 parte
3137 2018 3431 2089 prasidiis,
3456 2019 3722 2078 exercitum

2169 2113 2266 2169 Dei
2294 2114 2352 2169 in
2379 2121 2563 2179 castra
2588 2111 2868 2169 Mallumet
2895 2111 3289 2185 dirigebamus.
3319 2110 3393 2167 At
3419 2126 3543 2167 vero
3564 2111 3725 2170 hostes

2168 2207 2314 2264 infra
2363 2216 2547 2265 castra
2594 2222 2695 2263 sua
2738 2204 3197 2273 demorabantur,
3243 2220 3523 2276 nunquam
3561 2205 3725 2262 existi-a

2170 2308 2382 2355 mantes
2408 2297 2558 2370 quod
2586 2296 2729 2353 inira
2755 2296 2963 2357 mantia
2986 2295 3055 2351 ad
3089 2295 3383 2357 adventum
3424 2311 3603 2352 eorum
3643 2296 3721 2353 vix

2169 2392 2600 2449 contineremur.
2651 2388 2867 2446 Etenim
2919 2404 3046 2446 cum
3101 2389 3388 2446 audissent
3428 2389 3495 2445 de
3531 2404 3651 2446 nece
3680 2398 3727 2446 et

2169 2483 2299 2557 fuga
2327 2492 2633 2556 pastorum,
2660 2480 2918 2539 dicebant
2942 2501 2957 2538 2
2985 2481 3215 2553 Propter
3242 2480 3482 2552 praedam
3509 2492 3725 2537 tmth

2171 2577 2396 2645 Franci,
2424 2586 2475 2633 et
2502 2593 2626 2633 cum
2650 2593 2715 2634 ea
2742 2584 3094 2633 revertuntur.
3141 2574 3354 2646 Quippe
3391 2574 3726 2631 edocebantur

2170 2672 2415 2744 quotidie
2446 2672 2518 2728 ab
2547 2671 2635 2728 bis
2659 2670 2756 2742 qui
2784 2669 3039 2742 fugerant
3070 2670 3141 2725 ab
3174 2668 3585 2741 Hierosolymis,
3608 2671 3727 2726 etde

2168 2766 2443 2837 paucitate
2482 2774 2672 2821 nostra
2696 2805 2714 2832 ,
2756 2778 2824 2819 ac
2865 2763 3143 2819 debilitate
3178 2763 3328 2835 vulgi
3371 2770 3428 2818 et
3466 2778 3722 2834 equorum.

2169 2858 2439 2918 Praeterea
2466 2872 2700 2913 numero
2724 2864 2888 2928 autne
2916 2856 3126 2912 viribus
3154 2856 3271 2913 suis
3297 2855 3511 2924 contisi,
3540 2857 3593 2911 in
3618 2857 3726 2913 solis

2146 2952 2349 3023 sputis
2383 2935 2493 3008 nos
2545 2958 2599 3006 et
2645 2957 2824 3006 castra
2873 2956 3062 3005 nostra
3107 2948 3461 3021 submergere
3499 2964 3555 3006 se
3594 2963 3728 3020 posse

2169 3044 2484 3103 Credebant.
2527 3042 2925 3101 Cantellatorea
2967 3041 3132 3101 etiam
3176 3055 3371 3097 eorum
3411 3053 3467 3099 et
3503 3057 3726 3114 augures.

481 3137 942 3201 Videntesautem
966 3144 1217 3207 pastores
1236 3135 1481 3192 Arabum
1503 3142 1727 3191 nostros
1748 3135 2067 3206 [ir-emissos
2097 3171 2141 3237 ο
2172 3150 2234 3198 ιιι
2275 3139 2479 3205 fertur,
2524 3140 2778 3195 dixerant
2814 3146 2875 3194 ut
2916 3152 3030 3193 non
3070 3146 3357 3193 moverent
3397 3137 3610 3194 castella
3647 3149 3729 3191 sua

398 3230 403 3235 ’
475 3228 705 3297 milites,
729 3227 989 3285 animalia
1012 3228 1398 3294 deseruerunt,
1434 3236 1490 3282 et
1518 3235 1805 3298 tanquam,
1840 3227 1886 3283 si
1909 3242 2070 3298 aequo

476 3321 642 3379 modo
686 3321 753 3377 ad
798 3321 924 3377 illos
970 3328 1028 3375 ut
1068 3321 1137 3376 ad
1173 3336 1275 3376 nos
1307 3320 1603 3390 respiceret
1632 3319 1797 3387 Deus,
1830 3335 2072 3391 pugnam

478 3428 602 3470 cum
634 3412 893 3469 omnibus
941 3412 1102 3469 nobis
1132 3411 1272 3467 inire
1309 3411 1648 3467 debuissent.
1696 3409 1867 3467 Erant
1894 3410 1951 3467 in
1978 3426 2073 3468 ara

476 3506 583 3569 mis
617 3506 686 3563 de
715 3506 1033 3577 pastoribus
1073 3506 1296 3581 circiter
1342 3505 1447 3562 tria
1486 3505 1687 3573 millia;
1731 3505 1789 3561 in
1828 3506 2074 3570 exercitu

477 3615 607 3662 vero
637 3602 829 3657 nostro
858 3615 1026 3670 supra
1058 3599 1205 3654 mille
1232 3598 1500 3656 ducentos
1550 3598 1866 3655 dubitanter
1901 3598 2073 3655 ascri-

478 3691 691 3759 bimus;
725 3692 823 3748 sed
861 3702 919 3747 et
958 3691 1201 3762 peditum
1240 3691 1646 3748 multitudinem
1691 3689 1835 3747 ultra
1877 3706 2073 3748 novem

476 3783 649 3838 millia
679 3783 982 3854 producere
1010 3800 1119 3848 non
1150 3784 1435 3856 audemus.
1481 3783 1747 3857 Et‘fugatis
1774 3784 1958 3856 itaque
1984 3801 2077 3855 pa-

478 3877 739 3942 storibus,
759 3877 1009 3947 cepi-mus
1033 3877 1294 3947 praedam,
1317 3886 1581 3954 quantam
1607 3888 1734 3934 ante
1757 3878 1902 3934 diem
1926 3877 2077 3933 illam

480 3982 593 4021 non
620 3967 881 4035 vidimus,
904 3974 960 4023 et
983 3966 1164 4038 aliqui.
1184 3966 1252 4022 de
1279 3968 1595 4038 pastoribus
1622 3966 1897 4024 interfecti
1922 3975 2077 4033 sunt,

480 4069 536 4130 et
562 4058 722 4128 pauci
754 4058 917 4129 capti.
947 4056 1202 4114 Postbtec
1234 4066 1420 4115 autem
1461 4060 1766 4117 mansimus
1795 4059 1853 4115 in
1880 4059 2075 4123 eodem

480 4151 626 4217 loco,
658 4150 789 4221 quia
818 4166 1048 4227 veSpera
1086 4160 1223 4208 crat.
1267 4151 1334 4207 Et
1362 4161 1495 4209 tunc
1520 4153 1805 4225 coegimus
1833 4152 2078 4222 captivos

480 4243 551 4313 ad
578 4243 950 4300 conﬁtendum
974 4242 1218 4300 hostium
1242 4244 1578 4301 voluntatem
1598 4252 1655 4301 et
1674 4244 2079 4312 habitudinem,

480 4344 537 4394 et
572 4351 884 4403 numerum.
927 4334 1181 4405 Confessi
1226 4345 1357 4393 sunt
1400 4337 1587 4408 itaque
1627 4336 1777 4407 quod
1820 4336 2077 4393 voluntas

482 4443 673 4489 eorum
704 4437 823 4489 erat
850 4428 1105 4485 obsidere
1128 4426 1458 4496 Jerusalem,
1504 4438 1560 4483 et
1602 4442 1917 4500 expugnare
1955 4444 2077 4499 om,

2136 3235 2141 3239 ’
2176 3245 2352 3303 usque
2394 3230 2463 3287 ad
2504 3231 2790 3301 septimam
2833 3227 3051 3295 feriam,
3097 3243 3275 3298 neque
3320 3236 3619 3299 pugnarent
3645 3228 3725 3282 ad-

2175 3339 2394 3381 versum
2426 3338 2549 3378 nos.
2583 3320 2742 3388 Quod
2770 3322 2818 3377 si
2848 3321 3121 3376 maturius
3153 3321 3361 3391 aliquid
3388 3321 3457 3377 de
3487 3322 3571 3377 bis
3597 3335 3729 3391 agere

2174 3415 2393 3482 veiicnt,
2427 3415 2484 3471 in
2523 3415 2814 3471 adversum
2846 3420 3278 3471 converteretur.
3314 3412 3430 3470 Nos
3459 3423 3650 3479 autem,
3681 3422 3730 3468 ut

2171 3509 2436 3575 diximus,
2458 3507 2717 3575 ordinati,
2734 3507 2790 3561 in
2812 3513 3008 3562 novem
3034 3505 3235 3562 turmis
3256 3506 3725 3577 progrediebamur.

2174 3603 2555 3675 Multiplicavit
2589 3599 2736 3658 Deus
2773 3599 3073 3655 exercitum
3118 3614 3303 3665 suum,
3345 3599 3484 3654 adeo
3519 3607 3580 3653 ut
3616 3597 3729 3652 inie-

2174 3696 2354 3752 riores
2398 3706 2633 3749 numero
2673 3690 2927 3747 hostibus
2979 3702 3093 3744 non
3149 3688 3493 3744 videbamur.
3543 3685 3726 3743 Etenim

2176 3788 2577 3862 coniunxerant
2605 3799 2666 3841 se
2691 3782 2853 3839 nobis
2893 3780 3154 3837 animalia
3196 3795 3321 3849 quae
3352 3779 3725 3862 dimiseraimg,

2174 3858 2228 3939 et
2257 3853 2415 3936 factis
2439 3877 2716 3950 gregibus,
2751 3875 2970 3931 nemine
2995 3873 3375 3944 compellente,
3406 3887 3509 3928 nos
3533 3853 3731 3929 comit;1

2175 3972 2396 4036 bantur,
2428 3968 2565 4027 adeo
2585 3974 2647 4023 ut
2671 3972 2881 4023 starent
2904 3979 3034 4021 eum
3061 3963 3357 4033 stantibus,
3389 3978 3514 4019 cum
3538 3964 3728 4019 curren-

2175 4065 2326 4120 tibus
2360 4069 2680 4127 currerent,
2726 4074 2856 4116 cum
2894 4056 3330 4133 praecedentibus
3370 4055 3726 4126 praecedunt.

2178 4156 2305 4214 Hac
2364 4164 2546 4211 autem
2596 4152 2962 4224 pretiosarum
3010 4149 3419 4206 “inaestimabilis
3470 4146 3729 4204 multitudo

2175 4260 2313 4308 erat.
2352 4250 2649 4305 Armorum
2685 4254 2866 4301 autem
2903 4253 3069 4315 atque
3097 4243 3436 4313 papilionum
3465 4253 3727 4302 summam,

2177 4345 2303 4417 quis
2342 4343 2695 4400 dinumerare
2734 4338 3006 4396 sumciat?
3049 4335 3310 4392 Videutes
3362 4335 3529 4407 igitur
3579 4334 3730 4389 hostes

2177 4433 2373 4501 nostri,
2409 4443 2465 4488 et
2493 4447 2720 4488 suorum
2750 4445 2947 4486 caasam
2988 4426 3415 4494 multitudinem,
3453 4436 3509 4482 et
3541 4431 3730 4481 nostros

481 4536 582 4576 nes
613 4519 878 4587 Francos,
907 4530 964 4578 et
992 4521 1300 4578 interﬁcere
1339 4530 1395 4577 et
1433 4520 1740 4591 captivam;
1779 4530 1834 4576 et
1871 4521 2080 4578 addunt
2110 4532 2154 4588 D
2179 4528 2237 4584 in
2265 4525 2463 4584 castris
2489 4524 2605 4582 suis
2633 4533 2688 4579 et
2723 4538 2825 4594 pro
2868 4521 3097 4578 victoria
3137 4529 3193 4576 et
3240 4520 3434 4591 spoliis
3480 4532 3659 4576 secure
3686 4523 3731 4572 et

481 4610 630 4680 quod
674 4605 988 4685 Admiravis
1036 4615 1111 4670 ibi
1157 4629 1327 4684 prope
1366 4613 1612 4683 quinque
1654 4612 1828 4687 leugis
1860 4622 1984 4691 erat
2020 4615 2075 4669 in

481 4703 703 4773 castris,
731 4705 999 4776 postridie
1025 4704 1374 4777 profecturus
1404 4704 1696 4775 adversum
1726 4720 1847 4763 nos.
1875 4704 1951 4762 De
1973 4724 2079 4769 ειη-τ

482 4810 638 4854 mero
672 4808 858 4855 autem
896 4799 990 4854 vix
1029 4798 1231 4869 aliquis
1255 4805 1441 4852 certus
1482 4805 1622 4864 erat,
1660 4798 1790 4867 quia
1832 4799 2081 4868 quotidie

484 4890 1012 4961 multiplicabuntur.
1038 4891 1201 4946 Dese
1220 4903 1352 4944 vero
1380 4897 1437 4943 et
1461 4887 1528 4944 de
1559 4890 1725 4947 sociis
1753 4891 1847 4961 qui
1869 4902 2073 4959 essent,

483 4981 827 5055 interrogati,
871 4982 1129 5063 dixerunt
1172 4982 1318 5051 quod
1361 4990 1612 5052 pastores
1652 4990 1836 5039 essent
1864 4983 2078 5039 anima—
2134 4994 2135 4997 ‘

484 5076 642 5144 lium,
677 5092 804 5147 qum
832 5074 1123 5131 dividenda
1165 5083 1325 5129 erant
1364 5074 1420 5128 in
1463 5073 1748 5144 stipendiis
1790 5090 1888 5145 per
1920 5090 2080 5135 exer-

488 5169 657 5238 citum
687 5167 1138 5239 Babyloniorum.
1165 5165 1311 5234 Certi
1347 5167 1532 5237 itaque
1565 5167 1736 5223 nostri
1759 5168 1827 5222 de
1854 5168 1997 5224 bello
2024 5176 2081 5225 et.

484 5261 721 5328 alacres,
761 5258 930 5319 sociis
970 5257 1088 5315 suis
1128 5272 1399 5325 noxarum
1428 5274 1628 5323 causas
1655 5267 1820 5330 atque
1850 5267 2080 5325 contro-

485 5352 685 5412 versia:
712 5349 1082 5421 remittebant.
1130 5349 1382 5408 Posthac
1423 5350 1662 5408 confessi
1705 5352 1774 5409 de
1816 5338 2085 5424 peccatis,

486 5451 546 5507 et
570 5443 639 5499 de
663 5442 1013 5517 negligentiis
1044 5443 1181 5517 suis,
1227 5445 1365 5506 adeo.
1395 5447 1561 5514 erecti
1602 5456 1732 5517 sunt
1769 5446 1972 5503 animis
2014 5453 2085 5507 ut

486 5535 582 5591 vix
607 5534 898 5597 credibiles
921 5535 1004 5592 eis
1031 5537 1184 5593 ﬁeret
1215 5539 1400 5608 hostes
1430 5540 1497 5597 ad
1535 5555 1775 5611 pugnam
1812 5554 1937 5598 esse
1974 5554 2072 5610 pa-

489 5636 662 5687 ratos.
702 5626 1091 5686 lnnascebatur
1134 5632 1281 5688 enim
1313 5639 1463 5710 tanta
1504 5633 1775 5689 securitas
1810 5632 1869 5687 in
1901 5631 2080 5688 cordi-

492 5717 597 5773 bus
624 5718 988 5789 singulorum,
1020 5728 1081 5796 ut
1109 5722 1389 5784 crederent
1416 5739 1546 5781 suos
1576 5725 1762 5780 hostes
1804 5723 1981 5780 cervis
2010 5723 2080 5778 ti-

493 5808 780 5887 midiores,
824 5820 880 5867 et
915 5812 1110 5889 ovibus
1153 5813 1577 5872 innocentiores.
1620 5815 1727 5885 Sed
1774 5816 1890 5871 haec
1915 5830 2077 5887 secu-

2175 4620 2427 4685 alacriter
2452 4632 2633 4688 agere,
2664 4615 2869 4671 reversi
2903 4616 2969 4671 ad
3001 4631 3060 4670 se
3088 4614 3384 4670 dixerunt:
3414 4612 3598 4669 Solum
3617 4626 3729 4681 pra:-

2173 4696 2374 4770 sidium
2407 4713 2533 4782 fuga
2571 4719 2669 4778 est,
2699 4709 2907 4780 etquid
2937 4709 3248 4763 moramur?
3277 4705 3340 4763 Si
3375 4706 3530 4762 hodie
3571 4703 3731 4775 defriti.

2174 4806 2286 4876 ραιὶ
2310 4819 2376 4858 ex
2398 4804 2605 4868 itinere,
2644 4801 2784 4870 fame
2811 4807 2861 4853 et
2888 4800 2983 4854 siti
3015 4814 3142 4868 pene
3171 4798 3527 4864 aemimortui,
3560 4807 3730 4850 om

2175 4905 2412 4965 nostram
2435 4894 2827 4949 multitudinem
2848 4909 2961 4951 uno~
2977 4892 3175 4961 impetu
3196 4896 3610 4960 prostraverunt,
3628 4882 3729 4956 quid

2177 4990 2446 5061 repansati
2474 4996 2524 5042 et
2557 4987 2771 5057 refecti,
2822 4995 2874 5040 et
2909 4985 3132 5039 victores
3162 4990 3348 5039 contra
3391 4983 3654 5037 semineces
3690 4981 3729 5028 ει

2178 5082 2485 5137 nominatos
2512 5087 2669 5150 atque
2688 5077 2907 5147 pavidos
2932 5077 3170 5147 facient?
3196 5076 3382 5146 itaque
3406 5075 3606 5139 hostes,
3623 5084 3729 5123 eon-

2178 5174 2413 5233 tnrbatis
2439 5172 2641 5228 animis
2686 5170 2889 5227 reversi
2932 5179 3063 5225 sunt
3090 5169 3364 5225 Ascalona
3380 5210 3396 5234 ,
3421 5181 3545 5238 qua:
3564 5162 3728 5221 millia-
3811 5188 3816 5201 ι

2175 5268 2322 5325 rium
2353 5282 2387 5325 a
2410 5264 2610 5322 castris
2631 5262 2835 5326 nostris
2863 5263 3073 5329 aberat,
3102 5260 3197 5318 sed
3230 5276 3341 5316 non
3371 5275 3580 5316 omnes.
3605 5256 3733 5311 Tunc.

2178 5357 2383 5429 placuit
2422 5354 2611 5412 comiti
2658 5352 2988 5418 Raimundo,
3024 5360 3086 5407 ut
3112 5351 3356 5407 mitteret
3387 5345 3727 5424 Boamuudum

2175 5448 2488 5520 quemdam,
2514 5444 2755 5501 Turcum
2798 5459 3016 5517 genere,
3061 5443 3130 5499 ad
3171 5442 3508 5509 Admiratus,
3541 5440 3729 5496 obtentu

2178 5541 2432 5597 ineunda:
2471 5537 2728 5595 amicitiae
2759 5555 2775 5591 :
2813 5535 3127 5592 accusando
3167 5550 3297 5591 eum
3336 5534 3490 5605 quod
3529 5524 3731 5589 noluerit

2176 5631 2404 5686 liberam
2450 5628 2679 5684 reddere
2712 5625 3038 5693 Jerusalem,
3086 5634 3145 5681 et
3179 5626 3276 5698 qui
3321 5626 3606 5683 adversum
3646 5629 3725 5677 nos

2180 5737 2333 5777 arma
2357 5720 2643 5786 detulerat,
2676 5719 2841 5774 simul
2870 5726 2931 5774 ut
2954 5718 3296 5789 praesentiret
3344 5716 3531 5790 fugam
3558 5730 3618 5770 an
3643 5704 3724 5762 Ικι·

2182 5815 2296 5883 lum
2313 5812 2367 5891 in
2389 5812 2573 5892 animo
2595 5821 2832 5890 pararet,
2847 5823 2902 5871 et
2914 5812 3190 5886 quomodo
3213 5810 3418 5891 victum)
3440 5825 3501 5885 se
3519 5806 3726 5891 ιιῃιιοηιρ,
