3846 6306
637 468 853 531 CAPUT
888 468 1064 526 XLIII.

151 576 336 632 buerea
363 569 604 626 nuntius
632 567 776 624 venit
805 564 1097 631 Tancredo,
1130 573 1185 620 et
1207 561 1394 619 comiti
1427 561 1628 618 Eusta-

93 669 217 734 cbio,
243 675 294 719 ut
319 669 700 734 praepararent
739 674 810 724 se,
849 666 902 712 et
928 665 1214 730 pergerent
1249 656 1319 712 ad
1362 654 1632 726 recipien-

93 761 197 816 dam
220 755 397 811 urbem
429 752 738 823 Neapolim.
765 751 829 806 At
853 749 929 806 illi
955 749 1227 816 exierunt,
1270 756 1322 804 el
1358 747 1634 803 duxerunt

91 863 249 907 secum
287 844 493 900 multos
536 843 756 909 milites,
789 849 840 896 et
877 841 1132 912 pedones,
1180 848 1233 896 et
1269 845 1632 924 pervenerunt

92 941 146 996 ad
185 937 375 993 urbem.
417 932 766 988 Habitatores
801 947 928 986 vero
972 930 1116 986 illius
1163 929 1517 985 reddiderunt
1570 943 1632 988 se

87 1033 231 1091 Illico.
273 1027 521 1084 Posthtec
559 1026 827 1081 mandavit
865 1025 970 1080 illis
999 1025 1106 1080 dux
1153 1023 1503 1092 Codelridus,
1535 1023 1630 1100 qui

89 1133 136 1177 et
159 1137 239 1175 rex
262 1117 586 1183 Jerusalem,
633 1125 689 1170 ut
723 1115 830 1170 cito
866 1113 1112 1170 venirent
1141 1114 1208 1170 ad
1237 1114 1453 1178 bellem,
1484 1112 1631 1183 quod

89 1211 386 1267 Animiratus
415 1208 726 1280 Babylonia:
750 1215 1147 1278 pta-paraverat
1187 1206 1268 1261 eis
1299 1205 1628 1261 Aschalone.

88 1305 153 1361 llli
191 1314 353 1358 autem
393 1301 705 1358 festinando
748 1302 1086 1357 intraverunt
1115 1308 1452 1365 montanam,
1483 1314 1632 1370 qure-

85 1408 242 1455 r.ntes
266 1395 689 1452 Sarracenorum
726 1395 884 1462 bella,
910 1407 965 1450 et
994 1402 1263 1448 venerunt
1290 1392 1623 1448 Cmsaream.

87 1491 341 1547 Venientes
382 1505 601 1560 quoque
636 1488 791 1559 juxta
829 1501 978 1542 mare
1019 1486 1088 1542 ad
1131 1485 1322 1542 urbem
1370 1483 1630 1550 Ramore,

84 1587 175 1640 iliic
217 1585 527 1640 invenerunt
579 1584 783 1639 multos
828 1582 1073 1648 Arabes,
1120 1581 1216 1652 qui
1262 1595 1632 1651 prazeursorcs

82 1687 213 1733 erant
238 1676 374 1732 belli.
415 1674 565 1741 Quos
591 1674 765 1729 nostri
808 1681 1219 1744 persequentes,
1255 1669 1630 1741 apprehende-

81 1779 186 1824 runt
212 1770 387 1840 plures
413 1784 479 1822 ex
511 1768 611 1834 eis,
651 1767 746 1838 qui
788 1767 1044 1821 dixerunt
1087 1766 1271 1820 omnia
1315 1763 1440 1819 belli
1489 1777 1630 1818 nova

81 1865 152 1915 ubi
196 1871 410 1925 e.sent,
458 1870 513 1915 et
559 1869 712 1930 quot,
758 1869 852 1914 aut
897 1859 989 1913 ubi
1026 1859 1228 1914 bellare
1276 1857 1632 1927 disponerent

76 1972 100 2010 c
131 1965 238 2009 utra
273 1955 632 2010 Christianos.
679 1954 833 2020 Quod
875 1953 1104 2009 audiens
1137 1951 1472 2017 Tancredus,
1519 1959 1632 2007 sta-

78 2048 155 2099 tim
203 2046 350 2100 misit
389 2046 640 2101 nuntium
689 2045 990 2101 Jerusalem
1036 2044 1163 2102 duci
1210 2043 1534 2109 Godel'rido,
1577 2054 1633 2100 et

75 2139 390 2208 patriarcha},
421 2140 790 2210 omnibusque
818 2138 1155 2209 principibus
1174 2179 1190 2204 ,
1219 2137 1410 2193 dicens
1435 2156 1448 2191 :
1479 2135 1632 2192 Scia-

76 2232 130 2284 tis
171 2233 305 2290 quod
350 2233 495 2286 nobis
541 2243 789 2301 paratum
827 2241 904 2286 est
935 2231 1130 2288 bellum
1171 2230 1512 2287 Ascltalonia:
1563 2230 1628 2286 ab

73 2314 363 2380 Ammirato.
398 2325 579 2397 Igitur
619 2328 787 2381 venite
825 2327 1139 2396 festinanter
1173 2341 1295 2380 cum
1339 2325 1484 2379 omni
1519 2325 1629 2380 vir-

77 2427 183 2482 tute,
209 2432 364 2486 quam
388 2415 580 2471 habere
607 2415 1040 2486 poteritis.Tunc
1055 2415 1222 2486 jussit
1249 2415 1356 2470 dux
1381 2430 1631 2470 commo-

73 2508 171 2563 neri
195 2523 403 2574 omnes,
433 2517 495 2563 ut
521 2509 750 2565 fideliter
771 2509 912 2565 irent
936 2509 1220 2580 praeparati
1239 2508 1628 2574 Aschalonam,

74 2601 261 2654 obviam
292 2601 532 2656 inimicis
563 2601 786 2656 nostris.
835 2599 1112 2669 Ipse-vero
1142 2615 1266 2654 cum
1296 2599 1628 2670 patriarcha,

73 2704 114 2748 et
138 2692 365 2749 Roberto
387 2693 712 2749 Flandrensi
735 2693 952 2758 comite,
974 2693 1146 2748 exivit
1163 2692 1231 2748 de
1254 2693 1389 2747 urbe
1411 2691 1466 2745 in
1494 2690 1630 2745 feria

71 2785 227 2852 tertia,
263 2795 317 2840 et
359 2783 794 2840 Marturanensis
835 2785 1122 2854 episcopus
1165 2799 1290 2838 cum
1339 2783 1440 2837 eis.
1490 2780 1628 2836 Tum

71 2891 177 2932 vero
215 2876 401 2932 Sancti
437 2876 640 2948 Egidii
676 2892 862 2933 comes
899 2893 963 2931 ac
989 2875 1259 2931 Robcrtus
1295 2873 1630 2929 Northman-

72 2988 158 3024 nus
184 2971 439 3026 dixerunt
469 2955 542 3026 ise
585 2987 694 3026 non
742 2971 1008 3037 exituros,
1046 2970 1153 3025 nisi
1193 2979 1402 3025 eertum
1429 2967 1629 3023 bellum

73 3062 266 3117 scirent.
292 3061 591 3118 Jusserunt
617 3078 746 3134 ergo
777 3063 1042 3117 militibus
1072 3063 1209 3128 suis,
1241 3071 1299 3116 ut
1341 3070 1632 3133 pergerent

71 3155 226 3209 videre
251 3155 296 3209 si
332 3155 540 3210 bellum
576 3171 701 3210 vere
730 3163 895 3222 esset,
929 3163 985 3210 et
1017 3163 1421 3210 reverterentur
1449 3171 1628 3225 quan:
1658 3189 1700 3246 Ο

72 3247 240 3313 tocius,
267 3248 402 3320 quia
433 3249 538 3318 ipsi
583 3263 710 3302 mox
740 3256 924 3304 essent
966 3247 1142 3318 parati
1175 3247 1378 3302 venire.
1412 3247 1633 3302 lvcrunt

72 3340 150 3404 illi,
184 3342 544 3412 videruntque
571 3341 772 3395 bellum
805 3349 1058 3411 paratum
1079 3382 1094 3406 ,
1124 3347 1179 3395 et
1206 3339 1316 3394 cito
1347 3341 1630 3396 renuntia-

73 3444 240 3488 verunt
271 3450 331 3488 se
365 3434 574 3488 vidisse
607 3434 784 3488 oculis
815 3433 950 3488 suis.
983 3432 1258 3488 Continuo
1299 3435 1412 3488 dux
1438 3450 1632 3504 apprc-

72 3525 216 3581 lienso
244 3524 649 3582 Marturanensi
670 3527 923 3596 episcopo
944 3524 1224 3580 mandavit
1250 3525 1303 3580 in
1331 3524 1632 3581 Jerusalem

72 3631 161 3686 quo
184 3618 382 3672 milites
403 3617 501 3686 qui
528 3615 601 3671 ibi
628 3624 784 3671 erant
813 3625 1186 3686 praepararent,
1208 3631 1285 3681 se,
1311 3624 1365 3669 et
1384 3615 1635 3671 venirent

71 3711 124 3765 ad
151 3711 384 3785 bellum.
432 3709 732 3781 Episcopus
786 3724 912 3762 vero
962 3705 1390 3790 Marturanensis
1435 3708 1631 3776 rediit,

70 3814 331 3873 reportans
353 3804 524 3859 verba
547 3803 712 3858 missa
738 3800 1082 3873 patriarchae,
1103 3813 1157 3855 et
1177 3800 1334 3867 duci;
1357 3803 1636 3856 exierunt-

70 3912 157 3965 qnc
188 3897 484 3951 Sarraeeni
524 3897 738 3951 obviam
783 3897 855 3961 ei,
902 3902 959 3949 et
999 3893 1399 3965 apprehensum
1445 3908 1632 3950 secum

70 3989 336 4044 ﬂuxerunt.
369 3988 570 4043 Petrus
600 4005 725 4043 vero
761 3987 1000 4042 Eremita
1027 3987 1295 4042 remansit
1325 3987 1378 4041 iu
1411 3985 1635 4042 Jerusa-

69 4080 177 4147 lem,
209 4079 525 4136 ordinando
565 4089 619 4135 et
655 4082 1020 4152 prmcipiendo
1057 4083 1262 4140 Graecis
1309 4093 1364 4140 et
1399 4084 1632 4153 Latinis,

69 4187 122 4226 ac
146 4174 374 4239 clericis,
423 4183 482 4228 ut
518 4173 742 4229 ﬁdeliter
781 4175 890 4231 Deo
931 4177 1343 4246 processionem
1389 4179 1635 4233 celebras

69 4275 187 4324 rent.
218 4275 270 4320 et
295 4265 680 4336 eleemosynas
701 4267 1085 4337 orationesque
1108 4267 1368 4333 lacerent,
1404 4277 1462 4322 ut
1493 4265 1634 4326 Deus

70 4357 245 4425 populo
275 4373 382 4412 suo
425 4357 702 4412 victoriam
733 4357 904 4412 daret.
923 4357 1120 4414 Clerici
1146 4368 1200 4414 et
1225 4361 1524 4432 presbyteri
1546 4362 1631 4415 in-

68 4447 164 4500 duti
205 4449 385 4503 sacris
423 4449 661 4503 vestibus
689 4448 754 4502 ad
793 4449 1054 4519 templum
1097 4448 1315 4505 Domini
1359 4451 1636 4506 conduxe-

1033 349 1229 406 IiAIM.
1269 347 1360 405 DE
1393 346 1646 406 AGILES
1682 345 1862 404 HIST.
1901 347 2268 409 BIEROSOL.

3209 365 3318 423 668

1658 466 1706 526 Δ
1731 481 1764 522 a
1795 464 2042 524 Domino.
2070 467 2300 524 Summo
2319 485 2450 528 vero
2472 449 2733 544 diluculo,
2765 473 3106 534 Intraverunt
3134 479 3192 535 in
3212 481 3322 537 vnio

1727 560 1834 618 lem
1869 559 2036 618 nimis
2064 561 2378 632 pulchram,
2404 579 2564 636 secus
2589 566 2744 623 littus
2775 568 2965 638 maris,
2998 570 3056 625 in
3088 587 3198 642 qua
3221 587 3318 629 or-

1728 651 2055 710 dinaverunt
2093 668 2242 734 suas.
2271 654 2438 726 acies.
2477 655 2599 712 Dux
2629 657 2889 716 instruxit
2919 675 3100 729 suam,
3131 677 3322 728 comes

1728 742 2144 801 Northmannus
2191 760 2394 817 sum,
2432 765 2632 806 comes
2681 749 2872 808 Sancti
2895 751 3097 825 Egidii
3137 770 3321 826 suam,

1730 851 1916 920 comes
1946 836 2300 900 Flandrensis
2334 856 2516 910 suam,
2554 857 2740 920 comes
2773 842 3107 902 Eustachius
3137 861 3321 919 suam,

1730 929 2050 989 Tancredus
2094 943 2150 994 et
2187 933 2391 996 Ceston
2437 951 2616 992 suam.
2659 933 3064 994 Ordinaverunt
3099 953 3322 1014 quoque

1729 1025 1940 1099 pedites
1983 1034 2040 1082 et
2077 1026 2392 1098 sagittarios
2431 1028 2526 1099 qui
2568 1029 2940 1100 praecederent
2975 1027 3216 1098 milites;
3265 1038 3322 1095 et

1730 1118 1812 1176 sic
1839 1118 2233 1176 ordinaverunt
2253 1120 2446 1176 omnia
2477 1140 2498 1176 ι
2519 1120 2824 1193 Statimque
2864 1123 3100 1192 praeliari
3129 1138 3319 1198 cape:

1731 1221 1861 1268 runt
1887 1212 1944 1268 in
1971 1211 2196 1268 nomine
2235 1213 2455 1270 Domini
2495 1215 2671 1290 nostri
2710 1214 2840 1271 Jesu
2882 1213 3108 1272 Christi.
3153 1215 3210 1271 In
3245 1214 3323 1278 si-

1731 1305 1904 1362 nistra
1939 1314 2093 1376 parte
2118 1304 2226 1362 fuit
2249 1307 2362 1364 dux
2392 1305 2723 1366 Godefridus
2765 1323 2892 1363 cum
2923 1323 3023 1364 sua
3053 1307 3191 1373 acie,
3224 1323 3322 1378 ων

1731 1413 1850 1454 mes
1899 1397 2090 1456 Sancti
2136 1398 2340 1472 Egidii
2382 1399 2538 1470 juxta
2577 1415 2758 1467 mare,
2808 1399 2861 1454 in
2908 1401 3097 1457 dextra
3143 1409 3322 1472 parte,

1731 1508 1917 1550 comes
1949 1491 2387 1560 Northmannus,
2407 1507 2591 1548 comes
2616 1509 2836 1564 quoque
2864 1494 3238 1560 Flandrensis,
3268 1500 3327 1550 et

1732 1585 2051 1643 Tancredus
2071 1601 2373 1656 omnesque
2397 1586 2491 1642 alii
2513 1587 2835 1657 equitahant
2861 1587 2915 1641 in
2936 1587 3136 1642 medio.
3167 1585 3330 1642 Tunc

1732 1679 1908 1735 nostri
1959 1689 2245 1750 coeperunt
2287 1679 2552 1748 paulatim
2601 1679 2919 1746 ambulare;
2956 1677 3153 1752 pagani
3192 1691 3326 1735 vero

1733 1773 1954 1829 stabant
1981 1772 2154 1843 parati
2192 1773 2259 1828 ad
2287 1771 2513 1828 bellum.
2543 1770 2938 1844 Unusquisque
2967 1787 3126 1827 suum
3157 1769 3328 1826 habe-

1733 1867 1829 1923 bat
1859 1867 2144 1922 vasculum
2173 1866 2415 1938 pendens
2437 1867 2598 1932 collo,
2623 1882 2689 1921 ex
2712 1866 2914 1937 quibus
2933 1872 3185 1936 potarent
3203 1879 3330 1935 perv-

1737 1966 2031 2028 sequentes
2057 1973 2198 2024 nos;
2228 1958 2324 2012 sed
2364 1957 2474 2013 illis
2505 1972 2613 2011 non
2652 1957 2828 2022 licuit,
2859 1955 3033 2028 gratia
3061 1954 3176 2010 Dei.
3223 1953 3332 2009 Co-

1731 2062 1852 2107 mes
1873 2060 2054 2106 autem
2086 2048 2529 2116 Northmannus,
2565 2059 2799 2104 cernens
2838 2047 3128 2103 Ammirati
3172 2053 3328 2104 stan-

1732 2150 1912 2197 tarum
1936 2142 2224 2197 habentem
2255 2139 2526 2210 quoddam
2553 2155 2776 2210 pomum
2805 2156 3030 2195 aureum
3065 2141 3121 2194 in
3167 2153 3326 2194 sum-

1732 2235 1924 2290 mitate
1949 2235 2140 2301 hastae,
2180 2250 2304 2305 qua:
2329 2242 2451 2289 erat
2476 2243 2736 2304 cooperta
2763 2243 3008 2305 argento,
3034 2232 3196 2287 itruit
3230 2246 3331 2288 ves

1733 2328 2017 2383 hemcnter
2035 2342 2200 2397 super
2221 2327 2397 2394 illum,
2423 2340 2662 2397 eumque
2698 2324 3007 2380 vulneravit
3037 2337 3212 2393 usque
3255 2321 3327 2378 ad

1731 2426 1985 2474 mortem.
2031 2413 2107 2472 Ex
2144 2417 2247 2472 alia
2284 2426 2439 2488 parte
2501 2432 2687 2473 comes
2741 2415 3114 2482 Flandrensis,
3158 2413 3328 2470 nimis

1731 2507 1934 2564 acriter
1957 2523 2055 2564 eos
2089 2508 2310 2562 invasit.
2367 2506 2686 2564 Tancredus
2713 2507 2879 2578 igitur
2904 2507 3167 2576 impetum
3199 2503 3330 2562 fecit

1730 2616 1830 2672 per
1857 2601 2098 2656 medium
2146 2599 2442 2656 tentorium
2475 2616 2698 2656 eorum.
2743 2599 2899 2667 Quod
2945 2599 3191 2656 videntes
3229 2613 3328 2670 pa-

1732 2691 1879 2764 gani,
1917 2691 2179 2748 continuo
2213 2692 2571 2763 arripuerunt
2598 2690 2805 2763 fugam.
2848 2689 3196 2763 Paganorum
3221 2704 3325 2746 au-

1732 2793 1839 2840 tem
1869 2785 2161 2840 multitudo
2181 2793 2300 2840 erat
2334 2784 2772 2851 innumerabilis,
2795 2798 3196 2854 numerumque
3222 2798 3319 2838 co-

1732 2893 1856 2932 rum
1898 2893 2060 2933 nemo
2104 2878 2237 2944 scit,‘
2269 2877 2372 2933 nisi
2406 2877 2560 2934 solus
2610 2875 2778 2933 Deus.
2817 2875 2964 2932 Bella
3000 2891 3132 2931 vero
3167 2884 3326 2930 erant

1734 2968 2026 3037 immensa,
2055 2969 2150 3026 sed
2190 2970 2368 3026 virtus
2395 2970 2582 3025 divina
2613 2969 2980 3025 comitabatur
3016 2968 3325 3034 nobiscum,

1735 3069 1845 3116 tam
1870 3076 2086 3133 magna,
2102 3070 2210 3115 tam
2235 3059 2393 3115 fortis
2409 3059 2556 3131 quod
2579 3059 2760 3114 statim
2780 3058 3160 3130 superavimus
3183 3057 3326 3112 illos.

1733 3153 1963 3208 Stabant
1989 3169 2121 3208 vero
2146 3153 2354 3208 inimici
2386 3151 2482 3208 Dei
2509 3152 2789 3219 excmcati,
2832 3160 2887 3207 et
2925 3149 3238 3221 stupefacti,
3265 3165 3331 3204 ac

1736 3247 1980 3301 videntes
2023 3245 2228 3302 Christi
2277 3247 2500 3315 milites,
2545 3245 2754 3317 apertis
2785 3245 2961 3300 oculis
3005 3244 3140 3298 nihil
3172 3242 3329 3297 vide-

1734 3338 1890 3407 bant;
1917 3349 1972 3395 et
1998 3349 2187 3395 contra
2213 3339 2559 3396 Christianos
2579 3340 2789 3410 erigere
2812 3353 2872 3393 se
2897 3353 3004 3392 non
3033 3336 3328 3401 audebant,

1733 3432 1936 3489 virtute
1983 3431 2076 3488 Dei
2123 3433 2450 3489 tremefacti.
2482 3431 2593 3488 Pro
2629 3431 2802 3486 nimio
2846 3444 3085 3500 namque
3132 3429 3331 3486 timore

1736 3527 2104 3582 ascendebant
2133 3527 2189 3580 in
2223 3525 2468 3593 arbores,
2495 3525 2549 3579 in
2575 3525 2779 3595 quibus
2809 3523 3076 3594 putabant
3100 3537 3161 3577 se
3193 3520 3324 3575 ellu-

1735 3633 1879 3689 gcre,
1912 3618 1996 3673 vel
2036 3617 2388 3672 abscondere.
2439 3616 2510 3670 At
2539 3615 2712 3672 nostri
2761 3615 3088 3688 sagittando,
3114 3623 3167 3668 et
3201 3628 3329 3668 cum

1735 3707 1942 3763 lanceis
1973 3715 2027 3762 et
2053 3707 2279 3763 ensibus
2309 3705 2630 3772 occidendo,
2666 3721 2762 3761 eos
2799 3705 2867 3761 ad
2902 3713 3104 3760 terram
3135 3703 3330 3774 praeei-

1735 3801 2002 3872 pitabant.
2042 3800 2144 3854 Alii
2169 3799 2450 3870 jactabant
2478 3816 2537 3857 se
2572 3800 2628 3855 in
2654 3809 2877 3868 terram,
2910 3815 3018 3853 non
3063 3797 3328 3853 audentes

1735 3909 1797 3950 se
1818 3894 2028 3964 erigere
2051 3902 2239 3949 contra
2285 3908 2407 3948 nos.
2458 3891 2644 3950 Nostri
2680 3893 2848 3965 igitur
2871 3892 2995 3947 illos
3027 3891 3326 3947 detrunca-

1736 3989 1887 4055 hant,
1912 3988 2054 4044 sicut
2075 3979 2274 4058 aliquis
2303 3987 2593 4042 detruncat
2621 3985 2876 4041 animalia
2917 3984 2984 4040 ad
3012 3983 3325 4039 macellum.

1736 4081 1936 4138 Comes
1964 4096 2095 4136 vero
2139 4078 2328 4135 Sancti
2375 4077 2600 4151 Egidii,
2628 4078 2786 4149 juxta
2829 4092 2980 4131 mare
3019 4074 3219 4131 occidit
3259 4088 3328 4127 ex

1736 4176 1818 4231 eis
1860 4175 1980 4229 sine
2013 4187 2268 4229 numero.
2305 4171 2411 4226 Alii
2439 4187 2571 4227 vero
2599 4187 2661 4227 se
2692 4169 3104 4241 prareipitabant
3126 4167 3179 4222 in
3211 4181 3328 4220 ma-

1736 4282 1814 4328 re,
1853 4264 1944 4320 alii
1989 4263 2268 4336 fugiebant
2296 4264 2404 4318 huc
2433 4262 2691 4333 illucque.
2725 4261 2962 4317 Veniens
2986 4259 3169 4330 itaque
3198 4258 3324 4311 Am-

1738 4357 1970 4413 miratus
2005 4355 2314 4428 Babyloniae
2354 4361 2480 4411 ante
2529 4353 2764 4411 Ascalon
2804 4353 3101 4419 civitatem,
3136 4351 3326 4406 dolens

1736 4461 1791 4506 et
1821 4467 2058 4507 intercus
2090 4450 2442 4521 lacrymando
2491 4449 2629 4504 dixit
2677 4467 2690 4506 :
2735 4447 2780 4502 0
2814 4446 3034 4501 deorum
3079 4443 3326 4516 spiritus!

70 4549 177 4591 runt
205 4540 649 4608 processionem;
690 4555 754 4594 ac
784 4540 982 4596 missas
1014 4549 1068 4596 et
1094 4541 1372 4598 orationes
1399 4544 1640 4598 eclebra-
1670 4537 1714 4596 Ι)
1741 4547 1856 4616 quis
1879 4561 2111 4616 unquam
2135 4543 2268 4598 vidit
2298 4541 2376 4598 vel
2411 4544 2615 4597 audiuit
2665 4541 2840 4596 talia?
2870 4540 3044 4595 Tanta
3069 4548 3322 4612 potestas,

69 4629 201 4694 haut,
236 4640 297 4684 ut
342 4631 493 4686 Deus
532 4646 692 4686 suum
719 4631 1032 4688 defenderet
1069 4633 1349 4704 pepulum.
1396 4634 1639 4706 Denique

70 4723 362 4788 patriarcha
401 4733 456 4778 et
497 4722 739 4794 episcopi
783 4723 986 4796 aliique
1029 4727 1276 4782 seniores
1322 4729 1638 4798 congregati

69 4825 180 4867 sunt
207 4814 272 4868 ad
299 4815 535 4868 ﬂuvium
566 4815 713 4884 quod
752 4824 836 4869 est
859 4830 928 4869 ex
965 4815 1066 4868 hac
1096 4825 1250 4885 parte
1271 4817 1633 4874 Aschalonize.

70 4902 269 4976 lllicque
303 4907 486 4961 multa
517 4904 793 4973 animalia,
823 4907 1010 4973 boum,
1039 4908 1397 4975 camelorum,
1427 4912 1634 4979 ovium,

71 5008 215 5068 atque
252 5000 508 5055 omnium
540 4999 810 5056 bonorum
836 5001 1128 5071 deprtedati
1166 5011 1313 5058 sunt.
1361 5002 1642 5060 Venerunt

72 5101 234 5145 autem
285 5094 504 5148 Arabes
553 5092 667 5147 fere
714 5093 974 5160 trecenti,
1033 5094 1419 5167 irrueruntque
1465 5097 1639 5153 nostri

74 5197 220 5251 super
242 5184 403 5248 illos;
443 5195 494 5238 et
527 5184 994 5254 apprchenderunt
1027 5185 1163 5240 duos
1191 5204 1258 5242 ex
1299 5189 1400 5250 eis,
1448 5206 1634 5258 perse-

75 5289 286 5343 quentes
320 5280 471 5334 alios
498 5294 670 5348 usque
697 5279 765 5334 ad
789 5293 974 5333 eorum
1002 5281 1304 5336 exercitum
1355 5284 1504 5336 tb‘ero
1533 5297 1634 5336 au-

78 5376 167 5424 tem
207 5370 391 5440 facto,
440 5371 751 5442 patriarcha
787 5371 910 5427 fecit
946 5373 1245 5442 praeeonari
1292 5382 1636 5445 per'omnem

77 5465 382 5531 exercitum,
436 5473 498 5520 ut
532 5465 592 5520 in
627 5480 845 5521 summo
869 5481 1028 5520 mane
1071 5481 1265 5522 omnes
1294 5468 1349 5522 in
1393 5469 1638 5525 crastino

82 5563 242 5608 essent
277 5554 466 5626 parati
508 5556 578 5610 ad
619 5554 854 5618 bellum,
890 5555 1347 5610 excommunicauit
1393 5572 1456 5609 ne
1494 5556 1636 5612 ullus

82 5642 214 5699 homo
242 5647 538 5702 intenderet
583 5647 656 5700 ad
705 5645 817 5699 ulla
848 5644 1037 5714 spolia,
1079 5646 1244 5700 donec
1284 5647 1478 5702 bellum
1503 5657 1636 5702 esset

86 5737 295 5804 factum;
327 5739 429 5796 sed
459 5754 524 5795 eo
554 5738 729 5802 facto,
758 5746 1144 5794 reverterentur
1173 5754 1299 5792 cum
1325 5739 1468 5796 felici
1503 5756 1635 5812 gau-

83 5831 177 5920 dio.
203 5834 267 5890 ad
291 5816 632 5912 capiendum
664 5831 916 5903 quidquid
937 5837 1010 5894 ei.c
1031 5833 1468 5905 praedestinatum
1485 5847 1637 5894 esset

1741 4648 1890 4692 tanta
1922 4639 2108 4703 virtus,
2141 4645 2293 4690 tanta
2340 4636 2558 4703 militia,
2623 4643 2741 4708 qua:
2779 4651 3050 4706 nunquam
3105 4632 3168 4686 ab
3211 4632 3326 4686 ulla

1737 4741 1886 4804 gente
1910 4733 2012 4801 [uit
2035 4741 2307 4802 superata,
2338 4731 2494 4784 modo
2523 4745 2554 4783 a
2579 4728 2796 4783 tantilla
2822 4738 2970 4799 gente
2991 4726 3326 4782 Christiano-

1739 4840 1854 4876 rum
1871 4833 1948 4876 est
1985 4823 2210 4877 devicta.
2265 4821 2381 4877 lIen
2426 4822 2578 4887 mihi,
2629 4821 2801 4875 tristis
2846 4835 2910 4873 ac
2947 4816 3163 4872 dolens!
3195 4833 3228 4882 q
3267 4817 3324 4869 id

1737 4916 1965 4982 amplius
2014 4916 2230 4969 dicam?
2279 4914 2570 4985 Superatus
2608 4921 2724 4967 sum
2770 4929 2802 4966 (ι
2863 4917 3009 4982 gente
3061 4910 3322 4973 menaica,

1740 5006 1930 5060 inermi
1958 5015 2007 5060 et
2033 5007 2395 5077 pauperrinta,
2422 5021 2540 5076 qua:
2562 5020 2664 5058 non
2691 5003 2844 5058 habet
2879 5003 2982 5056 nisi
3026 5015 3240 5056 saccum
3273 5011 3324 5056 ct

1737 5115 1940 5168 peram.
1975 5098 2101 5168 Ipsa
2121 5099 2275 5152 modo
2297 5097 2631 5168 persequitur
2649 5107 2699 5150 et
2726 5095 2918 5150 occidit
2933 5104 3133 5165 gentem
3148 5094 3325 5164 ,ἕεις-

1738 5191 1994 5259 ptiacam,
2021 5207 2138 5261 quae
2157 5186 2243 5243 illi
2263 5188 2550 5260 plerunque
2578 5204 2703 5242 suas
2725 5187 2922 5259 largita
2947 5195 3026 5240 est
3047 5187 3302 5256 eleemosy

1741 5300 1858 5349 nas,
1895 5283 2020 5337 dum
2047 5284 2173 5337 olint
2201 5299 2293 5353 per
2315 5298 2518 5336 omnem
2543 5290 2778 5335 nostram
2801 5279 3032 5348 patriam
3064 5275 3327 5346 meridiari

1737 5387 1834 5429 ret.
1873 5374 1990 5428 Ilua
2031 5375 2263 5428 conduxi
2296 5373 2365 5426 ad
2405 5373 2825 5426 communionem
2863 5371 3094 5426 ducenta
3141 5369 3326 5424 millia-

1738 5465 1991 5530 militum,
2023 5475 2073 5518 et
2104 5465 2253 5518 rideo
2278 5463 2400 5518 illos
2425 5463 2566 5518 luxis
2593 5464 2757 5532 frenis
2782 5463 3038 5534 fngientes
3061 5473 3153 5532 per
3180 5462 3320 5516 ciant

1736 5555 2138 5624 Babylonicum,
2169 5563 2220 5610 et
2245 5569 2347 5608 non
2377 5555 2571 5608 audent
2607 5555 2794 5608 reverti
2828 5554 3080 5608 adversus
3111 5559 3318 5624 gentem

1739 5647 2148 5716 Francigenam.
2177 5645 2315 5701 Juro
2331 5661 2426 5717 per
2455 5645 2727 5702 Maltumet
2747 5656 2798 5702 et
2839 5663 2931 5717 per
2979 5645 3161 5700 omnia
3190 5642 3318 5697 deo-

1736 5757 1852 5795 rum
1883 5739 2122 5805 numina,
2154 5741 2294 5812 quod
2317 5740 2460 5794 ultra
2488 5753 2591 5794 non
2614 5738 2845 5794 retinebo
2877 5736 3069 5792 milites
3100 5749 3317 5791 conven-

1735 5833 1874 5887 tione
1902 5830 2104 5903 aliqua,
2135 5833 2263 5914 quia
2290 5831 2540 5904 expulsus
2571 5847 2688 5887 sum
2713 5849 2744 5885 (ι
2770 5840 2916 5901 gente
2949 5829 3125 5886 aliena
3143 5834 3193 5884 et
3215 5821 3316 5886 ulla
