3806 6306
97 385 198 475 069'.
845 377 1149 457 nosam
1183 377 1494 456 nemnem
1527 395 1711 454 HlST.
1746 394 2110 455 HIEROSOL.
2147 427 2215 437 -
2251 395 2382 453 LIB.
2420 395 2466 454 ι.
3167 399 3278 458 οίο

79 531 3235 562 ww“

1374 709 1913 834 INCIPIT

281 970 904 1070 PREFATIO
970 970 1800 1071 APOLOGETICA
1863 969 2411 1067 MONACHI
2489 893 3016 1082 nomn

1067 1184 1133 1241 IN
1169 1183 1498 1243 msromn
1532 1181 2218 1243 nmosoumrma.
2331 1159 2336 1164 ⁷

18 1551 20 1556 ·
117 1521 378 1580 Universos
401 1520 497 1595 qui
523 1519 672 1579 hanc
694 1517 982 1578 historiam
1019 1519 1272 1592 legerint,
1301 1518 1419 1576 sive
1469 1517 1577 1590 legi
1604 1525 1651 1587 Α
1678 1523 1796 1574 test
1814 1525 1871 1573 et
1896 1516 2088 1573 levitas
2109 1515 2393 1586 carminis,
2419 1524 2474 1574 et
2526 1517 2754 1574 minimo
2793 1518 3075 1590 phalerata
3111 1533 3271 1577 com-

62 1615 305 1684 andierint,
343 1622 400 1671 et
445 1614 692 1671 auditam
749 1613 1136 1680 intellexerint,
1183 1610 1469 1684 deprecor,
1522 1618 1586 1667 ut
1681 1609 1884 1681 positio
1910 1609 2188 1665 dictionis.
2230 1607 2403 1678 Unde,
2435 1609 2481 1666 si
2521 1610 2611 1665 cui
2662 1611 3102 1667 acade‘micorum
3145 1619 3272 1668 stu-

18 1767 30 1776 _
59 1721 160 1761 cum
179 1706 227 1759 in
250 1720 310 1761 ea
338 1705 546 1776 aliquid
569 1705 840 1761 inurbane
858 1704 1225 1776 compositum
1253 1703 1580 1774 invenerint,
1677 1701 1789 1757 diis
1817 1701 2086 1757 innutrito
2111 1691 2363 1772 displicet
2412 1701 2529 1757 haec
2578 1709 2767 1757 nostra
2813 1701 3000 1770 editio,
3033 1701 3104 1758 ob
3160 1702 3271 1759 hoc

17 1782 30 1791 ’
61 1797 310 1853 concedant
327 1796 563 1861 veniam,
604 1796 736 1867 quia
789 1796 934 1852 hanc
982 1796 1224 1852 scribere
1266 1788 1584 1866 compulsus
1681 1790 1918 1878 forsitan
1971 1793 2122 1862 quod
2461 1799 2720 1848 sermone
2767 1793 3083 1851 incedentes
3139 1793 3270 1866 plus

59 1889 116 1945 fui
145 1905 227 1960 per
244 1888 623 1944 obedientiam.
649 1887 884 1956 Quidam
933 1888 1084 1943 enim
1125 1888 1320 1954 abbas,
1359 1887 1583 1942 nomine
1677 1871 1828 1954 justo
1853 1883 1907 1938 i‘n
1937 1899 2003 1940 ea
2055 1871 2530 1954 rusticaveriinus,
2577 1885 2864 1941 notiﬂcare
2903 1887 2961 1942 ei”
3007 1887 3270 1944 volumus

58 1978 123 2047 DL,
145 1979 418 2035 litterarum
438 1979 672 2034 scientia
691 1987 747 2034 et
766 1993 984 2034 morum
1005 1977 1278 2048 probitate
1301 1976 1582 2048 pneditus,
1680 1976 1826 2046 quod
1865 1977 2007 2046 apud
2038 1992 2139 2032 nos
2171 1977 2512 2048 probabilius
2559 1985 2664 2045 est,
2713 1979 3032 2036 abscondita
3087 1979 3264 2036 rusti-

57 2070 250 2126 ostendit
267 2070 397 2125 mihi
424 2085 594 2125 unam
625 2069 918 2126 historiam
945 2068 1246 2126 secundum
1278 2068 1420 2124 hanc
1465 2084 1582 2124 ma-
1679 2067 1857 2122 "cando
1877 2068 2175 2135 elucidare,
2199 2083 2363 2138 quam
2394 2077 2582 2139 aperta
2605 2069 3043 2139 philosophando
3079 2069 3261 2126 obnu-

55 2161 335 2229 teriam,sed
361 2161 413 2217 ei
439 2160 741 2216 admodum
761 2160 1134 2231 displicebat:
1180 2161 1401 2230 partim,
1431 2160 1581 2231 quod
1679 2159 1870 2214 hilare.
1920 2160 2113 2216 Sermo
2163 2160 2311 2216 enim
2367 2175 2583 2230 semper
2625 2169 2871 2230 exactus,
2918 2178 3132 2233 semper
3180 2171 3266 2218 est

55 2254 229 2309 mitium
259 2263 411 2310 suum
431 2252 578 2324 quod
618 2253 678 2308 in
705 2252 1061 2308 Clarimontis
1095 2253 1332 2308 concilio
1371 2253 1580 2308 consti-
1679 2255 1956 2328 ingratus;
2003 2255 2132 2327 quia
2162 2255 2310 2326 quod
2358 2254 2563 2311 diilicili
2619 2254 2895 2311 intellectu
2946 2253 3264 2326 percipitur,

53 2351 190 2400 ιιιιιιιιι
210 2343 322 2414 fuit,
352 2358 462 2400 11οη
483 2344 755 2412 habebat;
805 2345 1008 2416 Partim
1053 2345 1200 2417 (ιιιοᾱ
1240 2344 1412 2401 series
1465 2353 1576 2399 lam
1679 2349 1916 2406 surdiori
1946 2365 2078 2405 aure
2102 2349 2374 2404 hauritur.
2395 2347 2509 2404 Nos
2536 2363 2670 2405 vero
2690 2348 2902 2419 plebeio
2934 2348 3156 2402 incessu
3183 2347 3266 2402 sic

51 2438 246 2507 puch
263 2438 499 2494 materias
518 2439 732 2494 inculta
749 2437 986 2510 iacebat,
1013 2445 1067 2494 et
1095 2437 1413 2493 litteralium
1435 2453 1584 2492 com-
1676 2444 1931 2500 volumus
1976 2443 2233 2515 progredi
2284 2458 2592 2499 sermonem
2646 2451 2926 2509 nostrum,"
2973 2450 3033 2496 ut
3082 2439 3266 2512 quivis

49 2528 209 2598 positio
261 2529 556 2587 dictionum
619 2530 899 2587 incondita
952 2531 1262 2587 vacillabat.
1317 2529 1580 2601 Praecepit
1677 2547 1804 2588 cum
1833 2532 2094 2600 audierit,
2128 2542 2308 2604 speret
2359 2533 2534 2602 idem;
2591 2542 2644 2590 et
2697 2534 2744 2590 si
2801 2532 3052 2588 fortassis
3111 2532 3256 2588 idem

20 2642 22 2644 τ
48 2633 148 2690 ergo
170 2622 288 2678 mihi
313 2631 374 2678 ut
398 2624 494 2694 qui
524 2622 884 2680 Clarimontis
911 2623 1134 2679 interfui
1167 2622 1428 2690 concilio,
1449 2627 1600 2682 ace-4.
1680 2624 1968 2680 tentaverit
1990 2641 2132 2692 esse,
2164 2626 2326 2696 longe
2354 2634 2643 2696 separetur
2683 2625 2754 2680 ab
2801 2625 2965 2682 idem;
3027 2624 3087 2679 Si
3132 2623 3260 2694 quis

18 2711 188 2780 ‘phalze
203 2715 433 2771 materiei
462 2724 1051 2788 caputpraeponerem,
1091 2726 1146 2772 et
1191 2715 1417 2772 lecturis
1454 2731 1576 2771 eam
1677 2715 1894 2774 allectat
1946 2717 2088 2772 scire
2129 2715 2312 2772 locum
2360 2732 2472 2788 quo
2520 2716 2639 2772 haec
2673 2715 2907 2772 historia
2955 2715 3261 2786 composita

49 2804 318 2860 accuratiori
345 2807 484 2879 stylo
509 2821 921 2877 componerem.
953 2805 1067 2877 Ego
1095 2821 1246 2873 vero,
1269 2807 1398 2877 quia
1427 2816 1579 2861 nota-
1678 2806 1861 2877 fuerit,
1890 2809 2028 2865 sciat
2055 2825 2177 2865 esse
2197 2808 2498 2865 claustrum
2526 2807 2811 2880 cujusdam
2856 2807 3006 2864 cellae
3053 2805 3111 2862 S.
3149 2805 3260 2862 Re-

49 2896 160 2957 tium
179 2915 274 2958 non
299 2903 461 2960 habui
491 2905 668 2960 alium
693 2903 939 2978 nisime,
957 2913 1013 2960 et
1035 2903 1324 2970 dictavi,ct
1347 2904 1572 2974 scripsi:
1609 2896 1651 2952 Β
1677 2901 1828 2973 migii
1855 2888 2244 2958 censtitutaain
2267 2901 2587 2973 episcopatu
2611 2901 2889 2957 Remensi.
2945 2898 3004 2955 Si
3054 2913 3257 2954 nomen

51 2988 110 3043 sic
133 2993 255 3061 quod
277 2996 638 3052 continuatim
667 2997 853 3068 paruit
875 2995 1044 3052 menti
1073 3010 1292 3063 manus,
1311 3003 1367 3051 et
1383 2995 1573 3050 manui
1677 2993 1922 3049 auctoris
1947 2993 2205 3065 exigitur,
2253 2993 2348 3064 qui
2403 3009 2526 3050 eam
2581 2992 2915 3066 composuit,
2969 2990 3261 3048 Ronanos

49 3091 203 3150 Wa,
225 3091 274 3140 et
295 3099 484 3156 pennae
502 3087 729 3158 pagina,
753 3095 810 3144 et
832 3087 995 3144 ﬁdem
1025 3089 1159 3144 satis
1186 3095 1447 3158 praestare
1471 3102 1573 3168 po-
1677 3085 2002 3156 appellatur.

147 3247 1442 3278 _——-—————————_

1042 3403 1506 3495 INCIPIT
1575 3405 2204 3501 PROLOGUS

101 3587 212 3646 Inter
236 3607 414 3652 omnes
440 3595 915 3670 historiographos
941 3598 1080 3655 Novi
1105 3615 1171 3656 ac
1193 3598 1407 3656 Veteris
1449 3598 1552 3655 Te-
1676 3610 1916 3656 strorum
1947 3601 2530 3674 llierosolymitarum?
2549 3601 2705 3670 Quod
2727 3611 2935 3675 quanto
2957 3603 3258 3668 studiosius

48 3685 251 3739 stamenti
284 3685 456 3744 Moses
503 3698 735 3747 sanctus
779 3691 987 3747 obtinet
1032 3691 1397 3762 principatum
1420 3733 1436 3759 ,
1472 3691 1566 3762 qui
1671 3691 1905 3762 quisque
1935 3693 2248 3759 adverterit,
2285 3701 2438 3748 tanto
2478 3694 2702 3750 uberius
2734 3695 2877 3752 intra
2909 3696 3107 3750 mentis
3140 3711 3266 3758 suat.

47 3769 189 3828 divino
207 3777 384 3854 spiritu
419 3781 746 3853 prophetiae,
775 3780 1058 3839 Hebraicis
1085 3783 1302 3850 litteris,
1331 3799 1565 3854 quarum
1670 3783 1922 3838 dilatatos
1947 3783 2101 3838 sinus
2127 3783 2464 3855 obtupescct.
2490 3783 2604 3840 lloc
2623 3785 2769 3840 enim
2795 3801 2904 3840 non
2931 3784 3033 3842 fuit
3058 3787 3256 3848 huma~

47 3859 528 3942 ipseautorexstitit,
576 3875 769 3930 mundi
816 3874 1108 3946 descripsit
1158 3877 1466 3951 exordium,
1512 3885 1566 3931 et
1673 3889 1806 3928 num
1833 3889 2003 3944 opus,
2037 3874 2132 3929 sed
2158 3874 2425 3931 divinum.
2458 3874 2526 3931 Et
2554 3876 2677 3932 ideo
2702 3877 2922 3934 litterali
2965 3879 3246 3950 compagi-

45 3955 190 4022 rrimae
214 3961 374 4018 sitatis
401 3980 466 4021 ac
495 3967 753 4022 secundae
775 3966 917 4023 facta
945 3967 1304 4044 mirabiliora,
1331 3985 1432 4023 nec
1455 3985 1563 4024 non
1670 3965 1893 4022 natione
1953 3967 2324 4022 commendari
2367 3967 2529 4024 debet
2570 3968 2780 4024 notitia:
2843 3978 2955 4024 tam
3012 3985 3253 4041 prasen-

105 4049 497 4136 patriarcharum
529 4064 686 4128 gesta
726 4057 885 4114 nobis
919 4059 1148 4132 adduxit
1195 4053 1250 4114 in
1298 4061 1558 4116 medium.
1669 4058 1804 4112 tium
1828 4075 1995 4130 quam
2032 4058 2363 4128 futurorum,
2395 4071 2456 4117 ut
2490 4077 2586 4136 per
2619 4063 2724 4120 hoc
2743 4071 2798 4119 et
2819 4079 2944 4134 spes
2969 4065 3024 4121 in
3072 4064 3246 4122 Deum

46 4129 179 4226 liuius
202 4145 493 4215 exemplum
526 4149 708 4204 secuti
735 4157 864 4204 sunt
883 4129 1043 4206 Jesus
1064 4149 1231 4217 Nave,
1252 4151 1471 4207 Samuel
1509 4159 1565 4208 et
1663 4129 1976 4208 Christiana
2001 4152 2174 4223 magis
2205 4129 2574 4219 solidetur,‘et
2619 4155 2738 4211 laus
2781 4129 2900 4226 ejus
2955 4157 3010 4212 in
3055 4173 3249 4212 eorum

45 4221 193 4294 Dai'id.
219 4249 439 4303 quorum
471 4239 688 4310 primus
733 4240 902 4297 Josue
942 4242 1172 4310 librum,
1206 4245 1479 4300 secundus
1509 4253 1564 4299 et
1665 4233 1941 4298 tuentibus
1964 4243 2204 4300 vivacior
2234 4244 2511 4301 incitetur.
2554 4245 2690 4302 Nam
2731 4249 2864 4318 quis
2909 4264 3096 4320 regum
3154 4259 3251 4308 aut

45 4320 194 4411 tertius
210 4322 400 4397 Regum
425 4331 688 4388 historias
717 4333 1178 4404 conscripserunt.
1199 4334 1274 4388 Ex
1305 4336 1410 4390 hoc
1429 4351 1561 4406 ergo
1665 4331 1972 4402 principum
2003 4345 2188 4404 posset
2215 4337 2466 4409 subigere
2498 4346 2576 4393 tot
2599 4339 2846 4395 civitates
2897 4349 2950 4394 et
3000 4342 3250 4408 castella,

43 4401 205 4505 littuido
233 4416 396 4489 colligi
423 4431 606 4491 potest
633 4411 778 4492 quod
825 4401 1011 4480 revera
1043 4425 1152 4482 Deo
1196 4427 1266 4481 sit
1309 4401 1558 4497 accepta-
1587 4420 1630 4477 C
1665 4401 1883 4492 natura,
1907 4401 2046 4492 arte,
2076 4444 2174 4485 seu
2197 4401 2440 4484 humano
2479 4431 2699 4502 ingenio
2744 4434 3090 4503 pratmunita,
3140 4401 3250 4498 nisi

47 4495 216 4595 bilerut
239 4508 300 4590 ad
329 4512 580 4572 notitiam
612 4515 851 4574 ﬁdelium
895 4532 1119 4572 suorum
1163 4519 1357 4574 litteris
1405 4495 1557 4574 com-
1662 4517 2001 4574 Francorum
2025 4521 2178 4575 beata
2205 4539 2352 4592 gens,
2383 4495 2640 4594 cujus-est
2665 4495 2924 4579 Dominus
2955 4495 3119 4593 Deus,
3148 4495 3248 4595 po?

43 4593 294 4690 mentietur,
315 4616 434 4658 cum
475 4606 534 4660 in
558 4614 700 4660 terra
733 4608 938 4679 peragit
967 4610 1112 4681 quod
1146 4611 1382 4678 praeﬁxis
1418 4618 1554 4666 tem-
1660 4626 1816 4679 pums
1845 4627 1998 4682 quem
2023 4611 2177 4682 elegit
2207 4614 2263 4667 in
2291 4593 2655 4672 hwreditatem
2680 4617 2826 4671 sibi?
2862 4616 3038 4688 (Psal.
3071 4593 3248 4686 nim,

45 4681 224 4780 poribus
247 4687 355 4744 ﬁeri
382 4692 684 4765 disposuit,
714 4696 935 4767 aliquod
965 4713 1104 4768 opus
1137 4700 1403 4754 mirabile.
1446 4699 1553 4756 Sed
1663 4699 1778 4770 12.)
1804 4681 2004 4757 Ιηίίοιδαι
2026 4681 2157 4774 ergo
2177 4705 2336 4760 nobis
2359 4705 2745 4778 Dcisapicntia
2771 4681 2916 4779 quod
2939 4707 3007 4762 ad
3025 4681 3244 4764 laudeni

41 4770 141 4834 quid
174 4788 282 4844 post
308 4786 638 4842 creationem
670 4789 858 4843 mundi
883 4790 1188 4847 mirabilius
1215 4790 1417 4847 factum
1447 4801 1549 4861 est,
1661 4793 1746 4848 sui
1778 4794 2017 4850 nominis
2040 4770 2402 4865 proferamus.
2439 4797 2504 4853 Et
2527 4770 2722 4866 sciant,
2746 4770 2839 4870 qui
2869 4799 2982 4854 haec
3012 4798 3246 4870 legerint

42 4871 194 4968 {mter
227 4874 511 4968 salutiferae
562 4880 746 4937 crucis
799 4883 1138 4954 mysterium,
1189 4899 1352 4954 quam
1404 4883 1551 4955 quod
1661 4888 1776 4944 sive
1805 4879 2097 4956 audierint,
2130 4893 2274 4964 quod
2315 4893 2452 4949 nihil
2507 4895 2709 4962 frivoli,
2759 4894 2893 4948 nihil
2949 4893 3248 4968 mendacii,

41 4954 267 5018 motlemis
297 4970 627 5045 temporibus
666 4980 848 5028 actum
874 4983 958 5030 cst
983 4975 1038 5029 in
1073 4976 1176 5030 hoc
1215 4977 1408 5032 itinere
1453 4994 1554 5034 no-
1659 4981 1795 5035 nihil
1823 4999 2116 5055 nugarum,
2142 4987 2247 5043 nisi
2270 4987 2417 5060 quod
2455 5004 2644 5047 verum
2689 4996 2799 5054 est,
2835 4954 3248 5055 enarrabimus:

1236 5114 1552 5174 EXPLICIT
1591 5115 1866 5176 PROLOG
1876 5119 1983 5176 US.

829 5290 1350 5382 INCIPIT
1419 5293 1779 5386 LIBER
1871 5299 2359 5388 PRIMUS.

477 5470 706 5528 CAPUT
741 5473 1033 5532 PRIMUM.
1658 5470 1768 5528 tate
1791 5480 1915 5534 qua:
1937 5464 2293 5528 Clarusmons
2318 5468 2637 5537 appellatur.
2694 5469 2795 5526 Cui
2818 5486 2954 5544 papa
2983 5471 3241 5535 Urbanus

271 5625 281 5636 _
321 5627 331 5639 ,
477 5630 506 5639 _
607 5636 622 5639 _
673 5636 682 5639 _
825 5637 844 5639 _
1657 5557 1932 5611 secundus
1978 5570 2104 5612 cum
2153 5557 2423 5635 episcopis
2485 5569 2540 5616 et
2585 5562 2956 5639 cardinalibus
2995 5570 3232 5638 praefuit.

103 5615 448 5727 illudigitur
475 5630 765 5694 Dominica:
823 5637 1221 5727 Incarnationis
1259 5644 1548 5702 millesimo
1657 5645 1783 5700 Fuit
1825 5657 2006 5703 autem
2051 5615 2204 5705 illud.
2228 5615 2532 5707 concilium,

46 5716 344 5822 fgttsgesimo
361 5723 566 5796 quinto,
592 5746 849 5804 magnum
877 5725 1181 5792 inter'lines
1207 5735 1394 5792 Galliae
1415 5753 1545 5794 con-
1656 5747 1927 5794 conventu
1951 5738 2231 5797 Gallorum
2255 5757 2320 5798 ac
2351 5725 2771 5818 Germanorum,
2799 5757 2908 5804 tam
2946 5716 3230 5822 episcopo;

46 5794 194 5858 "llum
216 5809 518 5878 celebratum
547 5832 652 5894 est,
675 5823 730 5881 in
758 5823 1026 5886 Arvernia
1051 5827 1278 5900 scilicet,
1307 5829 1361 5887 in
1405 5829 1540 5887 civi—-
1651 5837 1772 5888 rum
1803 5849 1968 5908 quam
2001 5833 2332 5915 principum.
2355 5813 2635 5896 ordinatis
2670 5839 2834 5914 igitur
2879 5841 2935 5898 in
2973 5794 3040 5902 ἕο
3068 5794 3232 5900 rebus
