3846 6306
495 373 599 435 επ

1016 410 1023 415 -
1064 367 1162 427 AD
1199 359 1654 427 GODEFBIDUM
1693 357 1989 417 ΔΡΡΕΜ).
2020 354 2095 416 ιι.

2205 355 2512 418 ιιιοδυω.
2548 353 2642 415 DE
2673 352 2899 413 θειιο
2933 351 3181 415 δΑαῐιο.
3647 360 3732 417 ατε

495 480 917 551 ecclesiasticis,
940 479 1111 539 eulvit
1130 479 1390 539 dominus
1408 495 1553 552 papa
1581 478 1640 535 in
1680 477 1922 549 quadam
1962 490 2088 546 spa-
2118 484 2161 542 Α
2182 483 2311 544 tum
2340 482 2397 531 et
2419 473 2717 546 conjugum
2741 472 2986 545 continet
3012 472 3259 544 allectus,
3290 488 3360 531 cn
3399 475 3610 541 recutita
3628 480 3733 554 quid

498 574 657 633 tiosze
687 573 998 630 latitudinis
1024 571 1220 640 platea,
1236 571 1366 644 quia
1383 586 1492 626 non
1508 567 1727 641 'poterat
1747 568 1871 624 illos
1894 580 2091 638 capere

499 667 799 739 cujuslibet
828 665 1044 723 aedilicii
1068 665 1346 720 clausura.
1375 660 1481 729 Qui
1508 662 1613 718 hac
1633 658 2089 725 suadela,rheto-

498 775 632 817 ncte
651 758 980 824 dulcedinis,
1006 754 1335 828 generaliter
1354 752 1422 809 ad
1447 766 1640 809 omnes
1675 750 1734 806 in
1770 750 1890 807 haec
1923 748 2091 819 verba

501 849 977 925 prorupit,dicens
1000 845 1077 921 (1)
1104 864 1118 902 :
1151 864 1171 899 ι
1200 844 1347 903 Gens
1366 844 1733 911 Francorum,
1754 856 1891 915 gens
1911 850 2095 899 trans-

505 949 793 1013 montana,
820 954 982 1014 gens,
1006 936 1154 995 sicut
1175 935 1234 992 in
1255 934 1510 1008 pluribus
1534 932 1735 991 vestris
1758 933 1937 990 elucet
1963 946 2095 1007 ope-

505 1035 683 1103 ribus,
710 1049 743 1090 a
773 1016 890 1089 Deo
915 1030 1112 1088 dilecta
1158 1037 1218 1086 et
1264 1029 1463 1095 eleae,
1503 1035 1617 1084 tam
1658 1026 1768 1084 situ
1819 1028 2094 1083 terrarum
2140 1050 2149 1055 -

506 1140 674 1197 quam
695 1120 801 1180 lide
820 1122 1112 1190 catholica,
1139 1135 1307 1192 quam
1337 1119 1550 1177 honore
1584 1130 1787 1197 sancta:
1815 1117 2093 1190 Ecclesiae,

505 1217 578 1273 ab
604 1216 875 1272 universis
918 1213 1237 1272 nationibus
1282 1222 1588 1287 segregata,
1613 1211 1709 1285 [ad
1750 1226 1861 1272 vos
1910 1222 2098 1270 Sermo

504 1317 697 1366 noster
721 1307 998 1381 dirigitur,
1025 1308 1297 1381 vobisque
1318 1307 1634 1365 exhortatio
1658 1316 1846 1364 nostra
1869 1317 2098 1381 proteri-

508 1400 677 1458 ditur.
708 1400 862 1459 Scire
895 1418 995 1460 vos
1043 1402 1300 1459 volumus
1346 1416 1474 1473 qua:
1520 1400 1772 1473 lugubris
1814 1416 1981 1466 causa
2026 1401 2100 1475 ad

508 1504 727 1552 vestros
754 1497 895 1553 lines
923 1511 1026 1552 nos
1070 1494 1382 1560 adduxerit,
1406 1509 1532 1565 quae
1573 1493 1875 1550 necessitas
1916 1501 2100 1551 vestra

508 1597 947 1661 cunctarumque
970 1580 1210 1645 ﬁdelium
1242 1587 1550 1644 attraxerit.
1574 1586 1659 1643 Ab
1692 1585 2102 1660 Hierosolymov

509 1694 639 1736 rum
690 1679 894 1755 finibus
944 1688 998 1737 et
1048 1680 1187 1737 urbe
1245 1677 1857 1751 ConstantinOpolitana
1908 1679 2102 1738 relatio

509 1773 698 1847 gravis
742 1772 986 1841 emersit,
1016 1781 1072 1829 et
1111 1771 1417 1845 sepissime
1443 1771 1561 1844 jam
1588 1772 1661 1827 ad
1682 1786 1847 1830 aures
1881 1780 2101 1841 nostras

2190 562 2250 619 in
2281 561 2585 636 Evangelia
2610 563 2762 619 dicat
2790 561 3060 632 Dominus
3088 583 3103 619 :
3135 562 3241 631 Qui
3277 574 3426 620 ante!
3453 576 3642 637 patrem
3662 583 3735 628 aut

2195 665 2426 725 matrem
2448 673 2611 728 super
2634 672 2737 724 me,
2766 648 2872 712 non
2892 665 2971 713 est
2998 674 3082 713 me
3104 657 3300 729 dignus
3337 657 3554 731 (Matth.
3580 679 3628 730 ι,
3646 666 3735 738 37).

2196 748 2385 823 Ouini;
2428 751 2520 823 qui
2572 750 2843 823 reliquerit
2884 753 3123 822 domum,
3146 763 3242 809 aut
3270 764 3512 826 patrem,
3538 768 3622 813 eat
3645 779 3741 817 ω-

2194 852 2349 911 trem,
2364 851 2460 898 aut
2488 859 2729 912 uxorem,
2754 851 2851 899 aut
2872 843 3039 915 ﬁlios,
3062 854 3157 901 aut
3183 863 3344 918 agros
3361 858 3570 920 propter
3587 868 3744 910 nomen

2194 951 2390 1005 mm,
2413 934 2720 1007 “amplum
2738 937 2985 1007 accipiet,
3005 948 3056 993 et
3070 938 3245 995 vitam
3264 949 3522 997 ateriae:
3543 946 3748 1014 posside-

2196 1024 2273 1081 bit
2296 1023 2517 1096 (Rutili.
2539 1040 2660 1095 xix,
2686 1023 2802 1097 29).
2825 1025 2947 1084 Non
2976 1042 3079 1085 vos
3097 1028 3391 1101 protrahat
3412 1024 3534 1088 ulla
3555 1049 3746 1105 posses-

2183 1117 2299 1190 sio,
2331 1117 2442 1174 ulla
2494 1116 2908 1195 rei_l'amiliaris
2956 1120 3293 1189 sollicitudo,
3323 1116 3579 1193 quoniam
3629 1134 3751 1185 terra

2182 1210 2504 1291 'htecquam
2540 1211 2863 1273 inhabitatis
2914 1213 3174 1271 clausura
3225 1215 3403 1271 maris
3441 1216 3664 1288 undique
3704 1229 3755 1275 et

2168 1303 2343 1377 .jugis
2365 1304 2638 1360 montium
2664 1305 3026 1375 circumdata,
3049 1308 3450 1375 numerositate
3476 1319 3645 1366 vestra
3678 1328 3759 1370 co-

2198 1403 2553 1467 angustatur;
2605 1410 2707 1452 nec
2735 1396 2895 1467 copia
2921 1396 3241 1453 divitiorum
3270 1398 3567 1466 exuberat;
3597 1410 3648 1456 et
3674 1401 3759 1457 vix

2200 1489 2318 1549 sola
2345 1490 2605 1550 alimenta
2630 1489 2751 1547 suis
2771 1490 3081 1547 cultoribus
3113 1491 3489 1548 administrat.
3527 1491 3647 1551 Inde
3685 1504 3763 1553 est

2198 1581 2352 1654 quod
2370 1596 2468 1639 vos
2490 1580 2728 1638 invicem
2760 1583 3049 1651 mordetis,
3072 1591 3129 1640 et
3153 1580 3484 1661 comeditis;
3504 1585 3635 1640 bella
3654 1602 3764 1643 mo-

2200 1675 2365 1743 vetis,
2405 1682 2461 1733 et
2507 1675 2836 1749 plerumque
2883 1676 3094 1733 mutuis
3139 1676 3470 1739 vulneribus
3522 1678 3764 1747 occiditis.

2201 1756 2436 1830 Cessent
2463 1771 2631 1843 igitur
2661 1770 2803 1828 inter
2829 1786 2930 1828 vos
2968 1772 3117 1842 odia,
3164 1772 3547 1843 conticescant
3583 1772 3769 1846 iurgia,

509 1866 762 1943 pervenit
788 1864 937 1937 quod
963 1864 1218 1922 videlicet
1251 1880 1387 1937 gens
1416 1864 1571 1937 regni
1612 1863 1939 1933 Persarum,
1963 1880 2098 1938 gens
2129 1869 2174 1930 Β
2199 1858 2342 1927 bella
2370 1862 2660 1934 quiescant
2681 1872 2738 1920 et
2775 1863 2947 1922 totius
2988 1864 3383 1921 controversia:
3425 1863 3774 1922 dissensiones

511 1951 827 2027 maledicta,
862 1965 1125 2014 extranea
1169 1971 1305 2029 gens
1354 1971 1585 2028 prorsus
1632 1972 1665 2013 a
1735 1955 1871 2014 Deo.
1895 1956 2101 2025 aliena,
2202 1953 2513 2029 sopiantur.
2575 1953 2733 2011 Viam
2776 1957 2950 2011 sancti
3005 1956 3237 2027 sepulcri
3285 1956 3536 2027 incipite,
3588 1965 3773 2015 terram

509 2051 794 2124 generatio
850 2050 1063 2108 scilicet
1113 2065 1240 2122 qua:
1279 2065 1391 2133 non
1427 2048 1631 2106 direxit
1670 2065 1770 2107 cor
1817 2065 2004 2119 suum,
2046 2057 2105 2112 et
2203 2043 2354 2101 illam
2379 2045 2605 2105 nefarias
2624 2047 2774 2119 genti
2800 2046 3035 2115 auferte,
3056 2062 3294 2119 eamque
3322 2048 3487 2104 vobis
3521 2047 3772 2119 subjicite.

514 2155 627 2195 non
674 2149 761 2198 est
811 2141 1053 2201 creditus
1119 2156 1247 2199 cum
1324 2141 1439 2198 Deo
1482 2141 1712 2214 spiritus
1756 2141 1878 2215 ejus
1923 2140 2100 2214 (Ptol.

512 2252 699 2311 num
724 2277 740 2305 ,
802 2236 868 2307 8)
925 2255 941 2294 :
997 2246 1176 2303 terras
1233 2237 1453 2293 illorum
1524 2236 1969 2297 Christianorum
2016 2237 2104 2294 ini-

511 2325 917 2398 vaseritl'erro,
933 2328 1152 2400 rapina,
1175 2327 1435 2400 incendio
1473 2327 1889 2409 depOpulaverit
1923 2329 2105 2401 ipsos-

510 2435 623 2492 que
643 2422 891 2493 captivos
926 2422 1127 2494 partim
1156 2422 1213 2478 in
1236 2431 1440 2479 terram
1463 2437 1622 2479 suam
1642 2422 1951 2491 abduxerit,
1972 2437 2102 2494 par-

513 2511 727 2583 timque
776 2528 912 2570 nece
952 2514 1255 2587 miserabili
1302 2514 1663 2586 prostraverit
1696 2514 1961 2572 ecclesias
2006 2513 2105 2573 Dei

514 2604 884 2671 autiunditus
911 2607 1188 2675 everterit,
1232 2618 1331 2667 aut
1376 2622 1608 2665 suorum
1644 2607 1776 2663 ritui
1815 2623 2106 2673 sacrorum

513 2695 932 2767 mancipaverit.
992 2697 1199 2756 Altaria
1255 2698 1374 2759 suis
1426 2696 1767 2761 fmditatibus
1816 2698 2107 2771 inquinata

515 2788 867 2860 subvertant,
901 2790 1248 2858 Christianos
1268 2790 1695 2861 circumcidunt,
1709 2807 1969 2848 cruorem
1996 2791 2106 2849 cir-

514 2879 899 2951 cunicisiouis,
918 2891 1016 2939 aut
1043 2898 1209 2955 super
1233 2882 1425 2940 altaria
1466 2882 1726 2952 fundunt,
1754 2892 1853 2941 aut
1880 2884 1937 2940 in
1958 2883 2107 2943 vasis

516 2969 828 3044 baptisterii
859 2975 1211 3048 immergunt.
1238 2975 1306 3045 Et
1340 2992 1482 3047 quos
1513 2977 1595 3035 eis
1623 2977 1806 3048 placet
1834 2978 1980 3049 turpi
2009 2992 2108 3034 oc-

516 3065 708 3122 cubitu
741 3067 1027 3135 mulctare,
1055 3054 1374 3125 umbilicum
1398 3069 1479 3127 cis
1505 3069 1807 3141 perforant,
1832 3078 1999 3142 caput
2016 3070 2108 3153 ,υἱ-τ

2206 2138 2378 2197 Terra
2402 2140 2496 2196 illa
2518 2140 2649 2196 ﬁliis
2677 2139 2852 2196 Israel
2877 2156 2909 2197 a
2932 2139 3047 2197 Deo
3070 2140 3125 2195 in
3164 2147 3501 2211 potestatem
3525 2139 3646 2196 data
3661 2138 3775 2207 fuit,

2204 2231 2351 2290 sicut
2388 2230 2672 2304 Scriptura
2700 2232 2839 2290 dicit
2863 2248 2983 2304 quae
3006 2231 3147 2288 laete
3166 2241 3218 2286 et
3247 2230 3405 2286 melle
3435 2231 3561 2302 [luit
3598 2229 3775 2302 (Nam.

2206 2339 2329 2393 xm,
2355 2323 2471 2396 28).
2494 2322 2835 2380 Hierusalem
2863 2324 3162 2381 umbilicus
3196 2332 3284 2380 est
3309 2331 3609 2390 terrarum,
3644 2331 3781 2379 terra

2198 2434 2319 2490 prie
2351 2418 2893 2488 czeterisl'ructifera,
2928 2419 3092 2491 quasi
3134 2419 3272 2474 alter
3319 2417 3614 2489 paradisus
3657 2416 3783 2472 deli»

2203 2510 2418 2568 ciarum
2448 2511 2551 2584 (2).
2594 2510 2753 2567 Hanc
2801 2511 3115 2582 redemptor
3156 2508 3387 2573 humani
3435 2508 3651 2579 generis
3692 2524 3784 2565 suo

2205 2604 2506 2663 illustravit
2531 2605 2795 2673 adventu,
2825 2604 3109 2662 decoravit
3135 2600 3590 2669 conversatione,
3614 2616 3787 2659 sacra:

2205 2698 2288 2754 vit
2310 2698 2567 2770 passione
2594 2739 2610 2765 ,
2643 2705 2822 2753 morte
2855 2696 3122 2765 redemit,
3157 2696 3448 2767 sepultura
3495 2693 3784 2765 insignivit.

2206 2790 2337 2849 Haec
2358 2792 2524 2864 igitur
2546 2792 2741 2848 civitas
2764 2791 2964 2863 regalis
2985 2792 3041 2846 in
3064 2790 3216 2848 orbis
3237 2790 3423 2846 medio
3444 2790 3791 2859 posita,nunc

2208 2900 2241 2940 a
2263 2883 2380 2940 suis
2402 2884 2657 2940 hostibus
2681 2884 2896 2955 captiva
2931 2892 3168 2951 tenetur,
3199 2892 3257 2939 et
3299 2882 3370 2938 ab
3418 2882 3789 2952 ignorantibus

2210 2974 2385 3031 Deum
2406 2976 2533 3031 ritui
2557 2976 2800 3047 gentium
2830 2973 3363 3043 ancillatur.Quaarit
3384 2974 3561 3046 igitur
3582 2984 3637 3030 et
3652 2982 3794 3044 optat

2209 3068 2454 3135 liberari,
2484 3076 2538 3124 et
2571 3077 2629 3123 ut
2656 3067 2709 3125 ei
2741 3066 3084 3135 subveniatis
3117 3081 3229 3122 non
3259 3074 3447 3123 cessat
3472 3064 3791 3137 imprecari.

517 3157 778 3214 taliorum
804 3160 1153 3229 abstrahunt,
1178 3162 1249 3217 ad
1286 3162 1526 3233 stipitem
1552 3162 1742 3235 ligant,
1768 3172 1823 3219 et
1871 3163 1956 3220 sic
1984 3146 2104 3233 ,lla-
2143 3231 2178 3235 _
2212 3159 2260 3212 Α
2287 3159 2445 3215 vobis
2483 3158 2705 3231 quidem
2762 3157 3037 3229 ptmcipue
3079 3157 3252 3229 exigit
3299 3144 3640 3223 subsidium.
3669 3172 3794 3226 quo-

518 3251 773 3324 gellando
801 3253 1241 3323 circumducunt,
1264 3231 1625 3327 quoadusque
1647 3256 1911 3313 extractis
1931 3231 2110 3314 visce—
2129 3231 2181 3294 θ
2214 3250 2364 3307 niam
2386 3264 2418 3304 a
2446 3248 2560 3306 Deo
2584 3249 2742 3306 vobis
2765 3248 3025 3305 collatum
3048 3256 3134 3304 εει
3168 3260 3283 3318 pra:
3312 3246 3537 3302 cunctis
3574 3246 3797 3305 nationi-

516 3341 673 3399 rihus
696 3344 814 3400 solo
828 3347 1090 3416 prostrati
1109 3354 1395 3402 corruunt.
1411 3333 1692 3417 Quosdam
1719 3346 1890 3418 stipiti
1913 3348 2112 3423 ligatos

518 3435 816 3508 sagittant;
855 3439 1126 3510 quosdam
1154 3448 1378 3496 extento
1401 3439 1546 3497 collo
1590 3448 1645 3496 et
1678 3437 1887 3496 nudato
1930 3439 2113 3513 gladio

519 3538 802 3600 appetant,
829 3539 885 3587 et
918 3540 1108 3589 utrum
1145 3549 1259 3592 uno
1299 3533 1412 3590 ictu
1454 3542 1716 3594 truncare
1740 3534 1955 3605 possint
1987 3549 2114 3605 per-

520 3626 755 3690 tentant.
788 3623 931 3693 Quid
951 3625 1134 3682 dicam
1156 3626 1224 3684 de
1265 3625 1505 3687 nefanda
1543 3626 1838 3682 mulierum
1885 3620 2113 3683 constnL

518 3703 810 3788 pretioue?
868 3717 944 3773 De
992 3734 1102 3791 qua
1150 3717 1303 3791 loqui
1344 3717 1586 3776 deterius
1620 3726 1895 3791 estquam
1926 3719 2109 3776 silere.

520 3808 771 3882 Ilegnum
803 3809 1119 3868 Gratcorum
1144 3813 1261 3884 jam
1300 3796 1371 3868 ab
1409 3812 1490 3868 eis
1528 3811 1872 3868 emutilatum
1918 3819 2021 3879 est,
2058 3814 2116 3868 et

522 3902 641 3962 suis
669 3904 863 3962 usibus
886 3904 1318 3976 emancipatum,
1342 3904 1488 3976 quod
1515 3903 1844 3967 transmeari
1867 3918 1979 3959 non
2009 3918 2112 3976 po-

521 4004 635 4069 test
666 3996 864 4054 itinere
883 3997 1118 4056 duorum
1151 3998 1446 4075 mensium.
1474 3997 1687 4067 Quibus
1716 3998 1884 4071 igitur
1914 3994 1983 4055 ad
2011 3998 2116 4075 hoc

523 4087 1022 4159 ulciscendumfad
1052 4090 1159 4148 hoc
1196 4091 1573 4163 eripiendum,
1607 4091 1764 4148 labor
1816 4090 2113 4161 incumbit,

525 4181 636 4238 nisi
683 4182 875 4252 vobis,
925 4185 1128 4256 quibus
1165 4201 1278 4256 pra:
1321 4186 1536 4243 caeteris
1579 4174 1835 4258 gentibus
1884 4183 2118 4241 contulit

523 4269 794 4331 Dominus
840 4275 1055 4349 insigne
1113 4274 1283 4334 decus
1325 4290 1633 4344 armorum,
1681 4270 2113 4357 magnitudinem

525 4368 864 4437 animorum,
911 4369 1210 4442 agilitatem
1262 4384 1582 4440 corporum,
1620 4367 1880 4425 virtutem
1928 4367 2117 4424 humi—

525 4462 697 4525 liandi
726 4464 989 4529 verticem
1011 4464 1195 4536 capilli
1216 4464 1381 4521 vobis
1407 4462 1824 4520 resiStentium?
1865 4446 2118 4521 Moveant

2213 3344 2339 3411 bus,
2363 3351 2426 3399 ut
2462 3342 2579 3414 jam
2610 3342 2875 3410 diximus,
2908 3340 3126 3411 insigne
3158 3340 3329 3395 decus
3356 3354 3671 3394 armorum.
3704 3337 3795 3391 Ar-

2213 3435 2378 3507 ripite
2407 3433 2575 3506 igitur
2616 3432 2765 3491 viam
2814 3432 2979 3504 hanc,
3009 3432 3066 3487 in
3115 3430 3514 3489 remissionem
3562 3436 3799 3501 peccato—

2213 3544 2339 3601 rum
2382 3536 2716 3594 vestrorum,
2786 3525 2969 3603 securi
3021 3524 3090 3581 de
3137 3523 3597 3581 immarcessibili
3643 3520 3803 3597 gloria

2213 3619 2371 3691 regni
2403 3618 2693 3675 caelorum.
2747 3632 2768 3671 ι

2839 3706 3075 3767 CAPUT
3111 3705 3179 3766 ll.

2285 3802 2414 3872 Ilaec
2441 3814 2496 3862 et
2522 3803 2576 3861 id
2605 3814 2782 3879 genus
2808 3801 3048 3877 plurima
3074 3802 3172 3859 ubi
3203 3812 3345 3875 papa
3410 3796 3679 3859 Urbanus
3724 3817 3805 3856 ur.

2214 3896 2361 3955 hano
2412 3912 2668 3954 sermone
2700 3896 2997 3969 peroravit,
3022 3896 3101 3951 ita
3150 3895 3405 3953 omnium
3456 3896 3562 3966 qui
3600 3894 3803 3951 aderant

2218 3990 2447 4048 allectus
2471 3989 2526 4044 in
2552 4004 2723 4044 unum
2748 3986 3082 4056 conciliavit,
3115 3996 3178 4042 ut
3204 3978 3400 4042 omnes
3423 3986 3805 4051 acclamarent,

2216 4080 2360 4137 Deus
2382 4080 2523 4148 vult;
2549 4079 2856 4137 Deusvvult.
2890 4079 3049 4148 Quod
3076 4089 3136 4134 ut
3159 4075 3522 4135 venerandus
3578 4078 3805 4149 pontifex

2216 4162 2501 4232 Romanus
2528 4172 2760 4245 audivit,
2788 4172 2988 4229 erectis
3009 4171 3337 4238 luminibus,
3382 4168 3442 4224 in
3481 4171 3691 4226 ccelum
3714 4169 3808 4223 Deo

2217 4267 2424 4342 gratias
2478 4267 2633 4343 egit,
2669 4274 2725 4323 et
2764 4280 2931 4321 manu
2987 4262 3270 4337 silentium
3332 4261 3603 4319 indicens
3627 4305 3642 4330 ,
3684 4262 3753 4318 ait
3795 4280 3807 4315 :

2224 4381 2244 4415 (
2277 4361 2497 4419 Fratres
2526 4359 2861 4428 cbarissimi,
2887 4357 3052 4416 hodie
3095 4358 3153 4413 in
3194 4355 3356 4413 vobis
3399 4364 3492 4411 est
3547 4369 3811 4411 ostensum

2219 4456 2369 4528 quod
2394 4453 2665 4512 Dominus
2706 4453 2841 4510 dicit
2892 4452 2950 4509 in
2996 4448 3295 4524 Evangelio
3357 4467 3372 4504 :
3447 4447 3563 4504 Ubi
3605 4450 3707 4504 duo
3751 4446 3812 4503 rei

522 4571 625 4612 vos
653 4564 709 4612 et
734 4556 963 4624 incitent
994 4556 1214 4623 animos
1251 4563 1466 4611 vestros
1495 4553 1564 4610 ad
1602 4551 1915 4608 virilitatem
1965 4557 2115 4658 geSta
2147 4599 2195 4658 Β
2221 4550 2326 4607 tres
2356 4550 2553 4622 fuerint
2575 4548 2880 4658 congregati
2901 4547 2967 4606 in
2986 4545 3195 4658 momine
3220 4558 3368 4658 tneo,
3407 4543 3489 4649 ibi
3541 4543 3618 4658 ir:
3649 4542 3805 4646 medio

525 4647 1276 4720 praedecessorummrobitas
1300 4654 1356 4703 et
1381 4645 1700 4718 magnitudo
1723 4645 1907 4702 Caroli
1939 4642 2120 4716 Magni
2148 4634 2194 4658 ¹¹
2226 4662 2410 4702 eorum
2435 4662 2552 4730 sum
2594 4642 2815 4716 (Matth.
2846 4657 3003 4702 xvtn,
3035 4637 3151 4711 20).
3182 4657 3203 4695 ί
3232 4634 3349 4695 Nisi
3377 4635 3540 4697 enim
3575 4635 3816 4692 Dominus

529 4738 692 4817 regis,
719 4755 774 4802 et
802 4745 1065 4803 Ludovici
1089 4745 1188 4801 lilii
1224 4744 1365 4815 ejus,
1402 4743 1747 4814 aliorumque
1787 4758 1977 4815 regum
2031 4759 2124 4805 ve-
2231 4734 2379 4793 Deus
2407 4739 2463 4792 in
2486 4737 2763 4795 mentibus
2784 4734 2983 4790 vestris
3005 4730 3222 4799 fuisset,
3257 4744 3373 4785 una
3430 4730 3698 4784 omnium
3745 4741 3819 4779 ve

528 4846 803 4908 strorum;
837 4840 933 4911 qui
962 4852 1132 4911 regna
1159 4837 1467 4893 Turcorum
1494 4837 1904 4903 destruxerunt,
1957 4844 2011 4891 et
2068 4836 2122 4893 in
2234 4838 2411 4886 atrum
2443 4846 2546 4886 vox
2579 4844 2689 4883 non
2716 4827 2931 4883 (uisset.
2987 4825 3139 4880 Licet
3170 4822 3320 4877 enim
3342 4829 3454 4876 vox
3490 4828 3689 4877 vestra
3708 4832 3802 4911 nu-

527 4931 611 4988 eis
636 4934 787 4997 lines
823 4909 1048 4990 sanctae
1064 4928 1326 4988 Ecclesiae
1372 4931 1757 4988 dilataverunt.
1808 4928 2118 4985 Praesertim
2233 4938 2450 4989 morosa
2479 4920 2765 4993 prodierit,
2797 4926 2978 5009 tamen
3000 4916 3156 5009 origo
3188 4912 3342 4975 vocis
3377 4927 3501 5009 una
3549 4909 3821 5009 litin-PFO:

528 5033 751 5081 moveat
779 5040 877 5082 vos
908 5032 1163 5081 sanctum
1194 5022 1413 5079 Domini
1454 5022 1632 5079 nostri
1674 5021 1976 5079 Salvatoris
2033 5037 2122 5079 se-
2229 5026 2415 5089 pterca
2436 5014 2560 5070 dico
2586 5012 2744 5069 vobis
2765 5010 2911 5078 (ιυοά
2935 5008 3081 5067 Deus
3102 5007 3246 5064 hanc
3268 5021 3301 5061 ³
3324 5003 3496 5061 “bis
3522 5003 3821 5073 enmiqu

530 5117 807 5188 pulcrum,
830 5117 978 5188 quod
1001 5117 1073 5172 ab
1101 5113 1403 5183 immundis
1429 5114 1685 5189 gentibus
1708 5114 2043 5186 possidetur,
2068 5120 2125 5171 et
2229 5108 2435 5166 vestris
2459 5121 2582 5165 eam
2612 5103 2932 5177 pectoribus
2954 5099 3208 5157 inseruit.
3239 5096 3329 5152 Sit
3354 5111 3499 5167 ergo
3532 5097 3694 5152 vobis
3714 5108 3820 5189 vox

533 5195 660 5281 loca
688 5187 877 5265 sancta
899 5212 1024 5281 quae
1051 5225 1199 5265 nunc
1225 5187 1523 5266 inhoneste
1542 5217 1848 5265 tractantur
1885 5216 1941 5264 et
1989 5207 2128 5263 irre-
2232 5202 2340 5258 ista
2373 5201 2431 5256 in
2456 5200 2622 5255 rebus
2644 5195 2864 5279 bellicis
2894 5193 3130 5249 militare
3158 5190 3406 5260 signum,
3429 5189 3583 5261 quia
3617 5187 3820 5281 verbum

534 5312 788 5358 verenter
821 5279 1014 5359 eorum
1038 5301 1404 5359 immunditiis
1433 5302 1807 5360 sordidantur.
1846 5299 1893 5357 0
1937 5299 2128 5357 iortis-
2237 5296 2396 5353 hoea
2429 5292 2543 5349 Deo
2568 5301 2653 5349 est
2675 5289 2972 5362 prolatum.
3004 5285 3144 5344 Cum
3180 5284 3237 5339 in
3269 5283 3500 5338 hostem
3543 5283 3641 5339 ﬁet
3692 5279 3822 5335 belli-

532 5392 666 5450 simi
694 5393 918 5464 milites,
934 5405 989 5452 et
1010 5396 1339 5453 invictorum
1364 5411 1609 5468 propago
1632 5393 2129 5466 parentum,nolite
2233 5387 2349 5444 cosi
2381 5387 2617 5456 impetus
2647 5377 3105 5454 congressio,erit
3122 5375 3419 5468 universus
3442 5373 3583 5431 haec
3603 5381 3827 5468 ex_parte

536 5487 891 5557 degenerare,
918 5489 1016 5547 sed
1039 5488 1269 5547 virtutes
1302 5464 1577 5563 majorum
1616 5464 1925 5545 vestrorum
1956 5484 2126 5542 remi-‘-
2233 5478 2333 5537 Dei
2360 5493 2469 5535 una
2498 5473 2820 5533 vociferatio
2852 5491 2867 5530 :
2894 5471 3042 5530 Deus
3068 5482 3232 5534 vum,
3259 5464 3413 5521 Deus
3438 5481 3624 5563 ηυξ.τῖ

535 5555 841 5638 niscimini.
864 5555 1022 5652 Quod
1056 5584 1105 5642 si
1141 5600 1241 5642 vos
1272 5555 1475 5643 chartis
1503 5582 1805 5640 liberorum"
1841 5588 1896 5636 et
1930 5594 2128 5651 parcn-
2232 5572 2589 5648 praecipimus
2614 5579 2711 5626 aut
2733 5566 3053 5631 suademus,
3086 5568 3148 5639 ut
3170 5573 3334 5635 sones
3360 5565 3490 5638 aut~
3524 5555 3825 5619 imbecilles

1609 5690 1921 5751 NOTULA‘Z
1957 5686 2409 5748 MARGINALES
2445 5668 2756 5740 us.'coo.

546 5784 626 5861 (l)
666 5776 929 5862 Quilegis
956 5794 1073 5850 hanc
1100 5792 1264 5858 dicta,
1293 5809 1363 5849 nc
1388 5791 1462 5850 sit
1481 5789 1579 5847 tibi
1610 5805 1768 5849 mens
1792 5788 1931 5846 male
1959 5786 2081 5846 [icta
2109 5805 2122 5842 :
2236 5782 2312 5855 (2)
2344 5779 2649 5839 Jerusalem
2674 5773 2869 5849 gaude,
2900 5769 3000 5830 tibi
3022 5770 3241 5827 constat
3258 5761 3389 5820 latis
3412 5770 3552 5822 sine
3575 5760 3778 5821 traude.

743 5857 944 5920 Urbani
968 5880 1034 5943 pa
1043 5881 1147 5940 [κῃ
1164 5857 1345 5923 dulcia
1362 5863 1527 5921 verba
1551 5868 1704 5928 calle-
