3806 6306
49 396 132 454 ωδ

811 379 1122 442 ΒΟΒΕΕἸἹ
1155 380 1470 442 KONACiil
1505 379 2094 442 1115Τ.’ΠὶΕῐὶο801η
2133 413 2203 426 -οο
2241 384 2370 443 L12.
2408 387 2447 443 l.

3153 399 3260 456 6Ἱᾶ

47 520 88 565 ct
109 505 214 562 usui
239 516 510 559 armorum
535 498 756 556 minime
786 497 987 565 idonei,
1019 497 1126 552 hoc
1160 497 1264 552 iter
1289 493 1574 564 arripiant,
1605 496 1658 560 Α
1680 491 2092 570 venerabile-,6
2114 494 2186 564 ad,
2218 511 2381 570 aures
2411 512 2598 570 regum
2643 514 2708 556 ac
2737 500 3041 574 principum
3072 521 3263 578 pem,-

45 619 125 659 nec
145 599 380 654 mulieres
402 597 522 650 sine
544 592 870 664 coniugibus
893 589 1032 657 suis,
1057 599 1154 646 aut
1175 589 1456 653 fratribus,
1481 593 1578 642 aut

42 691 255 765 legitimis
285 687 612 745 testimoniis
638 687 910 742 ullatenus
939 684 1382 754 proﬁciscantur.
1412 681 1576 737 Tales

41 787 158 841 enim
195 782 356 851 magis
401 789 532 836 sunt
583 778 972 849 impedimento
1017 791 1181 846 quam
1229 775 1573 845 adiumento;

40 879 136 949 plus
160 874 300 929 oneri
331 886 498 943 quam
531 868 773 924 utilitati.
798 867 1004 922 Divites
1043 865 1100 920 in
1139 864 1336 935 opibus
1373 864 1574 920 subve-

40 969 175 1030 niunt,
199 973 248 1018 et
274 963 559 1033 expeditos
591 961 657 1016 ad
687 958 892 1015 bellum
936 958 1006 1014 de
1057 957 1176 1012 suis
1218 955 1574 1012 facultatibus

39 1075 190 1113 secum
213 1057 426 1111 ducant.
444 1051 792 1124 Presbyteris
814 1051 934 1106 sive
957 1048 1172 1105 clericis
1194 1049 1590 1119 cuiuscunque.

37 1151 208 1206 ordinis
240 1149 442 1218 absque
490 1146 878 1217 episcoporum
928 1157 1158 1200 suorum
1199 1142 1419 1199 licentia
1462 1157 1579 1200 non

36 1245 134 1297 licet
159 1242 243 1306 ire,
271 1239 531 1310 quoniam
561 1237 773 1293 inutilis
801 1237 882 1292 eis
906 1237 1057 1292 ﬂeret
1083 1236 1199 1292 1]ωο
1221 1235 1330 1303 via,
1355 1234 1404 1292 si
1433 1235 1596 1293 irent.

35 1335 127 1386 sine
151 1331 349 1384 illorum
380 1328 627 1385 licentia.
663 1327 804 1396 Quia
831 1343 932 1384 nec
955 1327 1112 1383 laieis
1159 1326 1378 1398 expedit
1419 1340 1598 1398 pere.-

36 1422 216 1492 grinari,
239 1421 338 1476 nisi
367 1437 496 1476 cum
520 1419 1020 1476 sui‘bcnedictione
1062 1418 1385 1475 sacerdotis.
1435 1418 1575 1486 Qui-

35 1535 210 1588 cunque
227 1532 352 1588 ergo
387 1516 560 1588 hujus
587 1525 794 1573 saneta
831 1517 1294 1587 peregrinationis
1323 1517 1572 1572 animum

35 1609 258 1674 habuerit,
281 1617 334 1665 et
354 1607 468 1664 Deo
500 1609 864 1679 sponsionem
900 1609 1026 1664 inde
1071 1609 1290 1675 fecerit,
1319 1610 1478 1680 eique
1510 1624 1570 1665 se

34 1703 272 1757 litaturum
299 1702 544 1758 hostium
576 1703 783 1770 vivam,
808 1711 1079 1770 sanctam,
1103 1702 1216 1758 Deo
1246 1704 1572 1773 placentem,

35 1795 283 1863 devoverit,
313 1797 538 1868 signum
583 1795 886 1852 Dominicze
931 1797 1114 1852 crucis
1153 1797 1208 1851 in
1258 1795 1437 1852 fronte
1475 1813 1572 1853 sua

35 1889 122 1942 sive
143 1889 190 1942 in
210 1897 421 1960 pectore
448 1887 728 1959 praeferat.
773 1886 880 1956 Qui
903 1901 1037 1943 vero
1059 1887 1186 1944 inde
1209 1888 1321 1943 voti
1349 1903 1575 1960 compos

35 1981 201 2052 ingredi
220 1981 474 2049 voluerit,
506 1981 656 2037 inter
683 1981 940 2052 scapulas
969 1989 1120 2038 retro
1170 1992 1357 2051 ponat.
1414 1980 1576 2038 Tales

35 2075 190 2143 quippe
223 2073 418 2130 bifaria
461 2073 790 2144 operatione
823 2072 1172 2144 complebunt
1200 2073 1332 2128 illud
1358 2072 1582 2134 Domini

34 2163 492 2235 praeceptum,un
515 2163 638 2234 ipse
658 2163 817 2234 jubet
839 2179 938 2235 per
976 2163 1332 2234 Evangeiium
1388 2181 1402 2218 :
1471 2161 1578 2228 Qui

35 2273 111 2308 non
152 2256 338 2326 baiulat
391 2273 610 2312 crucem
659 2273 814 2311 suam
849 2265 901 2311 et
963 2259 1104 2311 venit
1163 2266 1278 2328 post
1313 2273 1412 2322 me,
1473 2272 1578 2310 non

34 2359 173 2402 eum
202 2348 581 2421 dignus-(Luc.
633 2365 746 2417 xiv,
805 2349 923 2421 27}.
960 2368 979 2402 ι
1010 2348 1107 2405 liis
1147 2350 1222 2404 ita
1265 2350 1576 2420 completis,

35 2451 145 2494 unus
177 2455 234 2494 ex
273 2441 684 2508 cardinalibus,
712 2441 934 2496 nomine
964 2440 1280 2512 Gregorius,
1311 2457 1410 2512 pro
1451 2457 1578 2496 om-

34 2529 160 2585 nibus
188 2539 340 2586 teme
396 2533 734 2602 prostratis‘
757 2531 897 2587 dixit
946 2531 1351 2588 confessionem
1394 2547 1578 2598 suam,

33 2631 73 2674 ct
95 2623 160 2678 sic
189 2639 368 2680 omnes
405 2634 636 2695 pectora
675 2639 774 2680 sua
803 2625 1114 2691 tundentes,
1148 2625 1579 2695 impetraverunt

33 2713 83 2767 de
101 2714 172 2769 liis
187 2731 300 2786 qua:
319 2717 462 2772 male
480 2717 884 2772 commiserant
912 2716 1336 2784 absolutionem,
1355 2726 1408 2771 et
1433 2714 1576 2771 facta

35 2806 339 2876 absolutione,
365 2809 841 2877 benedictionem;
892 2819 950 2866 et
994 2809 1376 2870 benedictione
1439 2824 1576 2865 con-.-

34 2909 199 2971 tecuta,
221 2904 281 2959 ad
303 2904 527 2974 propria
579 2903 858 2958 remeandi
901 2901 1201 2959 licentiam.
1249 2901 1317 2957 Et
1352 2910 1413 2958 ut
1441 2917 1579 2958 cuna

36 2996 113 3050 ctis'
133 2996 433 3054 claresceret
474 2996 736 3052 ﬁdelibus
767 2996 914 3067 quod
943 2995 1062 3052 base
1110 2997 1197 3052 via
1243 3011 1276 3052 a
1311 2995 1423 3052 Deo
1465 3010 1576 3051 non

33 3085 86 3139 ab
107 3087 298 3146 homine
321 3089 392 3146 sit
411 3087 720 3145 constituta
750 3088 918 3159 (sicut
951 3103 983 3142 a
1013 3087 1202 3144 multis
1223 3096 1411 3159 postea
1433 3102 1578 3144 com,

1679 585 1761 658 uit
1794 584 2012 641 concilii
2053 587 2410 646 constitutum
2465 591 2802 648 lionorabile.
2849 593 3060 654 Placuit
3084 606 3262 660 omni-

1677 673 1804 742 bus,
1831 684 1888 729 et
1921 667 2046 745 pias
2066 692 2230 747 quam
2255 686 2494 740 trecenta
2522 683 2690 738 millia
2733 696 2912 742 mente
2949 689 3052 744 iter
3078 695 3262 748 conci-

1677 767 1855 838 piunt,
1877 779 1932 822 et
1945 768 2241 840 adimplere
2265 782 2537 847 satagunt,
2569 785 2729 846 prout
2771 779 3066 852 unicuique
3099 801 3262 856 posse

1678 860 1910 914 contulit
1935 859 2220 917 Dominus.
2257 861 2486 936 Jamque
2536 871 2817 925 turmatim
2841 875 3115 932 exsultare
3145 895 3251 938 cce-

1677 952 1760 1022 pit
1785 951 2136 1024 Francigenaa
2163 957 2340 1027 gentis
2368 959 2705 1018 unanimitas
2731 982 2746 1032 ;
2777 973 2833 1020 et
2860 966 3129 1026 desiderio
3147 972 3261 1042 jam

1678 1058 1805 1099 cum
1833 1042 2028 1100 Turcis
2053 1047 2331 1118 pugnabat
2360 1064 2549 1107 eorum
2573 1055 2744 1124 proba
2770 1055 3043 1116 ferocitas.

2288 1141 2518 1198 CAPUT
2557 1145 2644 1201 lli.

1748 1225 1880 1283 Erat
1907 1229 1961 1284 in
2003 1230 2108 1285 illis
2137 1231 2331 1306 diebus
2368 1236 2613 1304 quidam,
2638 1239 2731 1310 qui
2779 1242 3005 1300 eremita
3033 1248 3260 1304 exstite-

1676 1327 1785 1388 rat,
1814 1320 2037 1376 nomine
2066 1321 2282 1390 Petrus,
2313 1325 2408 1398 qui
2453 1327 2596 1396 apud
2629 1328 2751 1384 illos
2786 1331 2881 1400 qui
2911 1342 3125 1390 terrena
3173 1353 3262 1391 sa-

1676 1415 1836 1486 piunt
1855 1415 2040 1487 magni
2069 1417 2466 1484 aestimabatur,
2489 1428 2544 1474 et
2571 1436 2736 1492 super
2756 1422 2906 1494 ipsos
2926 1429 3188 1496 praesules
3208 1438 3264 1484 ct

1677 1507 1901 1582 abbates
1947 1509 2102 1578 apice
2145 1509 2426 1582 religionis
2472 1512 2832 1583 efferebatur,
2868 1533 2934 1572 eo
2978 1521 3121 1590 quod
3163 1537 3264 1576 nec

1677 1616 1820 1671 pane
1848 1615 1948 1664 nec
1969 1617 2135 1667 carne
2165 1603 2511 1673 vescebatur,
2539 1605 2634 1660 sed
2675 1615 2856 1664 tamen
2883 1610 3010 1666 vino
3032 1612 3263 1682 aliisque

1678 1693 1816 1752 cibis
1836 1693 2094 1776 omnibus
2116 1693 2421 1766 fruebatur,
2443 1707 2499 1753 et
2524 1718 2543 1750 ι
2577 1715 2849 1756 summam
2874 1703 3261 1762 abstinentiam

1677 1784 1734 1848 in
1767 1785 1980 1842 deliciis
1999 1788 2296 1857 quaerebat.
2329 1807 2350 1840 ι
2385 1787 2485 1846 Hic
2514 1791 2593 1862 (5)
2618 1807 2682 1847 ea
2705 1801 3023 1874 tempestate.
3048 1799 3266 1872 collegit

1678 1880 1784 1941 sibi
1807 1896 1919 1936 non
1963 1881 2240 1937 modicam
2266 1883 2513 1952 equitum
2558 1885 2913 1956 peditumque
2958 1890 3265 1946 multitudi-

1680 1988 1826 2040 nem,
1851 1981 1906 2029 et
1933 1973 2036 2028 iter
2071 1989 2234 2030 suum
2261 1975 2462 2031 direxit
2491 1991 2590 2047 per
2617 1975 2976 2049 liungariam.
3001 1977 3263 2036 Associai

1677 2072 1769 2123 tur
1794 2074 1977 2121 autem
2015 2066 2240 2136 quidam
2263 2066 2392 2122 duci
2415 2067 2862 2138 Teutonicorum,
2898 2073 3120 2127 nomine
3149 2071 3263 2127 (Σο-ο

1676 2157 1910 2226 defrido,
1951 2159 2046 2228 qui
2075 2168 2194 2214 erat
2238 2158 2519 2215 Eustachii
2563 2161 2908 2218 Boloniensis
2942 2164 3158 2220 comitis
3202 2165 3267 2219 ﬁ-

1677 2253 1805 2321 lius,
1835 2255 1930 2311 sed
1962 2254 2139 2310 oliicio
2167 2255 2449 2326 dignitatis
2477 2258 2589 2312 dux
2631 2267 2750 2313 erat
2773 2257 3126 2316 Teutonicus.
3164 2259 3265 2316 llic

1675 2350 1830 2414 vultu
1851 2350 2091 2422 elegans,
2115 2357 2322 2410 statura
2343 2365 2636 2428 procerus,
2667 2351 2843 2420 dulcis
2872 2353 3110 2423 eloquio,
3138 2368 3262 2407 mo-

1677 2443 1830 2499 ribus
1850 2443 2123 2514 egregius,
2145 2451 2200 2500 et
2226 2441 2280 2502 in
2303 2451 2515 2506 tantum
2547 2444 2686 2500 lenis
2708 2453 2765 2500 ut
2787 2444 2960 2516 magis
2987 2447 3041 2500 in
3067 2459 3126 2500 se
3147 2461 3266 2500 mo-

1678 2537 1914 2592 nachum
1971 2552 2135 2606 quam
2202 2537 2430 2596 militem
2468 2536 2745 2609 liguraret.
2776 2537 2876 2594 llic
2903 2547 3110 2608 tamen,
3135 2555 3264 2595 cum

1679 2631 1892 2686 hostem
1962 2631 2232 2685 sentiebat
2281 2631 2473 2688 adesse
2500 2671 2516 2696 ,
2560 2640 2613 2686 et
2661 2630 2946 2686 imminere
2992 2631 3264 2702 praelium,

1631 2763 1639 2773 .
1676 2731 1810 2778 tunc
1861 2722 2056 2778 audaci
2110 2731 2294 2792 mente
2339 2723 2682 2793 concipiebat
2721 2723 2988 2790 animum,
3019 2732 3074 2780 et
3101 2724 3264 2794 quasi

1675 2816 1763 2872 leo
1805 2814 2064 2872 frendens
2089 2814 2158 2870 ad
2181 2815 2387 2871 nullius
2437 2816 2666 2886 parebat
2699 2831 3012 2884 occursum.
3043 2815 3112 2872 Et
3141 2831 3267 2887 qum

1674 2909 1845 2966 lorica
1873 2910 1959 2965 vel
1979 2909 2200 2982 ciypeus
2235 2909 2510 2966 sustinere
2532 2918 2716 2981 posset
2744 2909 3006 2980 impetum
3037 2926 3262 2968 mucro-

1676 2999 1764 3057 nis
1787 3000 1975 3056 illius?
2003 2999 2104 3056 llic
2133 3017 2260 3057 cum
2290 2999 2554 3056 fratribus
2589 3000 2704 3056 suis
2726 2998 3024 3056 Eustacbio
3053 3008 3110 3056 et
3133 2999 3264 3056 Bal-

1675 3093 1935 3161 duino,et
1951 3108 2152 3167 magna
2177 3109 2343 3149 manu
2371 3093 2606 3150 militum
2626 3093 2980 3165 peditumque
2997 3109 3096 3164 per
3109 3091 3265 3151 iith

35 3178 252 3253 ierimus)
274 3182 388 3254 ipso
411 3183 504 3238 die
527 3197 642 3254 quo
665 3183 782 3238 haec
809 3180 952 3237 facta
992 3191 1048 3237 et
1069 3182 1215 3238 dicta
1247 3191 1396 3250 sunt,
1414 3181 1574 3276 fama
1601 3209 1652 3276 α
1681 3186 1888 3259 gariam
1910 3185 2013 3241 iter
2045 3185 2296 3257 arripuit.
2325 3183 2432 3242 Per
2456 3186 2603 3242 viam
2634 3185 2863 3253 scilicet,
2892 3201 3058 3258 quam
3087 3184 3263 3242 Caroa

35 3287 303 3341 praeeuntis
323 3286 492 3334 tanta;
520 3275 933 3333 constitutionis
950 3283 1124 3330 totum
1154 3275 1451 3332 commovit
1479 3291 1574 3334 0|".-

33 3364 145 3435 bem,
183 3370 251 3427 ita
283 3382 342 3427 ut
372 3372 548 3428 etiam
604 3370 660 3424 in
687 3369 980 3424 maritimis
1024 3366 1224 3424 Oceani
1268 3369 1461 3424 insulis
1493 3369 1578 3427 dir

39 3459 268 3529 vulgatum
315 3451 492 3531 esset,
557 3463 707 3533 quod
759 3460 1320 3533 Hierosolymitanum
1377 3461 1478 3520 iter
1518 3461 1576 3520 in

37 3553 224 3610 concilio
252 3553 328 3612 sic
349 3547 663 3612 stabilitu'm
706 3552 921 3614 fuisset.
965 3553 1154 3610 Gloria
1176 3553 1426 3624 provenit
1453 3553 1578 3612 inde

31 3638 310 3705 Christianis
333 3658 390 3705 et
411 3647 717 3706 exsultatio
742 3665 756 3715 ;
789 3647 1084 3720 gentilibus
1110 3657 1292 3701 autem
1313 3645 1496 3704 Persis
1521 3656 1578 3704 et

38 3723 206 3795 Arabia
225 3731 554 3808 cultoribus,
581 3754 790 3794 maeror
809 3747 866 3794 et
886 3738 1197 3809 trepidatio.
1221 3736 1319 3795 llis
1357 3738 1578 3812 additur

35 3825 167 3882 animi
217 3831 560 3900 magnitudo,
619 3827 1028 3885 iliis'incutitur
1074 3843 1245 3898 pavor
1290 3835 1344 3884 et
1377 3828 1577 3886 mentis

36 3911 256 3974 hebetatio
281 3938 294 3976 :
329 3921 466 3978 adeo
491 3919 736 3977 caelestis
755 3919 888 3974 tuba
913 3918 1242 3990 percrepuit,
1274 3917 1421 3990 quod
1453 3919 1577 3980 ubi.-

36 4019 117 4074 que
139 4024 254 4080 gens
267 4013 444 4074 omnis
470 4011 676 4069 infesta
696 4011 1012 4068 Christiano
1037 4011 1247 4068 nomini
1271 4011 1574 4074 intremuit.

39 4095 186 4158 illucet
207 4105 365 4178 igitur
387 4105 548 4179 quod
572 4121 684 4161 non
711 4105 816 4162 fuit
852 4107 1109 4164 humanm
1138 4105 1290 4163 vocis
1315 4104 1574 4184 alliciunt,

40 4192 110 4246 Sed
151 4194 371 4267 Spiritus
439 4198 665 4260 Domini
707 4198 801 4269 qui
859 4198 1030 4269 replet
1073 4198 1262 4255 urbem
1305 4206 1576 4262 terrarum

29 4282 157 4357 '(Sap.
183 4306 216 4358 l,
241 4291 312 4360 Ἰ).
351 4294 430 4349 Ad
452 4309 557 4350 sua
591 4293 774 4364 itaque
799 4308 1054 4348 reversus
1089 4301 1176 4348 est
1197 4293 1578 4364 unusquisque

41 4371 274 4436 hient-um.
298 4383 360 4438 Et
387 4383 657 4444 Urbanus
682 4399 843 4454 papa,
877 4383 934 4438 in
982 4384 1286 4440 crastinum
1333 4385 1576 4442 residere

42 4463 138 4524 iecit
157 4485 466 4532 conventum
496 4477 920 4549 episcoporum:
959 4478 1168 4550 quibus.
1209 4479 1575 4537 residentibus

1680 3280 1768 3338 ius
1821 3278 2072 3352 Magnus,
2131 3279 2577 3352 incomparabilis
2617 3294 2715 3338 rex
2739 3278 3101 3350 Francorum,
3129 3279 3264 3338 olim

1679 3389 1792 3432 suo
1811 3375 2074 3432 exercitui
2103 3373 2220 3430 ﬂeri
2251 3390 2429 3446 usque
2474 3374 2541 3430 ad
2573 3373 3101 3445 Constantinopolim
3121 3388 3265 3444 pm-

1677 3465 1840 3537 cepit.
1883 3463 2104 3525 Primus
2145 3465 2312 3536 igitur
2337 3463 2534 3521 Petrus
2585 3463 2824 3520 Eremita
2867 3479 2994 3520 cum
3044 3460 3182 3532 suis,
3205 3469 3265 3520 ct

1677 3573 1876 3630 magna
1903 3565 2062 3629 gente
2104 3555 2556 3622 Alemannorum,
2597 3554 3127 3625 Constantinopolim
3163 3569 3262 3610 ve-

1675 3650 1793 3718 nit;
1821 3658 1877 3706 et
1919 3649 2200 3720 copiosam
2235 3647 2719 3720 Langobardorum
2765 3655 3002 3719 gentem,
3026 3645 3262 3703 multos-

1677 3756 1786 3813 que
1815 3740 1956 3800 alios
1991 3756 2059 3796 ex
2087 3739 2320 3796 diversis
2343 3739 2595 3795 iocorum
2617 3738 2808 3808 spatiis
2840 3744 3158 3810 aggregatos
3177 3737 3264 3792 in.

1677 3833 1846 3891 venit.
1876 3832 2088 3901 Quibus
2108 3832 2404 3904 imperator
2429 3830 2706 3888 licentiam
2729 3830 3040 3893 introeundi
3069 3829 3263 3886 civitas-

1679 3933 1787 3982 tem
1817 3939 2102 3995 nunquam
2155 3922 2418 3994 praebuit;
2448 3922 2579 3993 quia
2630 3922 2887 3983 virtutem
2932 3919 3262 3978 Christianae

1673 4013 1888 4071 militia
1921 4023 1978 4070 et
2010 4013 2248 4070 maxime
2298 4011 2638 4072 Francorum
2691 4021 3002 4083 suspectam
3043 4027 3264 4086 semper

1676 4107 1888 4173 habuit.
1921 4105 2070 4170 Idem
2095 4114 2280 4164 tamen
2318 4114 2619 4162 mercatum
2655 4105 2738 4162 eis
2771 4105 2970 4162 habere
2991 4106 3260 4162 concede-

1677 4200 1792 4270 bat,
1826 4200 1976 4272 quod
2019 4208 2074 4256 et
2117 4199 2175 4256 in
2199 4199 2422 4256 civitate
2443 4206 2594 4268 erat;
2626 4197 3090 4268 prohibueratque
3128 4197 3260 4266 illis,

1676 4307 1748 4348 ne
1779 4291 2079 4346 transirent
2118 4289 2249 4346 illud
2278 4288 2444 4345 vicini
2467 4288 2705 4360 aequoris
2726 4275 2962 4359 spatium
2984 4288 3130 4359 quod
3157 4303 3260 4343 vo—

1675 4392 1836 4440 catur
1859 4381 2046 4438 Sancti
2065 4381 2288 4452 Georgii
2305 4380 2618 4448 Braehium,
2644 4381 3006 4452 quoadusque
3049 4379 3262 4435 veniret

1663 4473 2038 4530 formidabilis
2062 4473 2338 4546 exercitus
2381 4471 2741 4534 Francorum.
2772 4471 3078 4530 Turcorum
3109 4473 3258 4528 enim

40 4562 207 4631 accepit
231 4568 541 4634 consilium,
573 4581 738 4637 quem
767 4576 1108 4640 praeponeret
1145 4575 1310 4625 tanta:
1331 4569 1576 4629 multitu-
1599 4567 1930 4638 Diuiinitus
1973 4582 2240 4640 numerus
2266 4573 2406 4634 erat,
2431 4565 2526 4636 qui
2565 4565 2860 4622 adventum
2904 4565 3126 4622 illorum
3161 4564 3260 4620 be-

39 4646 127 4704 dini
147 4659 463 4729 peregrinari
492 4659 850 4732 cupientium,
873 4661 1002 4732 quia
1027 4662 1270 4720 nondum
1294 4671 1412 4720 erat
1432 4665 1574 4722 inter

39 4753 116 4798 eos
135 4746 312 4820 aliquis
337 4753 750 4810 nominatorum
797 4755 1128 4826 principum.
1161 4754 1417 4818 Universi
1439 4772 1573 4815 vero

40 4830 273 4906 elegerunt
296 4841 618 4902 Podiensem
642 4845 961 4917 episcopum
994 4856 1306 4904 asserentes
1341 4866 1470 4906 eum
1492 4857 1577 4908 ne-

42 4920 369 4999 bus-humanis
394 4951 463 4992 ac
479 4936 691 4998 divinis
717 4937 874 4994 valde
901 4953 1023 4995 esse
1045 4939 1324 5007 idoneum,
1351 4950 1405 4997 et
1426 4951 1575 5000 utra-

42 5025 128 5084 lle
161 5021 368 5083 ldentis
407 5028 828 5100 peritissimum,
893 5029 1120 5102 suisque
1163 5030 1226 5086 in
1266 5032 1577 5092 actionibus

45 5110 358 5174 multiﬁdum.
387 5119 482 5182 ille
503 5120 710 5193 itaque,
726 5121 855 5178 licet
875 5121 1104 5188 invitus,
1127 5122 1374 5194 suscepit
1403 5123 1570 5195 quasi

45 5195 603 5270 alterllosesdueatum
635 5229 701 5272 ae
741 5214 988 5286 regimen
1041 5214 1316 5272 Dominici
1363 5215 1572 5288 populi,

47 5303 147 5378 (ξυω
173 5295 524 5362 δωεύίαίοηθ
549 5305 760 5363 domini
821 5322 975 5378 papa:
1019 5322 1086 5364 ac
1129 5309 1298 5366 totius
1327 5308 1568 5368 concilii.

47 5377 214 5469 Oquot
249 5389 466 5452 diversae
501 5399 678 5454 artatis
726 5414 792 5454 ac
824 5377 1087 5469 potentia
1107 5415 1208 5458 seu
1260 5401 1572 5460 domestica:

50 5468 280 5539 inuitatis
301 5485 541 5547 homines
585 5491 640 5545 in
675 5491 769 5547 illo
808 5468 1045 5548 concilio
1082 5507 1276 5549 cruces
1319 5505 1574 5566 suscepe-

51 5571 169 5661 runt,
194 5581 243 5628 et
264 5576 399 5634 viam
439 5582 615 5638 sancti
663 5583 901 5654 sepulcri
948 5584 1396 5655 spoponderunt!
1429 5584 1571 5654 Hinc

53 5650 335 5731 divulgatum
378 5679 458 5727 est
515 5650 743 5745 ubique
768 5650 1067 5730 terrarum—
1091 5673 1224 5742 illud
1276 5651 1570 5732 concilium

1058 5784 1366 5844 norum
1403 5787 1854 5870 manumanus
1887 5791 2003 5852 us.
2044 5790 2202 5851 con.

60 5853 121 5923 β)
149 5858 252 5918 Du
274 5869 410 5936 prior
433 5875 679 5970 intenuit,
705 5892 810 5935 nec
840 5889 990 5936 retro
1008 5889 1198 5952 postea
1215 5881 1471 5948 incessit.

1677 4662 1828 4726 atiali
1854 4670 2038 4719 mente
2062 4662 2338 4719 sitiebant.
2364 4659 2425 4717 in
2447 4674 2682 4732 quorum
2713 4673 2910 4718 manus
2930 4659 2976 4714 si
3007 4656 3132 4727 ipsi,
3163 4655 3261 4710 aha

1677 4757 1926 4815 aentiints
1965 4754 2303 4812 Francorum
2327 4753 2698 4826 principibus,
2727 4751 3093 4815 devenissent,
3117 4747 3266 4804 sicut

1677 4858 1869 4922 postea
1903 4847 2000 4904 rei.
2019 4847 2271 4919 probavit
2297 4855 2548 4914 eventus,
2568 4859 2766 4902 omnes
2783 4841 3067 4913 aequaliter
3092 4839 3259 4896 morti

1655 4943 2044 5014 subiacerent.
2075 4960 2095 4994 ι
2126 4939 2436 4996 Sedomnis
2458 4935 2804 5009 congregatio
2828 4932 3108 4990 hominum
3135 4947 3259 5004 qua

1679 5036 1827 5093 bono
1859 5042 2085 5092 auctore
2113 5049 2225 5090 non
2264 5033 2620 5105 gubernatur,
2648 5029 2696 5086 si
2735 5028 2787 5084 ei
2815 5025 3132 5098 languidum
3159 5039 3257 5084 ca-

1677 5136 1778 5200 put
1793 5126 2130 5194 dominatnr,
2166 5125 2224 5180 in
2260 5122 2503 5180 deterius
2544 5118 2746 5176 labitur
2769 5125 2824 5176 et
2855 5115 3103 5188 quotidie
3138 5116 3260 5174 lana
3325 5177 3330 5182 ,

1677 5217 1912 5290 guescit,
1941 5226 1996 5273 et
2031 5232 2064 5272 a
2111 5217 2286 5272 salute
2341 5213 2647 5284 elongatur.
2689 5229 2708 5264 ι
2741 5209 3036 5282 Propterea
3076 5218 3132 5266 et
3177 5209 3256 5279 hi,

1653 5312 1806 5384 quia
1833 5306 2486 5382 prudentemprinoipem
2525 5305 2620 5376 qui
2652 5319 2844 5360 eorum
2879 5303 3260 5362 dominaretur

1675 5419 1790 5460 non
1835 5403 2132 5469 habebant,
2152 5397 2601 5470 reprehensibiﬁa
2627 5408 2791 5466 opera
2841 5393 3130 5462 faciebant.
3155 5392 3258 5460 an-

1675 5495 1875 5554 elesias
1893 5494 2039 5552 enim
2077 5502 2131 5548 et
2151 5492 2306 5549 urbis
2335 5489 2536 5562 palatia
2561 5487 2938 5555 destruebant,
2962 5495 3019 5545 et
3039 5501 3162 5558 quae
3197 5485 3257 5552 in

1675 5588 1760 5648 eis
1787 5595 1946 5644 erant
1967 5584 2306 5658 auferentes,
2330 5582 2614 5656 plumbum
2660 5597 2772 5653 quo
2814 5578 3254 5660 tegebantur-shy

1677 5681 2018 5752 strabebant,
2045 5687 2100 5736 et
2143 5678 2348 5738 Graecis
2384 5675 2709 5738 vendebant.
2741 5673 2895 5733 Unde
2934 5673 3256 5747 imperator,

2405 5835 2431 5851 υ..
2467 5835 2479 5845 .
2517 5845 2524 5850 Ι
2545 5844 2550 5848 ι

2403 5833 2490 5876 si.
2569 5863 2573 5868 -
