3846 6306
545 399 658 465 6‘13

1105 379 1699 452 maneremus!
1737 351 2053 439 Almana“?
2073 369 2248 433 ιιῗ-ἶ
2281 369 2553 430 uorum.
2596 368 2688 426 ne
2724 352 3233 427 summano.

3658 373 3729 428 676

545 506 781 578 Alenus
824 509 1075 580 nomine,
1108 509 1461 566 vehementer
1509 503 1682 557 iratus
1720 495 1846 565 fuit,
1872 503 1929 551 et
1960 507 2140 564 aequo-
2166 495 2216 555 Α
2243 487 2314 544 ad
2359 487 2674 558 aquilonem
2729 482 2967 540 devenit.
2991 481 3096 548 Qui
3145 491 3276 535 vero
3299 492 3730 555 remanserunt,nec

553 627 709 668 reum
731 608 920 664 Sancti
943 603 1160 675 Georgii
1187 598 1482 656 Brachium
1501 582 1840 651 transmeare
1859 585 2135 659 praecepit;

551 704 651 776 qui
685 702 825 759 ultra
857 695 1152 771 progressi,
1182 693 1377 748 ducem
1413 686 1518 744 sibi
1541 685 1845 755 elegerunt,
1869 686 1923 734 et
1948 692 2142 749 quem-

552 769 681 853 dam
713 769 1040 848 Rainaldum
1077 785 1182 843 sibi
1221 785 1669 855 praeposuerunt;
1703 773 1796 845 qui
1828 771 1956 828 licet
1987 769 2144 841 prin-

555 891 736 963 cipem
765 887 1048 947 haberent,
1091 885 1280 934 eadem
1319 882 1499 930 tamen
1528 869 1734 939 rapinae
1778 879 1946 936 opera
1975 875 2140 934 agere

559 951 667 1036 non
695 977 1002 1034 cessabant.
1048 969 1185 1025 Nam
1214 967 1408 1023 domos
1447 976 1588 1033 quas
1634 956 1984 1013 inveniebant
2034 951 2145 1024 igni

556 1068 972 1132 comburebant,
995 1071 1048 1118 et
1072 1059 1333 1117 ecclesias
1358 1055 1520 1112 bonis
1561 1051 1679 1108 suis
1708 1059 1764 1106 et
1788 1045 2147 1104 facultatibus

555 1161 925 1220 denudabant.
975 1155 1068 1211 Sic
1118 1151 1493 1209 Nicomediam
1532 1160 1711 1217 usque
1747 1147 2036 1207 venerunt,
2092 1146 2149 1194 et

557 1253 684 1309 inde
708 1247 990 1305 Romaniae
1017 1253 1218 1301 terram
1246 1243 1612 1296 intraverunt.

1171 1331 1406 1393 CAPUT
1445 1329 1537 1387 IV.

626 1433 829 1489 Tribus
858 1425 1028 1504 igitur
1048 1427 1241 1485 diebus
1267 1420 1600 1479 ambulando
1621 1413 1981 1486 consumptis,
2008 1411 2152 1467 ultra

555 1521 796 1582 Nicaeam
846 1523 1036 1579 urbem
1083 1523 1466 1591 perrexerunt,
1493 1520 1548 1569 et
1573 1510 1849 1583 quoddam
1881 1514 2152 1572 castrum,

557 1619 650 1675 cui
694 1632 897 1674 nomen
923 1621 1044 1671 erat
1076 1611 1447 1682 Exerogorgo,
1481 1613 1640 1678 gente
1667 1615 1904 1658 vacuum
1925 1598 2154 1653 invene-

558 1719 724 1776 runt;
753 1709 811 1764 in
841 1707 987 1779 quod
1009 1707 1276 1761 intrantes
1307 1704 1625 1770 repererunt
1653 1707 1909 1765 magnam
1934 1690 2157 1746 uberta-

560 1813 674 1860 tem
707 1801 994 1869 frumenti,
1036 1798 1220 1855 carnis
1242 1804 1298 1851 et
1322 1793 1454 1861 vini,
1480 1789 1841 1859 omniumque
1882 1786 2154 1842 bonorum

561 1911 690 1968 qua:
714 1903 844 1951 sunt
873 1894 1128 1948 humanae
1168 1889 1293 1945 vitae
1341 1883 1797 1943 sustentaculum.
1830 1879 1996 1936 Turci
2025 1893 2158 1933 vero

563 1997 716 2044 metu
744 1985 1083 2041 Francorum
1111 1980 1404 2054 perterriti,
1425 1980 1583 2050 longe
1604 1976 1673 2031 ab
1702 1975 1792 2030 illa
1813 1983 1959 2029 terra
1981 1985 2161 2026 seces-

565 2086 774 2146 serant,
807 2075 903 2132 sed
926 2086 1106 2130 tamen
1134 2071 1508 2142 exploratores
1535 2081 1668 2123 suos
1695 2063 1906 2120 dimise
1925 2071 2038 2126 ant,
2064 2058 2160 2129 qui

568 2173 682 2228 iiiis
720 2170 1013 2226 adventum
1046 2177 1360 2223 nostrorum
1394 2172 1450 2216 et
1481 2158 1758 2231 quomodo
1789 2171 1848 2212 se
1875 2155 2158 2218 haberent,

566 2263 908 2319 nuntiarent.
938 2259 1046 2327 Qui
1092 2266 1153 2314 ut
1193 2273 1289 2328 per
1339 2251 1709 2309 internuntios
1751 2252 2160 2317 compererunt,

566 2355 719 2427 quod
769 2359 1036 2409 venerant
1085 2364 1300 2422 rapere,
1353 2361 1462 2402 non
1492 2343 1808 2416 possidere;
1857 2339 2160 2405 destruere,

567 2459 679 2504 non
701 2447 938 2503 retinere
977 2463 992 2499 :
1021 2443 1275 2516 protinus
1305 2448 1497 2497 contra
1543 2437 1668 2492 illos
1706 2438 2086 2496 accurrerunt,
2110 2436 2166 2484 et

567 2539 855 2596 castellum
887 2538 941 2594 in
981 2551 1092 2608 quo
1122 2541 1301 2600 erant,
1330 2527 1617 2587 obsidione
1662 2521 2161 2582 circumdederunt.

571 2631 702 2688 Erat
723 2631 925 2704 quippe
947 2630 1139 2702 ingens
1156 2639 1421 2681 numerus
1451 2621 1671 2677 illorum
1699 2625 1754 2674 et
1773 2615 1997 2686 copiosa
2024 2611 2168 2667 mul-

573 2725 771 2781 titudo.
799 2725 940 2779 Ante
964 2728 1178 2793 portam
1205 2715 1414 2774 castelli
1437 2720 1555 2770 erat
1586 2718 1806 2783 puteus,
1830 2715 1886 2762 et
1919 2705 2075 2776 juxta
2097 2717 2167 2759 ex

574 2819 749 2874 altera
784 2825 939 2888 parte
961 2813 1085 2870 fons
1107 2812 1286 2878 vivus,
1309 2809 1465 2881 juxta
1490 2820 1654 2877 quem
1680 2798 1984 2856 Rainaldus
2013 2795 2168 2867 prin-

573 2922 705 2981 ceps
748 2905 1193 2964 Christianorum
1239 2903 1468 2967 exierat,
1495 2907 1550 2953 et
1588 2894 1806 2951 insidiis
1829 2891 2042 2964 positis,
2074 2902 2169 2944 eo-

575 2978 700 3056 ruin
729 2997 1145 3071 praestolabatur
1167 2995 1478 3049 adventum.
1507 2987 1672 3042 Turci
1712 2998 1844 3040 vero
1885 2978 2169 3052 nilghmsi-

579 3100 771 3147 tantes
789 3091 1069 3145 iri-uerunt
1091 3087 1146 3141 in
1165 3101 1313 3150 eum,
1339 3091 1395 3138 et
1417 3081 1619 3154 multos
1641 3077 1736 3148 qui
1761 3090 1886 3130 cum
1916 3087 1982 3128 eo
2011 3077 2172 3126 erant

575 3180 932 3247 occiderunt;
963 3179 1054 3233 alii
1077 3185 1258 3232 autem
1291 3173 1344 3228 in
1371 3182 1614 3228 castrum
1655 3167 1932 3238 fugerunt.
1959 3161 2038 3217 Illi
2066 3177 2170 3216 au-

579 3276 690 3330 tem
742 3288 943 3346 aquam
995 3272 1077 3328 eis
1128 3269 1354 3325 omnino
1397 3264 1760 3326 abstulerunt,
1784 3267 1838 3315 et
1875 3258 1930 3312 in
1972 3269 2172 3328 magno

578 3367 827 3424 cruciatu
867 3381 964 3436 per
993 3379 1149 3434 aquai
1193 3359 1482 3432 penuriam
1531 3351 1874 3410 Christianos
1932 3347 2176 3415 immise-

580 3446 728 3516 runt.
765 3457 896 3514 Erat
920 3466 1100 3512 autem
1137 3453 1405 3510 festivitas
1432 3449 1490 3504 S.
1539 3441 1847 3510 Michaelis,
1873 3456 2040 3513 quam
2075 3453 2173 3494 ve-

580 3567 763 3608 nerari
787 3551 949 3606 debet
976 3547 1158 3605 omnis
1188 3545 1371 3600 anima
1415 3540 1610 3598 ﬁdelis.
1648 3535 1873 3595 Obsessi
1909 3541 2092 3590 autem
2117 3530 2175 3586 in

579 3630 786 3697 tantam
810 3640 933 3696 sitis
956 3637 1265 3710 angustiam
1287 3636 1646 3698 devenerunt,
1669 3627 1818 3701 quod
1835 3626 1992 3682 venis
2007 3637 2176 3694 equo—

577 3743 704 3789 rum
729 3731 922 3788 incisis
944 3732 1223 3800 boumque
1249 3736 1304 3783 et
1328 3727 1613 3782 asinorum
1637 3722 1985 3792 aliarumque
2013 3732 2178 3789 pecu-

581 3824 716 3879 dum
771 3823 1096 3896 sanguinem
1129 3821 1420 3878 eliciebant
1440 3827 1492 3874 et
1519 3816 1778 3874 bibebant
1805 3833 1820 3871 :
1844 3813 1950 3869 Alii
1973 3820 2178 3868 terram

584 3916 985 3972 hum'ectiorcm
1034 3914 1332 3981 fodiebant,
1372 3921 1430 3968 et
1468 3911 1551 3968 sic
1591 3909 1675 3966 ori
1701 3907 2070 3981 apponebant,
2097 3919 2180 3960 ar-

583 4010 886 4080 doremque
909 4006 1030 4065 sitis
1055 4007 1434 4078 temperabant
1463 4023 1478 4060 :
1507 4002 1740 4073 Quidam
1778 4001 1996 4057 urinam
2021 4013 2179 4054 suam

584 4100 643 4155 in
676 4115 825 4167 vase,
858 4109 954 4156 aut
999 4099 1056 4155 in
1081 4099 1340 4156 manibus
1386 4097 1503 4154 suis
1550 4094 1895 4168 mingebant;
1938 4099 1994 4146 et
2033 4089 2182 4162 quod

584 4193 734 4250 dictu
765 4193 1014 4250 mirabile
1055 4182 1446 4267 [miserabile‘l]
1476 4198 1580 4257 est,
1613 4185 2005 4245 absorbebant.
2039 4181 2183 4250 Quid

585 4283 782 4356 plura?
833 4281 1058 4339 Nullum
1113 4292 1232 4339 erat
1261 4282 1390 4338 vitae
1427 4279 1708 4346 solatium,
1739 4274 1847 4332 nisi
1887 4273 2006 4330 sola
2033 4287 2183 4328 mors

587 4376 946 4448 pereuntibus
971 4382 1091 4431 erat
1114 4373 1443 4431 subsidium.
1484 4369 1728 4426 Tandem
1770 4366 2028 4439 princeps
2058 4365 2182 4421 illo—

587 4485 712 4524 rum
737 4467 1043 4525 Rainaldus
1065 4466 1144 4540 (4)
1167 4481 1293 4523 cum
1317 4463 1525 4520 Turcis
1538 4461 1804 4517 furtivum
1827 4457 1955 4514 iniit
1979 4457 2182 4526 ftedus,

585 4565 800 4620 malens
833 4562 1192 4634 tempOralem
1235 4560 1406 4616 vitam
1439 4556 1678 4612 retinere
1707 4568 1875 4625 quam
1902 4568 2003 4624 pro
2024 4550 2186 4609 Chri-

577 4665 676 4712 sto
692 4665 925 4712 mortem
945 4655 1001 4710 in
1033 4652 1128 4709 tali
1159 4650 1427 4724 martyrio
1447 4647 1656 4704 subire.
1683 4643 1976 4716 Dispositis
2001 4643 2186 4715 itaque

588 4749 901 4821 agminibus
923 4748 1063 4815 suis,
1086 4744 1368 4802 simulavit
1387 4755 1514 4798 cum
1538 4739 1872 4796 adversariis
1893 4737 2033 4795 inire
2051 4752 2186 4794 con-

588 4842 954 4916 gressionem,
981 4840 1078 4896 sed
1105 4854 1234 4894 mox
1259 4845 1320 4892 ut
1339 4834 1494 4902 exiit,
1518 4831 1648 4889 fecit
1667 4831 1737 4888 ad
1755 4831 1878 4888 illos
1896 4846 2022 4889 cum
2050 4830 2190 4886 mul-

587 4936 662 4991 tis
688 4935 810 4991 aliis
837 4931 1253 5005 digressionem.
1285 4927 1430 4984 Heu!
1461 4927 1598 4982 heu!
1623 4925 1981 4982 meticulosus
2007 4923 2186 4993 miles,

588 5041 701 5081 non
755 5025 825 5080 ab
852 5031 1062 5089 austro,
1089 5021 1185 5077 sed
1211 5021 1280 5075 ab
1308 5018 1567 5090 aquilone
1617 5032 1962 5090 progressus,
2011 5030 2181 5088 quam

589 5115 867 5172 euerviter
887 5123 943 5169 et
966 5113 1277 5169 eﬁ'eminate
1307 5126 1408 5183 pro
1436 5109 1646 5167 caelesti
1690 5123 1818 5181 rege
1835 5117 1892 5164 et
1910 5123 2080 5181 regno
2099 5106 2185 5162 di-

590 5207 846 5264 micavit!
881 5203 987 5272 Qui
1014 5205 1246 5260 necdum
1295 5204 1381 5260 vel
1417 5203 1522 5259 levi
1555 5201 1756 5274 stipula
1795 5208 1997 5267 tactus,
2031 5215 2184 5256 mar-

592 5299 796 5371 tyrium
849 5297 1038 5353 subire
1079 5296 1428 5367 perhorruit;
1458 5304 1514 5352 et
1552 5294 1677 5351 ﬁdei
1702 5293 2034 5350 Christianae
2058 5307 2188 5364 pro-

546 5469 550 5471 »
594 5388 917 5456 fessionem,
961 5402 1150 5455 sanus,
1208 5402 1399 5459 eques,
1449 5395 1505 5443 et
1555 5393 1826 5454 armatus,
1877 5385 2183 5442 abdicavit!

582 5479 729 5537 'Jure
753 5480 1087 5552 igitur‘apud
1110 5479 1283 5537 Deum
1304 5479 1686 5536 evanescentis
1708 5479 1895 5550 gloria:
1914 5479 2188 5550 jacturam

595 5571 920 5645 promeruit,
949 5582 1003 5630 et
1023 5573 1078 5628 in
1103 5582 1304 5630 sortem
1336 5573 1482 5629 illius
1507 5573 1602 5643 qui
1628 5570 1812 5627 sedem
1843 5586 1998 5628 suam
2028 5571 2190 5643 elegit

2240 580 2568 636 Christiana:
2617 578 2742 633 ﬁdei
2771 576 2992 632 titulum
3021 583 3236 630 mutare
3283 573 3568 642 voluerunt,
3592 583 3732 639 mortis

2242 670 2631 728 exterminium
2661 667 3026 740 pertulerunt.

2867 755 3100 814 CAPUT
3139 753 3205 810 V.

2317 853 2488 928 Igitur
2522 869 2590 910 ex
2641 861 2752 908 tota
2788 851 2881 907 illa
2915 849 3269 906 multitudine
3295 847 3585 907 occiderunt
3622 851 3739 911 Turci

2244 963 2388 1022 quos
2412 948 2728 1012 voluerunt,
2761 953 2816 1001 et
2843 959 2985 1015 quos
3015 943 3176 998 libuit
3211 941 3313 1014 (uti
3340 941 3546 1014 placuit)
3569 947 3744 1016 captiva-

2248 1051 2464 1099 verunt.
2495 1040 2773 1109 Quosdam
2810 1038 2880 1094 ad
2914 1038 3134 1110 signum
3161 1035 3370 1107 positos
3391 1035 3686 1108 sagittabant,
3708 1054 3745 1099 et

2247 1135 2401 1192 omni
2437 1134 2697 1201 ludibrio,
2719 1139 2886 1204 prout
2917 1131 3001 1188 eis
3030 1128 3258 1201 placuit,
3296 1143 3476 1184 servos
3512 1127 3591 1185 Dei
3610 1141 3746 1188 contu

2251 1227 2430 1285 meliis
2458 1225 2784 1293 aﬁiciebant,
2812 1235 2868 1281 et
2911 1222 2990 1278 illi
3033 1222 3350 1277 maluerunt
3389 1221 3467 1276 sic
3504 1223 3749 1279 occumbere

2167 1354 2170 1356 η
2253 1321 2490 1391 gloriose
2519 1335 2685 1390 quam
2717 1326 2981 1388 negantes
3003 1315 3167 1371 ﬁdem
3199 1312 3318 1380 Dei,
3357 1327 3474 1369 cum
3493 1313 3566 1370 eis
3580 1313 3748 1372 infelici-

2253 1419 2340 1466 ter
2384 1410 2588 1465 vivere.
2623 1409 2770 1464 Deus
2815 1423 2968 1474 vero,
2994 1414 3057 1461 ut
3082 1403 3384 1471 credimus,
3415 1404 3594 1474 recepit
3630 1405 3752 1461 eosin

2257 1515 2411 1575 septa
2441 1501 2760 1574 sempiterni
2787 1499 3029 1572 paradisi
3059 1498 3166 1565 sui,
3199 1495 3457 1568 quoniam
3487 1496 3752 1553 noluerunt:

2257 1595 2362 1651 lide
2390 1611 2490 1651 sua
2517 1593 2876 1666 peregrinari.
2908 1589 3031 1646 Jam
3057 1589 3258 1660 quippe
3286 1587 3543 1643 diabolica
3560 1587 3671 1660 legio
3692 1589 3747 1643 vi-

2259 1688 2400 1745 ctrix
2428 1687 2690 1754 exsultat,
2721 1695 2777 1742 et
2798 1692 2988 1742 contra
3016 1682 3235 1738 Petrum
3262 1679 3565 1747 Eremitam,
3585 1681 3758 1751 quierat

2261 1782 2316 1837 in
2339 1782 2579 1854 quodam
2599 1779 2844 1845 castello,
2854 1776 3078 1834 nomine
3101 1774 3304 1841 Civito,
3326 1774 3555 1830 dimicat.
3577 1773 3678 1829 Erat
3694 1791 3759 1829 au-

2190 1847 2233 1903 B
2260 1847 2375 1931 teni
2409 1874 2542 1930 illud
2581 1880 2825 1930 castrum
2860 1884 3029 1940 supra
3078 1865 3320 1923 Nicaeam
3345 1865 3595 1920 civitatem
3616 1867 3759 1921 consti-

2263 1975 2463 2022 tutum.
2493 1962 2702 2019 Contra
2738 1959 2886 2032 quod
2915 1957 3086 2013 Turci
3113 1956 3246 2012 dum
3267 1970 3492 2011 cursum
3521 1970 3655 2010 suum
3673 1955 3762 2009 diri-

2263 2064 2473 2130 gerent,
2503 2053 2862 2111 obviaverunt
2907 2048 3176 2115 Waltero,
3220 2045 3324 2118 qui
3357 2053 3472 2101 erat
3505 2045 3763 2116 primicerius

2263 2159 2320 2207 et
2362 2147 2594 2222 signifer
2620 2145 2858 2219 agminis
2893 2143 3168 2200 Eremitae.
3206 2140 3319 2197 Sed
3348 2140 3472 2196 licet
3512 2139 3644 2195 miles
3663 2155 3765 2211 egre-

2265 2242 2387 2314 gius
2420 2239 2709 2296 claruisset
2733 2245 2817 2292 tot
2844 2235 3052 2292 militia:
3083 2233 3282 2301 titulis,
3311 2231 3400 2288 bis
3417 2239 3583 2287 tamen
3606 2232 3764 2287 omnino

2265 2334 2525 2390 resistere
2570 2346 2680 2386 non
2715 2327 2908 2395 valuit,
2941 2325 3039 2384 sed
3065 2335 3251 2381 tamen
3305 2322 3585 2394 pretiosam
3605 2331 3766 2376 mortem

2266 2442 2447 2494 suam,
2475 2425 2650 2480 multo
2680 2421 2990 2478 Turcorum
3034 2418 3308 2491 sanguine
3337 2415 3702 2472 commendavit.
3717 2413 3766 2466 Ir-

2265 2521 2380 2576 ruit
2410 2519 2559 2574 enim
2595 2518 2649 2573 in
2675 2516 2801 2572 illos
2822 2514 2974 2570 velut
3019 2527 3186 2568 ursus
3209 2510 3466 2567 esuriens
3489 2507 3542 2564 in
3566 2507 3770 2572 animalia,

2266 2620 2323 2668 et
2359 2627 2502 2682 quos
2533 2609 2590 2664 in
2631 2622 2929 2664 occursum
2959 2604 3191 2672 invenit,
3217 2599 3516 2675 prostravit
3537 2608 3586 2658 et
3597 2600 3687 2655 vita
3699 2600 3770 2670 pri-

2266 2704 2432 2759 vavit.
2462 2701 2726 2757 Similiter
2758 2708 2812 2755 et
2833 2697 2930 2770 qui
2959 2712 3087 2754 cum
3118 2710 3188 2752 eo
3217 2703 3384 2751 erant
3434 2692 3628 2761 armati,
3651 2692 3773 2747 adhuc

2268 2797 2379 2852 vivi
2403 2797 2517 2868 jam
2571 2808 2760 2851 necem
2787 2806 2956 2864 quam
3009 2798 3170 2847 erant
3200 2786 3424 2861 passuri
3447 2785 3635 2843 fortiter
3651 2784 3771 2839 vindi-

2270 2891 2494 2957 cabant,
2540 2896 2595 2944 et
2624 2885 2870 2959 quandiu
2898 2884 2981 2940 eis
3025 2898 3181 2939 arma
3223 2881 3537 2949 valuerunt,
3576 2877 3776 2935 hostcsdo

2267 2983 2499 3038 victoria
2527 2995 2812 3051 nunquam
2842 2972 3308 3047 tripudiaverunt.
3336 2972 3444 3030 Sed
3469 2972 3539 3028 ibi
3564 2968 3776 3028 multitudo

2271 3076 2580 3140 audaciam,
2606 3089 2716 3129 non
2743 3070 2973 3128 audacia
2992 3067 3409 3124 multitudinem
3435 3063 3691 3137 separavit,
3707 3061 3778 3118 nisi

2198 3196 2248 3262 ο
2275 3175 2420 3248 quod
2469 3171 2795 3229 animositas
2823 3165 3282 3223 numerositatem
3314 3162 3554 3234 sextuplo
3575 3156 3775 3215 iuuerit

2277 3268 2488 3324 Fractis
2517 3265 2737 3321 tandem
2764 3261 2936 3318 armis
2962 3269 3019 3316 et
3037 3272 3148 3315 non
3177 3257 3406 3325 animis,
3433 3252 3659 3312 laudabili
3677 3264 3781 3320 aior-

2274 3370 2329 3418 te
2359 3359 2459 3431 (5),
2485 3359 2568 3414 sic
2586 3357 2641 3411 in
2671 3355 2833 3422 bello,
2858 3353 3003 3410 sicut
3029 3364 3131 3423 pro
3180 3337 3319 3418 Deo,
3341 3348 3508 3405 vitam
3532 3343 3778 3402 terminare

2275 3461 2426 3520 runt,
2478 3465 2684 3521 eosque
2718 3448 2775 3502 in
2817 3454 3022 3504 sortem
3065 3443 3317 3500 cmiitum
3369 3438 3590 3511 angelici
3625 3435 3782 3508 spiritu

2277 3543 2699 3601 transtulerunt.
2740 3539 2897 3595 Tunc
2926 3538 3165 3610 primum
3197 3533 3394 3602 Turci,
3420 3531 3652 3591 revolutis
3671 3525 3782 3585 cadi-

2275 3638 2502 3695 :eribus
2531 3650 2782 3702 suorum,
2811 3638 3206 3704 cognoverunt,
3228 3628 3385 3701 quod
3405 3643 3529 3685 cum
3549 3623 3784 3697 quibuspu-

2279 3738 2606 3806 gnaverunt,
2626 3727 2851 3783 fuerunt
2876 3724 3097 3780 Franci.
3113 3722 3213 3780 His
3228 3722 3310 3780 ita
3339 3720 3560 3796 patratis
3576 3732 3679 3790 pars
3692 3713 3784 3770 Tur-

2279 3800 2475 3879 corum
2521 3818 2767 3876 cucurrit
2805 3815 2875 3872 ad
2922 3823 3106 3872 castra
3169 3813 3630 3876 Christianorum;
3669 3814 3710 3862 et
3735 3800 3784 3858 ibi

2279 3929 2455 3970 unum
2481 3911 2860 3984 presbyterum
2890 3907 3119 3963 missam
3136 3905 3506 3962 celebrantem
3525 3903 3782 3958 inveneram.

2281 4022 2446 4080 quem
2486 4014 2612 4061 ante
2641 4003 2812 4059 altare
2839 4002 3309 4059 detruncaverunt
3331 3998 3434 4071 (6).
3472 3995 3516 4053 0
3539 3993 3648 4051 felix
3671 3986 3784 4080 [elicit

2283 4078 2589 4174 presbyteri
2615 4095 2964 4168 martyrium,
2994 4092 3086 4150 cui
3115 4091 3355 4164 praebuit
3391 4091 3632 4147 ducatum
3662 4078 3786 4138 Domin

2283 4193 2397 4251 uici
2443 4191 2692 4263 corporis
2714 4188 3008 4244 viaticum!
3040 4185 3306 4242 Similiter
3355 4188 3612 4256 quotquot
3637 4177 3787 4232 invene-

2283 4291 2434 4350 runt,
2487 4290 2582 4338 aut
2635 4278 2958 4336 occiderunt
2997 4285 3094 4333 aut
3119 4276 3490 4332 abduxerunt.
3520 4271 3682 4329 Petrus
3703 4275 3787 4318 vero

2285 4374 2526 4432 Eremita
2573 4372 2802 4440 abierat,
2846 4378 2902 4427 et
2929 4367 3475 4440 Constantinopolim
3515 4363 3785 4422 remeaverit

2285 4467 2348 4526 In
2395 4468 2622 4526 castello
2667 4474 2850 4522 autem
2883 4464 3034 4535 quod
3082 4477 3252 4535 supra
3286 4457 3700 4518 memoravimus,
3732 4445 3788 4503 cui

2213 4559 2263 4622 D
2287 4558 2510 4618 namem
2561 4557 3134 4624 Civito,-remanserat
3167 4551 3605 4608 Christianorum
3623 4538 3789 4618 plurim

2265 4652 2612 4721 'multitudo;
2646 4659 2701 4706 et
2721 4649 2816 4720 qui
2841 4648 2908 4704 de
2936 4646 3134 4703 castris
3170 4644 3288 4702 sive
3314 4644 3385 4701 de
3416 4641 3594 4715 pralio
3607 4635 3791 4693 vivim-

2288 4753 2499 4813 serant,
2536 4749 2686 4800 retro
2711 4741 2781 4797 ad
2816 4741 2949 4796 illud
2981 4739 3270 4796 castellum
3299 4733 3791 4797 confluxerantmtlos

2245 4911 2247 4914 j
2268 4871 2270 4874 ν
2290 4837 2455 4895 Turci
2482 4838 2856 4908 insequentes,
2875 4844 3054 4890 strues
3084 4831 3386 4904 lignorum,
3409 4837 3470 4885 ut
3488 4831 3678 4884 nostros
3694 4830 3793 4874 ωω·

2288 4932 2570 4998 burerent,
2599 4930 3137 5000 circumposuerunt.
3187 4924 3294 4981 Sed
3329 4922 3430 4995 qui
3477 4915 3664 4979 obsessi
3691 4912 3795 4972 mill

2291 5021 2360 5084 de
2387 5025 2618 5080 tuitione
2656 5022 2785 5077 vitae
2823 5019 3066 5087 solliciti,
3098 5019 3280 5090 ignem
3334 5016 3394 5072 in
3421 5022 3593 5071 strues
3619 5003 3794 5064 immisc-

2236 5189 2238 5191 g
2287 5124 2439 5185 runt,
2461 5124 2517 5172 et
2536 5113 2635 5170 Dei
2663 5120 2800 5169 nutu
2829 5111 2995 5168 flante
3017 5123 3202 5177 vento,
3227 5108 3523 5180 plerosque
3537 5103 3601 5160 de
3617 5093 3794 5191 hostili“!

2291 5182 2736 5266 combusserunt.
2763 5202 2930 5259 Turci
2964 5202 3183 5276 tandem
3207 5200 3333 5258 illos
3369 5199 3426 5254 vi
3452 5182 3794 5265 comprehende

2293 5310 2444 5370 runt,
2473 5309 2529 5356 et
2549 5296 2853 5356 secundum
2881 5295 3182 5351 ludibrium
3207 5306 3376 5349 suum
3401 5288 3565 5346 variis
3587 5285 3794 5370 pantle

2294 5364 2589 5465 generibus
2612 5388 2859 5455 affectos,
2881 5387 3020 5442 alios
3040 5385 3386 5450 occiderunt,
3409 5381 3543 5438 alios
3565 5378 3617 5434 in
3639 5364 3797 5465 ανεξδ·

2295 5456 2464 5536 tatem
2498 5477 2881 5534 vendiderunt.
2912 5473 3020 5541 Qui
3051 5482 3232 5530 tamen
3266 5472 3458 5543 aliquo
3502 5479 3623 5524 casu
3645 5474 3717 5518 seu
3737 5456 3794 5543 inf

2296 5570 2455 5645 genio
2499 5575 2812 5635 evaserunt,
2848 5566 2917 5622 ad
2961 5564 3252 5621 Bracbium
3303 5541 3379 5618 8.-
3396 5557 3605 5630 Georgii
3637 5541 3796 5614 .revmi

1666 5685 1973 5742 NOTULE
2013 5683 2463 5744 MARGINALES
2500 5685 2615 5741 MS.
2654 5683 2812 5740 COD.

601 5805 684 5877 (4)
719 5802 829 5877 Nec
847 5803 1037 5877 leviter
1065 5813 1262 5877 tactus,
1299 5802 1599 5877 Rainaldus
1629 5806 1875 5869 apostata
1903 5795 2110 5869 factus,

803 5875 1120 5947 Abjurando
1149 5875 1340 5944 Deum,
1367 5890 1424 5928 se
1460 5873 1652 5943 probat
1681 5885 1802 5926 esse
1826 5884 2002 5927 reum.

2019 5976 2039 5985 -
2068 5978 2212 6025 θάψον

2417 5797 2541 5852 Haec
2561 5811 2713 5852 mors
2732 5793 2971 5849 'Walteri
2995 5792 3153 5848 debet
3178 5791 3419 5862 pretiosa
3443 5784 3618 5862 videri.

2295 5799 2375 5942 $5)
2417 5799 2541 5852 Haec
2561 5811 2713 5852 mors
2732 5799 2971 5849 'Walteri
2995 5799 3153 5848 debet
3178 5799 3419 5862 pretiosa
3443 5799 3618 5842 Viden.
3645 5850 3656 5862 ο

2318 5869 2372 5940 6)
2412 5869 2503 5924 Sic
2527 5876 2581 5924 et
2601 5867 2901 5940 presbyteri
2932 5880 3081 5922 mors
3110 5864 3274 5935 hujus
3297 5862 3464 5920 debet
3491 5857 3672 5916 haben.
