  <div class='ocr_page' id='page_1' title='image "/cluster/home/n/w/nwhite01/storage/ocr_20150623/155/hvd.32044015473838/344.png"; bbox 0 0 3846 6306; ppageno 0'>
   <div class='ocr_carea' id='block_1_1' title="bbox 145 343 210 401">
    <p class='ocr_par' dir='ltr' id='par_1_1' title="bbox 145 343 210 401">
     <span class='ocr_line' id='line_1_1' title="bbox 145 343 210 401; baseline 0.077 -5"><span class='ocrx_word' id='word_1_1' title='bbox 145 343 210 401; x_wconf 75' lang='grc' dir='ltr'><strong>επ</strong></span> 
     </span>
    </p>
   </div>
   <div class='ocr_carea' id='block_1_2' title="bbox 909 359 2549 422">
    <p class='ocr_par' dir='ltr' id='par_1_2' title="bbox 909 359 2549 422">
     <span class='ocr_line' id='line_1_2' title="bbox 909 359 2549 422; baseline 0.003 -6"><span class='ocrx_word' id='word_1_2' title='bbox 909 359 1204 420; x_wconf 68' lang='lat' dir='ltr'><strong>ROBER‘I&#39;I</strong></span> <span class='ocrx_word' id='word_1_3' title='bbox 1235 359 1544 418; x_wconf 77' lang='lat' dir='ltr'><strong>MONACHI</strong></span> <span class='ocrx_word' id='word_1_4' title='bbox 1584 359 1763 418; x_wconf 79' lang='lat' dir='ltr'><strong>IIIS&#39;I‘.</strong></span> <span class='ocrx_word' id='word_1_5' title='bbox 1803 359 2168 418; x_wconf 84' lang='lat' dir='ltr'><strong>IIIEROSOL.</strong></span> <span class='ocrx_word' id='word_1_6' title='bbox 2217 395 2277 405; x_wconf 70' lang='grc' dir='ltr'><strong>ι-</strong></span> <span class='ocrx_word' id='word_1_7' title='bbox 2316 363 2444 421; x_wconf 79' lang='lat' dir='ltr'><strong>LIB.</strong></span> <span class='ocrx_word' id='word_1_8' title='bbox 2483 364 2549 422; x_wconf 89' lang='lat' dir='ltr'><strong>II.</strong></span> 
     </span>
    </p>
   </div>
   <div class='ocr_carea' id='block_1_3' title="bbox 3282 377 3393 438">
    <p class='ocr_par' dir='ltr' id='par_1_3' title="bbox 3282 377 3393 438">
     <span class='ocr_line' id='line_1_3' title="bbox 3282 377 3393 438; baseline 0.027 -3"><span class='ocrx_word' id='word_1_9' title='bbox 3282 377 3393 438; x_wconf 74' lang='lat'><strong>678</strong></span> 
     </span>
    </p>
   </div>
   <div class='ocr_carea' id='block_1_4' title="bbox 145 460 3391 549">
    <p class='ocr_par' dir='ltr' id='par_1_4' title="bbox 145 460 3391 549">
     <span class='ocr_line' id='line_1_4' title="bbox 145 460 3391 549; baseline 0.004 -18"><span class='ocrx_word' id='word_1_10' title='bbox 145 460 583 531; x_wconf 52' lang='lat' dir='ltr'><strong>&quot;nbaiubente</strong></span> <span class='ocrx_word' id='word_1_11' title='bbox 609 470 963 542; x_wconf 88' lang='lat' dir='ltr'><strong>nequissimo</strong></span> <span class='ocrx_word' id='word_1_12' title='bbox 1015 473 1342 544; x_wconf 69' lang='lat' dir='ltr'><strong>imperatore</strong></span> <span class='ocrx_word' id='word_1_13' title='bbox 1377 473 1696 530; x_wconf 82' lang='lat' dir='ltr'><strong>Constanti-</strong></span> <span class='ocrx_word' id='word_1_14' title='bbox 1725 479 1773 538; x_wconf 84' lang='grc' dir='ltr'>Α</span> <span class='ocrx_word' id='word_1_15' title='bbox 1802 475 2158 544; x_wconf 77' lang='lat' dir='ltr'><strong>comparavit.</strong></span> <span class='ocrx_word' id='word_1_16' title='bbox 2193 473 2290 532; x_wconf 85' lang='lat' dir='ltr'><strong>His</strong></span> <span class='ocrx_word' id='word_1_17' title='bbox 2325 477 2398 532; x_wconf 89' lang='lat' dir='ltr'><strong>ita</strong></span> <span class='ocrx_word' id='word_1_18' title='bbox 2447 478 2637 549; x_wconf 76' lang='lat' dir='ltr'><strong>gestis,</strong></span> <span class='ocrx_word' id='word_1_19' title='bbox 2674 478 2807 538; x_wconf 85' lang='lat' dir='ltr'><strong>huic</strong></span> <span class='ocrx_word' id='word_1_20' title='bbox 2850 483 3148 541; x_wconf 74' lang='lat' dir='ltr'><strong>narrationi</strong></span> <span class='ocrx_word' id='word_1_21' title='bbox 3197 490 3391 544; x_wconf 79' lang='lat' dir='ltr'><strong>termi-</strong></span> 
     </span>
    </p>
   </div>
   <div class='ocr_carea' id='block_1_5' title="bbox 141 553 3416 651">
    <p class='ocr_par' dir='ltr' id='par_1_5' title="bbox 141 553 3416 651">
     <span class='ocr_line' id='line_1_5' title="bbox 141 553 3416 651; baseline 0.007 -37"><span class='ocrx_word' id='word_1_22' title='bbox 141 553 319 651; x_wconf 60' lang='lat' dir='ltr'><strong>ttoptllim</strong></span> <span class='ocrx_word' id='word_1_23' title='bbox 352 561 623 630; x_wconf 76' lang='lat' dir='ltr'><strong>regressi</strong></span> <span class='ocrx_word' id='word_1_24' title='bbox 675 575 836 634; x_wconf 86' lang='lat' dir='ltr'><strong>sunt.</strong></span> <span class='ocrx_word' id='word_1_25' title='bbox 865 563 1160 636; x_wconf 91' lang='lat' dir='ltr'><strong>Imperator</strong></span> <span class='ocrx_word' id='word_1_26' title='bbox 1183 565 1404 636; x_wconf 83' lang='lat' dir='ltr'><strong>quidem</strong></span> <span class='ocrx_word' id='word_1_27' title='bbox 1431 581 1556 621; x_wconf 89' lang='lat' dir='ltr'><strong>cum</strong></span> <span class='ocrx_word' id='word_1_28' title='bbox 1581 562 1696 620; x_wconf 91' lang='lat' dir='ltr'><strong>suis</strong></span> <span class='ocrx_word' id='word_1_29' title='bbox 1802 581 1936 620; x_wconf 89' lang='lat' dir='ltr'><strong>num</strong></span> <span class='ocrx_word' id='word_1_30' title='bbox 1978 581 2269 635; x_wconf 87' lang='lat' dir='ltr'><strong>ponamus,</strong></span> <span class='ocrx_word' id='word_1_31' title='bbox 2299 577 2354 622; x_wconf 91' lang='lat' dir='ltr'><strong>et</strong></span> <span class='ocrx_word' id='word_1_32' title='bbox 2395 569 2593 641; x_wconf 84' lang='lat' dir='ltr'><strong>stylum</strong></span> <span class='ocrx_word' id='word_1_33' title='bbox 2625 581 2772 628; x_wconf 89' lang='lat' dir='ltr'><strong>retro</strong></span> <span class='ocrx_word' id='word_1_34' title='bbox 2821 585 3225 646; x_wconf 84' lang='lat' dir='ltr'><strong>convertentes,</strong></span> <span class='ocrx_word' id='word_1_35' title='bbox 3257 585 3416 651; x_wconf 80' lang='lat' dir='ltr'><strong>quo-&#39;</strong></span> 
     </span>
    </p>
   </div>
   <div class='ocr_carea' id='block_1_6' title="bbox 136 644 3412 744">
    <p class='ocr_par' dir='ltr' id='par_1_6' title="bbox 136 644 3412 744">
     <span class='ocr_line' id='line_1_6' title="bbox 136 644 3412 744; baseline 0.009 -44"><span class='ocrx_word' id='word_1_36' title='bbox 136 644 286 702; x_wconf 61' lang='grc' dir='ltr'><strong>ϐιαία</strong></span> <span class='ocrx_word' id='word_1_37' title='bbox 325 647 399 704; x_wconf 86' lang='lat' dir='ltr'><strong>de</strong></span> <span class='ocrx_word' id='word_1_38' title='bbox 441 651 711 711; x_wconf 78' lang='lat' dir='ltr'><strong>victoria</strong></span> <span class='ocrx_word' id='word_1_39' title='bbox 763 656 1066 714; x_wconf 87' lang='lat' dir='ltr'><strong>Turcorum</strong></span> <span class='ocrx_word' id='word_1_40' title='bbox 1095 657 1410 724; x_wconf 85' lang='lat' dir='ltr'><strong>exsultavit,</strong></span> <span class='ocrx_word' id='word_1_41' title='bbox 1438 665 1492 712; x_wconf 91' lang='lat' dir='ltr'><strong>et</strong></span> <span class='ocrx_word' id='word_1_42' title='bbox 1514 655 1699 712; x_wconf 90' lang='lat' dir='ltr'><strong>omnia</strong></span> <span class='ocrx_word' id='word_1_43' title='bbox 1805 657 1970 712; x_wconf 92' lang='lat' dir='ltr'><strong>modo</strong></span> <span class='ocrx_word' id='word_1_44' title='bbox 2015 657 2148 714; x_wconf 90' lang='lat' dir='ltr'><strong>illuc</strong></span> <span class='ocrx_word' id='word_1_45' title='bbox 2200 661 2520 717; x_wconf 86' lang='lat' dir='ltr'><strong>convenerit</strong></span> <span class='ocrx_word' id='word_1_46' title='bbox 2565 673 2753 720; x_wconf 88' lang='lat' dir='ltr'><strong>nostra</strong></span> <span class='ocrx_word' id='word_1_47' title='bbox 2776 682 2908 737; x_wconf 81' lang='lat' dir='ltr'><strong>gens</strong></span> <span class='ocrx_word' id='word_1_48' title='bbox 2937 644 3302 744; x_wconf 56' lang='lat' dir='ltr'><strong>Francorum,</strong></span> <span class='ocrx_word' id='word_1_49' title='bbox 3332 677 3412 731; x_wconf 72' lang='lat' dir='ltr'><strong>et&#39;</strong></span> 
     </span>
    </p>
   </div>
   <div class='ocr_carea' id='block_1_7' title="bbox 126 746 2927 826">
    <p class='ocr_par' dir='ltr' id='par_1_7' title="bbox 126 746 2927 826">
     <span class='ocr_line' id='line_1_7' title="bbox 126 746 2927 826; baseline 0.009 -34"><span class='ocrx_word' id='word_1_50' title='bbox 126 749 242 792; x_wconf 75' lang='lat' dir='ltr'><strong>arma</strong></span> <span class='ocrx_word' id='word_1_51' title='bbox 274 747 634 814; x_wconf 87' lang='lat' dir='ltr'><strong>nostrorum,</strong></span> <span class='ocrx_word' id='word_1_52' title='bbox 672 754 741 804; x_wconf 88' lang='lat' dir='ltr'><strong>ut</strong></span> <span class='ocrx_word' id='word_1_53' title='bbox 765 762 862 805; x_wconf 90' lang='lat' dir='ltr'><strong>eos</strong></span> <span class='ocrx_word' id='word_1_54' title='bbox 902 747 1136 805; x_wconf 85' lang='lat' dir='ltr'><strong>inermes</strong></span> <span class='ocrx_word' id='word_1_55' title='bbox 1185 747 1458 815; x_wconf 86' lang='lat' dir='ltr'><strong>redderet,</strong></span> <span class='ocrx_word' id='word_1_56' title='bbox 1506 746 1700 803; x_wconf 88' lang='lat' dir='ltr'><strong>callide</strong></span> <span class='ocrx_word' id='word_1_57' title='bbox 1803 761 1932 802; x_wconf 91' lang='lat' dir='ltr'><strong>cum</strong></span> <span class='ocrx_word' id='word_1_58' title='bbox 1953 749 2156 820; x_wconf 84' lang='lat' dir='ltr'><strong>quibus</strong></span> <span class='ocrx_word' id='word_1_59' title='bbox 2175 752 2536 826; x_wconf 83' lang='lat' dir='ltr'><strong>principibus,</strong></span> <span class='ocrx_word' id='word_1_60' title='bbox 2569 755 2927 818; x_wconf 85' lang='lat' dir='ltr'><strong>disseramus.</strong></span> 
     </span>
    </p>
   </div>
   <div class='ocr_carea' id='block_1_8' title="bbox 1302 885 3394 972">
    <p class='ocr_par' dir='ltr' id='par_1_8' title="bbox 1302 885 3394 972">
     <span class='ocr_line' id='line_1_8' title="bbox 1302 885 3394 972; baseline 0 -28"><span class='ocrx_word' id='word_1_61' title='bbox 1302 886 1623 944; x_wconf 81' lang='lat' dir='ltr'><strong>EXPLICIT</strong></span> <span class='ocrx_word' id='word_1_62' title='bbox 1660 885 1867 942; x_wconf 83' lang='lat' dir='ltr'><strong>LIBER</strong></span> <span class='ocrx_word' id='word_1_63' title='bbox 1904 887 2188 947; x_wconf 84' lang='lat' dir='ltr'><strong>PRIMUS.</strong></span> <span class='ocrx_word' id='word_1_64' title='bbox 2611 907 2616 911; x_wconf 83' lang='lat'><strong><em>&#39;</em></strong></span> <span class='ocrx_word' id='word_1_65' title='bbox 3233 940 3237 945; x_wconf 95' lang='lat'><strong>.</strong></span> <span class='ocrx_word' id='word_1_66' title='bbox 3363 895 3394 972; x_wconf 79' lang='lat'><strong>&#39;_</strong></span> 
     </span>
    </p>
   </div>
   <div class='ocr_carea' id='block_1_9' title="bbox 917 1109 2528 1206">
    <p class='ocr_par' dir='ltr' id='par_1_9' title="bbox 917 1109 2528 1206">
     <span class='ocr_line' id='line_1_9' title="bbox 917 1109 2528 1206; baseline 0.002 -4"><span class='ocrx_word' id='word_1_67' title='bbox 917 1111 1377 1206; x_wconf 85' lang='lat' dir='ltr'><strong>INCIPIT</strong></span> <span class='ocrx_word' id='word_1_68' title='bbox 1445 1111 1806 1200; x_wconf 84' lang='lat' dir='ltr'><strong>LIBER</strong></span> <span class='ocrx_word' id='word_1_69' title='bbox 1875 1109 2528 1206; x_wconf 85' lang='lat' dir='ltr'><strong>SECUNDUS.</strong></span> 
     </span>
    </p>
   </div>
   <div class='ocr_carea' id='block_1_10' title="bbox 585 1316 1162 1377">
    <p class='ocr_par' dir='ltr' id='par_1_10' title="bbox 585 1316 1162 1377">
     <span class='ocr_line' id='line_1_10' title="bbox 585 1316 1162 1377; baseline -0.005 0"><span class='ocrx_word' id='word_1_70' title='bbox 585 1318 831 1377; x_wconf 79' lang='lat' dir='ltr'><strong>CAPUT</strong></span> <span class='ocrx_word' id='word_1_71' title='bbox 870 1316 1162 1374; x_wconf 79' lang='lat' dir='ltr'><strong>PRIMUM.</strong></span> 
     </span>
    </p>
   </div>
   <div class='ocr_carea' id='block_1_11' title="bbox 176 1407 1681 1485">
    <p class='ocr_par' dir='ltr' id='par_1_11' title="bbox 176 1407 1681 1485">
     <span class='ocr_line' id='line_1_11' title="bbox 176 1407 1681 1485; baseline -0.001 -21"><span class='ocrx_word' id='word_1_72' title='bbox 176 1410 248 1482; x_wconf 78' lang='grc' dir='ltr'><strong>(Ἰ)</strong></span> <span class='ocrx_word' id='word_1_73' title='bbox 266 1409 468 1467; x_wconf 80' lang='lat' dir='ltr'><strong>Interea</strong></span> <span class='ocrx_word' id='word_1_74' title='bbox 499 1411 639 1467; x_wconf 90' lang='lat' dir='ltr'><strong>dum</strong></span> <span class='ocrx_word' id='word_1_75' title='bbox 667 1413 791 1468; x_wconf 70' lang='lat' dir='ltr'><strong>haec</strong></span> <span class='ocrx_word' id='word_1_76' title='bbox 818 1422 1073 1485; x_wconf 77' lang='lat' dir='ltr'><strong>aguntur,</strong></span> <span class='ocrx_word' id='word_1_77' title='bbox 1090 1411 1156 1466; x_wconf 90' lang='lat' dir='ltr'><strong>de</strong></span> <span class='ocrx_word' id='word_1_78' title='bbox 1173 1407 1398 1464; x_wconf 87' lang='lat' dir='ltr'><strong>remotis</strong></span> <span class='ocrx_word' id='word_1_79' title='bbox 1421 1407 1681 1464; x_wconf 88' lang='lat' dir='ltr'><strong>occiden-</strong></span> 
     </span>
    </p>
   </div>
   <div class='ocr_carea' id='block_1_12' title="bbox 125 1499 1683 1576">
    <p class='ocr_par' dir='ltr' id='par_1_12' title="bbox 125 1499 1683 1576">
     <span class='ocr_line' id='line_1_12' title="bbox 125 1499 1683 1576; baseline -0.003 -18"><span class='ocrx_word' id='word_1_80' title='bbox 125 1506 292 1559; x_wconf 78' lang='lat' dir='ltr'><strong>talium</strong></span> <span class='ocrx_word' id='word_1_81' title='bbox 312 1504 575 1575; x_wconf 85' lang='lat' dir='ltr'><strong>partibus,</strong></span> <span class='ocrx_word' id='word_1_82' title='bbox 594 1521 626 1561; x_wconf 89' lang='lat' dir='ltr'><strong>a</strong></span> <span class='ocrx_word' id='word_1_83' title='bbox 658 1514 818 1576; x_wconf 86' lang='lat' dir='ltr'><strong>parte</strong></span> <span class='ocrx_word' id='word_1_84' title='bbox 831 1503 1104 1576; x_wconf 87' lang='lat' dir='ltr'><strong>aquilonis</strong></span> <span class='ocrx_word' id='word_1_85' title='bbox 1136 1502 1391 1558; x_wconf 85' lang='lat' dir='ltr'><strong>excitavit</strong></span> <span class='ocrx_word' id='word_1_86' title='bbox 1417 1499 1683 1555; x_wconf 87' lang='lat' dir='ltr'><strong>Dominus</strong></span> 
     </span>
    </p>
   </div>
   <div class='ocr_carea' id='block_1_13' title="bbox 117 1588 1684 1666">
    <p class='ocr_par' dir='ltr' id='par_1_13' title="bbox 117 1588 1684 1666">
     <span class='ocr_line' id='line_1_13' title="bbox 117 1588 1684 1666; baseline -0.007 -15"><span class='ocrx_word' id='word_1_87' title='bbox 117 1596 329 1651; x_wconf 74' lang='lat' dir='ltr'><strong>mmites</strong></span> <span class='ocrx_word' id='word_1_88' title='bbox 349 1596 509 1662; x_wconf 89' lang='lat' dir='ltr'><strong>duos,</strong></span> <span class='ocrx_word' id='word_1_89' title='bbox 531 1596 742 1666; x_wconf 81' lang='lat' dir='ltr'><strong>quibus</strong></span> <span class='ocrx_word' id='word_1_90' title='bbox 769 1611 941 1651; x_wconf 91' lang='lat' dir='ltr'><strong>unum</strong></span> <span class='ocrx_word' id='word_1_91' title='bbox 970 1609 1190 1659; x_wconf 88' lang='lat' dir='ltr'><strong>nomen,</strong></span> <span class='ocrx_word' id='word_1_92' title='bbox 1220 1607 1329 1648; x_wconf 89' lang='lat' dir='ltr'><strong>una</strong></span> <span class='ocrx_word' id='word_1_93' title='bbox 1350 1588 1684 1660; x_wconf 80' lang='lat' dir='ltr'><strong>consangui-</strong></span> 
     </span>
    </p>
   </div>
   <div class='ocr_carea' id='block_1_14' title="bbox 114 1670 1680 1757">
    <p class='ocr_par' dir='ltr' id='par_1_14' title="bbox 114 1670 1680 1757">
     <span class='ocr_line' id='line_1_14' title="bbox 114 1670 1680 1757; baseline -0.004 -16"><span class='ocrx_word' id='word_1_94' title='bbox 114 1687 265 1750; x_wconf 79' lang='lat' dir='ltr'><strong>nitas,</strong></span> <span class='ocrx_word' id='word_1_95' title='bbox 292 1701 445 1757; x_wconf 73' lang='lat' dir='ltr'><strong>aequa</strong></span> <span class='ocrx_word' id='word_1_96' title='bbox 496 1696 769 1757; x_wconf 84' lang='lat' dir='ltr'><strong>potestas,</strong></span> <span class='ocrx_word' id='word_1_97' title='bbox 833 1686 974 1741; x_wconf 86' lang='lat' dir='ltr'><strong>idem</strong></span> <span class='ocrx_word' id='word_1_98' title='bbox 1017 1694 1071 1740; x_wconf 91' lang='lat' dir='ltr'><strong>et</strong></span> <span class='ocrx_word' id='word_1_99' title='bbox 1131 1683 1301 1738; x_wconf 87' lang='lat' dir='ltr'><strong>armis</strong></span> <span class='ocrx_word' id='word_1_100' title='bbox 1324 1685 1406 1737; x_wconf 83' lang='lat' dir='ltr'><strong>&#39;et</strong></span> <span class='ocrx_word' id='word_1_101' title='bbox 1460 1670 1680 1745; x_wconf 82' lang='lat' dir='ltr'><strong>animis,</strong></span> 
     </span>
    </p>
   </div>
   <div class='ocr_carea' id='block_1_15' title="bbox 106 1769 1685 1848">
    <p class='ocr_par' dir='ltr' id='par_1_15' title="bbox 106 1769 1685 1848">
     <span class='ocr_line' id='line_1_15' title="bbox 106 1769 1685 1848; baseline -0.002 -16"><span class='ocrx_word' id='word_1_102' title='bbox 106 1781 258 1833; x_wconf 80' lang='lat' dir='ltr'><strong>etiam</strong></span> <span class='ocrx_word' id='word_1_103' title='bbox 284 1778 455 1848; x_wconf 78' lang='lat' dir='ltr'><strong>gloria</strong></span> <span class='ocrx_word' id='word_1_104' title='bbox 478 1779 809 1834; x_wconf 83' lang='lat' dir='ltr'><strong>consulatus</strong></span> <span class='ocrx_word' id='word_1_105' title='bbox 827 1790 1130 1848; x_wconf 88' lang='lat' dir='ltr'><strong>compares,</strong></span> <span class='ocrx_word' id='word_1_106' title='bbox 1145 1773 1556 1830; x_wconf 88' lang='lat' dir='ltr'><strong>Northmannus</strong></span> <span class='ocrx_word' id='word_1_107' title='bbox 1575 1769 1685 1829; x_wconf 64' lang='lat' dir='ltr'><strong>sci~~</strong></span> 
     </span>
    </p>
   </div>
   <div class='ocr_carea' id='block_1_16' title="bbox 101 1856 1679 1938">
    <p class='ocr_par' dir='ltr' id='par_1_16' title="bbox 101 1856 1679 1938">
     <span class='ocr_line' id='line_1_16' title="bbox 101 1856 1679 1938; baseline -0.008 -11"><span class='ocrx_word' id='word_1_108' title='bbox 101 1871 215 1927; x_wconf 79' lang='lat' dir='ltr'><strong>licet</strong></span> <span class='ocrx_word' id='word_1_109' title='bbox 243 1880 299 1926; x_wconf 88' lang='lat' dir='ltr'><strong>et</strong></span> <span class='ocrx_word' id='word_1_110' title='bbox 344 1870 706 1929; x_wconf 86' lang='lat' dir='ltr'><strong>Flandrensis</strong></span> <span class='ocrx_word' id='word_1_111' title='bbox 751 1885 960 1936; x_wconf 87' lang='lat' dir='ltr'><strong>comes,</strong></span> <span class='ocrx_word' id='word_1_112' title='bbox 983 1883 1111 1924; x_wconf 91' lang='lat' dir='ltr'><strong>cum</strong></span> <span class='ocrx_word' id='word_1_113' title='bbox 1155 1866 1356 1938; x_wconf 89' lang='lat' dir='ltr'><strong>quibus</strong></span> <span class='ocrx_word' id='word_1_114' title='bbox 1383 1863 1538 1935; x_wconf 80' lang='lat' dir='ltr'><strong>Hugo</strong></span> <span class='ocrx_word' id='word_1_115' title='bbox 1561 1856 1679 1916; x_wconf 84' lang='lat' dir='ltr'><strong>Ma-</strong></span> 
     </span>
    </p>
   </div>
   <div class='ocr_carea' id='block_1_17' title="bbox 1788 1309 3382 1400">
    <p class='ocr_par' dir='ltr' id='par_1_17' title="bbox 1788 1309 3382 1400">
     <span class='ocr_line' id='line_1_17' title="bbox 1788 1309 3382 1400; baseline 0.014 -35"><span class='ocrx_word' id='word_1_116' title='bbox 1788 1327 1967 1383; x_wconf 91' lang='lat' dir='ltr'><strong>usque</strong></span> <span class='ocrx_word' id='word_1_117' title='bbox 2001 1325 2385 1382; x_wconf 82' lang='lat' dir='ltr'><strong>pervenerunt.</strong></span> <span class='ocrx_word' id='word_1_118' title='bbox 2432 1314 2526 1384; x_wconf 84' lang='lat' dir='ltr'><strong>Et,</strong></span> <span class='ocrx_word' id='word_1_119' title='bbox 2575 1333 2608 1373; x_wconf 95' lang='lat' dir='ltr'><strong>o</strong></span> <span class='ocrx_word' id='word_1_120' title='bbox 2639 1309 2879 1391; x_wconf 76' lang='lat' dir='ltr'><strong>glorioSa</strong></span> <span class='ocrx_word' id='word_1_121' title='bbox 2918 1320 3125 1382; x_wconf 87' lang='lat' dir='ltr'><strong>Christi</strong></span> <span class='ocrx_word' id='word_1_122' title='bbox 3155 1320 3382 1400; x_wconf 81' lang='lat' dir='ltr'><strong>militis,</strong></span> 
     </span>
    </p>
   </div>
   <div class='ocr_carea' id='block_1_18' title="bbox 1786 1413 3384 1488">
    <p class='ocr_par' dir='ltr' id='par_1_18' title="bbox 1786 1413 3384 1488">
     <span class='ocr_line' id='line_1_18' title="bbox 1786 1413 3384 1488; baseline 0.011 -27"><span class='ocrx_word' id='word_1_123' title='bbox 1786 1422 1955 1478; x_wconf 90' lang='lat' dir='ltr'><strong>quam</strong></span> <span class='ocrx_word' id='word_1_124' title='bbox 1986 1421 2098 1461; x_wconf 87' lang='lat' dir='ltr'><strong>non</strong></span> <span class='ocrx_word' id='word_1_125' title='bbox 2138 1416 2433 1477; x_wconf 89' lang='lat' dir='ltr'><strong>potuerunt</strong></span> <span class='ocrx_word' id='word_1_126' title='bbox 2478 1413 2758 1469; x_wconf 84' lang='lat' dir='ltr'><strong>continere</strong></span> <span class='ocrx_word' id='word_1_127' title='bbox 2801 1423 2914 1471; x_wconf 91' lang='lat' dir='ltr'><strong>tam</strong></span> <span class='ocrx_word' id='word_1_128' title='bbox 2941 1419 3198 1488; x_wconf 62' lang='lat' dir='ltr'><strong>spatiosae</strong></span> <span class='ocrx_word' id='word_1_129' title='bbox 3227 1422 3384 1479; x_wconf 87' lang='lat' dir='ltr'><strong>urbis</strong></span> 
     </span>
    </p>
   </div>
   <div class='ocr_carea' id='block_1_19' title="bbox 1787 1495 3384 1571">
    <p class='ocr_par' dir='ltr' id='par_1_19' title="bbox 1787 1495 3384 1571">
     <span class='ocr_line' id='line_1_19' title="bbox 1787 1495 3384 1571; baseline 0.011 -21"><span class='ocrx_word' id='word_1_130' title='bbox 1787 1496 1931 1550; x_wconf 91' lang='lat' dir='ltr'><strong>intra</strong></span> <span class='ocrx_word' id='word_1_131' title='bbox 1968 1495 2242 1554; x_wconf 87' lang='lat' dir='ltr'><strong>incolatus</strong></span> <span class='ocrx_word' id='word_1_132' title='bbox 2283 1498 2371 1554; x_wconf 88' lang='lat' dir='ltr'><strong>sui</strong></span> <span class='ocrx_word' id='word_1_133' title='bbox 2415 1501 2590 1571; x_wconf 88' lang='lat' dir='ltr'><strong>spatia</strong></span> <span class='ocrx_word' id='word_1_134' title='bbox 2619 1502 2702 1558; x_wconf 87' lang='lat' dir='ltr'><strong>vel</strong></span> <span class='ocrx_word' id='word_1_135' title='bbox 2745 1504 3058 1564; x_wconf 85' lang='lat' dir='ltr'><strong>domicilia!</strong></span> <span class='ocrx_word' id='word_1_136' title='bbox 3091 1519 3146 1566; x_wconf 91' lang='lat' dir='ltr'><strong>et</strong></span> <span class='ocrx_word' id='word_1_137' title='bbox 3173 1511 3244 1567; x_wconf 88' lang='lat' dir='ltr'><strong>ob</strong></span> <span class='ocrx_word' id='word_1_138' title='bbox 3276 1511 3384 1568; x_wconf 93' lang='lat' dir='ltr'><strong>hoc</strong></span> 
     </span>
    </p>
   </div>
   <div class='ocr_carea' id='block_1_20' title="bbox 1787 1587 3381 1667">
    <p class='ocr_par' dir='ltr' id='par_1_20' title="bbox 1787 1587 3381 1667">
     <span class='ocr_line' id='line_1_20' title="bbox 1787 1587 3381 1667; baseline 0.011 -26"><span class='ocrx_word' id='word_1_139' title='bbox 1787 1587 1946 1642; x_wconf 91' lang='lat' dir='ltr'><strong>multi</strong></span> <span class='ocrx_word' id='word_1_140' title='bbox 1994 1597 2148 1644; x_wconf 85' lang='lat' dir='ltr'><strong>extra</strong></span> <span class='ocrx_word' id='word_1_141' title='bbox 2199 1591 2391 1646; x_wconf 84' lang='lat' dir='ltr'><strong>urbem</strong></span> <span class='ocrx_word' id='word_1_142' title='bbox 2438 1608 2505 1648; x_wconf 88' lang='lat' dir='ltr'><strong>ex</strong></span> <span class='ocrx_word' id='word_1_143' title='bbox 2551 1594 2894 1667; x_wconf 89' lang='lat' dir='ltr'><strong>principibus</strong></span> <span class='ocrx_word' id='word_1_144' title='bbox 2923 1615 3023 1656; x_wconf 90' lang='lat' dir='ltr'><strong>sua</strong></span> <span class='ocrx_word' id='word_1_145' title='bbox 3058 1601 3225 1658; x_wconf 83' lang='lat' dir='ltr'><strong>ﬁxere</strong></span> <span class='ocrx_word' id='word_1_146' title='bbox 3255 1613 3381 1658; x_wconf 87' lang='lat' dir='ltr'><strong>ten-</strong></span> 
     </span>
    </p>
   </div>
   <div class='ocr_carea' id='block_1_21' title="bbox 1786 1679 3381 1759">
    <p class='ocr_par' dir='ltr' id='par_1_21' title="bbox 1786 1679 3381 1759">
     <span class='ocr_line' id='line_1_21' title="bbox 1786 1679 3381 1759; baseline 0.009 -22"><span class='ocrx_word' id='word_1_147' title='bbox 1786 1679 1949 1737; x_wconf 84' lang='lat' dir='ltr'><strong>toria.</strong></span> <span class='ocrx_word' id='word_1_148' title='bbox 1974 1679 2052 1736; x_wconf 92' lang='lat' dir='ltr'><strong>lbi</strong></span> <span class='ocrx_word' id='word_1_149' title='bbox 2095 1681 2305 1753; x_wconf 87' lang='lat' dir='ltr'><strong>aliquot</strong></span> <span class='ocrx_word' id='word_1_150' title='bbox 2325 1684 2518 1741; x_wconf 92' lang='lat' dir='ltr'><strong>diebus</strong></span> <span class='ocrx_word' id='word_1_151' title='bbox 2545 1689 2953 1746; x_wconf 78' lang='lat' dir='ltr'><strong>commor‘antes</strong></span> <span class='ocrx_word' id='word_1_152' title='bbox 2977 1732 2992 1759; x_wconf 90' lang='lat'><strong>,</strong></span> <span class='ocrx_word' id='word_1_153' title='bbox 3018 1691 3140 1748; x_wconf 89' lang='lat' dir='ltr'><strong>loca</strong></span> <span class='ocrx_word' id='word_1_154' title='bbox 3188 1701 3381 1752; x_wconf 85' lang='lat' dir='ltr'><strong>sancta</strong></span> 
     </span>
    </p>
   </div>
   <div class='ocr_carea' id='block_1_22' title="bbox 1783 1773 3386 1853">
    <p class='ocr_par' dir='ltr' id='par_1_22' title="bbox 1783 1773 3386 1853">
     <span class='ocr_line' id='line_1_22' title="bbox 1783 1773 3386 1853; baseline 0.01 -26"><span class='ocrx_word' id='word_1_155' title='bbox 1783 1773 2068 1845; x_wconf 78' lang='lat' dir='ltr'><strong>peregrina</strong></span> <span class='ocrx_word' id='word_1_156' title='bbox 2127 1777 2527 1833; x_wconf 88' lang='lat' dir='ltr'><strong>consuetudine</strong></span> <span class='ocrx_word' id='word_1_157' title='bbox 2591 1780 3145 1853; x_wconf 84' lang='lat' dir='ltr'><strong>perambulaverunt,</strong></span> <span class='ocrx_word' id='word_1_158' title='bbox 3211 1795 3265 1842; x_wconf 90' lang='lat' dir='ltr'><strong>et</strong></span> <span class='ocrx_word' id='word_1_159' title='bbox 3321 1779 3386 1843; x_wconf 81' lang='lat' dir='ltr'><strong>se</strong></span> 
     </span>
    </p>
   </div>
   <div class='ocr_carea' id='block_1_23' title="bbox 1782 1866 3383 1943">
    <p class='ocr_par' dir='ltr' id='par_1_23' title="bbox 1782 1866 3383 1943">
     <span class='ocr_line' id='line_1_23' title="bbox 1782 1866 3383 1943; baseline 0.008 -24"><span class='ocrx_word' id='word_1_160' title='bbox 1782 1873 2102 1919; x_wconf 85' lang='lat' dir='ltr'><strong>sanctorum</strong></span> <span class='ocrx_word' id='word_1_161' title='bbox 2153 1866 2566 1936; x_wconf 86' lang='lat' dir='ltr'><strong>apostolorum,</strong></span> <span class='ocrx_word' id='word_1_162' title='bbox 2640 1869 2989 1943; x_wconf 88' lang='lat' dir='ltr'><strong>aliorumque</strong></span> <span class='ocrx_word' id='word_1_163' title='bbox 3039 1875 3251 1931; x_wconf 90' lang='lat' dir='ltr'><strong>meritis</strong></span> <span class='ocrx_word' id='word_1_164' title='bbox 3314 1885 3383 1932; x_wconf 86' lang='lat' dir='ltr'><strong>ac</strong></span> 
     </span>
    </p>
   </div>
   <div class='ocr_carea' id='block_1_24' title="bbox 95 1945 3382 2035">
    <p class='ocr_par' dir='ltr' id='par_1_24' title="bbox 95 1945 3382 2035">
     <span class='ocr_line' id='line_1_24' title="bbox 95 1945 3382 2035; baseline 0.001 -16"><span class='ocrx_word' id='word_1_165' title='bbox 95 1979 254 2034; x_wconf 67' lang='lat' dir='ltr'><strong>gnua,</strong></span> <span class='ocrx_word' id='word_1_166' title='bbox 309 1945 479 2020; x_wconf 66' lang='lat' dir='ltr'><strong>frater</strong></span> <span class='ocrx_word' id='word_1_167' title='bbox 511 1961 751 2034; x_wconf 86' lang='lat' dir='ltr'><strong>Philippi</strong></span> <span class='ocrx_word' id='word_1_168' title='bbox 806 1962 950 2033; x_wconf 81' lang='lat' dir='ltr'><strong>regis</strong></span> <span class='ocrx_word' id='word_1_169' title='bbox 999 1959 1358 2023; x_wconf 89' lang='lat' dir='ltr'><strong>Francorum,</strong></span> <span class='ocrx_word' id='word_1_170' title='bbox 1418 1955 1512 2026; x_wconf 93' lang='lat' dir='ltr'><strong>qui</strong></span> <span class='ocrx_word' id='word_1_171' title='bbox 1557 1955 1678 2025; x_wconf 89' lang='lat' dir='ltr'><strong>ipso</strong></span> <span class='ocrx_word' id='word_1_172' title='bbox 1710 2030 1746 2035; x_wconf 26' lang='grc' dir='ltr'>ᾧ</span> <span class='ocrx_word' id='word_1_173' title='bbox 1783 1956 2617 2026; x_wconf 43' lang='grc' dir='ltr'><strong>ρνθοίὺυδίοοωηιριιίίθγθιτυιιι.</strong></span> <span class='ocrx_word' id='word_1_174' title='bbox 2650 1959 2731 2018; x_wconf 88' lang='lat' dir='ltr'><strong>Ae</strong></span> <span class='ocrx_word' id='word_1_175' title='bbox 2770 1959 2850 2019; x_wconf 91' lang='lat' dir='ltr'><strong>sic</strong></span> <span class='ocrx_word' id='word_1_176' title='bbox 2889 1965 3189 2035; x_wconf 72' lang='lat' dir='ltr'><strong>apostoliéa</strong></span> <span class='ocrx_word' id='word_1_177' title='bbox 3209 1963 3382 2022; x_wconf 88' lang='lat' dir='ltr'><strong>bene-</strong></span> 
     </span>
    </p>
   </div>
   <div class='ocr_carea' id='block_1_25' title="bbox 91 2030 3384 2132">
    <p class='ocr_par' dir='ltr' id='par_1_25' title="bbox 91 2030 3384 2132">
     <span class='ocr_line' id='line_1_25' title="bbox 91 2030 3384 2132; baseline 0.002 -22"><span class='ocrx_word' id='word_1_178' title='bbox 91 2030 336 2126; x_wconf 65' lang='lat' dir='ltr'><strong>iempore</strong></span> <span class='ocrx_word' id='word_1_179' title='bbox 375 2030 679 2112; x_wconf 49' lang='lat' dir='ltr'><strong>Franciam—</strong></span> <span class='ocrx_word' id='word_1_180' title='bbox 699 2030 806 2111; x_wconf 77' lang='lat' dir='ltr'><strong>suo</strong></span> <span class='ocrx_word' id='word_1_181' title='bbox 828 2030 1154 2125; x_wconf 77' lang='lat' dir='ltr'><strong>subjugabat</strong></span> <span class='ocrx_word' id='word_1_182' title='bbox 1183 2049 1434 2120; x_wconf 90' lang='lat' dir='ltr'><strong>imperio.</strong></span> <span class='ocrx_word' id='word_1_183' title='bbox 1462 2047 1563 2102; x_wconf 87' lang='lat' dir='ltr'><strong>Hic</strong></span> <span class='ocrx_word' id='word_1_184' title='bbox 1585 2047 1680 2101; x_wconf 92' lang='lat' dir='ltr'><strong>ho—</strong></span> <span class='ocrx_word' id='word_1_185' title='bbox 1710 2030 1755 2092; x_wconf 79' lang='grc' dir='ltr'><strong><em>Β</em></strong></span> <span class='ocrx_word' id='word_1_186' title='bbox 1783 2047 2022 2104; x_wconf 89' lang='lat' dir='ltr'><strong>dictione</strong></span> <span class='ocrx_word' id='word_1_187' title='bbox 2068 2058 2320 2120; x_wconf 87' lang='lat' dir='ltr'><strong>percepta</strong></span> <span class='ocrx_word' id='word_1_188' title='bbox 2341 2092 2357 2119; x_wconf 93' lang='lat'><strong>,</strong></span> <span class='ocrx_word' id='word_1_189' title='bbox 2413 2051 2483 2106; x_wconf 92' lang='lat' dir='ltr'><strong>ab</strong></span> <span class='ocrx_word' id='word_1_190' title='bbox 2544 2052 2680 2109; x_wconf 85' lang='lat' dir='ltr'><strong>urbe</strong></span> <span class='ocrx_word' id='word_1_191' title='bbox 2726 2030 3137 2128; x_wconf 70' lang='lat' dir='ltr'><strong>discesserunt,</strong></span> <span class='ocrx_word' id='word_1_192' title='bbox 3189 2064 3243 2116; x_wconf 86' lang='lat' dir='ltr'><strong>et</strong></span> <span class='ocrx_word' id='word_1_193' title='bbox 3283 2076 3384 2132; x_wconf 84' lang='lat' dir='ltr'><strong>per</strong></span> 
     </span>
    </p>
   </div>
   <div class='ocr_carea' id='block_1_26' title="bbox 87 2136 1676 2216">
    <p class='ocr_par' dir='ltr' id='par_1_26' title="bbox 87 2136 1676 2216">
     <span class='ocr_line' id='line_1_26' title="bbox 87 2136 1676 2216; baseline -0.006 -16"><span class='ocrx_word' id='word_1_194' title='bbox 87 2153 301 2200; x_wconf 77' lang='lat' dir='ltr'><strong>aestate</strong></span> <span class='ocrx_word' id='word_1_195' title='bbox 329 2158 572 2213; x_wconf 84' lang='lat' dir='ltr'><strong>morum,</strong></span> <span class='ocrx_word' id='word_1_196' title='bbox 599 2154 655 2201; x_wconf 92' lang='lat' dir='ltr'><strong>et</strong></span> <span class='ocrx_word' id='word_1_197' title='bbox 689 2144 961 2216; x_wconf 77' lang='lat' dir='ltr'><strong>elegantia</strong></span> <span class='ocrx_word' id='word_1_198' title='bbox 987 2141 1257 2213; x_wconf 89' lang='lat' dir='ltr'><strong>corporis,</strong></span> <span class='ocrx_word' id='word_1_199' title='bbox 1288 2147 1344 2194; x_wconf 90' lang='lat' dir='ltr'><strong>et</strong></span> <span class='ocrx_word' id='word_1_200' title='bbox 1368 2137 1541 2193; x_wconf 90' lang='lat' dir='ltr'><strong>animi</strong></span> <span class='ocrx_word' id='word_1_201' title='bbox 1564 2136 1676 2190; x_wconf 87' lang='lat' dir='ltr'><strong>vir-</strong></span> 
     </span>
    </p>
   </div>
   <div class='ocr_carea' id='block_1_27' title="bbox 83 2230 1678 2310">
    <p class='ocr_par' dir='ltr' id='par_1_27' title="bbox 83 2230 1678 2310">
     <span class='ocr_line' id='line_1_27' title="bbox 83 2230 1678 2310; baseline -0.011 -11"><span class='ocrx_word' id='word_1_202' title='bbox 83 2246 217 2305; x_wconf 69' lang='grc' dir='ltr'><strong>ωιε,</strong></span> <span class='ocrx_word' id='word_1_203' title='bbox 253 2238 498 2310; x_wconf 75' lang='lat' dir='ltr'><strong>regalem</strong></span> <span class='ocrx_word' id='word_1_204' title='bbox 531 2238 602 2294; x_wconf 89' lang='lat' dir='ltr'><strong>de</strong></span> <span class='ocrx_word' id='word_1_205' title='bbox 634 2253 746 2308; x_wconf 89' lang='lat' dir='ltr'><strong>qua</strong></span> <span class='ocrx_word' id='word_1_206' title='bbox 773 2246 930 2292; x_wconf 93' lang='lat' dir='ltr'><strong>ortus</strong></span> <span class='ocrx_word' id='word_1_207' title='bbox 955 2244 1075 2290; x_wconf 88' lang='lat' dir='ltr'><strong>erat</strong></span> <span class='ocrx_word' id='word_1_208' title='bbox 1109 2230 1529 2290; x_wconf 86' lang='lat' dir='ltr'><strong>commendabat</strong></span> <span class='ocrx_word' id='word_1_209' title='bbox 1548 2242 1678 2300; x_wconf 90' lang='lat' dir='ltr'><strong>pro-</strong></span> 
     </span>
    </p>
   </div>
   <div class='ocr_carea' id='block_1_28' title="bbox 74 2323 1672 2402">
    <p class='ocr_par' dir='ltr' id='par_1_28' title="bbox 74 2323 1672 2402">
     <span class='ocr_line' id='line_1_28' title="bbox 74 2323 1672 2402; baseline -0.007 -15"><span class='ocrx_word' id='word_1_210' title='bbox 74 2330 313 2401; x_wconf 81' lang='lat' dir='ltr'><strong>sapiam.</strong></span> <span class='ocrx_word' id='word_1_211' title='bbox 339 2330 482 2386; x_wconf 87' lang='lat' dir='ltr'><strong>Cum</strong></span> <span class='ocrx_word' id='word_1_212' title='bbox 507 2345 620 2402; x_wconf 90' lang='lat' dir='ltr'><strong>quo</strong></span> <span class='ocrx_word' id='word_1_213' title='bbox 655 2340 706 2386; x_wconf 93' lang='lat' dir='ltr'><strong>et</strong></span> <span class='ocrx_word' id='word_1_214' title='bbox 741 2328 1053 2400; x_wconf 86' lang='lat' dir='ltr'><strong>Stephanus</strong></span> <span class='ocrx_word' id='word_1_215' title='bbox 1078 2323 1436 2383; x_wconf 71' lang='lat' dir='ltr'><strong>Car‘notcnsis</strong></span> <span class='ocrx_word' id='word_1_216' title='bbox 1465 2337 1672 2388; x_wconf 89' lang='lat' dir='ltr'><strong>comes,</strong></span> 
     </span>
    </p>
   </div>
   <div class='ocr_carea' id='block_1_29' title="bbox 70 2416 1670 2494">
    <p class='ocr_par' dir='ltr' id='par_1_29' title="bbox 70 2416 1670 2494">
     <span class='ocr_line' id='line_1_29' title="bbox 70 2416 1670 2494; baseline -0.004 -18"><span class='ocrx_word' id='word_1_217' title='bbox 70 2423 164 2493; x_wconf 86' lang='lat' dir='ltr'><strong>qui</strong></span> <span class='ocrx_word' id='word_1_218' title='bbox 195 2438 233 2477; x_wconf 86' lang='lat' dir='ltr'><strong>a</strong></span> <span class='ocrx_word' id='word_1_219' title='bbox 261 2423 432 2478; x_wconf 85' lang='lat' dir='ltr'><strong>bonis</strong></span> <span class='ocrx_word' id='word_1_220' title='bbox 478 2423 654 2479; x_wconf 90' lang='lat' dir='ltr'><strong>initiis</strong></span> <span class='ocrx_word' id='word_1_221' title='bbox 679 2438 882 2494; x_wconf 88' lang='lat' dir='ltr'><strong>pravos</strong></span> <span class='ocrx_word' id='word_1_222' title='bbox 933 2421 1190 2491; x_wconf 89' lang='lat' dir='ltr'><strong>deinceps</strong></span> <span class='ocrx_word' id='word_1_223' title='bbox 1211 2418 1448 2476; x_wconf 87' lang='lat' dir='ltr'><strong>obtinuit</strong></span> <span class='ocrx_word' id='word_1_224' title='bbox 1469 2416 1670 2473; x_wconf 82' lang='lat' dir='ltr'><strong>exitus.</strong></span> 
     </span>
    </p>
   </div>
   <div class='ocr_carea' id='block_1_30' title="bbox 67 2509 1674 2586">
    <p class='ocr_par' dir='ltr' id='par_1_30' title="bbox 67 2509 1674 2586">
     <span class='ocr_line' id='line_1_30' title="bbox 67 2509 1674 2586; baseline -0.004 -16"><span class='ocrx_word' id='word_1_225' title='bbox 67 2514 107 2570; x_wconf 89' lang='lat'><strong>0</strong></span> <span class='ocrx_word' id='word_1_226' title='bbox 136 2531 320 2586; x_wconf 77' lang='lat' dir='ltr'><strong>quam</strong></span> <span class='ocrx_word' id='word_1_227' title='bbox 369 2517 464 2572; x_wconf 86' lang='lat' dir='ltr'><strong>alii</strong></span> <span class='ocrx_word' id='word_1_228' title='bbox 505 2516 785 2572; x_wconf 90' lang='lat' dir='ltr'><strong>innumeri</strong></span> <span class='ocrx_word' id='word_1_229' title='bbox 815 2515 1107 2586; x_wconf 83' lang='lat' dir='ltr'><strong>optimates</strong></span> <span class='ocrx_word' id='word_1_230' title='bbox 1148 2522 1203 2569; x_wconf 89' lang='lat' dir='ltr'><strong>et</strong></span> <span class='ocrx_word' id='word_1_231' title='bbox 1243 2511 1474 2567; x_wconf 89' lang='lat' dir='ltr'><strong>minoris</strong></span> <span class='ocrx_word' id='word_1_232' title='bbox 1513 2509 1674 2564; x_wconf 66' lang='lat' dir='ltr'><strong>fama:</strong></span> 
     </span>
    </p>
   </div>
   <div class='ocr_carea' id='block_1_31' title="bbox 62 2601 1673 2675">
    <p class='ocr_par' dir='ltr' id='par_1_31' title="bbox 62 2601 1673 2675">
     <span class='ocr_line' id='line_1_31' title="bbox 62 2601 1673 2675; baseline -0.004 -13"><span class='ocrx_word' id='word_1_233' title='bbox 62 2607 359 2675; x_wconf 73' lang='lat' dir='ltr'><strong>amsules,</strong></span> <span class='ocrx_word' id='word_1_234' title='bbox 383 2623 512 2664; x_wconf 87' lang='lat' dir='ltr'><strong>cum</strong></span> <span class='ocrx_word' id='word_1_235' title='bbox 534 2608 623 2664; x_wconf 90' lang='lat' dir='ltr'><strong>his</strong></span> <span class='ocrx_word' id='word_1_236' title='bbox 645 2615 778 2664; x_wconf 88' lang='lat' dir='ltr'><strong>sunt</strong></span> <span class='ocrx_word' id='word_1_237' title='bbox 803 2605 1062 2664; x_wconf 86' lang='lat' dir='ltr'><strong>associati</strong></span> <span class='ocrx_word' id='word_1_238' title='bbox 1094 2614 1204 2660; x_wconf 85' lang='lat' dir='ltr'><strong>tam</strong></span> <span class='ocrx_word' id='word_1_239' title='bbox 1225 2603 1474 2675; x_wconf 90' lang='lat' dir='ltr'><strong>ejusdem</strong></span> <span class='ocrx_word' id='word_1_240' title='bbox 1504 2601 1673 2656; x_wconf 87' lang='lat' dir='ltr'><strong>Fran-</strong></span> 
     </span>
    </p>
   </div>
   <div class='ocr_carea' id='block_1_32' title="bbox 60 2696 1671 2771">
    <p class='ocr_par' dir='ltr' id='par_1_32' title="bbox 60 2696 1671 2771">
     <span class='ocr_line' id='line_1_32' title="bbox 60 2696 1671 2771; baseline -0.001 -19"><span class='ocrx_word' id='word_1_241' title='bbox 60 2699 161 2753; x_wconf 68' lang='lat' dir='ltr'><strong>cia:</strong></span> <span class='ocrx_word' id='word_1_242' title='bbox 198 2714 388 2770; x_wconf 79' lang='lat' dir='ltr'><strong>quam</strong></span> <span class='ocrx_word' id='word_1_243' title='bbox 434 2699 664 2771; x_wconf 78' lang='lat' dir='ltr'><strong>majoris</strong></span> <span class='ocrx_word' id='word_1_244' title='bbox 706 2710 764 2756; x_wconf 90' lang='lat' dir='ltr'><strong>et</strong></span> <span class='ocrx_word' id='word_1_245' title='bbox 801 2699 1036 2755; x_wconf 88' lang='lat' dir='ltr'><strong>minoris</strong></span> <span class='ocrx_word' id='word_1_246' title='bbox 1089 2697 1412 2753; x_wconf 68' lang='lat' dir='ltr'><strong>Britanniae!</strong></span> <span class='ocrx_word' id='word_1_247' title='bbox 1438 2696 1480 2749; x_wconf 85' lang='lat' dir='ltr'><strong>A</strong></span> <span class='ocrx_word' id='word_1_248' title='bbox 1516 2703 1671 2766; x_wconf 88' lang='lat' dir='ltr'><strong>parte</strong></span> 
     </span>
    </p>
   </div>
   <div class='ocr_carea' id='block_1_33' title="bbox 56 2787 1670 2860">
    <p class='ocr_par' dir='ltr' id='par_1_33' title="bbox 56 2787 1670 2860">
     <span class='ocr_line' id='line_1_33' title="bbox 56 2787 1670 2860; baseline 0.001 -17"><span class='ocrx_word' id='word_1_249' title='bbox 56 2791 300 2846; x_wconf 58' lang='grc' dir='ltr'><strong>δείδιτειί</strong></span> <span class='ocrx_word' id='word_1_250' title='bbox 333 2800 490 2847; x_wconf 87' lang='lat' dir='ltr'><strong>mota</strong></span> <span class='ocrx_word' id='word_1_251' title='bbox 515 2801 645 2848; x_wconf 89' lang='lat' dir='ltr'><strong>sunt</strong></span> <span class='ocrx_word' id='word_1_252' title='bbox 670 2800 854 2848; x_wconf 87' lang='lat' dir='ltr'><strong>castra</strong></span> <span class='ocrx_word' id='word_1_253' title='bbox 886 2790 1172 2847; x_wconf 89' lang='lat' dir='ltr'><strong>Podiensis</strong></span> <span class='ocrx_word' id='word_1_254' title='bbox 1205 2787 1468 2860; x_wconf 86' lang='lat' dir='ltr'><strong>episcopi,</strong></span> <span class='ocrx_word' id='word_1_255' title='bbox 1491 2796 1545 2844; x_wconf 92' lang='lat' dir='ltr'><strong>et</strong></span> <span class='ocrx_word' id='word_1_256' title='bbox 1576 2803 1670 2844; x_wconf 89' lang='lat' dir='ltr'><strong>co-</strong></span> 
     </span>
    </p>
   </div>
   <div class='ocr_carea' id='block_1_34' title="bbox 54 2877 1670 2954">
    <p class='ocr_par' dir='ltr' id='par_1_34' title="bbox 54 2877 1670 2954">
     <span class='ocr_line' id='line_1_34' title="bbox 54 2877 1670 2954; baseline 0.001 -21"><span class='ocrx_word' id='word_1_257' title='bbox 54 2878 214 2935; x_wconf 59' lang='lat' dir='ltr'><strong>mitis</strong></span> <span class='ocrx_word' id='word_1_258' title='bbox 253 2880 455 2937; x_wconf 78' lang='lat' dir='ltr'><strong>Sancti</strong></span> <span class='ocrx_word' id='word_1_259' title='bbox 512 2880 744 2954; x_wconf 67' lang='lat' dir='ltr'><strong>Egidii,</strong></span> <span class='ocrx_word' id='word_1_260' title='bbox 797 2881 1017 2938; x_wconf 89' lang='lat' dir='ltr'><strong>nomine</strong></span> <span class='ocrx_word' id='word_1_261' title='bbox 1056 2879 1374 2936; x_wconf 83' lang='lat' dir='ltr'><strong>Raimundi.</strong></span> <span class='ocrx_word' id='word_1_262' title='bbox 1422 2877 1518 2933; x_wconf 83' lang='lat' dir='ltr'><strong>Vir</strong></span> <span class='ocrx_word' id='word_1_263' title='bbox 1566 2877 1670 2934; x_wconf 88' lang='lat' dir='ltr'><strong>iste</strong></span> 
     </span>
    </p>
   </div>
   <div class='ocr_carea' id='block_1_35' title="bbox 52 2971 1665 3044">
    <p class='ocr_par' dir='ltr' id='par_1_35' title="bbox 52 2971 1665 3044">
     <span class='ocr_line' id='line_1_35' title="bbox 52 2971 1665 3044; baseline 0.001 -20"><span class='ocrx_word' id='word_1_264' title='bbox 52 2985 182 3026; x_wconf 80' lang='lat' dir='ltr'><strong>cum</strong></span> <span class='ocrx_word' id='word_1_265' title='bbox 207 2973 495 3042; x_wconf 59' lang='lat' dir='ltr'><strong>praedives</strong></span> <span class='ocrx_word' id='word_1_266' title='bbox 521 2983 691 3041; x_wconf 82' lang='lat' dir='ltr'><strong>esset,</strong></span> <span class='ocrx_word' id='word_1_267' title='bbox 721 2983 776 3029; x_wconf 91' lang='lat' dir='ltr'><strong>et</strong></span> <span class='ocrx_word' id='word_1_268' title='bbox 809 2973 1200 3044; x_wconf 89' lang='lat' dir='ltr'><strong>temporalibus</strong></span> <span class='ocrx_word' id='word_1_269' title='bbox 1231 2972 1392 3028; x_wconf 88' lang='lat' dir='ltr'><strong>bonis</strong></span> <span class='ocrx_word' id='word_1_270' title='bbox 1421 2971 1665 3042; x_wconf 90' lang='lat' dir='ltr'><strong>locuple-</strong></span> 
     </span>
    </p>
   </div>
   <div class='ocr_carea' id='block_1_36' title="bbox 50 3063 1665 3134">
    <p class='ocr_par' dir='ltr' id='par_1_36' title="bbox 50 3063 1665 3134">
     <span class='ocr_line' id='line_1_36' title="bbox 50 3063 1665 3134; baseline 0.003 -18"><span class='ocrx_word' id='word_1_271' title='bbox 50 3072 231 3130; x_wconf 80' lang='lat' dir='ltr'><strong>tatus,</strong></span> <span class='ocrx_word' id='word_1_272' title='bbox 286 3064 489 3120; x_wconf 86' lang='lat' dir='ltr'><strong>omnia</strong></span> <span class='ocrx_word' id='word_1_273' title='bbox 531 3081 633 3121; x_wconf 83' lang='lat' dir='ltr'><strong>sua</strong></span> <span class='ocrx_word' id='word_1_274' title='bbox 676 3065 1030 3134; x_wconf 87' lang='lat' dir='ltr'><strong>vendidit,et</strong></span> <span class='ocrx_word' id='word_1_275' title='bbox 1069 3065 1212 3121; x_wconf 87' lang='lat' dir='ltr'><strong>viam</strong></span> <span class='ocrx_word' id='word_1_276' title='bbox 1258 3063 1665 3121; x_wconf 86' lang='lat' dir='ltr'><strong>deliberationis</strong></span> 
     </span>
    </p>
   </div>
   <div class='ocr_carea' id='block_1_37' title="bbox 50 3155 1665 3230">
    <p class='ocr_par' dir='ltr' id='par_1_37' title="bbox 50 3155 1665 3230">
     <span class='ocr_line' id='line_1_37' title="bbox 50 3155 1665 3230; baseline 0.001 -19"><span class='ocrx_word' id='word_1_277' title='bbox 50 3157 240 3213; x_wconf 68' lang='lat' dir='ltr'><strong>sancti</strong></span> <span class='ocrx_word' id='word_1_278' title='bbox 277 3157 528 3228; x_wconf 80' lang='lat' dir='ltr'><strong>sepulcri</strong></span> <span class='ocrx_word' id='word_1_279' title='bbox 559 3158 809 3230; x_wconf 84' lang='lat' dir='ltr'><strong>arripuit.</strong></span> <span class='ocrx_word' id='word_1_280' title='bbox 869 3155 1009 3213; x_wconf 83' lang='lat' dir='ltr'><strong>Ecce</strong></span> <span class='ocrx_word' id='word_1_281' title='bbox 1055 3157 1471 3228; x_wconf 63' lang='lat' dir='ltr'><strong>praesentialiter</strong></span> <span class='ocrx_word' id='word_1_282' title='bbox 1517 3172 1665 3213; x_wconf 90' lang='lat' dir='ltr'><strong>nunc</strong></span> 
     </span>
    </p>
   </div>
   <div class='ocr_carea' id='block_1_38' title="bbox 49 3245 1665 3319">
    <p class='ocr_par' dir='ltr' id='par_1_38' title="bbox 49 3245 1665 3319">
     <span class='ocr_line' id='line_1_38' title="bbox 49 3245 1665 3319; baseline 0.001 -19"><span class='ocrx_word' id='word_1_283' title='bbox 49 3245 320 3304; x_wconf 77' lang='lat' dir='ltr'><strong>ridemus</strong></span> <span class='ocrx_word' id='word_1_284' title='bbox 373 3247 430 3303; x_wconf 91' lang='lat' dir='ltr'><strong>in</strong></span> <span class='ocrx_word' id='word_1_285' title='bbox 473 3263 557 3316; x_wconf 90' lang='lat' dir='ltr'><strong>re,</strong></span> <span class='ocrx_word' id='word_1_286' title='bbox 590 3247 738 3319; x_wconf 90' lang='lat' dir='ltr'><strong>quod</strong></span> <span class='ocrx_word' id='word_1_287' title='bbox 799 3248 930 3305; x_wconf 91' lang='lat' dir='ltr'><strong>olim</strong></span> <span class='ocrx_word' id='word_1_288' title='bbox 965 3247 1232 3303; x_wconf 88' lang='lat' dir='ltr'><strong>Dominus</strong></span> <span class='ocrx_word' id='word_1_289' title='bbox 1283 3247 1534 3318; x_wconf 69' lang='lat' dir='ltr'><strong>pmmisit</strong></span> <span class='ocrx_word' id='word_1_290' title='bbox 1568 3263 1665 3318; x_wconf 89' lang='lat' dir='ltr'><strong>per</strong></span> 
     </span>
    </p>
   </div>
   <div class='ocr_carea' id='block_1_39' title="bbox 50 3338 1660 3412">
    <p class='ocr_par' dir='ltr' id='par_1_39' title="bbox 50 3338 1660 3412">
     <span class='ocr_line' id='line_1_39' title="bbox 50 3338 1660 3412; baseline 0.001 -18"><span class='ocrx_word' id='word_1_291' title='bbox 50 3352 111 3394; x_wconf 81' lang='lat' dir='ltr'><strong>os</strong></span> <span class='ocrx_word' id='word_1_292' title='bbox 159 3338 336 3396; x_wconf 72' lang='lat' dir='ltr'><strong>Isaia:</strong></span> <span class='ocrx_word' id='word_1_293' title='bbox 382 3341 684 3412; x_wconf 58' lang='lat' dir='ltr'><strong>propheta.</strong></span> <span class='ocrx_word' id='word_1_294' title='bbox 733 3341 825 3396; x_wconf 81' lang='lat' dir='ltr'><strong>Ait</strong></span> <span class='ocrx_word' id='word_1_295' title='bbox 865 3341 1012 3398; x_wconf 87' lang='lat' dir='ltr'><strong>enim</strong></span> <span class='ocrx_word' id='word_1_296' title='bbox 1053 3340 1228 3395; x_wconf 74' lang='lat' dir='ltr'><strong>:Noli</strong></span> <span class='ocrx_word' id='word_1_297' title='bbox 1281 3343 1482 3407; x_wconf 82' lang='lat' dir='ltr'><strong>timere,</strong></span> <span class='ocrx_word' id='word_1_298' title='bbox 1535 3343 1660 3412; x_wconf 84' lang='lat' dir='ltr'><strong>quia</strong></span> 
     </span>
    </p>
   </div>
   <div class='ocr_carea' id='block_1_40' title="bbox 49 3433 1662 3505">
    <p class='ocr_par' dir='ltr' id='par_1_40' title="bbox 49 3433 1662 3505">
     <span class='ocr_line' id='line_1_40' title="bbox 49 3433 1662 3505; baseline -0.001 -17"><span class='ocrx_word' id='word_1_299' title='bbox 49 3447 143 3502; x_wconf 64' lang='lat' dir='ltr'><strong>ego</strong></span> <span class='ocrx_word' id='word_1_300' title='bbox 194 3441 385 3488; x_wconf 66' lang='lat' dir='ltr'><strong>tecum</strong></span> <span class='ocrx_word' id='word_1_301' title='bbox 429 3450 571 3488; x_wconf 83' lang='lat' dir='ltr'><strong>sum.</strong></span> <span class='ocrx_word' id='word_1_302' title='bbox 604 3433 682 3488; x_wconf 82' lang='lat' dir='ltr'><strong>Ab</strong></span> <span class='ocrx_word' id='word_1_303' title='bbox 715 3433 963 3505; x_wconf 75' lang='lat' dir='ltr'><strong>aquilone</strong></span> <span class='ocrx_word' id='word_1_304' title='bbox 989 3434 1254 3488; x_wconf 80' lang='lat' dir='ltr'><strong>adducam</strong></span> <span class='ocrx_word' id='word_1_305' title='bbox 1282 3450 1456 3488; x_wconf 82' lang='lat' dir='ltr'><strong>semen</strong></span> <span class='ocrx_word' id='word_1_306' title='bbox 1491 3441 1662 3502; x_wconf 81' lang='lat' dir='ltr'><strong>tuum‘,</strong></span> 
     </span>
    </p>
   </div>
   <div class='ocr_carea' id='block_1_41' title="bbox 50 3524 1663 3598">
    <p class='ocr_par' dir='ltr' id='par_1_41' title="bbox 50 3524 1663 3598">
     <span class='ocr_line' id='line_1_41' title="bbox 50 3524 1663 3598; baseline 0.001 -22"><span class='ocrx_word' id='word_1_307' title='bbox 50 3534 97 3576; x_wconf 82' lang='lat' dir='ltr'><strong>et</strong></span> <span class='ocrx_word' id='word_1_308' title='bbox 135 3526 208 3578; x_wconf 76' lang='lat' dir='ltr'><strong>ab</strong></span> <span class='ocrx_word' id='word_1_309' title='bbox 257 3525 543 3582; x_wconf 71' lang='lat' dir='ltr'><strong>occidente</strong></span> <span class='ocrx_word' id='word_1_310' title='bbox 583 3526 908 3598; x_wconf 79' lang='lat' dir='ltr'><strong>congregabo</strong></span> <span class='ocrx_word' id='word_1_311' title='bbox 937 3535 1004 3581; x_wconf 83' lang='lat' dir='ltr'><strong>te.</strong></span> <span class='ocrx_word' id='word_1_312' title='bbox 1031 3525 1221 3580; x_wconf 81' lang='lat' dir='ltr'><strong>Dicam</strong></span> <span class='ocrx_word' id='word_1_313' title='bbox 1242 3525 1526 3596; x_wconf 83' lang='lat' dir='ltr'><strong>Aquiloni:</strong></span> <span class='ocrx_word' id='word_1_314' title='bbox 1548 3524 1663 3591; x_wconf 88' lang='lat' dir='ltr'><strong>Da;</strong></span> 
     </span>
    </p>
   </div>
   <div class='ocr_carea' id='block_1_42' title="bbox 49 3616 1666 3690">
    <p class='ocr_par' dir='ltr' id='par_1_42' title="bbox 49 3616 1666 3690">
     <span class='ocr_line' id='line_1_42' title="bbox 49 3616 1666 3690; baseline 0.001 -20"><span class='ocrx_word' id='word_1_315' title='bbox 49 3627 98 3670; x_wconf 75' lang='lat' dir='ltr'><strong>et</strong></span> <span class='ocrx_word' id='word_1_316' title='bbox 159 3617 380 3673; x_wconf 69' lang='lat' dir='ltr'><strong>Austro</strong></span> <span class='ocrx_word' id='word_1_317' title='bbox 410 3635 430 3674; x_wconf 88' lang='lat'><strong><em>:</em></strong></span> <span class='ocrx_word' id='word_1_318' title='bbox 471 3616 600 3672; x_wconf 85' lang='lat' dir='ltr'><strong>Noli</strong></span> <span class='ocrx_word' id='word_1_319' title='bbox 657 3618 930 3690; x_wconf 80' lang='lat' dir='ltr'><strong>prohibere</strong></span> <span class='ocrx_word' id='word_1_320' title='bbox 959 3635 978 3673; x_wconf 91' lang='lat'><strong><em>:</em></strong></span> <span class='ocrx_word' id='word_1_321' title='bbox 1005 3619 1140 3689; x_wconf 72' lang='lat' dir='ltr'><strong>aﬂ‘er</strong></span> <span class='ocrx_word' id='word_1_322' title='bbox 1209 3617 1351 3688; x_wconf 79' lang='lat' dir='ltr'><strong>ﬁlias</strong></span> <span class='ocrx_word' id='word_1_323' title='bbox 1415 3635 1554 3672; x_wconf 81' lang='lat' dir='ltr'><strong>meos</strong></span> <span class='ocrx_word' id='word_1_324' title='bbox 1600 3619 1666 3672; x_wconf 86' lang='lat' dir='ltr'><strong>de</strong></span> 
     </span>
    </p>
   </div>
   <div class='ocr_carea' id='block_1_43' title="bbox 51 3708 1660 3782">
    <p class='ocr_par' dir='ltr' id='par_1_43' title="bbox 51 3708 1660 3782">
     <span class='ocr_line' id='line_1_43' title="bbox 51 3708 1660 3782; baseline 0.002 -19"><span class='ocrx_word' id='word_1_325' title='bbox 51 3708 390 3781; x_wconf 70' lang='lat' dir='ltr'><strong>longinquo,</strong></span> <span class='ocrx_word' id='word_1_326' title='bbox 422 3720 474 3766; x_wconf 78' lang='lat' dir='ltr'><strong>et</strong></span> <span class='ocrx_word' id='word_1_327' title='bbox 508 3710 655 3782; x_wconf 74' lang='lat' dir='ltr'><strong>ﬁlias</strong></span> <span class='ocrx_word' id='word_1_328' title='bbox 677 3727 820 3774; x_wconf 80' lang='lat' dir='ltr'><strong>meas</strong></span> <span class='ocrx_word' id='word_1_329' title='bbox 865 3711 930 3782; x_wconf 70' lang='lat' dir='ltr'><strong>ab</strong></span> <span class='ocrx_word' id='word_1_330' title='bbox 994 3711 1245 3765; x_wconf 71' lang='lat' dir='ltr'><strong>exn-cutis</strong></span> <span class='ocrx_word' id='word_1_331' title='bbox 1313 3720 1468 3766; x_wconf 73' lang='lat' dir='ltr'><strong>terra:</strong></span> <span class='ocrx_word' id='word_1_332' title='bbox 1515 3709 1660 3782; x_wconf 85' lang='lat' dir='ltr'><strong>(Isa.</strong></span> 
     </span>
    </p>
   </div>
   <div class='ocr_carea' id='block_1_44' title="bbox 53 3800 1662 3874">
    <p class='ocr_par' dir='ltr' id='par_1_44' title="bbox 53 3800 1662 3874">
     <span class='ocr_line' id='line_1_44' title="bbox 53 3800 1662 3874; baseline 0.002 -19"><span class='ocrx_word' id='word_1_333' title='bbox 53 3803 323 3871; x_wconf 73' lang='lat' dir='ltr'><strong>nut;5,</strong></span> <span class='ocrx_word' id='word_1_334' title='bbox 381 3802 448 3871; x_wconf 81' lang='lat'><strong>6;</strong></span> <span class='ocrx_word' id='word_1_335' title='bbox 493 3803 649 3862; x_wconf 84' lang='lat' dir='ltr'><strong>Psal.</strong></span> <span class='ocrx_word' id='word_1_336' title='bbox 693 3819 872 3872; x_wconf 79' lang='lat' dir='ltr'><strong>txvu,</strong></span> <span class='ocrx_word' id='word_1_337' title='bbox 919 3803 1006 3874; x_wconf 80' lang='lat'><strong>5).</strong></span> <span class='ocrx_word' id='word_1_338' title='bbox 1037 3800 1231 3870; x_wconf 87' lang='lat' dir='ltr'><strong>Nunc,</strong></span> <span class='ocrx_word' id='word_1_339' title='bbox 1273 3812 1334 3858; x_wconf 90' lang='lat' dir='ltr'><strong>ut</strong></span> <span class='ocrx_word' id='word_1_340' title='bbox 1378 3803 1662 3872; x_wconf 81' lang='lat' dir='ltr'><strong>videmus,</strong></span> 
     </span>
    </p>
   </div>
   <div class='ocr_carea' id='block_1_45' title="bbox 55 3885 1664 3968">
    <p class='ocr_par' dir='ltr' id='par_1_45' title="bbox 55 3885 1664 3968">
     <span class='ocr_line' id='line_1_45' title="bbox 55 3885 1664 3968; baseline -0.002 -13"><span class='ocrx_word' id='word_1_341' title='bbox 315 3895 540 3964; x_wconf 62' lang='lat' dir='ltr'><strong>etiiliaa,</strong></span> <span class='ocrx_word' id='word_1_342' title='bbox 571 3885 1008 3968; x_wconf 81' lang='lat' dir='ltr'><strong>Hierosolymam</strong></span> <span class='ocrx_word' id='word_1_343' title='bbox 1035 3895 1271 3951; x_wconf 89' lang='lat' dir='ltr'><strong>tendunt</strong></span> <span class='ocrx_word' id='word_1_344' title='bbox 1295 3894 1366 3950; x_wconf 87' lang='lat' dir='ltr'><strong>ab</strong></span> <span class='ocrx_word' id='word_1_345' title='bbox 1402 3894 1664 3951; x_wconf 78' lang='lat' dir='ltr'><strong>extremis</strong></span> 
     </span>
    </p>
   </div>
   <div class='ocr_carea' id='block_1_46' title="bbox 55 3988 1664 4062">
    <p class='ocr_par' dir='ltr' id='par_1_46' title="bbox 55 3988 1664 4062">
     <span class='ocr_line' id='line_1_46' title="bbox 55 3988 1664 4062; baseline 0.002 -21"><span class='ocrx_word' id='word_1_346' title='bbox 55 3995 248 4055; x_wconf 64' lang='lat' dir='ltr'><strong>terra;</strong></span> <span class='ocrx_word' id='word_1_347' title='bbox 294 3999 490 4045; x_wconf 79' lang='lat' dir='ltr'><strong>auster</strong></span> <span class='ocrx_word' id='word_1_348' title='bbox 506 3999 563 4046; x_wconf 88' lang='lat' dir='ltr'><strong>et</strong></span> <span class='ocrx_word' id='word_1_349' title='bbox 624 3988 812 4062; x_wconf 87' lang='lat' dir='ltr'><strong>aquilo</strong></span> <span class='ocrx_word' id='word_1_350' title='bbox 857 3989 1096 4044; x_wconf 89' lang='lat' dir='ltr'><strong>nutritos</strong></span> <span class='ocrx_word' id='word_1_351' title='bbox 1130 4003 1264 4044; x_wconf 87' lang='lat' dir='ltr'><strong>suos</strong></span> <span class='ocrx_word' id='word_1_352' title='bbox 1301 4003 1412 4044; x_wconf 91' lang='lat' dir='ltr'><strong>non</strong></span> <span class='ocrx_word' id='word_1_353' title='bbox 1461 3988 1664 4044; x_wconf 85' lang='lat' dir='ltr'><strong>audent</strong></span> 
     </span>
    </p>
   </div>
   <div class='ocr_carea' id='block_1_47' title="bbox 59 4078 1664 4150">
    <p class='ocr_par' dir='ltr' id='par_1_47' title="bbox 59 4078 1664 4150">
     <span class='ocr_line' id='line_1_47' title="bbox 59 4078 1664 4150; baseline -0.002 -14"><span class='ocrx_word' id='word_1_354' title='bbox 59 4079 377 4146; x_wconf 73' lang='lat' dir='ltr'><strong>prohibere.</strong></span> <span class='ocrx_word' id='word_1_355' title='bbox 431 4078 639 4137; x_wconf 78' lang='lat' dir='ltr'><strong>Revera</strong></span> <span class='ocrx_word' id='word_1_356' title='bbox 695 4095 844 4138; x_wconf 88' lang='lat' dir='ltr'><strong>nunc</strong></span> <span class='ocrx_word' id='word_1_357' title='bbox 898 4079 1159 4135; x_wconf 84' lang='lat' dir='ltr'><strong>Dominus</strong></span> <span class='ocrx_word' id='word_1_358' title='bbox 1218 4079 1455 4135; x_wconf 78' lang='lat' dir='ltr'><strong>ascendit</strong></span> <span class='ocrx_word' id='word_1_359' title='bbox 1505 4095 1664 4150; x_wconf 79' lang='lat' dir='ltr'><strong>super</strong></span> 
     </span>
    </p>
   </div>
   <div class='ocr_carea' id='block_1_48' title="bbox 62 4171 1660 4246">
    <p class='ocr_par' dir='ltr' id='par_1_48' title="bbox 62 4171 1660 4246">
     <span class='ocr_line' id='line_1_48' title="bbox 62 4171 1660 4246; baseline 0.001 -22"><span class='ocrx_word' id='word_1_360' title='bbox 62 4185 352 4242; x_wconf 62' lang='lat' dir='ltr'><strong>«manu,</strong></span> <span class='ocrx_word' id='word_1_361' title='bbox 389 4174 656 4246; x_wconf 89' lang='lat' dir='ltr'><strong>quoniam</strong></span> <span class='ocrx_word' id='word_1_362' title='bbox 715 4173 1009 4246; x_wconf 86' lang='lat' dir='ltr'><strong>requiescit</strong></span> <span class='ocrx_word' id='word_1_363' title='bbox 1053 4173 1108 4228; x_wconf 91' lang='lat' dir='ltr'><strong>in</strong></span> <span class='ocrx_word' id='word_1_364' title='bbox 1163 4171 1454 4228; x_wconf 87' lang='lat' dir='ltr'><strong>animabus</strong></span> <span class='ocrx_word' id='word_1_365' title='bbox 1508 4171 1660 4227; x_wconf 85' lang='lat' dir='ltr'><strong>occi-</strong></span> 
     </span>
    </p>
   </div>
   <div class='ocr_carea' id='block_1_49' title="bbox 65 4260 1660 4335">
    <p class='ocr_par' dir='ltr' id='par_1_49' title="bbox 65 4260 1660 4335">
     <span class='ocr_line' id='line_1_49' title="bbox 65 4260 1660 4335; baseline -0.001 -16"><span class='ocrx_word' id='word_1_366' title='bbox 65 4260 388 4321; x_wconf 66' lang='lat' dir='ltr'><strong>dentalium.</strong></span> <span class='ocrx_word' id='word_1_367' title='bbox 436 4264 595 4323; x_wconf 81' lang='lat' dir='ltr'><strong>Nunc</strong></span> <span class='ocrx_word' id='word_1_368' title='bbox 637 4265 893 4322; x_wconf 90' lang='lat' dir='ltr'><strong>occidens</strong></span> <span class='ocrx_word' id='word_1_369' title='bbox 938 4266 1214 4321; x_wconf 84' lang='lat' dir='ltr'><strong>illustrare</strong></span> <span class='ocrx_word' id='word_1_370' title='bbox 1262 4271 1420 4335; x_wconf 87' lang='lat' dir='ltr'><strong>parat</strong></span> <span class='ocrx_word' id='word_1_371' title='bbox 1475 4264 1660 4319; x_wconf 87' lang='lat' dir='ltr'><strong>orien-</strong></span> 
     </span>
    </p>
   </div>
   <div class='ocr_carea' id='block_1_50' title="bbox 69 4357 1657 4428">
    <p class='ocr_par' dir='ltr' id='par_1_50' title="bbox 69 4357 1657 4428">
     <span class='ocr_line' id='line_1_50' title="bbox 69 4357 1657 4428; baseline 0 -17"><span class='ocrx_word' id='word_1_372' title='bbox 69 4364 210 4424; x_wconf 77' lang='lat' dir='ltr'><strong>tem,</strong></span> <span class='ocrx_word' id='word_1_373' title='bbox 279 4368 341 4416; x_wconf 82' lang='lat' dir='ltr'><strong>et</strong></span> <span class='ocrx_word' id='word_1_374' title='bbox 417 4360 578 4416; x_wconf 84' lang='lat' dir='ltr'><strong>novis</strong></span> <span class='ocrx_word' id='word_1_375' title='bbox 613 4413 617 4417; x_wconf 85' lang='lat'><strong>.</strong></span> <span class='ocrx_word' id='word_1_376' title='bbox 647 4359 918 4416; x_wconf 89' lang='lat' dir='ltr'><strong>sideribus</strong></span> <span class='ocrx_word' id='word_1_377' title='bbox 985 4358 1101 4415; x_wconf 85' lang='lat' dir='ltr'><strong>suis</strong></span> <span class='ocrx_word' id='word_1_378' title='bbox 1179 4357 1466 4422; x_wconf 80' lang='lat' dir='ltr'><strong>excitatis,</strong></span> <span class='ocrx_word' id='word_1_379' title='bbox 1549 4371 1657 4428; x_wconf 89' lang='lat' dir='ltr'><strong>qua</strong></span> 
     </span>
    </p>
   </div>
   <div class='ocr_carea' id='block_1_51' title="bbox 69 4449 1658 4522">
    <p class='ocr_par' dir='ltr' id='par_1_51' title="bbox 69 4449 1658 4522">
     <span class='ocr_line' id='line_1_51' title="bbox 69 4449 1658 4522; baseline -0.001 -17"><span class='ocrx_word' id='word_1_380' title='bbox 69 4450 437 4518; x_wconf 64' lang='lat' dir='ltr'><strong>pre-uehatur,</strong></span> <span class='ocrx_word' id='word_1_381' title='bbox 457 4451 727 4522; x_wconf 85' lang='lat' dir='ltr'><strong>depellere</strong></span> <span class='ocrx_word' id='word_1_382' title='bbox 749 4452 1068 4509; x_wconf 61' lang='lat' dir='ltr'><strong>caicitatem.</strong></span> <span class='ocrx_word' id='word_1_383' title='bbox 1094 4449 1309 4506; x_wconf 88' lang='lat' dir='ltr'><strong>Etcum</strong></span> <span class='ocrx_word' id='word_1_384' title='bbox 1339 4449 1481 4504; x_wconf 87' lang='lat' dir='ltr'><strong>inter</strong></span> <span class='ocrx_word' id='word_1_385' title='bbox 1508 4456 1658 4504; x_wconf 89' lang='lat' dir='ltr'><strong>tanta</strong></span> 
     </span>
    </p>
   </div>
   <div class='ocr_carea' id='block_1_52' title="bbox 69 4540 1658 4615">
    <p class='ocr_par' dir='ltr' id='par_1_52' title="bbox 69 4540 1658 4615">
     <span class='ocr_line' id='line_1_52' title="bbox 69 4540 1658 4615; baseline 0.001 -19"><span class='ocrx_word' id='word_1_386' title='bbox 69 4542 281 4610; x_wconf 77' lang='lat' dir='ltr'><strong>agmina</strong></span> <span class='ocrx_word' id='word_1_387' title='bbox 301 4543 635 4600; x_wconf 84' lang='lat' dir='ltr'><strong>enitesceret</strong></span> <span class='ocrx_word' id='word_1_388' title='bbox 660 4543 923 4600; x_wconf 88' lang='lat' dir='ltr'><strong>terribilis</strong></span> <span class='ocrx_word' id='word_1_389' title='bbox 954 4541 1133 4615; x_wconf 79' lang='lat' dir='ltr'><strong>fulgor</strong></span> <span class='ocrx_word' id='word_1_390' title='bbox 1158 4557 1440 4597; x_wconf 87' lang='lat' dir='ltr'><strong>armorum</strong></span> <span class='ocrx_word' id='word_1_391' title='bbox 1457 4582 1473 4607; x_wconf 91' lang='lat'><strong>,</strong></span> <span class='ocrx_word' id='word_1_392' title='bbox 1511 4540 1658 4598; x_wconf 82' lang='lat' dir='ltr'><strong>hunc</strong></span> 
     </span>
    </p>
   </div>
   <div class='ocr_carea' id='block_1_53' title="bbox 74 4631 1658 4705">
    <p class='ocr_par' dir='ltr' id='par_1_53' title="bbox 74 4631 1658 4705">
     <span class='ocr_line' id='line_1_53' title="bbox 74 4631 1658 4705; baseline 0 -20"><span class='ocrx_word' id='word_1_393' title='bbox 74 4640 246 4689; x_wconf 82' lang='lat' dir='ltr'><strong>tamen</strong></span> <span class='ocrx_word' id='word_1_394' title='bbox 310 4635 725 4702; x_wconf 82' lang='lat' dir='ltr'><strong>reverberaret,</strong></span> <span class='ocrx_word' id='word_1_395' title='bbox 780 4635 830 4691; x_wconf 90' lang='lat' dir='ltr'><strong>si</strong></span> <span class='ocrx_word' id='word_1_396' title='bbox 877 4635 1076 4690; x_wconf 85' lang='lat' dir='ltr'><strong>intueri</strong></span> <span class='ocrx_word' id='word_1_397' title='bbox 1134 4641 1350 4705; x_wconf 87' lang='lat' dir='ltr'><strong>posset,</strong></span> <span class='ocrx_word' id='word_1_398' title='bbox 1401 4631 1658 4704; x_wconf 88' lang='lat' dir='ltr'><strong>splendor</strong></span> 
     </span>
    </p>
   </div>
   <div class='ocr_carea' id='block_1_54' title="bbox 1779 2136 2732 2212">
    <p class='ocr_par' dir='ltr' id='par_1_54' title="bbox 1779 2136 2732 2212">
     <span class='ocr_line' id='line_1_54' title="bbox 1779 2136 2732 2212; baseline 0.01 -19"><span class='ocrx_word' id='word_1_399' title='bbox 1779 2140 2030 2212; x_wconf 79' lang='lat' dir='ltr'><strong>Apuliam</strong></span> <span class='ocrx_word' id='word_1_400' title='bbox 2061 2157 2192 2198; x_wconf 89' lang='lat' dir='ltr'><strong>suas</strong></span> <span class='ocrx_word' id='word_1_401' title='bbox 2213 2143 2361 2200; x_wconf 88' lang='lat' dir='ltr'><strong>acies</strong></span> <span class='ocrx_word' id='word_1_402' title='bbox 2394 2136 2732 2203; x_wconf 88' lang='lat' dir='ltr'><strong>direxerunt.</strong></span> 
     </span>
    </p>
   </div>
   <div class='ocr_carea' id='block_1_55' title="bbox 2404 2236 2746 2296">
    <p class='ocr_par' dir='ltr' id='par_1_55' title="bbox 2404 2236 2746 2296">
     <span class='ocr_line' id='line_1_55' title="bbox 2404 2236 2746 2296; baseline 0.015 -5"><span class='ocrx_word' id='word_1_403' title='bbox 2404 2236 2636 2294; x_wconf 84' lang='lat' dir='ltr'><strong>CAPUT</strong></span> <span class='ocrx_word' id='word_1_404' title='bbox 2681 2238 2746 2296; x_wconf 89' lang='lat' dir='ltr'><strong>II.</strong></span> 
     </span>
    </p>
   </div>
   <div class='ocr_carea' id='block_1_56' title="bbox 1847 2323 3376 2401">
    <p class='ocr_par' dir='ltr' id='par_1_56' title="bbox 1847 2323 3376 2401">
     <span class='ocr_line' id='line_1_56' title="bbox 1847 2323 3376 2401; baseline 0.01 -21"><span class='ocrx_word' id='word_1_405' title='bbox 1847 2323 1986 2380; x_wconf 81' lang='lat' dir='ltr'><strong>Cum</strong></span> <span class='ocrx_word' id='word_1_406' title='bbox 2026 2341 2158 2383; x_wconf 88' lang='lat' dir='ltr'><strong>vero</strong></span> <span class='ocrx_word' id='word_1_407' title='bbox 2209 2327 2291 2383; x_wconf 90' lang='lat' dir='ltr'><strong>sic</strong></span> <span class='ocrx_word' id='word_1_408' title='bbox 2331 2327 2685 2401; x_wconf 88' lang='lat' dir='ltr'><strong>incederent,</strong></span> <span class='ocrx_word' id='word_1_409' title='bbox 2714 2348 2908 2389; x_wconf 89' lang='lat' dir='ltr'><strong>rumor</strong></span> <span class='ocrx_word' id='word_1_410' title='bbox 2928 2335 3067 2390; x_wconf 88' lang='lat' dir='ltr'><strong>tanti</strong></span> <span class='ocrx_word' id='word_1_411' title='bbox 3096 2336 3376 2396; x_wconf 84' lang='lat' dir='ltr'><strong>exercitus</strong></span> 
     </span>
    </p>
   </div>
   <div class='ocr_carea' id='block_1_57' title="bbox 1780 2416 3370 2501">
    <p class='ocr_par' dir='ltr' id='par_1_57' title="bbox 1780 2416 3370 2501">
     <span class='ocr_line' id='line_1_57' title="bbox 1780 2416 3370 2501; baseline 0.008 -29"><span class='ocrx_word' id='word_1_412' title='bbox 1780 2416 1850 2472; x_wconf 89' lang='lat' dir='ltr'><strong>ad</strong></span> <span class='ocrx_word' id='word_1_413' title='bbox 1873 2433 2036 2486; x_wconf 87' lang='lat' dir='ltr'><strong>aures</strong></span> <span class='ocrx_word' id='word_1_414' title='bbox 2056 2419 2342 2489; x_wconf 87' lang='lat' dir='ltr'><strong>cujusdam</strong></span> <span class='ocrx_word' id='word_1_415' title='bbox 2368 2431 2524 2477; x_wconf 65' lang='lat' dir='ltr'><strong>terras</strong></span> <span class='ocrx_word' id='word_1_416' title='bbox 2545 2419 2693 2479; x_wconf 90' lang='lat' dir='ltr'><strong>illius</strong></span> <span class='ocrx_word' id='word_1_417' title='bbox 2714 2419 2977 2496; x_wconf 88' lang='lat' dir='ltr'><strong>principis</strong></span> <span class='ocrx_word' id='word_1_418' title='bbox 2999 2423 3245 2498; x_wconf 87' lang='lat' dir='ltr'><strong>pervenit</strong></span> <span class='ocrx_word' id='word_1_419' title='bbox 3267 2429 3370 2501; x_wconf 86' lang='lat'><strong>(8),</strong></span> 
     </span>
    </p>
   </div>
   <div class='ocr_carea' id='block_1_58' title="bbox 1773 2505 3370 2589">
    <p class='ocr_par' dir='ltr' id='par_1_58' title="bbox 1773 2505 3370 2589">
     <span class='ocr_line' id='line_1_58' title="bbox 1773 2505 3370 2589; baseline 0.008 -28"><span class='ocrx_word' id='word_1_420' title='bbox 1773 2507 1998 2563; x_wconf 83' lang='lat' dir='ltr'><strong>nomine</strong></span> <span class='ocrx_word' id='word_1_421' title='bbox 2020 2505 2321 2564; x_wconf 89' lang='lat' dir='ltr'><strong>Boamundi</strong></span> <span class='ocrx_word' id='word_1_422' title='bbox 2343 2554 2356 2577; x_wconf 89' lang='lat'><strong>,</strong></span> <span class='ocrx_word' id='word_1_423' title='bbox 2382 2511 2476 2581; x_wconf 91' lang='lat' dir='ltr'><strong>qui</strong></span> <span class='ocrx_word' id='word_1_424' title='bbox 2498 2520 2627 2567; x_wconf 87' lang='lat' dir='ltr'><strong>tunc</strong></span> <span class='ocrx_word' id='word_1_425' title='bbox 2644 2522 2763 2569; x_wconf 89' lang='lat' dir='ltr'><strong>erat</strong></span> <span class='ocrx_word' id='word_1_426' title='bbox 2778 2514 2831 2569; x_wconf 92' lang='lat' dir='ltr'><strong>in</strong></span> <span class='ocrx_word' id='word_1_427' title='bbox 2857 2514 3146 2572; x_wconf 89' lang='lat' dir='ltr'><strong>obsidione</strong></span> <span class='ocrx_word' id='word_1_428' title='bbox 3167 2514 3370 2589; x_wconf 79' lang='lat' dir='ltr'><strong>Malphi</strong></span> 
     </span>
    </p>
   </div>
   <div class='ocr_carea' id='block_1_59' title="bbox 1773 2600 3372 2676">
    <p class='ocr_par' dir='ltr' id='par_1_59' title="bbox 1773 2600 3372 2676">
     <span class='ocr_line' id='line_1_59' title="bbox 1773 2600 3372 2676; baseline 0.006 -20"><span class='ocrx_word' id='word_1_429' title='bbox 1773 2616 1938 2671; x_wconf 88' lang='lat' dir='ltr'><strong>super</strong></span> <span class='ocrx_word' id='word_1_430' title='bbox 1975 2601 2129 2658; x_wconf 90' lang='lat' dir='ltr'><strong>littus</strong></span> <span class='ocrx_word' id='word_1_431' title='bbox 2176 2600 2475 2674; x_wconf 85' lang='lat' dir='ltr'><strong>Scaphardi</strong></span> <span class='ocrx_word' id='word_1_432' title='bbox 2520 2605 2694 2676; x_wconf 81' lang='lat' dir='ltr'><strong>pelagi</strong></span> <span class='ocrx_word' id='word_1_433' title='bbox 2745 2605 3050 2663; x_wconf 89' lang='lat' dir='ltr'><strong>constituti.</strong></span> <span class='ocrx_word' id='word_1_434' title='bbox 3103 2608 3206 2676; x_wconf 82' lang='lat' dir='ltr'><strong>Qui</strong></span> <span class='ocrx_word' id='word_1_435' title='bbox 3264 2610 3372 2667; x_wconf 86' lang='lat' dir='ltr'><strong>hoc</strong></span> 
     </span>
    </p>
   </div>
   <div class='ocr_carea' id='block_1_60' title="bbox 1771 2693 3372 2771">
    <p class='ocr_par' dir='ltr' id='par_1_60' title="bbox 1771 2693 3372 2771">
     <span class='ocr_line' id='line_1_60' title="bbox 1771 2693 3372 2771; baseline 0.007 -24"><span class='ocrx_word' id='word_1_436' title='bbox 1771 2693 2030 2761; x_wconf 89' lang='lat' dir='ltr'><strong>audiens,</strong></span> <span class='ocrx_word' id='word_1_437' title='bbox 2079 2693 2210 2750; x_wconf 76' lang='lat' dir='ltr'><strong>fecit</strong></span> <span class='ocrx_word' id='word_1_438' title='bbox 2255 2695 2459 2766; x_wconf 89' lang='lat' dir='ltr'><strong>inquiri</strong></span> <span class='ocrx_word' id='word_1_439' title='bbox 2515 2697 2717 2768; x_wconf 89' lang='lat' dir='ltr'><strong>quibus</strong></span> <span class='ocrx_word' id='word_1_440' title='bbox 2772 2696 3114 2771; x_wconf 88' lang='lat' dir='ltr'><strong>principibus</strong></span> <span class='ocrx_word' id='word_1_441' title='bbox 3183 2705 3372 2761; x_wconf 84' lang='lat' dir='ltr'><strong>tantus</strong></span> 
     </span>
    </p>
   </div>
   <div class='ocr_carea' id='block_1_61' title="bbox 1770 2786 3374 2864">
    <p class='ocr_par' dir='ltr' id='par_1_61' title="bbox 1770 2786 3374 2864">
     <span class='ocr_line' id='line_1_61' title="bbox 1770 2786 3374 2864; baseline 0.004 -22"><span class='ocrx_word' id='word_1_442' title='bbox 1770 2786 2046 2843; x_wconf 85' lang='lat' dir='ltr'><strong>exercitus</strong></span> <span class='ocrx_word' id='word_1_443' title='bbox 2109 2794 2351 2858; x_wconf 77' lang='lat' dir='ltr'><strong>regatur,</strong></span> <span class='ocrx_word' id='word_1_444' title='bbox 2413 2787 2615 2859; x_wconf 86' lang='lat' dir='ltr'><strong>quibus</strong></span> <span class='ocrx_word' id='word_1_445' title='bbox 2675 2789 2845 2846; x_wconf 79' lang='lat' dir='ltr'><strong>armis</strong></span> <span class='ocrx_word' id='word_1_446' title='bbox 2893 2791 3197 2859; x_wconf 91' lang='lat' dir='ltr'><strong>muniatur,</strong></span> <span class='ocrx_word' id='word_1_447' title='bbox 3256 2808 3374 2864; x_wconf 83' lang='lat' dir='ltr'><strong>quo</strong></span> 
     </span>
    </p>
   </div>
   <div class='ocr_carea' id='block_1_62' title="bbox 1769 2879 3370 2955">
    <p class='ocr_par' dir='ltr' id='par_1_62' title="bbox 1769 2879 3370 2955">
     <span class='ocr_line' id='line_1_62' title="bbox 1769 2879 3370 2955; baseline 0.006 -19"><span class='ocrx_word' id='word_1_448' title='bbox 1769 2879 1962 2936; x_wconf 90' lang='lat' dir='ltr'><strong>ordine</strong></span> <span class='ocrx_word' id='word_1_449' title='bbox 2005 2880 2293 2948; x_wconf 89' lang='lat' dir='ltr'><strong>incedant,</strong></span> <span class='ocrx_word' id='word_1_450' title='bbox 2340 2888 2526 2937; x_wconf 89' lang='lat' dir='ltr'><strong>utrum</strong></span> <span class='ocrx_word' id='word_1_451' title='bbox 2571 2899 2764 2954; x_wconf 88' lang='lat' dir='ltr'><strong>rapere</strong></span> <span class='ocrx_word' id='word_1_452' title='bbox 2799 2895 3093 2955; x_wconf 80' lang='lat' dir='ltr'><strong>venerant,</strong></span> <span class='ocrx_word' id='word_1_453' title='bbox 3126 2896 3223 2943; x_wconf 92' lang='lat' dir='ltr'><strong>aut</strong></span> <span class='ocrx_word' id='word_1_454' title='bbox 3259 2888 3370 2946; x_wconf 86' lang='lat' dir='ltr'><strong>sibi</strong></span> 
     </span>
    </p>
   </div>
   <div class='ocr_carea' id='block_1_63' title="bbox 1768 2973 3370 3051">
    <p class='ocr_par' dir='ltr' id='par_1_63' title="bbox 1768 2973 3370 3051">
     <span class='ocr_line' id='line_1_63' title="bbox 1768 2973 3370 3051; baseline 0.004 -20"><span class='ocrx_word' id='word_1_455' title='bbox 1768 2973 2082 3031; x_wconf 86' lang='lat' dir='ltr'><strong>necessaria</strong></span> <span class='ocrx_word' id='word_1_456' title='bbox 2155 2985 2557 3045; x_wconf 89' lang='lat' dir='ltr'><strong>compararent.</strong></span> <span class='ocrx_word' id='word_1_457' title='bbox 2631 2974 2734 3032; x_wconf 91' lang='lat' dir='ltr'><strong>Cui</strong></span> <span class='ocrx_word' id='word_1_458' title='bbox 2805 2976 2876 3032; x_wconf 89' lang='lat' dir='ltr'><strong>ab</strong></span> <span class='ocrx_word' id='word_1_459' title='bbox 2945 2977 3370 3051; x_wconf 84' lang='lat' dir='ltr'><strong>inquisitoribus</strong></span> 
     </span>
    </p>
   </div>
   <div class='ocr_carea' id='block_1_64' title="bbox 1764 3068 3367 3148">
    <p class='ocr_par' dir='ltr' id='par_1_64' title="bbox 1764 3068 3367 3148">
     <span class='ocr_line' id='line_1_64' title="bbox 1764 3068 3367 3148; baseline 0.005 -25"><span class='ocrx_word' id='word_1_460' title='bbox 1764 3068 2000 3123; x_wconf 86' lang='lat' dir='ltr'><strong>relatum</strong></span> <span class='ocrx_word' id='word_1_461' title='bbox 2031 3076 2118 3123; x_wconf 90' lang='lat' dir='ltr'><strong>est</strong></span> <span class='ocrx_word' id='word_1_462' title='bbox 2164 3068 2231 3123; x_wconf 90' lang='lat' dir='ltr'><strong>de</strong></span> <span class='ocrx_word' id='word_1_463' title='bbox 2280 3068 2652 3140; x_wconf 87' lang='lat' dir='ltr'><strong>principibus,</strong></span> <span class='ocrx_word' id='word_1_464' title='bbox 2703 3071 2850 3142; x_wconf 91' lang='lat' dir='ltr'><strong>quod</strong></span> <span class='ocrx_word' id='word_1_465' title='bbox 2882 3069 3038 3146; x_wconf 76' lang='lat' dir='ltr'><strong>Rugo</strong></span> <span class='ocrx_word' id='word_1_466' title='bbox 3089 3074 3367 3148; x_wconf 80' lang='lat' dir='ltr'><strong>Magnus,</strong></span> 
     </span>
    </p>
   </div>
   <div class='ocr_carea' id='block_1_65' title="bbox 1765 3153 3363 3231">
    <p class='ocr_par' dir='ltr' id='par_1_65' title="bbox 1765 3153 3363 3231">
     <span class='ocr_line' id='line_1_65' title="bbox 1765 3153 3363 3231; baseline 0.006 -22"><span class='ocrx_word' id='word_1_467' title='bbox 1765 3153 2002 3227; x_wconf 89' lang='lat' dir='ltr'><strong>Philippi</strong></span> <span class='ocrx_word' id='word_1_468' title='bbox 2031 3154 2177 3226; x_wconf 76' lang='lat' dir='ltr'><strong>regis</strong></span> <span class='ocrx_word' id='word_1_469' title='bbox 2200 3154 2540 3211; x_wconf 86' lang='lat' dir='ltr'><strong>Francorum</strong></span> <span class='ocrx_word' id='word_1_470' title='bbox 2568 3172 2894 3228; x_wconf 85' lang='lat' dir='ltr'><strong>germanus,</strong></span> <span class='ocrx_word' id='word_1_471' title='bbox 2921 3159 3151 3231; x_wconf 79' lang='lat' dir='ltr'><strong>signifer</strong></span> <span class='ocrx_word' id='word_1_472' title='bbox 3173 3171 3226 3218; x_wconf 88' lang='lat' dir='ltr'><strong>et</strong></span> <span class='ocrx_word' id='word_1_473' title='bbox 3248 3162 3363 3218; x_wconf 84' lang='lat' dir='ltr'><strong>dux</strong></span> 
     </span>
    </p>
   </div>
   <div class='ocr_carea' id='block_1_66' title="bbox 1766 3246 3366 3324">
    <p class='ocr_par' dir='ltr' id='par_1_66' title="bbox 1766 3246 3366 3324">
     <span class='ocr_line' id='line_1_66' title="bbox 1766 3246 3366 3324; baseline 0.004 -21"><span class='ocrx_word' id='word_1_474' title='bbox 1766 3247 1863 3303; x_wconf 87' lang='lat' dir='ltr'><strong>sit&#39;</strong></span> <span class='ocrx_word' id='word_1_475' title='bbox 1879 3257 2045 3304; x_wconf 66' lang='lat' dir='ltr'><strong>tantm</strong></span> <span class='ocrx_word' id='word_1_476' title='bbox 2099 3247 2334 3316; x_wconf 69' lang='lat' dir='ltr'><strong>militiae,</strong></span> <span class='ocrx_word' id='word_1_477' title='bbox 2377 3246 2654 3306; x_wconf 88' lang='lat' dir='ltr'><strong>Robertus</strong></span> <span class='ocrx_word' id='word_1_478' title='bbox 2691 3265 2878 3308; x_wconf 90' lang='lat' dir='ltr'><strong>comes</strong></span> <span class='ocrx_word' id='word_1_479' title='bbox 2916 3249 3366 3324; x_wconf 84' lang='lat' dir='ltr'><strong>Northmannus,</strong></span> 
     </span>
    </p>
   </div>
   <div class='ocr_carea' id='block_1_67' title="bbox 1767 3333 3368 3415">
    <p class='ocr_par' dir='ltr' id='par_1_67' title="bbox 1767 3333 3368 3415">
     <span class='ocr_line' id='line_1_67' title="bbox 1767 3333 3368 3415; baseline 0.007 -22"><span class='ocrx_word' id='word_1_480' title='bbox 1767 3338 2042 3396; x_wconf 85' lang='lat' dir='ltr'><strong>Robertus</strong></span> <span class='ocrx_word' id='word_1_481' title='bbox 2099 3355 2286 3396; x_wconf 89' lang='lat' dir='ltr'><strong>comes</strong></span> <span class='ocrx_word' id='word_1_482' title='bbox 2341 3333 2726 3410; x_wconf 78' lang='lat' dir='ltr'><strong>Flandrensis,</strong></span> <span class='ocrx_word' id='word_1_483' title='bbox 2803 3339 3116 3415; x_wconf 89' lang='lat' dir='ltr'><strong>Stephanus</strong></span> <span class='ocrx_word' id='word_1_484' title='bbox 3179 3357 3368 3404; x_wconf 82' lang='lat' dir='ltr'><strong>comes</strong></span> 
     </span>
    </p>
   </div>
   <div class='ocr_carea' id='block_1_68' title="bbox 1767 3425 3369 3510">
    <p class='ocr_par' dir='ltr' id='par_1_68' title="bbox 1767 3425 3369 3510">
     <span class='ocr_line' id='line_1_68' title="bbox 1767 3425 3369 3510; baseline 0.006 -24"><span class='ocrx_word' id='word_1_485' title='bbox 1767 3431 2159 3500; x_wconf 85' lang='lat' dir='ltr'><strong>Carnutensis,</strong></span> <span class='ocrx_word' id='word_1_486' title='bbox 2192 3425 2546 3488; x_wconf 88' lang='lat' dir='ltr'><strong>Raimundus</strong></span> <span class='ocrx_word' id='word_1_487' title='bbox 2585 3449 2770 3491; x_wconf 91' lang='lat' dir='ltr'><strong>comes</strong></span> <span class='ocrx_word' id='word_1_488' title='bbox 2811 3433 2996 3493; x_wconf 89' lang='lat' dir='ltr'><strong>Sancti</strong></span> <span class='ocrx_word' id='word_1_489' title='bbox 3041 3433 3282 3510; x_wconf 63' lang='lat' dir='ltr'><strong>Egidii,</strong></span> <span class='ocrx_word' id='word_1_490' title='bbox 3310 3445 3369 3496; x_wconf 88' lang='lat' dir='ltr'><strong>et</strong></span> 
     </span>
    </p>
   </div>
   <div class='ocr_carea' id='block_1_69' title="bbox 1766 3520 3365 3592">
    <p class='ocr_par' dir='ltr' id='par_1_69' title="bbox 1766 3520 3365 3592">
     <span class='ocr_line' id='line_1_69' title="bbox 1766 3520 3365 3592; baseline 0.006 -16"><span class='ocrx_word' id='word_1_491' title='bbox 1766 3521 2058 3592; x_wconf 87' lang='lat' dir='ltr'><strong>episcopus</strong></span> <span class='ocrx_word' id='word_1_492' title='bbox 2098 3520 2384 3578; x_wconf 89' lang='lat' dir='ltr'><strong>Podiensis</strong></span> <span class='ocrx_word' id='word_1_493' title='bbox 2416 3523 2595 3580; x_wconf 88' lang='lat' dir='ltr'><strong>duces</strong></span> <span class='ocrx_word' id='word_1_494' title='bbox 2623 3535 2780 3581; x_wconf 84' lang='lat' dir='ltr'><strong>erant</strong></span> <span class='ocrx_word' id='word_1_495' title='bbox 2825 3534 2880 3582; x_wconf 89' lang='lat' dir='ltr'><strong>et</strong></span> <span class='ocrx_word' id='word_1_496' title='bbox 2917 3523 3148 3584; x_wconf 91' lang='lat' dir='ltr'><strong>domini.</strong></span> <span class='ocrx_word' id='word_1_497' title='bbox 3184 3527 3365 3586; x_wconf 87' lang='lat' dir='ltr'><strong>Exer-</strong></span> 
     </span>
    </p>
   </div>
   <div class='ocr_carea' id='block_1_70' title="bbox 1766 3615 3366 3692">
    <p class='ocr_par' dir='ltr' id='par_1_70' title="bbox 1766 3615 3366 3692">
     <span class='ocr_line' id='line_1_70' title="bbox 1766 3615 3366 3692; baseline 0.004 -21"><span class='ocrx_word' id='word_1_498' title='bbox 1766 3615 1910 3671; x_wconf 90' lang='lat' dir='ltr'><strong>citus</strong></span> <span class='ocrx_word' id='word_1_499' title='bbox 1939 3623 2122 3670; x_wconf 86' lang='lat' dir='ltr'><strong>autem</strong></span> <span class='ocrx_word' id='word_1_500' title='bbox 2147 3615 2228 3671; x_wconf 91' lang='lat' dir='ltr'><strong>sic</strong></span> <span class='ocrx_word' id='word_1_501' title='bbox 2249 3615 2443 3670; x_wconf 77' lang='lat' dir='ltr'><strong>devote</strong></span> <span class='ocrx_word' id='word_1_502' title='bbox 2464 3624 2517 3670; x_wconf 88' lang='lat' dir='ltr'><strong>et</strong></span> <span class='ocrx_word' id='word_1_503' title='bbox 2561 3616 2804 3672; x_wconf 89' lang='lat' dir='ltr'><strong>seriatim</strong></span> <span class='ocrx_word' id='word_1_504' title='bbox 2836 3620 3169 3690; x_wconf 72' lang='lat' dir='ltr'><strong>proCedebat</strong></span> <span class='ocrx_word' id='word_1_505' title='bbox 3187 3621 3366 3692; x_wconf 68' lang='lat' dir='ltr'><strong>,-quia’</strong></span> 
     </span>
    </p>
   </div>
   <div class='ocr_carea' id='block_1_71' title="bbox 1765 3707 3366 3781">
    <p class='ocr_par' dir='ltr' id='par_1_71' title="bbox 1765 3707 3366 3781">
     <span class='ocr_line' id='line_1_71' title="bbox 1765 3707 3366 3781; baseline 0.004 -19"><span class='ocrx_word' id='word_1_506' title='bbox 1765 3707 1856 3762; x_wconf 89' lang='lat' dir='ltr'><strong>cui</strong></span> <span class='ocrx_word' id='word_1_507' title='bbox 1875 3707 2121 3764; x_wconf 88' lang='lat' dir='ltr'><strong>nocuerit</strong></span> <span class='ocrx_word' id='word_1_508' title='bbox 2150 3707 2334 3762; x_wconf 90' lang='lat' dir='ltr'><strong>nullus</strong></span> <span class='ocrx_word' id='word_1_509' title='bbox 2361 3715 2498 3762; x_wconf 89' lang='lat' dir='ltr'><strong>erat.</strong></span> <span class='ocrx_word' id='word_1_510' title='bbox 2523 3707 2690 3763; x_wconf 83' lang='lat' dir='ltr'><strong>Arma</strong></span> <span class='ocrx_word' id='word_1_511' title='bbox 2713 3709 2960 3781; x_wconf 91' lang='lat' dir='ltr'><strong>equitum</strong></span> <span class='ocrx_word' id='word_1_512' title='bbox 2999 3719 3111 3766; x_wconf 88' lang='lat' dir='ltr'><strong>tam</strong></span> <span class='ocrx_word' id='word_1_513' title='bbox 3160 3711 3366 3769; x_wconf 79' lang='lat' dir='ltr'><strong>idonea</strong></span> 
     </span>
    </p>
   </div>
   <div class='ocr_carea' id='block_1_72' title="bbox 1764 3802 3364 3874">
    <p class='ocr_par' dir='ltr' id='par_1_72' title="bbox 1764 3802 3364 3874">
     <span class='ocr_line' id='line_1_72' title="bbox 1764 3802 3364 3874; baseline 0.003 -17"><span class='ocrx_word' id='word_1_514' title='bbox 1764 3810 1957 3869; x_wconf 89' lang='lat' dir='ltr'><strong>erant,</strong></span> <span class='ocrx_word' id='word_1_515' title='bbox 2002 3802 2132 3873; x_wconf 93' lang='lat' dir='ltr'><strong>quia</strong></span> <span class='ocrx_word' id='word_1_516' title='bbox 2171 3803 2224 3858; x_wconf 91' lang='lat' dir='ltr'><strong>in</strong></span> <span class='ocrx_word' id='word_1_517' title='bbox 2269 3811 2419 3858; x_wconf 89' lang='lat' dir='ltr'><strong>tanto</strong></span> <span class='ocrx_word' id='word_1_518' title='bbox 2457 3803 2743 3874; x_wconf 87' lang='lat' dir='ltr'><strong>procinctu</strong></span> <span class='ocrx_word' id='word_1_519' title='bbox 2781 3802 2990 3859; x_wconf 71' lang='lat' dir='ltr'><strong>militiae</strong></span> <span class='ocrx_word' id='word_1_520' title='bbox 3029 3802 3128 3859; x_wconf 89' lang='lat' dir='ltr'><strong>Dei</strong></span> <span class='ocrx_word' id='word_1_521' title='bbox 3159 3819 3364 3862; x_wconf 82' lang='lat' dir='ltr'><strong>conve-</strong></span> 
     </span>
    </p>
   </div>
   <div class='ocr_carea' id='block_1_73' title="bbox 1766 3891 3361 3964">
    <p class='ocr_par' dir='ltr' id='par_1_73' title="bbox 1766 3891 3361 3964">
     <span class='ocr_line' id='line_1_73' title="bbox 1766 3891 3361 3964; baseline 0 -15"><span class='ocrx_word' id='word_1_522' title='bbox 1766 3893 1973 3950; x_wconf 89' lang='lat' dir='ltr'><strong>niebat.</strong></span> <span class='ocrx_word' id='word_1_523' title='bbox 2017 3891 2153 3948; x_wconf 83' lang='lat' dir='ltr'><strong>Nam</strong></span> <span class='ocrx_word' id='word_1_524' title='bbox 2200 3893 2327 3964; x_wconf 92' lang='lat' dir='ltr'><strong>quis</strong></span> <span class='ocrx_word' id='word_1_525' title='bbox 2370 3908 2606 3948; x_wconf 86' lang='lat' dir='ltr'><strong>carneus</strong></span> <span class='ocrx_word' id='word_1_526' title='bbox 2657 3891 2854 3948; x_wconf 89' lang='lat' dir='ltr'><strong>oculus</strong></span> <span class='ocrx_word' id='word_1_527' title='bbox 2890 3892 3221 3962; x_wconf 88' lang='lat' dir='ltr'><strong>loricarum,</strong></span> <span class='ocrx_word' id='word_1_528' title='bbox 3261 3900 3361 3950; x_wconf 86' lang='lat' dir='ltr'><strong>aut</strong></span> 
     </span>
    </p>
   </div>
   <div class='ocr_carea' id='block_1_74' title="bbox 1764 3984 3359 4057">
    <p class='ocr_par' dir='ltr' id='par_1_74' title="bbox 1764 3984 3359 4057">
     <span class='ocr_line' id='line_1_74' title="bbox 1764 3984 3359 4057; baseline 0.002 -17"><span class='ocrx_word' id='word_1_529' title='bbox 1764 3985 2077 4057; x_wconf 72' lang='lat' dir='ltr'><strong>galearum,</strong></span> <span class='ocrx_word' id='word_1_530' title='bbox 2134 3994 2230 4041; x_wconf 89' lang='lat' dir='ltr'><strong>aut</strong></span> <span class='ocrx_word' id='word_1_531' title='bbox 2291 3993 2607 4053; x_wconf 90' lang='lat' dir='ltr'><strong>scutorum,</strong></span> <span class='ocrx_word' id='word_1_532' title='bbox 2661 3993 2759 4041; x_wconf 89' lang='lat' dir='ltr'><strong>aut</strong></span> <span class='ocrx_word' id='word_1_533' title='bbox 2822 3984 3175 4054; x_wconf 83' lang='lat' dir='ltr'><strong>lancearum,</strong></span> <span class='ocrx_word' id='word_1_534' title='bbox 3239 3984 3359 4043; x_wconf 86' lang='lat' dir='ltr'><strong>sole</strong></span> 
     </span>
    </p>
   </div>
   <div class='ocr_carea' id='block_1_75' title="bbox 1760 4076 3357 4155">
    <p class='ocr_par' dir='ltr' id='par_1_75' title="bbox 1760 4076 3357 4155">
     <span class='ocr_line' id='line_1_75' title="bbox 1760 4076 3357 4155; baseline 0 -16"><span class='ocrx_word' id='word_1_535' title='bbox 1760 4083 2041 4149; x_wconf 84' lang='lat' dir='ltr'><strong>radiante,</strong></span> <span class='ocrx_word' id='word_1_536' title='bbox 2077 4080 2219 4138; x_wconf 78' lang='lat' dir='ltr'><strong>ferre</strong></span> <span class='ocrx_word' id='word_1_537' title='bbox 2242 4090 2458 4155; x_wconf 85' lang='lat' dir='ltr'><strong>poterat</strong></span> <span class='ocrx_word' id='word_1_538' title='bbox 2481 4080 2767 4138; x_wconf 89' lang='lat' dir='ltr'><strong>intuitum!</strong></span> <span class='ocrx_word' id='word_1_539' title='bbox 2801 4076 3019 4138; x_wconf 83' lang='lat' dir='ltr'><strong>Pedites</strong></span> <span class='ocrx_word' id='word_1_540' title='bbox 3041 4096 3172 4138; x_wconf 89' lang='lat' dir='ltr'><strong>vero</strong></span> <span class='ocrx_word' id='word_1_541' title='bbox 3202 4083 3357 4139; x_wconf 90' lang='lat' dir='ltr'><strong>omni</strong></span> 
     </span>
    </p>
   </div>
   <div class='ocr_carea' id='block_1_76' title="bbox 1762 4173 3356 4250">
    <p class='ocr_par' dir='ltr' id='par_1_76' title="bbox 1762 4173 3356 4250">
     <span class='ocr_line' id='line_1_76' title="bbox 1762 4173 3356 4250; baseline 0.001 -20"><span class='ocrx_word' id='word_1_542' title='bbox 1762 4191 1962 4250; x_wconf 74' lang='lat' dir='ltr'><strong>genere</strong></span> <span class='ocrx_word' id='word_1_543' title='bbox 1996 4175 2230 4231; x_wconf 87' lang='lat' dir='ltr'><strong>telorum</strong></span> <span class='ocrx_word' id='word_1_544' title='bbox 2254 4174 2334 4232; x_wconf 91' lang='lat' dir='ltr'><strong>sic</strong></span> <span class='ocrx_word' id='word_1_545' title='bbox 2362 4173 2673 4247; x_wconf 66' lang='lat' dir='ltr'><strong>praemuniti</strong></span> <span class='ocrx_word' id='word_1_546' title='bbox 2701 4178 2862 4242; x_wconf 87' lang='lat' dir='ltr'><strong>sunt,</strong></span> <span class='ocrx_word' id='word_1_547' title='bbox 2890 4173 3022 4246; x_wconf 88' lang='lat' dir='ltr'><strong>quia</strong></span> <span class='ocrx_word' id='word_1_548' title='bbox 3049 4173 3098 4230; x_wconf 92' lang='lat' dir='ltr'><strong>si</strong></span> <span class='ocrx_word' id='word_1_549' title='bbox 3131 4173 3356 4231; x_wconf 87' lang='lat' dir='ltr'><strong>obviam</strong></span> 
     </span>
    </p>
   </div>
   <div class='ocr_carea' id='block_1_77' title="bbox 1761 4260 3359 4335">
    <p class='ocr_par' dir='ltr' id='par_1_77' title="bbox 1761 4260 3359 4335">
     <span class='ocr_line' id='line_1_77' title="bbox 1761 4260 3359 4335; baseline 0 -11"><span class='ocrx_word' id='word_1_550' title='bbox 1761 4267 1867 4324; x_wconf 88' lang='lat' dir='ltr'><strong>sibi</strong></span> <span class='ocrx_word' id='word_1_551' title='bbox 1907 4267 2152 4335; x_wconf 79' lang='lat' dir='ltr'><strong>veniret,</strong></span> <span class='ocrx_word' id='word_1_552' title='bbox 2194 4266 2346 4322; x_wconf 89' lang='lat' dir='ltr'><strong>omni</strong></span> <span class='ocrx_word' id='word_1_553' title='bbox 2382 4260 2578 4323; x_wconf 89' lang='lat' dir='ltr'><strong>orienti</strong></span> <span class='ocrx_word' id='word_1_554' title='bbox 2615 4267 2882 4323; x_wconf 81' lang='lat' dir='ltr'><strong>terrerem</strong></span> <span class='ocrx_word' id='word_1_555' title='bbox 2926 4267 3252 4323; x_wconf 89' lang='lat' dir='ltr'><strong>incuterent.</strong></span> <span class='ocrx_word' id='word_1_556' title='bbox 3284 4265 3359 4325; x_wconf 83' lang='lat' dir='ltr'><strong>Et</strong></span> 
     </span>
    </p>
   </div>
   <div class='ocr_carea' id='block_1_78' title="bbox 1761 4352 3355 4434">
    <p class='ocr_par' dir='ltr' id='par_1_78' title="bbox 1761 4352 3355 4434">
     <span class='ocr_line' id='line_1_78' title="bbox 1761 4352 3355 4434; baseline 0.001 -18"><span class='ocrx_word' id='word_1_557' title='bbox 1761 4375 1887 4416; x_wconf 90' lang='lat' dir='ltr'><strong>cum</strong></span> <span class='ocrx_word' id='word_1_558' title='bbox 1914 4359 1996 4416; x_wconf 91' lang='lat' dir='ltr'><strong>sic</strong></span> <span class='ocrx_word' id='word_1_559' title='bbox 2019 4357 2142 4417; x_wconf 89' lang='lat' dir='ltr'><strong>telis</strong></span> <span class='ocrx_word' id='word_1_560' title='bbox 2162 4369 2217 4416; x_wconf 92' lang='lat' dir='ltr'><strong>et</strong></span> <span class='ocrx_word' id='word_1_561' title='bbox 2241 4361 2411 4416; x_wconf 88' lang='lat' dir='ltr'><strong>armis</strong></span> <span class='ocrx_word' id='word_1_562' title='bbox 2427 4352 2807 4434; x_wconf 69' lang='lat' dir='ltr'><strong>accingamur,</strong></span> <span class='ocrx_word' id='word_1_563' title='bbox 2832 4362 3017 4416; x_wconf 86' lang='lat' dir='ltr'><strong>tamen</strong></span> <span class='ocrx_word' id='word_1_564' title='bbox 3036 4363 3098 4416; x_wconf 87' lang='lat' dir='ltr'><strong>ut</strong></span> <span class='ocrx_word' id='word_1_565' title='bbox 3112 4359 3355 4418; x_wconf 88' lang='lat' dir='ltr'><strong>inermes</strong></span> 
     </span>
    </p>
   </div>
   <div class='ocr_carea' id='block_1_79' title="bbox 1760 4451 3356 4525">
    <p class='ocr_par' dir='ltr' id='par_1_79' title="bbox 1760 4451 3356 4525">
     <span class='ocr_line' id='line_1_79' title="bbox 1760 4451 3356 4525; baseline 0.001 -18"><span class='ocrx_word' id='word_1_566' title='bbox 1760 4452 2033 4525; x_wconf 78' lang='lat' dir='ltr'><strong>peregrini</strong></span> <span class='ocrx_word' id='word_1_567' title='bbox 2056 4453 2368 4509; x_wconf 86' lang='lat' dir='ltr'><strong>necessaria</strong></span> <span class='ocrx_word' id='word_1_568' title='bbox 2401 4452 2504 4509; x_wconf 90' lang='lat' dir='ltr'><strong>sibi</strong></span> <span class='ocrx_word' id='word_1_569' title='bbox 2543 4455 2880 4510; x_wconf 88' lang='lat' dir='ltr'><strong>mercantur.</strong></span> <span class='ocrx_word' id='word_1_570' title='bbox 2916 4451 3051 4520; x_wconf 64' lang='lat' dir='ltr'><strong>Quae</strong></span> <span class='ocrx_word' id='word_1_571' title='bbox 3079 4451 3230 4525; x_wconf 76' lang='lat' dir='ltr'><strong>cum]</strong></span> <span class='ocrx_word' id='word_1_572' title='bbox 3247 4467 3356 4509; x_wconf 84' lang='lat' dir='ltr'><strong>au-</strong></span> 
     </span>
    </p>
   </div>
   <div class='ocr_carea' id='block_1_80' title="bbox 1758 4542 3352 4618">
    <p class='ocr_par' dir='ltr' id='par_1_80' title="bbox 1758 4542 3352 4618">
     <span class='ocr_line' id='line_1_80' title="bbox 1758 4542 3352 4618; baseline -0.001 -15"><span class='ocrx_word' id='word_1_573' title='bbox 1758 4545 1932 4603; x_wconf 87' lang='lat' dir='ltr'><strong>disset</strong></span> <span class='ocrx_word' id='word_1_574' title='bbox 1954 4545 2039 4601; x_wconf 84' lang='lat' dir='ltr'><strong>vir</strong></span> <span class='ocrx_word' id='word_1_575' title='bbox 2071 4546 2505 4618; x_wconf 88' lang='lat' dir='ltr'><strong>circumspectus</strong></span> <span class='ocrx_word' id='word_1_576' title='bbox 2541 4555 2596 4602; x_wconf 91' lang='lat' dir='ltr'><strong>et</strong></span> <span class='ocrx_word' id='word_1_577' title='bbox 2625 4542 2829 4603; x_wconf 88' lang='lat' dir='ltr'><strong>divitiis</strong></span> <span class='ocrx_word' id='word_1_578' title='bbox 2865 4544 3352 4618; x_wconf 82' lang='lat' dir='ltr'><strong>Opulentissimus,</strong></span> 
     </span>
    </p>
   </div>
   <div class='ocr_carea' id='block_1_81' title="bbox 1759 4633 3353 4710">
    <p class='ocr_par' dir='ltr' id='par_1_81' title="bbox 1759 4633 3353 4710">
     <span class='ocr_line' id='line_1_81' title="bbox 1759 4633 3353 4710; baseline 0 -16"><span class='ocrx_word' id='word_1_579' title='bbox 1759 4639 1888 4694; x_wconf 84' lang='lat' dir='ltr'><strong>talia</strong></span> <span class='ocrx_word' id='word_1_580' title='bbox 1913 4639 2080 4695; x_wconf 88' lang='lat' dir='ltr'><strong>verba</strong></span> <span class='ocrx_word' id='word_1_581' title='bbox 2107 4639 2335 4710; x_wconf 88' lang='lat' dir='ltr'><strong>protulit</strong></span> <span class='ocrx_word' id='word_1_582' title='bbox 2356 4653 2540 4695; x_wconf 89' lang='lat' dir='ltr'><strong>coram</strong></span> <span class='ocrx_word' id='word_1_583' title='bbox 2572 4635 2831 4696; x_wconf 89' lang='lat' dir='ltr'><strong>omnibus</strong></span> <span class='ocrx_word' id='word_1_584' title='bbox 2855 4649 2871 4693; x_wconf 68' lang='grc' dir='ltr'><em>ε</em></span> <span class='ocrx_word' id='word_1_585' title='bbox 2909 4658 2928 4691; x_wconf 74' lang='grc' dir='ltr'><strong>ι</strong></span> <span class='ocrx_word' id='word_1_586' title='bbox 2946 4633 3164 4695; x_wconf 84' lang='lat' dir='ltr'><strong>Gratias</strong></span> <span class='ocrx_word' id='word_1_587' title='bbox 3186 4649 3353 4709; x_wconf 80' lang='lat' dir='ltr'><strong>agere</strong></span> 
     </span>
    </p>
   </div>
   <div class='ocr_carea' id='block_1_82' title="bbox 73 4725 3352 4807">
    <p class='ocr_par' dir='ltr' id='par_1_82' title="bbox 73 4725 3352 4807">
     <span class='ocr_line' id='line_1_82' title="bbox 73 4725 3352 4807; baseline 0.001 -29"><span class='ocrx_word' id='word_1_588' title='bbox 73 4725 396 4784; x_wconf 68' lang='lat' dir='ltr'><strong>seiunctum.</strong></span> <span class='ocrx_word' id='word_1_589' title='bbox 427 4726 495 4784; x_wconf 83' lang='lat' dir='ltr'><strong>Hi</strong></span> <span class='ocrx_word' id='word_1_590' title='bbox 527 4728 597 4784; x_wconf 89' lang='lat' dir='ltr'><strong>ad</strong></span> <span class='ocrx_word' id='word_1_591' title='bbox 624 4728 827 4784; x_wconf 90' lang='lat' dir='ltr'><strong>bellum</strong></span> <span class='ocrx_word' id='word_1_592' title='bbox 856 4727 1192 4783; x_wconf 91' lang='lat' dir='ltr'><strong>unanimiter</strong></span> <span class='ocrx_word' id='word_1_593' title='bbox 1223 4726 1512 4792; x_wconf 88' lang='lat' dir='ltr'><strong>incedunt,</strong></span> <span class='ocrx_word' id='word_1_594' title='bbox 1543 4740 1654 4780; x_wconf 91' lang='lat' dir='ltr'><strong>non</strong></span> <span class='ocrx_word' id='word_1_595' title='bbox 1686 4751 1733 4807; x_wconf 75' lang='grc' dir='ltr'><strong>ι)</strong></span> <span class='ocrx_word' id='word_1_596' title='bbox 1757 4731 1870 4788; x_wconf 80' lang='lat' dir='ltr'><strong>Deo</strong></span> <span class='ocrx_word' id='word_1_597' title='bbox 1919 4748 2112 4789; x_wconf 79' lang='lat' dir='ltr'><strong>omnes</strong></span> <span class='ocrx_word' id='word_1_598' title='bbox 2150 4731 2446 4801; x_wconf 73' lang='lat' dir='ltr'><strong>debemus,</strong></span> <span class='ocrx_word' id='word_1_599' title='bbox 2485 4725 2579 4804; x_wconf 79' lang='lat' dir='ltr'><strong>qui</strong></span> <span class='ocrx_word' id='word_1_600' title='bbox 2631 4731 2689 4788; x_wconf 80' lang='lat' dir='ltr'><strong>1n</strong></span> <span class='ocrx_word' id='word_1_601' title='bbox 2726 4747 2826 4789; x_wconf 77' lang='lat' dir='ltr'><strong>sua</strong></span> <span class='ocrx_word' id='word_1_602' title='bbox 2871 4735 3141 4803; x_wconf 79' lang='lat' dir='ltr'><strong>potestate</strong></span> <span class='ocrx_word' id='word_1_603' title='bbox 3187 4727 3352 4784; x_wconf 85' lang='lat' dir='ltr'><strong>habet</strong></span> 
     </span>
    </p>
   </div>
   <div class='ocr_carea' id='block_1_83' title="bbox 73 4815 1651 4890">
    <p class='ocr_par' dir='ltr' id='par_1_83' title="bbox 73 4815 1651 4890">
     <span class='ocr_line' id='line_1_83' title="bbox 73 4815 1651 4890; baseline -0.001 -18"><span class='ocrx_word' id='word_1_604' title='bbox 73 4817 388 4890; x_wconf 72' lang='lat' dir='ltr'><strong>ntl&#39;ugiant,</strong></span> <span class='ocrx_word' id='word_1_605' title='bbox 419 4821 515 4877; x_wconf 86' lang='lat' dir='ltr'><strong>sed</strong></span> <span class='ocrx_word' id='word_1_606' title='bbox 543 4831 603 4876; x_wconf 90' lang='lat' dir='ltr'><strong>ut</strong></span> <span class='ocrx_word' id='word_1_607' title='bbox 632 4830 729 4876; x_wconf 86' lang='lat' dir='ltr'><strong>aut</strong></span> <span class='ocrx_word' id='word_1_608' title='bbox 766 4821 1096 4886; x_wconf 87' lang='lat' dir='ltr'><strong>moriantur,</strong></span> <span class='ocrx_word' id='word_1_609' title='bbox 1121 4828 1218 4874; x_wconf 89' lang='lat' dir='ltr'><strong>aut</strong></span> <span class='ocrx_word' id='word_1_610' title='bbox 1237 4819 1480 4874; x_wconf 81' lang='lat' dir='ltr'><strong>vincant.</strong></span> <span class='ocrx_word' id='word_1_611' title='bbox 1512 4815 1651 4872; x_wconf 87' lang='lat' dir='ltr'><strong>Mori</strong></span> 
     </span>
    </p>
   </div>
   <div class='ocr_carea' id='block_1_84' title="bbox 71 4908 1652 4980">
    <p class='ocr_par' dir='ltr' id='par_1_84' title="bbox 71 4908 1652 4980">
     <span class='ocr_line' id='line_1_84' title="bbox 71 4908 1652 4980; baseline 0.002 -19"><span class='ocrx_word' id='word_1_612' title='bbox 71 4908 260 4980; x_wconf 82' lang='lat' dir='ltr'><strong>quippe</strong></span> <span class='ocrx_word' id='word_1_613' title='bbox 307 4911 521 4966; x_wconf 90' lang='lat' dir='ltr'><strong>nullum</strong></span> <span class='ocrx_word' id='word_1_614' title='bbox 571 4911 696 4979; x_wconf 69' lang='lat' dir='ltr'><strong>vita:</strong></span> <span class='ocrx_word' id='word_1_615' title='bbox 739 4911 970 4966; x_wconf 85' lang='lat' dir='ltr'><strong>credunt</strong></span> <span class='ocrx_word' id='word_1_616' title='bbox 1014 4909 1394 4980; x_wconf 83' lang='lat' dir='ltr'><strong>dispendium;</strong></span> <span class='ocrx_word' id='word_1_617' title='bbox 1435 4909 1652 4964; x_wconf 86' lang='lat' dir='ltr'><strong>vincere</strong></span> 
     </span>
    </p>
   </div>
   <div class='ocr_carea' id='block_1_85' title="bbox 69 4989 1654 5075">
    <p class='ocr_par' dir='ltr' id='par_1_85' title="bbox 69 4989 1654 5075">
     <span class='ocr_line' id='line_1_85' title="bbox 69 4989 1654 5075; baseline -0.001 -20"><span class='ocrx_word' id='word_1_618' title='bbox 69 5016 191 5057; x_wconf 83' lang='lat' dir='ltr'><strong>vero</strong></span> <span class='ocrx_word' id='word_1_619' title='bbox 219 5003 394 5060; x_wconf 85' lang='lat' dir='ltr'><strong>divini</strong></span> <span class='ocrx_word' id='word_1_620' title='bbox 423 4989 658 5060; x_wconf 85' lang='lat' dir='ltr'><strong>subsidii</strong></span> <span class='ocrx_word' id='word_1_621' title='bbox 683 5013 768 5060; x_wconf 88' lang='lat' dir='ltr'><strong>est</strong></span> <span class='ocrx_word' id='word_1_622' title='bbox 805 5003 1160 5075; x_wconf 70' lang='lat' dir='ltr'><strong>praeconium.</strong></span> <span class='ocrx_word' id='word_1_623' title='bbox 1187 5001 1252 5056; x_wconf 85' lang='lat' dir='ltr'><strong>Hi</strong></span> <span class='ocrx_word' id='word_1_624' title='bbox 1279 5017 1408 5074; x_wconf 78' lang='lat' dir='ltr'><strong>ergo</strong></span> <span class='ocrx_word' id='word_1_625' title='bbox 1445 5015 1654 5056; x_wconf 83' lang='lat' dir='ltr'><strong>memo-</strong></span> 
     </span>
    </p>
   </div>
   <div class='ocr_carea' id='block_1_86' title="bbox 66 5091 1648 5166">
    <p class='ocr_par' dir='ltr' id='par_1_86' title="bbox 66 5091 1648 5166">
     <span class='ocr_line' id='line_1_86' title="bbox 66 5091 1648 5166; baseline 0.001 -22"><span class='ocrx_word' id='word_1_626' title='bbox 66 5091 163 5146; x_wconf 84' lang='lat' dir='ltr'><strong>rati</strong></span> <span class='ocrx_word' id='word_1_627' title='bbox 186 5093 497 5166; x_wconf 84' lang='lat' dir='ltr'><strong>principes,</strong></span> <span class='ocrx_word' id='word_1_628' title='bbox 547 5109 690 5166; x_wconf 87' lang='lat' dir='ltr'><strong>quos</strong></span> <span class='ocrx_word' id='word_1_629' title='bbox 731 5109 896 5166; x_wconf 88' lang='lat' dir='ltr'><strong>supra</strong></span> <span class='ocrx_word' id='word_1_630' title='bbox 924 5092 1198 5160; x_wconf 79' lang='lat' dir='ltr'><strong>diximus,</strong></span> <span class='ocrx_word' id='word_1_631' title='bbox 1229 5092 1364 5148; x_wconf 87' lang='lat' dir='ltr'><strong>satis</strong></span> <span class='ocrx_word' id='word_1_632' title='bbox 1391 5105 1648 5163; x_wconf 76' lang='lat' dir='ltr'><strong>congruo</strong></span> 
     </span>
    </p>
   </div>
   <div class='ocr_carea' id='block_1_87' title="bbox 67 5183 1650 5256">
    <p class='ocr_par' dir='ltr' id='par_1_87' title="bbox 67 5183 1650 5256">
     <span class='ocr_line' id='line_1_87' title="bbox 67 5183 1650 5256; baseline 0.001 -20"><span class='ocrx_word' id='word_1_633' title='bbox 67 5190 299 5256; x_wconf 85' lang='lat' dir='ltr'><strong>tempore</strong></span> <span class='ocrx_word' id='word_1_634' title='bbox 327 5185 395 5244; x_wconf 89' lang='lat' dir='ltr'><strong>de</strong></span> <span class='ocrx_word' id='word_1_635' title='bbox 417 5187 539 5243; x_wconf 86' lang='lat' dir='ltr'><strong>suis</strong></span> <span class='ocrx_word' id='word_1_636' title='bbox 565 5186 788 5244; x_wconf 88' lang='lat' dir='ltr'><strong>sedibus</strong></span> <span class='ocrx_word' id='word_1_637' title='bbox 816 5186 1100 5254; x_wconf 90' lang='lat' dir='ltr'><strong>exierunt,</strong></span> <span class='ocrx_word' id='word_1_638' title='bbox 1129 5185 1225 5242; x_wconf 88' lang='lat' dir='ltr'><strong>sed</strong></span> <span class='ocrx_word' id='word_1_639' title='bbox 1255 5185 1436 5240; x_wconf 85' lang='lat' dir='ltr'><strong>natale</strong></span> <span class='ocrx_word' id='word_1_640' title='bbox 1470 5183 1650 5240; x_wconf 89' lang='lat' dir='ltr'><strong>solum</strong></span> 
     </span>
    </p>
   </div>
   <div class='ocr_carea' id='block_1_88' title="bbox 64 5275 1647 5350">
    <p class='ocr_par' dir='ltr' id='par_1_88' title="bbox 64 5275 1647 5350">
     <span class='ocr_line' id='line_1_88' title="bbox 64 5275 1647 5350; baseline -0.006 -12"><span class='ocrx_word' id='word_1_641' title='bbox 64 5285 438 5348; x_wconf 70' lang='lat' dir='ltr'><strong>transeuntes,</strong></span> <span class='ocrx_word' id='word_1_642' title='bbox 487 5280 710 5338; x_wconf 85' lang='lat' dir='ltr'><strong>diverso</strong></span> <span class='ocrx_word' id='word_1_643' title='bbox 753 5289 998 5350; x_wconf 85' lang='lat' dir='ltr'><strong>tempore</strong></span> <span class='ocrx_word' id='word_1_644' title='bbox 1026 5288 1081 5334; x_wconf 91' lang='lat' dir='ltr'><strong>et</strong></span> <span class='ocrx_word' id='word_1_645' title='bbox 1113 5278 1309 5334; x_wconf 88' lang='lat' dir='ltr'><strong>itinere</strong></span> <span class='ocrx_word' id='word_1_646' title='bbox 1348 5275 1647 5346; x_wconf 85' lang='lat' dir='ltr'><strong>transalpi-</strong></span> 
     </span>
    </p>
   </div>
   <div class='ocr_carea' id='block_1_89' title="bbox 61 5371 1646 5446">
    <p class='ocr_par' dir='ltr' id='par_1_89' title="bbox 61 5371 1646 5446">
     <span class='ocr_line' id='line_1_89' title="bbox 61 5371 1646 5446; baseline -0.002 -22"><span class='ocrx_word' id='word_1_647' title='bbox 61 5381 336 5441; x_wconf 63' lang='lat' dir='ltr'><strong>navgrunt.</strong></span> <span class='ocrx_word' id='word_1_648' title='bbox 390 5372 585 5446; x_wconf 87' lang='lat' dir='ltr'><strong>Itaque</strong></span> <span class='ocrx_word' id='word_1_649' title='bbox 625 5388 726 5444; x_wconf 88' lang='lat' dir='ltr'><strong>per</strong></span> <span class='ocrx_word' id='word_1_650' title='bbox 769 5371 978 5428; x_wconf 88' lang='lat' dir='ltr'><strong>Italiam</strong></span> <span class='ocrx_word' id='word_1_651' title='bbox 1031 5371 1134 5427; x_wconf 88' lang='lat' dir='ltr'><strong>iter</strong></span> <span class='ocrx_word' id='word_1_652' title='bbox 1181 5371 1540 5435; x_wconf 76' lang='lat' dir='ltr'><strong>direxerant,</strong></span> <span class='ocrx_word' id='word_1_653' title='bbox 1591 5373 1646 5422; x_wconf 92' lang='lat' dir='ltr'><strong>et</strong></span> 
     </span>
    </p>
   </div>
   <div class='ocr_carea' id='block_1_90' title="bbox 1758 4817 3346 4896">
    <p class='ocr_par' dir='ltr' id='par_1_90' title="bbox 1758 4817 3346 4896">
     <span class='ocr_line' id='line_1_90' title="bbox 1758 4817 3346 4896; baseline -0.006 -14"><span class='ocrx_word' id='word_1_654' title='bbox 1758 4827 2005 4882; x_wconf 62' lang='lat' dir='ltr'><strong>omnium</strong></span> <span class='ocrx_word' id='word_1_655' title='bbox 2045 4825 2210 4881; x_wconf 84' lang='lat' dir='ltr'><strong>corda</strong></span> <span class='ocrx_word' id='word_1_656' title='bbox 2252 4833 2305 4881; x_wconf 90' lang='lat' dir='ltr'><strong>et</strong></span> <span class='ocrx_word' id='word_1_657' title='bbox 2351 4840 2463 4896; x_wconf 92' lang='lat' dir='ltr'><strong>quo</strong></span> <span class='ocrx_word' id='word_1_658' title='bbox 2488 4820 2605 4880; x_wconf 91' lang='lat' dir='ltr'><strong>vult</strong></span> <span class='ocrx_word' id='word_1_659' title='bbox 2647 4821 2873 4878; x_wconf 85' lang='lat' dir='ltr'><strong>inclinat</strong></span> <span class='ocrx_word' id='word_1_660' title='bbox 2896 4829 2982 4877; x_wconf 88' lang='lat' dir='ltr'><strong>ea.</strong></span> <span class='ocrx_word' id='word_1_661' title='bbox 3027 4819 3164 4887; x_wconf 82' lang='lat' dir='ltr'><strong>Quis</strong></span> <span class='ocrx_word' id='word_1_662' title='bbox 3199 4817 3346 4874; x_wconf 72' lang='lat' dir='ltr'><strong>enim</strong></span> 
     </span>
    </p>
   </div>
   <div class='ocr_carea' id='block_1_91' title="bbox 1759 4910 3345 4988">
    <p class='ocr_par' dir='ltr' id='par_1_91' title="bbox 1759 4910 3345 4988">
     <span class='ocr_line' id='line_1_91' title="bbox 1759 4910 3345 4988; baseline -0.004 -15"><span class='ocrx_word' id='word_1_663' title='bbox 1759 4926 1839 4974; x_wconf 89' lang='lat' dir='ltr'><strong>tot</strong></span> <span class='ocrx_word' id='word_1_664' title='bbox 1863 4917 2156 4988; x_wconf 82' lang='lat' dir='ltr'><strong>principes,</strong></span> <span class='ocrx_word' id='word_1_665' title='bbox 2179 4925 2390 4972; x_wconf 88' lang='lat' dir='ltr'><strong>tantum</strong></span> <span class='ocrx_word' id='word_1_666' title='bbox 2422 4915 2684 4988; x_wconf 92' lang='lat' dir='ltr'><strong>populum</strong></span> <span class='ocrx_word' id='word_1_667' title='bbox 2710 4915 2765 4968; x_wconf 92' lang='lat' dir='ltr'><strong>in</strong></span> <span class='ocrx_word' id='word_1_668' title='bbox 2798 4927 2969 4968; x_wconf 91' lang='lat' dir='ltr'><strong>unum</strong></span> <span class='ocrx_word' id='word_1_669' title='bbox 3005 4910 3345 4983; x_wconf 76' lang='lat' dir='ltr'><strong>collegiSset,</strong></span> 
     </span>
    </p>
   </div>
   <div class='ocr_carea' id='block_1_92' title="bbox 1754 4997 3347 5076">
    <p class='ocr_par' dir='ltr' id='par_1_92' title="bbox 1754 4997 3347 5076">
     <span class='ocr_line' id='line_1_92' title="bbox 1754 4997 3347 5076; baseline -0.004 -14"><span class='ocrx_word' id='word_1_670' title='bbox 1754 5007 1862 5064; x_wconf 88' lang='lat' dir='ltr'><strong>nisi</strong></span> <span class='ocrx_word' id='word_1_671' title='bbox 1927 5023 2117 5063; x_wconf 89' lang='lat' dir='ltr'><strong>eorum</strong></span> <span class='ocrx_word' id='word_1_672' title='bbox 2168 5006 2446 5062; x_wconf 89' lang='lat' dir='ltr'><strong>mentibus</strong></span> <span class='ocrx_word' id='word_1_673' title='bbox 2481 5005 2597 5076; x_wconf 87' lang='lat' dir='ltr'><strong>ipse</strong></span> <span class='ocrx_word' id='word_1_674' title='bbox 2645 5001 3045 5074; x_wconf 67' lang='lat' dir='ltr'><strong>praesideret?»</strong></span> <span class='ocrx_word' id='word_1_675' title='bbox 3074 4997 3347 5070; x_wconf 68' lang='lat' dir='ltr'><strong>Cumque</strong></span> 
     </span>
    </p>
   </div>
   <div class='ocr_carea' id='block_1_93' title="bbox 1753 5091 3342 5171">
    <p class='ocr_par' dir='ltr' id='par_1_93' title="bbox 1753 5091 3342 5171">
     <span class='ocr_line' id='line_1_93' title="bbox 1753 5091 3342 5171; baseline -0.006 -16"><span class='ocrx_word' id='word_1_676' title='bbox 1753 5100 2052 5171; x_wconf 88' lang='lat' dir='ltr'><strong>requireret</strong></span> <span class='ocrx_word' id='word_1_677' title='bbox 2094 5099 2240 5170; x_wconf 88' lang='lat' dir='ltr'><strong>quod</strong></span> <span class='ocrx_word' id='word_1_678' title='bbox 2280 5097 2498 5170; x_wconf 83' lang='lat' dir='ltr'><strong>signum</strong></span> <span class='ocrx_word' id='word_1_679' title='bbox 2535 5098 2810 5168; x_wconf 75' lang='lat' dir='ltr'><strong>gestarent</strong></span> <span class='ocrx_word' id='word_1_680' title='bbox 2847 5091 3301 5166; x_wconf 74' lang='lat' dir='ltr'><strong>peregrinationis</strong></span> <span class='ocrx_word' id='word_1_681' title='bbox 3325 5133 3342 5160; x_wconf 89' lang='lat'><strong>,</strong></span> 
     </span>
    </p>
   </div>
   <div class='ocr_carea' id='block_1_94' title="bbox 1753 5184 3342 5262">
    <p class='ocr_par' dir='ltr' id='par_1_94' title="bbox 1753 5184 3342 5262">
     <span class='ocr_line' id='line_1_94' title="bbox 1753 5184 3342 5262; baseline -0.003 -16"><span class='ocrx_word' id='word_1_682' title='bbox 1753 5191 1976 5259; x_wconf 90' lang='lat' dir='ltr'><strong>didicit,</strong></span> <span class='ocrx_word' id='word_1_683' title='bbox 2013 5192 2158 5262; x_wconf 82' lang='lat' dir='ltr'><strong>quod</strong></span> <span class='ocrx_word' id='word_1_684' title='bbox 2188 5199 2284 5245; x_wconf 87' lang='lat' dir='ltr'><strong>aut</strong></span> <span class='ocrx_word' id='word_1_685' title='bbox 2325 5189 2382 5244; x_wconf 91' lang='lat' dir='ltr'><strong>in</strong></span> <span class='ocrx_word' id='word_1_686' title='bbox 2423 5187 2599 5243; x_wconf 80' lang='lat' dir='ltr'><strong>fronte</strong></span> <span class='ocrx_word' id='word_1_687' title='bbox 2627 5185 2800 5242; x_wconf 87' lang='lat' dir='ltr'><strong>autin</strong></span> <span class='ocrx_word' id='word_1_688' title='bbox 2851 5184 3092 5256; x_wconf 87' lang='lat' dir='ltr'><strong>scapulis</strong></span> <span class='ocrx_word' id='word_1_689' title='bbox 3131 5184 3342 5241; x_wconf 77' lang='lat' dir='ltr'><strong>dextris</strong></span> 
     </span>
    </p>
   </div>
   <div class='ocr_carea' id='block_1_95' title="bbox 1754 5277 3343 5356">
    <p class='ocr_par' dir='ltr' id='par_1_95' title="bbox 1754 5277 3343 5356">
     <span class='ocr_line' id='line_1_95' title="bbox 1754 5277 3343 5356; baseline -0.004 -18"><span class='ocrx_word' id='word_1_690' title='bbox 1754 5283 1972 5356; x_wconf 78' lang='lat' dir='ltr'><strong>signum</strong></span> <span class='ocrx_word' id='word_1_691' title='bbox 2025 5283 2274 5338; x_wconf 82' lang='lat' dir='ltr'><strong>ferebant</strong></span> <span class='ocrx_word' id='word_1_692' title='bbox 2328 5284 2566 5348; x_wconf 59' lang='lat' dir='ltr'><strong>sanctzej</strong></span> <span class='ocrx_word' id='word_1_693' title='bbox 2596 5278 2797 5335; x_wconf 89' lang='lat' dir='ltr'><strong>crucis.</strong></span> <span class='ocrx_word' id='word_1_694' title='bbox 2851 5277 2992 5333; x_wconf 84' lang='lat' dir='ltr'><strong>Cum</strong></span> <span class='ocrx_word' id='word_1_695' title='bbox 3057 5291 3191 5334; x_wconf 83' lang='lat' dir='ltr'><strong>vero</strong></span> <span class='ocrx_word' id='word_1_696' title='bbox 3243 5292 3343 5340; x_wconf 57' lang='lat' dir='ltr'><strong>per</strong></span> 
     </span>
    </p>
   </div>
   <div class='ocr_carea' id='block_1_96' title="bbox 1752 5369 3342 5446">
    <p class='ocr_par' dir='ltr' id='par_1_96' title="bbox 1752 5369 3342 5446">
     <span class='ocr_line' id='line_1_96' title="bbox 1752 5369 3342 5446; baseline -0.003 -15"><span class='ocrx_word' id='word_1_697' title='bbox 1752 5391 1977 5446; x_wconf 84' lang='lat' dir='ltr'><strong>campos</strong></span> <span class='ocrx_word' id='word_1_698' title='bbox 2021 5375 2379 5431; x_wconf 88' lang='lat' dir='ltr'><strong>discurrendo</strong></span> <span class='ocrx_word' id='word_1_699' title='bbox 2401 5371 2612 5442; x_wconf 67' lang='lat' dir='ltr'><strong>[bellico</strong></span> <span class='ocrx_word' id='word_1_700' title='bbox 2657 5369 2783 5428; x_wconf 87' lang='lat' dir='ltr'><strong>usui</strong></span> <span class='ocrx_word' id='word_1_701' title='bbox 2816 5385 2874 5428; x_wconf 87' lang='lat' dir='ltr'><strong>se</strong></span> <span class='ocrx_word' id='word_1_702' title='bbox 2899 5379 3251 5439; x_wconf 88' lang='lat' dir='ltr'><strong>exercerent,</strong></span> <span class='ocrx_word' id='word_1_703' title='bbox 3285 5377 3342 5426; x_wconf 88' lang='lat' dir='ltr'><strong>et</strong></span> 
     </span>
    </p>
   </div>
   <div class='ocr_carea' id='block_1_97' title="bbox 58 5461 3338 5542">
    <p class='ocr_par' dir='ltr' id='par_1_97' title="bbox 58 5461 3338 5542">
     <span class='ocr_line' id='line_1_97' title="bbox 58 5461 3338 5542; baseline -0.002 -20"><span class='ocrx_word' id='word_1_704' title='bbox 58 5468 231 5525; x_wconf 75' lang='lat' dir='ltr'><strong>divina</strong></span> <span class='ocrx_word' id='word_1_705' title='bbox 255 5481 538 5542; x_wconf 69' lang='lat' dir='ltr'><strong>praeeunte</strong></span> <span class='ocrx_word' id='word_1_706' title='bbox 569 5471 825 5528; x_wconf 89' lang='lat' dir='ltr'><strong>custodia</strong></span> <span class='ocrx_word' id='word_1_707' title='bbox 846 5513 860 5538; x_wconf 93' lang='lat'><strong>,</strong></span> <span class='ocrx_word' id='word_1_708' title='bbox 883 5468 1125 5526; x_wconf 89' lang='lat' dir='ltr'><strong>secundo</strong></span> <span class='ocrx_word' id='word_1_709' title='bbox 1151 5468 1382 5541; x_wconf 87' lang='lat' dir='ltr'><strong>appulsu</strong></span> <span class='ocrx_word' id='word_1_710' title='bbox 1411 5466 1646 5523; x_wconf 88' lang='lat' dir='ltr'><strong>Romam</strong></span> <span class='ocrx_word' id='word_1_711' title='bbox 1749 5466 1992 5539; x_wconf 84' lang='lat' dir='ltr'><strong>jocando</strong></span> <span class='ocrx_word' id='word_1_712' title='bbox 2018 5466 2256 5523; x_wconf 88' lang='lat' dir='ltr'><strong>invicem</strong></span> <span class='ocrx_word' id='word_1_713' title='bbox 2283 5465 2420 5521; x_wconf 84' lang='lat' dir='ltr'><strong>alter</strong></span> <span class='ocrx_word' id='word_1_714' title='bbox 2451 5463 2508 5521; x_wconf 92' lang='lat' dir='ltr'><strong>in</strong></span> <span class='ocrx_word' id='word_1_715' title='bbox 2533 5463 2768 5520; x_wconf 88' lang='lat' dir='ltr'><strong>alterum</strong></span> <span class='ocrx_word' id='word_1_716' title='bbox 2799 5463 2988 5520; x_wconf 83' lang='lat' dir='ltr'><strong>hastas</strong></span> <span class='ocrx_word' id='word_1_717' title='bbox 3020 5461 3338 5532; x_wconf 85' lang='lat' dir='ltr'><strong>vibrarent,</strong></span> 
     </span>
    </p>
   </div>
   <div class='ocr_carea' id='block_1_98' title="bbox 1118 5600 2270 5662">
    <p class='ocr_par' dir='ltr' id='par_1_98' title="bbox 1118 5600 2270 5662">
     <span class='ocr_line' id='line_1_98' title="bbox 1118 5600 2270 5662; baseline -0.003 0"><span class='ocrx_word' id='word_1_718' title='bbox 1118 5605 1428 5662; x_wconf 61' lang='lat' dir='ltr'><strong>NOTULIE</strong></span> <span class='ocrx_word' id='word_1_719' title='bbox 1467 5600 1923 5662; x_wconf 81' lang='lat' dir='ltr'><strong>MARGINALES</strong></span> <span class='ocrx_word' id='word_1_720' title='bbox 1958 5600 2072 5659; x_wconf 88' lang='lat' dir='ltr'><strong>MS.</strong></span> <span class='ocrx_word' id='word_1_721' title='bbox 2113 5601 2270 5660; x_wconf 88' lang='lat' dir='ltr'><strong>COD.</strong></span> 
     </span>
    </p>
   </div>
   <div class='ocr_carea' id='block_1_99' title="bbox 57 5697 1585 5771">
    <p class='ocr_par' dir='ltr' id='par_1_99' title="bbox 57 5697 1585 5771">
     <span class='ocr_line' id='line_1_99' title="bbox 57 5697 1585 5771; baseline 0 -19"><span class='ocrx_word' id='word_1_722' title='bbox 57 5701 130 5771; x_wconf 66' lang='grc' dir='ltr'><strong>(ζ)</strong></span> <span class='ocrx_word' id='word_1_723' title='bbox 163 5699 376 5771; x_wconf 74' lang='lat' dir='ltr'><strong>Agmina</strong></span> <span class='ocrx_word' id='word_1_724' title='bbox 406 5697 774 5765; x_wconf 87' lang='lat' dir='ltr'><strong>conveniunt,</strong></span> <span class='ocrx_word' id='word_1_725' title='bbox 800 5699 1398 5771; x_wconf 84' lang='lat' dir='ltr'><strong>numerosaquemillia</strong></span> <span class='ocrx_word' id='word_1_726' title='bbox 1430 5697 1585 5752; x_wconf 79' lang='lat' dir='ltr'><strong>ﬁunt.</strong></span> 
     </span>
    </p>
   </div>
   <div class='ocr_carea' id='block_1_100' title="bbox 163 5769 1476 5844">
    <p class='ocr_par' dir='ltr' id='par_1_100' title="bbox 163 5769 1476 5844">
     <span class='ocr_line' id='line_1_100' title="bbox 163 5769 1476 5844; baseline -0.006 -13"><span class='ocrx_word' id='word_1_727' title='bbox 163 5769 388 5840; x_wconf 75' lang='lat' dir='ltr'><strong>Quonim</strong></span> <span class='ocrx_word' id='word_1_728' title='bbox 416 5784 476 5831; x_wconf 77' lang='lat' dir='ltr'><strong>tu</strong></span> <span class='ocrx_word' id='word_1_729' title='bbox 516 5785 805 5844; x_wconf 79' lang='lat' dir='ltr'><strong>proceres,</strong></span> <span class='ocrx_word' id='word_1_730' title='bbox 836 5770 884 5844; x_wconf 81' lang='lat' dir='ltr'><strong>si</strong></span> <span class='ocrx_word' id='word_1_731' title='bbox 909 5769 1218 5844; x_wconf 69' lang='lat' dir='ltr'><strong>consociari</strong></span> <span class='ocrx_word' id='word_1_732' title='bbox 1243 5770 1476 5844; x_wconf 76' lang='lat' dir='ltr'><strong>videres,</strong></span> 
     </span>
    </p>
   </div>
   <div class='ocr_carea' id='block_1_101' title="bbox 154 5838 1627 5920">
    <p class='ocr_par' dir='ltr' id='par_1_101' title="bbox 154 5838 1627 5920">
     <span class='ocr_line' id='line_1_101' title="bbox 154 5838 1627 5920; baseline -0.003 -21"><span class='ocrx_word' id='word_1_733' title='bbox 154 5838 347 5920; x_wconf 52' lang='lat' dir='ltr'><strong>agmen</strong></span> <span class='ocrx_word' id='word_1_734' title='bbox 379 5856 499 5903; x_wconf 85' lang='lat' dir='ltr'><strong>tam</strong></span> <span class='ocrx_word' id='word_1_735' title='bbox 516 5838 816 5916; x_wconf 75' lang='lat' dir='ltr'><strong>pulcrum,</strong></span> <span class='ocrx_word' id='word_1_736' title='bbox 852 5842 1104 5900; x_wconf 78' lang='lat' dir='ltr'><strong>laudares</strong></span> <span class='ocrx_word' id='word_1_737' title='bbox 1121 5841 1244 5913; x_wconf 88' lang='lat' dir='ltr'><strong>jure</strong></span> <span class='ocrx_word' id='word_1_738' title='bbox 1270 5840 1627 5911; x_wconf 88' lang='lat' dir='ltr'><strong>sepulchrum</strong></span> 
     </span>
    </p>
   </div>
   <div class='ocr_carea' id='block_1_102' title="bbox 1863 5662 3188 5779">
    <p class='ocr_par' dir='ltr' id='par_1_102' title="bbox 1863 5662 3188 5779">
     <span class='ocr_line' id='line_1_102' title="bbox 1863 5662 3188 5779; baseline 0.002 0"><span class='ocrx_word' id='word_1_739' title='bbox 1863 5695 1977 5779; x_wconf 67' lang='lat' dir='ltr'><strong>Ero.</strong></span> <span class='ocrx_word' id='word_1_740' title='bbox 1992 5711 2103 5779; x_wconf 73' lang='grc' dir='ltr'><strong>ειμο</strong></span> <span class='ocrx_word' id='word_1_741' title='bbox 2127 5695 2206 5752; x_wconf 81' lang='lat' dir='ltr'><strong>sic</strong></span> <span class='ocrx_word' id='word_1_742' title='bbox 2227 5692 2460 5779; x_wconf 66' lang='lat' dir='ltr'><strong>patriam</strong></span> <span class='ocrx_word' id='word_1_743' title='bbox 2490 5701 2812 5764; x_wconf 62' lang='lat' dir='ltr'><strong>respuerant</strong></span> <span class='ocrx_word' id='word_1_744' title='bbox 2839 5689 3188 5779; x_wconf 62' lang='grc' dir='ltr'><strong>ρῖορπξεεῐις--</strong></span> 
     </span>
    </p>
   </div>
   <div class='ocr_carea' id='block_1_103' title="bbox 1750 5759 3333 5842">
    <p class='ocr_par' dir='ltr' id='par_1_103' title="bbox 1750 5759 3333 5842">
     <span class='ocr_line' id='line_1_103' title="bbox 1750 5759 3333 5842; baseline -0.013 -13"><span class='ocrx_word' id='word_1_745' title='bbox 1750 5767 1828 5842; x_wconf 83' lang='grc'><strong>(8)</strong></span> <span class='ocrx_word' id='word_1_746' title='bbox 1866 5759 2152 5826; x_wconf 73' lang='lat' dir='ltr'><strong>Circuiens</strong></span> <span class='ocrx_word' id='word_1_747' title='bbox 2199 5759 2467 5826; x_wconf 78' lang='lat' dir='ltr'><strong>mundum</strong></span> <span class='ocrx_word' id='word_1_748' title='bbox 2515 5759 2708 5822; x_wconf 79' lang='lat' dir='ltr'><strong>rumor</strong></span> <span class='ocrx_word' id='word_1_749' title='bbox 2754 5759 2900 5820; x_wconf 73' lang='lat' dir='ltr'><strong>venit</strong></span> <span class='ocrx_word' id='word_1_750' title='bbox 2939 5759 3018 5816; x_wconf 70' lang='lat' dir='ltr'><strong>&#39;ad</strong></span> <span class='ocrx_word' id='word_1_751' title='bbox 3055 5759 3333 5842; x_wconf 55' lang='lat' dir='ltr'><strong>Boamun-</strong></span> 
     </span>
    </p>
   </div>
   <div class='ocr_carea' id='block_1_104' title="bbox 3081 5829 3258 5901">
    <p class='ocr_par' dir='ltr' id='par_1_104' title="bbox 3081 5829 3258 5901">
     <span class='ocr_line' id='line_1_104' title="bbox 3081 5829 3258 5901; baseline -0.011 -17"><span class='ocrx_word' id='word_1_752' title='bbox 3081 5829 3258 5901; x_wconf 76' lang='grc' dir='ltr'><strong>[άιιι.</strong></span> 
     </span>
    </p>
   </div>
  </div>
