3846 6306
509 372 631 470 6919‘

1081 396 1174 455 AD
1208 384 1665 454 GODEFRIDUM
1700 378 1999 440 APPEND.
2038 379 2103 433 n.
2183 408 2212 427 ρ
2249 354 2519 437 noscit.
2562 377 2653 434 on
2686 374 2913 433 BELLO
2948 371 3182 434 saeuo

3661 373 3755 441 α

509 540 705 589 omnes
753 536 865 584 una
910 531 1043 575 voce
1089 513 1402 571 clamabant
1439 507 1681 563 dicentes
1712 520 1726 557 :
1755 500 1899 556 Deus
1944 495 2096 589 vult,
2127 506 2172 566 Α
2197 497 2462 570 quoniam
2501 497 2697 554 ducem
2733 495 3088 554 Godefridum
3132 507 3267 551 eum
3316 500 3511 559 magno
3543 493 3746 553 exercitu

511 618 657 683 Deus
692 613 801 670 uult
836 610 971 685 (9).
997 606 1064 662 Et
1086 608 1191 662 hoc
1224 605 1443 676 signum
1466 597 1588 655 erat
1619 593 1801 651 bellici
1840 587 2101 685 clamoris

512 710 781 782 ipsorum.
818 683 887 759 Et
930 717 1052 757 cum
1091 699 1206 753 haec
1247 696 1448 753 iterum
1491 688 1707 745 audiret
1740 685 1825 743 vir
1858 683 2101 756 prudens

512 773 569 858 et
598 808 781 856 mente
805 798 1013 865 capax,
1029 788 1204 861 magis
1245 792 1317 841 ac“
1337 785 1512 855 magis
1553 781 1609 835 in
1644 778 1756 834 Deo
1775 773 2099 841 exsultavit,

513 891 644 963 quia
688 887 872 943 omnia
914 884 1031 938 haec
1051 895 1163 936 non
1206 885 1419 932 tantum
1461 886 1585 929 esse
1609 869 1898 939 hominum
1938 865 2103 933 intel-

515 960 666 1038 lexit.
710 979 814 1047 Qui
848 976 1030 1033 statim
1073 970 1264 1028 eadem
1300 966 1589 1024 devotione
1617 976 1921 1019 succensus
1947 1001 1963 1028 ,
1992 960 2104 1015 duo

515 1075 756 1145 pretiosa
802 1067 966 1140 pallia
999 1064 1167 1139 jussit
1196 1061 1412 1128 afferri,
1442 1066 1499 1121 et
1535 1072 1604 1114 ex
1642 1055 1723 1112 eis
1766 1052 2104 1125 corrigiatim

516 1166 706 1222 incisis
754 1158 1012 1233 praecepit
1055 1171 1250 1213 cruces
1296 1153 1436 1209 fieri.
1481 1149 1637 1206 Tunc
1679 1147 1820 1204 dixit
1847 1145 2105 1203 omnibus

514 1268 624 1323 tam
690 1254 998 1329 pedi-tibus,
1051 1264 1221 1323 quam
1289 1245 1558 1303 militibus
1604 1258 1618 1298 :
1676 1261 1695 1293 ε
1728 1239 1788 1295 Si
1843 1239 1970 1311 quis
2022 1247 2108 1295 est

513 1332 761 1411 deihi,
792 1342 1057 1415 jungatur
1082 1339 1238 1395 mihi.
1267 1336 1313 1392 Ο
1348 1336 1552 1392 milites
1577 1346 1725 1388 nune
1754 1331 1890 1399 mei,
1932 1336 2129 1385 estote

513 1438 642 1508 Dei;
669 1430 723 1493 et
748 1426 893 1505 viam
914 1434 1093 1492 sancti
1116 1429 1357 1503 sepulcri
1384 1443 1601 1485 mecum
1632 1426 1889 1497 incipite;
1912 1433 1967 1480 et
1985 1437 2110 1494 qua:

513 1544 637 1586 mea
662 1536 822 1595 sunt,
849 1536 909 1583 ut
935 1535 1151 1593 vestra,
1184 1524 1470 1589 assumite.
1505 1520 1699 1576 Nonne
1725 1527 1780 1575 et
1802 1532 1906 1574 nos
1933 1516 2108 1571 Fran-

512 1619 718 1699 cigena:
761 1622 995 1681 sumus?
1018 1619 1209 1676 Nonne
1259 1623 1514 1689 parentes
1556 1611 1731 1669 nostri
1763 1609 1831 1667 de
1873 1608 2108 1664 Francia

514 1723 806 1783 venerunt,
818 1722 875 1791 ct
891 1723 1097 1770 terram
1112 1712 1274 1766 hamc
1295 1705 1627 1763 militaribus
1640 1702 1810 1760 armis
1824 1701 1929 1758 sibi
1944 1715 2107 1756 man-

515 1808 874 1884 cipaveru‘nt?
901 1806 1049 1862 Proh
1103 1802 1370 1860 dedecus!
1416 1799 1579 1855 Ibunt
1617 1793 2014 1866 consanguinei
2051 1800 2108 1847 et

2198 601 2538 665 repererunt.
2570 589 2727 646 Flere
2749 605 2861 661 pm
2906 589 3115 662 gaudio
3133 589 3314 660 potuit
3333 620 3349 645 ν
3385 579 3480 648 qui
3506 577 3749 653 nugonem

2199 683 2454 756 Magnum
2497 694 2552 740 et
2593 682 2795 739 ducem
2832 680 3191 739 Godefridum
3229 680 3469 736 invisam
3492 675 3749 743 amplexari

2199 788 2255 835 et
2275 779 2512 834 osculari
2535 777 2839 848 conspexit.
2863 776 3075 832 Gaudet
3093 773 3253 846 litigo
3272 773 3509 844 Magnus
3528 779 3594 820 se
3614 765 3755 823 fuisse

2201 872 2686 943 comprehensum,
2718 872 2851 940 quia
2892 869 3097 923 meruit
3138 867 3243 922 hac
3276 872 3567 921 occasnoue
3592 859 3751 915 adduci

2202 965 2270 1021 ad
2289 964 2483 1021 ducem
2506 960 2884 1019 Godefridum.
2909 959 3122 1017 Gaudet
3140 960 3273 1025 dux,
3296 958 3427 1029 quia
3450 950 3758 1027 amplum-ir.

2203 1056 2603 1131 praeordialem
2648 1055 2889 1110 amicum
2932 1063 2988 1109 et
3032 1062 3326 1124 cognatum
3351 1044 3751 1107 suumettsiit'a

2204 1148 2593 1221 generositatis
2632 1146 2871 1203 nobilem
2900 1144 3102 1201 virum.
3135 1141 3350 1198 Gaudet
3378 1141 3513 1197 alter
3541 1142 3588 1195 in
3609 1142 3752 1198 altero

2205 1243 2526 1298 innovatum
2572 1239 2753 1295 [tellus
2788 1236 3073 1303 amicitiaa,
3124 1243 3181 1291 et
3222 1235 3466 1305 antiqua
3510 1231 3753 1289 familiari-

2205 1332 2333 1388 tatis
2351 1371 2366 1398 ,
2390 1340 2446 1386 et
2471 1330 2620 1403 quod
2649 1331 2706 1384 in
2732 1339 2970 1400 utroque
3005 1327 3182 1382 inerat
3225 1325 3444 1397 insigne
3477 1326 3632 1380 dctus
3649 1341 3755 1396 pro-

2206 1424 2414 1480 bitatis.
2459 1422 2520 1477 in
2564 1422 2650 1478 his
2691 1421 2909 1478 duobus
2946 1418 3084 1476 viris
3114 1418 3297 1491 primo
3336 1417 3618 1473 denudata:
3648 1428 3757 1473 sunt

2206 1515 2427 1572 fraudes
2477 1512 2859 1586 imperatoris,
2915 1512 3064 1569 sicut
3110 1526 3241 1567 mox
3290 1510 3571 1582 sequlntia
3608 1510 3758 1566 decla-

2207 1610 2427 1666 rabunt.
2458 1607 2582 1664 Dux
2610 1606 2942 1664 Godefridus
2978 1606 3131 1676 prior
3163 1602 3413 1659 omnium
3462 1600 3757 1659 Francorum

2206 1701 2517 1773 principum
2549 1697 3088 1769 Constantinopolim
3134 1695 3285 1751 venit
3321 1694 3433 1765 (l5
3454 1693 3498 1765 ),
3533 1694 3649 1764 quia
3680 1709 3760 1763 per

2208 1792 2545 1867 Hungariam
2585 1801 2739 1849 recto
2766 1806 2961 1864 gressu
2998 1789 3279 1862 profectus
3308 1797 3416 1845 est.
3451 1786 3603 1844 Venit
3625 1798 3763 1858 atque

517 1873 717 1959 fratres
746 1886 920 1957 nostri
953 1898 1075 1954 sine
1105 1895 1266 1957 nobis
1299 1893 1369 1949 ad
1397 1888 1725 1963 martyrium
1747 1929 1763 1956 ,
1786 1888 1899 1942 imo
1922 1886 1989 1941 ad
2009 1900 2108 1955 pa-
2138 1873 2181 1929 Β
2206 1885 2425 1942 duobus
2462 1885 2659 1941 diebus
2709 1892 2836 1940 ante
2880 1881 3073 1940 Natale
3132 1881 3383 1949 Domini,
3426 1889 3483 1937 et
3534 1881 3763 1952 unanimi

516 1996 798 2075 radisuml
852 1993 913 2049 ln
980 1990 1239 2047 omnibus
1303 1986 1506 2042 futuris
1561 1981 1899 2053 temporibus
1948 1979 2110 2035 debet

517 2072 722 2147 ascribi
761 2094 874 2144 tam
926 2086 1086 2141 nobis
1110 2097 1278 2154 quam
1322 2080 1512 2135 liberis
1557 2075 1765 2131 nostris
1790 2072 2109 2144 retrograda

516 2181 688 2237 animi
715 2179 922 2251 inopia,
942 2176 1010 2244 si,
1031 2175 1193 2230 nobis
1211 2170 1554 2236 absentibus,
1579 2167 1761 2239 agitur
1780 2165 1899 2220 haec
1923 2162 2131 2219 divina

516 2273 778 2330 militia.»
821 2270 969 2343 (.10)
1005 2266 1073 2322 Et
1105 2279 1232 2322 cum
1271 2264 1360 2320 his
1409 2270 1465 2317 et
1504 2259 1628 2330 istis
1669 2256 1947 2314 similibus
1985 2253 2110 2309 ani-

517 2382 708 2422 mosus
744 2363 903 2419 miles
942 2362 1107 2419 linem
1148 2358 1339 2424 daret,
1370 2367 1565 2409 omnes
1612 2350 1989 2406 clamaverunt
2014 2345 2112 2418 qui

516 2462 779 2527 aderant,
829 2456 1118 2512 dicentes:
1149 2448 1297 2505 «Nos
1330 2456 1510 2503 tecum
1561 2443 1766 2500 ibimus
1801 2448 1858 2497 et
1903 2440 2113 2509 absque

518 2548 904 2607 retractatione
931 2547 1077 2603 viam
1104 2543 1162 2598 S.
1189 2539 1425 2612 sepulcri
1455 2535 1850 2611 promittimus.
1883 2551 1902 2586 ι
1955 2530 2115 2587 Tune

517 2644 604 2699 vir
653 2643 873 2715 sapiens
916 2646 973 2694 et
1013 2644 1229 2693 astutus
1271 2646 1464 2689 cruces
1495 2628 1665 2702 jussit
1696 2624 1921 2693 afferri,
1972 2637 2114 2695 quas

518 2722 854 2814 praeceperat
900 2730 1037 2785 fieri.
1095 2727 1309 2795 Quibus
1361 2723 1544 2779 allatis
1603 2720 1771 2777 dixit:
1806 2716 1909 2772 «Si
1952 2714 2114 2773 dictis

519 2808 720 2885 vestris
797 2822 946 2880 facta
1012 2822 1172 2876 unire
1242 2818 1450 2885 vultis,
1510 2815 1579 2871 de
1659 2810 1920 2868 crucibus
1988 2808 2133 2866 istis’

506 2918 907 2990 unusquisque
957 2914 1191 2989 accipiat
1235 2927 1403 2971 unam
1447 2924 1461 2964 :
1502 2916 1559 2965 et
1603 2903 1849 2977 acceptio
1897 2901 2112 2971 crucis,

2206 1976 2381 2032 voluit
2405 1982 2563 2032 extra
2607 1974 2834 2043 urbem;
2878 1974 2974 2029 sed
3025 1973 3293 2037 subdolus
3330 1974 3619 2043 imperator
3658 1988 3765 2029 eum

2208 2065 2352 2122 inter
2399 2064 2718 2122 suburbana
2749 2065 2978 2136 recepit.
3024 2062 3279 2135 Speravit
3311 2064 3536 2121 interim
3569 2064 3671 2120 dux
3704 2063 3766 2118 ibi

2209 2174 2467 2217 securum
2493 2173 2782 2215 remanere
2809 2173 2870 2216 se
2889 2173 3055 2231 posse
3072 2199 3087 2227 ,
3115 2159 3296 2215 donec
3314 2158 3565 2214 venirent
3581 2159 3767 2231 agmina

2210 2253 2391 2325 gentis
2428 2251 2802 2325 Francigeme.
2834 2250 2901 2307 Et
2928 2266 3054 2307 cum
3082 2266 3178 2321 per
3208 2252 3425 2321 aliquot
3444 2250 3561 2306 dies
3586 2251 3770 2306 mittere

2210 2346 2379 2419 capit
2442 2345 2673 2402 clientes
2724 2359 2858 2401 suos
2901 2345 2971 2400 ad
3024 2344 3398 2416 comparanda
3457 2345 3769 2411 necessaria,

2211 2438 2439 2496 dolosus
2480 2439 2779 2510 imperator
2810 2438 3072 2509 prmeepit
3091 2436 3420 2509 Turcopolis
3447 2438 3563 2494 suis
3589 2446 3642 2494 et
3665 2437 3771 2493 Pin-

2213 2528 2532 2599 cenatibus,
2578 2537 2641 2585 ut
2685 2530 2744 2585 in
2790 2528 3007 2588 insidiis
3045 2530 3211 2603 positi
3251 2544 3353 2587 eos
3396 2529 3702 2587 invaderent
3729 2539 3773 2586 et

2212 2623 2549 2682 occiderent.
2606 2620 2716 2681 Sed
2764 2618 3068 2681 Balduinns
3113 2623 3284 2680 frater
3335 2623 3531 2691 ducis,
3584 2624 3773 2695 cognita

2213 2731 2407 2775 eorum
2455 2718 2699 2788 nequitia
2719 2760 2735 2785 ,
2777 2716 3071 2774 occultavit
3106 2733 3201 2786 se,
3231 2721 3289 2773 et
3311 2731 3505 2773 eorum
3544 2716 3777 2788 pravenit

2213 2808 2447 2866 insidias
2466 2852 2483 2877 ,
2509 2808 2640 2881 quia
2667 2809 2798 2865 dum
2831 2823 2965 2865 suos
2989 2819 3353 2880 sequerentur
3380 2817 3445 2864 ut
3470 2810 3775 2873 occiderent,

2214 2900 2346 2960 forti
2371 2902 2559 2959 animo
2587 2912 2643 2960 et
2670 2901 2815 2959 virili
2838 2902 3045 2974 impetu
3074 2903 3196 2960 illos
3223 2902 3466 2970 invasit,
3490 2913 3549 2959 et
3571 2902 3669 2969 sic,
3686 2900 3777 2957 Deo

521 3004 749 3081 sponsio
799 3008 902 3063 via:
948 3006 1059 3067 fiat.
1086 3024 1105 3058 ι
1162 3002 1320 3059 Tunc
1362 3010 1443 3058 tot
1475 2999 1544 3056 ad
1568 2996 1946 3069 accipiendum
1989 3008 2131 3050 conv
2210 2995 2461 3067 iuvante,
2486 2995 2613 3052 illos
2642 2996 2949 3067 superavit,
2986 2996 3284 3067 pluresque
3299 3010 3369 3051 ex
3389 2996 3473 3053 eis
3505 2996 3779 3059 occidit,et

522 3072 822 3171 duxerunt,
872 3108 933 3154 ut
977 3097 1164 3181 multis
1201 3096 1448 3167 accipere
1483 3089 1865 3158 affectantibus
1920 3099 2115 3143 cruces
2216 3096 2407 3159 captos
2465 3086 2620 3143 fratri
2684 3104 2787 3145 suo
2849 3088 2977 3145 duci
3028 3072 3399 3160 praesente/vit.
3460 3087 3619 3155 Quod
3676 3101 3789 3142 cam-

523 3194 819 3261 defuerint.
868 3174 1166 3249 Audientes
1215 3189 1381 3260 igitur
1438 3186 1729 3258 optimates
1777 3179 2015 3252 Apuliae,
2058 3185 2115 3235 et
2141 3240 2186 3261 Α
2218 3180 2464 3237 audisset
2499 3180 2817 3252 imperator,
2847 3170 3025 3236 iratus
3048 3186 3133 3237 est
3150 3222 3181 3261 ,Α
3202 3180 3330 3252 quia
3356 3180 3614 3252 cognovit
3632 3178 3778 3235 denu-

523 3282 816 3357 Calabrire,
840 3295 895 3342 et
932 3283 1169 3355 Sici,li;e(
1190 3240 1862 3354 if),quod‘Boamundu.s
1887 3240 2111 3330 crucem
2138 3240 2187 3305 ο
2215 3271 2374 3330 datas
2400 3287 2524 3329 esse
2552 3240 2784 3329 [Francis
2800 3240 3126 3329 dolositates
3149 3240 3462 3329 etinsidias
3491 3287 3643 3329 suae.
3664 3271 3779 3339 Dux,

522 3383 627 3447 vim
644 3379 705 3437 S.
728 3377 962 3450 sepulcri
979 3376 1320 3447 susceperat,
1348 3387 1541 3426 omnes
1560 3370 1629 3425 ad
1647 3383 1772 3425 eum
1795 3365 2111 3435 confluunt,
2216 3373 2279 3422 ut
2332 3366 2590 3439 cognovit
2629 3381 2758 3438 erga
2800 3380 2862 3422 se
2895 3380 3137 3436 suosque
3181 3366 3574 3437 impemtoran
3611 3365 3781 3421 iratum
3842 3374 3843 3379 ‘

523 3485 579 3532 et
631 3484 742 3544 tam
813 3471 1120 3536 mediocres
1160 3483 1327 3540 quam
1391 3472 1669 3537 potentes,
1728 3475 1889 3518 senes
1943 3473 2113 3530 quam
2215 3472 2374 3528 esse,
2419 3457 2488 3515 de
2537 3457 2872 3514 suburbanis
2913 3456 3064 3513 illius
3091 3455 3292 3523 exivit,
3334 3465 3394 3512 et
3428 3465 3590 3512 extra
3621 3455 3781 3511 urbani

517 3567 752 3641 juvenes
769 3606 787 3636 ,
820 3563 967 3622 servi
995 3577 1163 3634 quam
1186 3556 1430 3627 domini,
1471 3556 1615 3613 viam
1642 3553 1699 3609 Si
1725 3552 1958 3625 sepulcri
1980 3564 2113 3622 pro-

523 3658 770 3723 mittunt.
801 3654 922 3710 Dux
961 3669 1094 3709 vero
1120 3650 1333 3722 Apulia:
1354 3691 1371 3719 ,
1411 3656 1474 3704 ut
1493 3649 1610 3703 haec
1635 3645 1773 3702 vidit
1804 3653 1859 3701 et
1886 3643 2112 3710 audivit,

524 3751 878 3822 vehementer
921 3744 1187 3817 indoluit,
1233 3742 1498 3814 quoniam
1530 3739 1682 3796 solus
1704 3752 1831 3793 cum
1870 3734 2115 3808 parvulis

526 3859 595 3907 ac
611 3840 933 3915 mulieribus
947 3840 1005 3897 in
1019 3839 1223 3907 ducatu
1241 3850 1344 3892 suo
1365 3847 1650 3889 remanere
1664 3828 2112 3903 pcrtimuit(12).

2216 3566 2318 3609 sua
2364 3550 2600 3607 tentoria
2627 3549 2765 3605 ﬁxit.
2813 3547 2960 3606 Sole
2991 3548 3159 3622 igitur
3192 3547 3515 3617 occidente,
3547 3564 3668 3605 cum
3695 3562 3784 3604 uox

2218 3641 2566 3715 superficiem
2611 3650 2774 3697 teme
2818 3631 3224 3712 coopcmisset,
3273 3639 3543 3697 satellites
3580 3640 3784 3712 impera-

2216 3736 2356 3792 toris
2391 3741 2863 3806 praesumpserunt
2913 3733 3110 3791 ducem
3157 3732 3446 3801 invadere,
3493 3733 3593 3791 sed
3630 3730 3787 3789 divina

2218 3825 2646 3884 adminiculante
2674 3825 2882 3897 gratia,
2915 3840 3044 3905 cum
3083 3839 3289 3898 magno
3324 3826 3412 3882 sui
3444 3825 3784 3891 detrimento,

528 3934 662 4001 Erat
682 3928 687 3935 ’
705 3945 889 4005 autem
925 3932 1038 3989 dux
1069 3929 1158 3997 ille
1188 3927 1358 3984 frater
1388 3922 1726 3992 Boamundi,
1762 3931 1991 3993 uterque
2018 3919 2117 3975 filii
2217 3919 2311 3975 vix
2332 3933 2529 3974 manus
2558 3917 2707 3975 illius
2733 3926 3030 3989 potuerunt
3048 3917 3299 3977 evadere.
3320 3917 3476 3973 Alter
3497 3917 3558 3973 in
3586 3917 3785 3973 alterum

529 4028 737 4085 scilicet
768 4024 995 4094 Roberti
1033 4020 1367 4087 Wischardi.
1408 4018 1551 4074 Dum
1590 4031 1723 4073 vero
1766 4013 2129 4070 Boamundus
2219 4012 2417 4079 irruit,
2464 4010 2561 4067 sed
2608 4010 2748 4066 alter
2781 4009 2956 4066 altero
2981 4011 3335 4081 praestantior
3368 4008 3477 4065 fuit
3506 4028 3522 4079 ;
3548 4010 3661 4066 dux
3683 4022 3787 4065 cum

529 4122 649 4183 viae.
687 4118 1000 4191 necessaria
1051 4115 1294 4189 paravit,
1346 4113 1701 4186 Francigenat
1743 4110 1812 4165 ad
1872 4106 2119 4164 marinos
2220 4104 2339 4162 suis
2374 4103 2634 4161 frendens
2663 4111 2728 4159 ut
2758 4102 2875 4171 leo,
2908 4102 3033 4160 illos
3070 4103 3183 4159 cito
3207 4100 3499 4174 dispersit,
3529 4111 3592 4160 et
3613 4110 3787 4172 septem

530 4223 725 4288 portus
764 4210 1167 4285 pervenerunt:
1205 4207 1298 4279 alii
1340 4205 1550 4263 scilicet
1597 4203 1667 4258 ad
1712 4197 2119 4267 Brundosium,
2222 4200 2456 4268 occidit,
2508 4206 2737 4255 caeteros
2779 4198 3065 4254 insecutus
3094 4210 3274 4267 usque
3296 4172 3383 4251 ‘ad
3428 4205 3652 4267 portam
3681 4192 3789 4251 civis
3842 4172 3843 4223 Ῑ

533 4287 627 4375 alii
648 4298 718 4371 ad
738 4301 947 4372 Barim,
973 4301 1067 4357 alii
1087 4299 1376 4377 Otrentum
1400 4311 1553 4352 mare
1575 4293 1937 4348 intraverunt.
1963 4287 2127 4361 ilugo
2224 4293 2352 4349 tatis
2396 4291 2570 4365 (14).
2626 4291 2749 4349 Dux
2807 4291 2935 4346 inde
2977 4291 3047 4346 ad
3087 4289 3323 4345 tenteria
3365 4304 3469 4347 sua
3510 4288 3677 4346 rediit
3706 4294 3791 4356 ,εἰ
3842 4332 3843 4353 1

534 4386 805 4475 siquidem
847 4395 1076 4468 Magnus
1090 4398 1115 4470 ί
1147 4400 1203 4449 et
1230 4389 1532 4469 Wilermus
1566 4383 1821 4441 Marchisi
1849 4384 2030 4452 ﬁlius,
2066 4382 2123 4439 in
2224 4387 2444 4458 quietus
2464 4383 2722 4455 deinceps
2749 4383 2974 4439 mansit.
2997 4380 3300 4453 Imperator
3323 4389 3510 4438 autem
3536 4377 3789 4454 paccmab
3842 4382 3843 4395 ‘

532 4472 695 4562 portu
712 4484 906 4557 Bai-im
930 4502 1083 4543 mare
1110 4486 1490 4559 intraverunt,
1515 4488 1571 4536 et
1590 4476 1923 4549 Durachium
1949 4490 2129 4547 usque
2224 4492 2291 4536 eo
2325 4493 2421 4550 per
2441 4476 2809 4534 internuntios
2830 4474 3118 4547 quasivit,
3141 4482 3198 4531 et
3215 4474 3441 4531 tandem
3468 4472 3789 4546 impetravit,

534 4582 947 4656 navigaverunt.
970 4578 1129 4663 Quos
1156 4585 1217 4635 ut
1258 4573 1615 4653 deprehendit
1658 4571 1850 4641 adesse
1877 4570 1989 4626 dux
2016 4568 2128 4625 loci
2155 4625 2201 4663 η
2226 4580 2281 4629 et
2309 4579 2612 4628 mercatum
2640 4570 2691 4626 ei
2719 4578 2776 4627 et
2816 4584 2932 4627 suae
2954 4567 3131 4641 genti,
3159 4568 3303 4625 sicut
3330 4568 3386 4624 in
3416 4567 3647 4625 civitate
3667 4573 3791 4633 erat,

534 4678 711 4748 illius,
734 4687 926 4749 captus
949 4671 1521 4749 iniquacogitatione,
1547 4669 1670 4725 illos
1692 4664 2126 4737 continuojussit
2155 4663 2199 4682 ν
2223 4666 2428 4723 habere
2449 4663 2716 4736 permisit.
3674 4692 3675 4695 η

535 4769 896 4844 apprehendi,
918 4776 975 4824 et
994 4768 1365 4840 apprehensos
1393 4759 1921 4831 Censtantinopolim
1942 4767 2126 4815 tratus
2294 4755 2507 4813 interea
2535 4772 2670 4827 gens
2703 4754 2983 4812 Gallicana
3004 4754 3172 4826 erepit
3193 4752 3643 4825 appropinquare
3657 4750 3795 4823 regis

535 4842 685 4921 duci.
725 4854 982 4945 Edixerat
1015 4860 1165 4935 enim
1200 4856 1464 4916 subdolus
1504 4856 1822 4928 imperator,
1850 4862 1911 4909 ut
1932 4867 2124 4911 omnes
2224 4850 2453 4915 civitati,
2490 4847 2781 4904 Podiensis
2809 4848 3139 4918 episcopus,
3178 4853 3443 4916 etcomes
3486 4842 3555 4902 S.
3584 4842 3792 4915 Egidii,

536 4939 1018 5028 Hierosoljmitani
1043 4961 1387 5026 caperentur,
1409 4958 1465 5006 et
1483 4949 1550 5009 ad
1581 4966 1641 5006 se
1662 4949 2124 5019 Constantinopo—
2222 4941 2452 5003 comites
2515 4959 2737 5016 quoque
2794 4940 3244 5009 Northmannus,
3295 4939 3693 5005 Flandrensis,
3748 4942 3795 4993 et

537 5049 635 5105 lim
674 5048 1024 5109 ducerentur.
1072 5043 1304 5113 Volebat
1350 5058 1616 5114 namque,
1671 5052 1731 5097 ut
1777 5056 1969 5098 omnes
2014 5040 2125 5097 sibi
2226 5036 2538 5110 Stephanus
2578 5034 2961 5092 Camutensis.
3006 5032 3149 5088 Dum
3196 5033 3319 5089 hinc
3347 5032 3543 5103 itaque
3563 5036 3792 5103 aguntur,

538 5142 858 5209 fidelitatem
885 5137 1155 5206 facerent,
1179 5150 1239 5194 ut
1263 5136 1471 5203 scilicet
1498 5152 1661 5193 suum
1687 5144 1835 5192 esset
1858 5119 2133 5207 quidquid
2227 5143 2289 5192 ut
2315 5133 2587 5201 diximus,
2655 5145 2922 5206 prospero
2966 5143 3229 5186 successu
3274 5118 3637 5184 Boamundus
3668 5124 3793 5193 Apll-

540 5250 639 5306 per
685 5248 841 5297 arma
894 5231 1259 5311 acquirerem.
1314 5228 1422 5286 Sed
1463 5228 1828 5301 deprehensi,
1883 5242 2009 5283 eum
2054 5225 2124 5282 ad
2226 5224 2447 5293 liensis,
2476 5223 2685 5296 paratis
2713 5222 2832 5278 suis
2870 5218 3158 5291 stipendiis
3186 5227 3344 5274 tanto
3367 5216 3561 5274 itineri
3586 5227 3794 5285 oeagri-

541 5328 737 5391 urbem
759 5308 1057 5396 venerunt,
1082 5337 1342 5397 magnum
1361 5323 1466 5395 sibi
1492 5321 1749 5378 solatium
1772 5320 2124 5387 invenerunt,
2227 5316 2477 5385 entibus,
2522 5327 2676 5371 mare
2705 5311 2930 5368 intravit
2960 5353 2976 5380 ,
3004 5318 3061 5366 et
3099 5309 3156 5365 in
3175 5308 3495 5384 Bulgu'ialn
3539 5308 3793 5380 reﬂuum

1562 5564 1566 5567 _
1605 5472 1913 5560 uorum
1947 5496 2399 5575 MARGINALES
2431 5478 2548 5552 ns.
2584 5493 2743 5552 con.

543 5648 626 5720 (9)
661 5644 773 5707 Sed
788 5649 886 5715 tali
904 5655 1034 5705 voto
1059 5646 1386 5717 clammatur
1405 5652 1626 5720 pectore
1654 5650 1791 5720 toto.
1942 5687 1961 5720 _.

544 5709 663 5792 illi)
695 5709 900 5792 liilitia:
923 5709 1158 5792 pondus,
1182 5709 1291 5771 non
1316 5709 1525 5792 respuit
1548 5715 1651 5770 hoc
1681 5709 2050 5792 Boamundus.

544 5783 659 5862 (ll)
680 5791 836 5862 lluic
864 5783 1113 5862 Calabrae
1140 5795 1325 5858 gentes
1354 5783 1637 5862 sociantur
1661 5794 1716 5862 et
1738 5783 2085 5862 Apulienses.

546 5852 658 5923 διεδ
680 5852 790 5923 Ἠὶε
819 5862 940 5920 fieri
970 5852 1190 5926 σιτεὰυί
1221 5857 1425 5931 sprevit
1450 5866 1630 5917 tamen
1653 5852 1862 5925 Apuliae
1890 5852 2022 5910 dux.

2230 5635 2344 5711 (15)
2378 5633 2500 5690 Dux
2532 5645 2753 5705 quoque
2787 5629 3023 5701 regalem
3067 5626 3280 5699 primus
3316 5625 3687 5711 pervenitnad
3713 5638 3790 5677 ur-

2232 5777 2281 5850 (Ι
2291 5734 2348 5849 ί)
2376 5732 2735 5850 Erancigenaa
2760 5780 2970 5850 gentes,
2999 5766 3319 5850 urbi.simul
3341 5694 3732 5850 adveni-eilia.

2376 5839 2665 5915 Terrorem
2692 5839 2893 5919 mortis,
2909 5839 3254 5913 pretendunt
3275 5839 3681 5909 committas.
