3846 6306
127 417 202 481 6'31
869 400 1159 512 nonnum
1193 424 1503 485 normam
1541 427 1722 486 msr.
1761 427 2130 486 lllEROSOL.
2167 462 2238 472 —
2272 430 2400 488 LIB.
2444 429 2506 487 η.

3199 439 3304 502 (5ῗὲ

127 537 483 606 transnavlgavit
500 576 518 601 ,
543 550 677 594 cum
701 551 804 608 quo
821 546 967 593 erant
985 537 1308 623 nobilissimi
1331 537 1623 623 principes,
1656 548 1702 608 Λ
1729 543 1898 611 mine,
1925 543 2245 602 conductitii
2278 547 2480 604 milites
2524 562 2717 607 sumus
2742 553 3105 623 imperatoris,
3129 564 3184 614 et
3206 557 3310 615 do-

119 623 376 680 Tancredus
409 623 674 681 videlicet
705 641 1048 697 nepos'suus,
1086 611 1167 684 et'
1183 611 1442 688 Marcbisi
1478 611 1624 690 illius

120 712 367 770 Richardus
384 714 642 784 princeps
656 756 673 783 ,
689 723 740 770 et
764 729 944 772 omnes
963 725 1121 774 terrae
1138 709 1287 776 illius
1310 721 1621 793 optimates,

115 803 186 863 sui
207 811 386 858 tantam
405 802 457 857 in
479 804 740 876 Bulgaria
786 806 988 876 copiam
1025 818 1373 879 repererunt,
1409 811 1556 883 quod
1589 829 1620 869 a

115 899 254 953 lructu
301 894 588 965 frumenti,
625 897 760 953 vini
810 907 862 955 et
906 899 1006 956 olei
1039 913 1231 958 omnes
1278 903 1622 975 multiplicati

111 995 222 1042 sunt.
279 984 468 1042 Deinde
529 987 914 1047 descendentes
971 990 1026 1047 in
1077 992 1277 1050 vallem
1329 994 1622 1053 Androno-

108 1078 216 1149 polis
259 1077 325 1132 ibi
373 1079 554 1134 tandiu
623 1081 1026 1152 quietaveruut,
1085 1100 1376 1159 quousque
1425 1102 1621 1146 omnes

105 1167 551 1228 transfretavcrunt.
579 1171 697 1230 Illic
723 1174 1068 1235 Boamundus
1093 1178 1178 1235 vir
1200 1180 1443 1252 prudens
1468 1197 1622 1238 com-

102 1271 294 1318 minatus
331 1273 408 1320 est
435 1281 536 1322 suo
567 1269 862 1339 exercitui,
894 1286 962 1327 ne
992 1271 1193 1344 aliquis
1213 1273 1420 1346 aliquid
1452 1275 1616 1332 alicui

98 1354 313 1410 violenter
333 1354 583 1426 auferret,
607 1360 702 1416 sed
737 1362 1115 1434 unusquisque
1141 1365 1286 1436 quod
1318 1365 1423 1422 sibi
1465 1382 1619 1424 com-

96 1455 267 1526 petebat
285 1467 629 1526 compararet.
657 1457 896 1516 Tandem
941 1464 1312 1522 transfretatis
1334 1467 1616 1538 omnibus,

93 1545 135 1598 in
154 1544 414 1614 quamdam
455 1547 727 1619 regionem
763 1551 1136 1622 intraverunt,
1159 1555 1320 1614 bonis
1356 1558 1616 1617 omnibus

90 1637 399 1705 uberrimam,
453 1648 506 1695 et
548 1641 614 1696 de
656 1642 787 1698 villa
826 1644 882 1700 in
921 1645 1141 1715 villam,
1191 1647 1259 1704 de
1297 1651 1522 1708 castello
1558 1651 1615 1708 in

87 1727 354 1797 castellum,
395 1730 465 1786 de
505 1733 721 1790 civitate
765 1736 822 1791 in
855 1735 1127 1794 civitatem
1171 1743 1613 1815 progredientes,

86 1820 333 1876 Castoriam
368 1835 759 1896 pervenerunt,
790 1837 845 1884 et
880 1829 955 1886 ibi
991 1833 1392 1892 solemnitatem
1422 1836 1612 1895 Domi-

85 1911 189 1968 nica:
207 1910 503 1972 Nativitatis
530 1918 978 1990 celebraverunt,
1009 1931 1065 1979 et
1087 1940 1186 1996 per
1205 1925 1324 1983 dies
1343 1928 1612 1999 plurimos

84 2003 386 2062 dictavean
443 2007 692 2081 Cumque
744 2010 926 2070 forum
974 2031 1161 2072 rerum
1219 2019 1496 2078 venalium
1542 2023 1612 2078 ab

82 2093 299 2168 indigenis
328 2113 665 2172 quaererent,
697 2105 992 2177 impetrare
1031 2110 1429 2182 nequiverunt,
1467 2127 1611 2186 quo-

81 2193 189 2246 niam
208 2210 382 2251 omnes
409 2211 439 2251 a
467 2195 608 2255 facie
636 2214 827 2258 eorum
849 2203 1257 2277 confugiebant,
1278 2207 1613 2267 aestimantes

81 2293 254 2342 nostros
274 2289 560 2347 advenisse
580 2307 747 2349 causa
774 2297 1074 2367 praedandi,
1092 2307 1146 2355 et
1169 2314 1387 2358 omnem
1411 2311 1612 2360 terram

78 2376 404 2447 depopulandi.
457 2380 586 2438 Ideo
635 2387 812 2442 nostri
868 2391 1137 2462 compulsi
1186 2401 1317 2449 sunt
1363 2394 1610 2452 ciborum

76 2469 246 2542 inopia,
301 2490 492 2546 rapere
515 2520 532 2545 ,
588 2479 818 2550 praedari
837 2524 854 2549 ,
910 2498 1067 2552 oves,
1125 2484 1323 2543 boves.
1376 2488 1608 2560 arietes,

75 2564 239 2632 hircos,
275 2583 488 2638 porcos,
537 2578 594 2626 et
616 2587 740 2642 qua:
786 2574 913 2629 usui
958 2575 1211 2632 ciborum
1240 2587 1399 2634 erant
1434 2579 1606 2635 utilia.

74 2652 241 2726 Egressi
264 2658 325 2712 de
345 2656 600 2715 Castoria
623 2673 890 2720 venerunt
926 2664 981 2720 in
1023 2663 1396 2740 Pelagoniam,
1423 2669 1479 2725 in
1501 2687 1610 2743 qua

72 2757 157 2802 erat
179 2749 432 2819 quoddam
463 2763 712 2810 castrum
751 2757 1154 2828 haereticorum,
1193 2763 1340 2833 quod
1372 2764 1612 2837 undique

70 2841 260 2931 aggressi
277 2853 419 2910 sunt,
436 2855 490 2900 et
501 2848 858 2917 crepantibus
871 2851 1140 2920 buccinis,
1156 2863 1211 2909 et
1229 2856 1353 2912 telis
1366 2872 1433 2914 ac
1451 2873 1508 2914 sa
1515 2860 1612 2931 git-

70 2930 120 2986 tis
129 2932 402 2992 volantibus
415 2937 567 2995 illico
577 2951 859 3011 ceperunt,
873 2952 927 2999 et
939 2945 1228 3016 spoliatum
1241 2950 1496 3009 omnibus
1513 2930 1611 3008 bo-

70 3025 146 3093 nis,
163 3043 266 3083 cum
283 3030 394 3086 suis
410 3032 820 3093 habitatoribus
840 3037 950 3109 igni
970 3039 1413 3100 combusscrunt.
1427 3043 1537 3102 Nec
1556 3046 1611 3104 id

67 3116 125 3172 eis
142 3119 311 3189 injuria
325 3125 582 3198 contigit,
602 3127 729 3198 quia
748 3127 966 3184 illorum
995 3131 1332 3190 detestabilis
1354 3151 1536 3194 sermo
1551 3147 1612 3195 ut

1723 635 1905 691 nativa
1950 645 2138 693 nostra
2186 639 2488 710 promereri
2535 640 2606 695 ab
2640 656 2706 698 eo
2741 641 3137 702 desideramus.
3186 649 3310 716 Quo

1721 723 1773 780 ei
1816 724 1948 781 libet
1989 726 2262 795 vadimus,
2294 728 2441 799 quod
2472 729 2715 800 praecipit
2758 729 3011 800 facimus,
3040 743 3094 790 et
3133 737 3308 808 magis

1721 815 1800 872 illi
1829 833 1995 889 quam
2020 817 2132 876 Deo
2154 820 2461 877 obedimus.
2509 819 2621 879 Nos
2667 832 2849 878 tamen
2876 824 3015 879 bene
3041 839 3308 898 recogno-

1720 907 1929 964 scimus
1960 908 2108 980 quod
2143 911 2314 982 magis
2346 919 2550 982 oportet
2576 911 2784 968 obedire
2807 911 2917 967 Deo
2945 930 3104 984 quam
3131 915 3306 968 homi-

1718 997 1874 1054 nibus
1903 999 2042 1071 (Act.
2070 1016 2125 1068 v,
2151 1000 2264 1070 29).
2291 1000 2589 1072 Imperator
2612 1013 2801 1058 noster
2821 1003 2998 1074 magis
3019 1005 3306 1074 perhorre-

1717 1089 1824 1146 scit
1849 1090 2066 1161 agmina
2111 1099 2290 1147 vestra
2333 1107 2498 1161 quam
2546 1094 2671 1149 caeli
2718 1093 2946 1149 fulmina
2969 1135 2984 1162 ,
3017 1095 3146 1166 quia
3181 1096 3306 1165 plus

1719 1181 1971 1254 intelligit
1996 1197 2096 1240 vos
2123 1183 2257 1239 velle
2280 1199 2404 1240 eum
2430 1200 2599 1257 regno
2619 1202 2722 1243 suo
2743 1187 2959 1258 privare
2977 1203 3141 1258 quam
3165 1190 3305 1244 velle

1716 1275 2074 1346 peregrinari,
2100 1286 2155 1331 et
2176 1275 2297 1332 ideo
2325 1292 2435 1332 non
2465 1287 2646 1334 cessat
2673 1279 2876 1334 malum
2899 1295 3025 1350 erga
3057 1295 3154 1336 vos
3180 1296 3301 1336 ma-

1715 1364 1949 1420 cbinari.
1976 1364 2081 1422 Sed
2112 1375 2334 1438 propter
2367 1367 2558 1436 Deum,
2588 1370 2748 1441 'cujus
2778 1372 3050 1442 peregrini
3076 1380 3131 1427 et
3157 1373 3303 1427 mili-

1715 1465 1796 1514 tes
1824 1458 1978 1526 estis,
2009 1459 2308 1530 dignemini
2334 1462 2508 1516 nostri
2536 1463 2801 1519 misereri.
2837 1483 2856 1516 i
2893 1463 2970 1518 Ad
2998 1465 3113 1520 haec
3134 1465 3300 1520 verba

1714 1555 1800 1610 vir
1822 1555 2072 1628 egregius
2091 1565 2403 1612 commotus
2432 1557 2624 1628 spiritu
2655 1558 3064 1626 misericordia,
3095 1559 3301 1614 condo—

1714 1649 1867 1704 navit
1899 1649 1980 1706 eis
2015 1649 2183 1706 vitam
2214 1659 2269 1705 et
2309 1648 2510 1706 illmsos
2554 1650 2704 1706 abire
2748 1650 3017 1721 permisit.
3066 1650 3133 1705 Et
3165 1651 3300 1706 dum

1713 1741 1795 1797 sic
1837 1742 1962 1798 laeto
2005 1758 2265 1800 successu
2300 1743 2637 1814 procederet,
2667 1743 3003 1800 Francorum
3029 1747 3302 1799 exercitus

1713 1831 2243 1906 Constantinopolim
2273 1841 2632 1901 convenerat,
2662 1840 2717 1888 ct
2739 1833 2859 1903 ejus
2889 1833 3304 1904 praestolabatur

1714 1926 2028 1996 adventum,
2069 1943 2233 2000 quem
2265 1927 2514 1984 audierat
2553 1927 2664 1982 illic
2708 1927 2763 1981 in
2813 1927 3066 1997 proximo
3099 1925 3301 1980 allutu-

1714 2039 1859 2079 rum.
1899 2021 2200 2093 Imperator
2230 2028 2412 2075 autem
2460 2034 2584 2075 cum
2615 2019 2845 2074 vidisset
2867 2025 3048 2074 castra
3072 2016 3167 2072 Dei
3201 2031 3306 2072 un-

1713 2115 1878 2188 dique
1901 2115 1981 2171 sic
2004 2113 2244 2181 allluere,
2267 2121 2320 2169 et
2344 2113 2646 2168 exercitum
2678 2127 2861 2176 suum,
2888 2126 3052 2183 quem
3080 2111 3306 2166 miserat

1713 2215 1901 2264 contra
1931 2204 2332 2273 Boamundum,
2362 2204 2441 2261 sic
2471 2205 2796 2276 dissipatum
2819 2218 2961 2271 esse,
2991 2211 3304 2259 exaestuans

1713 2299 1899 2356 animo
1923 2298 2089 2370 cmpit
2132 2296 2429 2354 admodum
2458 2295 2691 2363 anxiari,
2727 2303 2784 2350 et
2825 2293 3183 2350 fraudulentae
3210 2305 3306 2349 co-

1713 2391 2002 2463 gitationes
2023 2391 2078 2446 in
2113 2390 2278 2448 corde
2307 2390 2429 2461 ejus
2458 2387 2667 2445 versari
2699 2386 2836 2460 (l6).
2864 2385 3105 2443 Tandem
3131 2385 3303 2442 simu-

1713 2485 1844 2541 lavit
1871 2484 2139 2552 animum,
2169 2491 2224 2540 et
2252 2483 2412 2554 quasi
2439 2482 2508 2538 de
2541 2481 2662 2552 ejus
2688 2479 2923 2536 adventu
2949 2477 3271 2550 gratulabun
3289 2506 3303 2518 -

1712 2580 1817 2638 dus
1862 2587 2026 2648 esset,
2052 2579 2205 2636 misit
2252 2580 2467 2636 obviam
2517 2576 2858 2644 Boamundo,
2908 2575 3003 2646 qui
3048 2588 3174 2630 eum
3202 2587 3303 2644 per

1714 2671 1960 2729 civitates
1988 2681 2043 2728 ct
2070 2671 2292 2728 castella
2323 2685 2422 2728 sua
2451 2676 2733 2742 gratanter
2774 2667 3113 2738 exciperent,
3143 2671 3195 2720 et
3231 2663 3300 2719 ad

1714 2779 1773 2821 se
1796 2780 1922 2821 cum
1945 2761 2358 2820 honoriﬁcentia
2381 2763 2766 2818 conducerent.
2795 2757 3147 2828 Compertum
3169 2770 3300 2811 vero

1714 2860 1889 2916 nostri
1938 2858 2216 2915 habebant
2267 2857 2414 2930 quod
2462 2872 2572 2912 non
2624 2855 2820 2928 agebat
2857 2853 2962 2909 hoc
3007 2852 3074 2908 de
3113 2853 3299 2922 aliquo

1713 2951 1976 3008 famulatu
2005 2951 2260 3009 amicitiae
2279 2993 2294 3018 ,
2323 2951 2419 3008 sed
2463 2957 2671 3006 secreta
2700 2948 2885 3005 cordis
2926 2945 3295 3002 simulatione.

1712 3046 1985 3121 Indigena:
2031 3055 2211 3102 autem
2263 3053 2420 3100 terra:
2477 3042 2642 3110 illius,
2685 3049 2909 3113 accepto
2955 3036 3298 3110 imperatoris

1713 3140 1962 3213 imperio,
1986 3137 2303 3196 catervatim
2325 3136 2493 3193 victui
2518 3135 2828 3191 necessaria
2856 3131 3211 3188 conferebant
3241 3136 3298 3189 ei

66 3225 214 3268 cancer
253 3217 531 3318 serpebat;
583 3220 808 3318 jamque
852 3223 1305 3297 circumjacentes
1353 3233 1606 3304 regiones
1633 3251 1680 3318 ο
1711 3235 1885 3306 pretio
1900 3234 2034 3290 satis
2053 3225 3215 3305 competentivendebant.Sicquevenientes
3229 3234 3297 3278 ac

67 3320 137 3404 suo
156 3324 300 3404 pravo
335 3311 603 3382 dogmate
626 3311 942 3385 fmdaverat,
976 3318 1120 3375 sicut
1144 3329 1200 3377 et
1221 3321 1370 3394 ipsos
1392 3339 1422 3379 a
1457 3334 1604 3382 recta
1643 3311 1679 3318 ⁷
1709 3329 2140 3399 civitatem,quae
2155 3325 2296 3382 Susa
2312 3331 2668 3386 memoratur,
2682 3317 3298 3404 Boamundusilgiguum

67 3397 140 3455 ﬁde
158 3417 240 3458 sua
267 3402 401 3460 fmda
434 3407 680 3464 intentio
705 3409 1022 3468 abstulerat.
1047 3412 1293 3488 Denique
1320 3417 1376 3473 in
1406 3421 1605 3478 crasti-

65 3508 157 3548 num
175 3496 231 3551 ad
249 3497 443 3554 ﬂumen
475 3499 789 3557 Bardarum
811 3503 1112 3576 venientes,
1151 3509 1338 3580 plures
1375 3511 1495 3583 ipso
1519 3513 1606 3570 die

64 3591 355 3661 transierunt,
384 3596 479 3651 alii
509 3613 651 3652 vero
676 3598 769 3669 qui
801 3599 915 3656 sole
950 3608 1130 3658 stante
1153 3606 1387 3662 transire
1414 3607 1606 3680 nequi-

63 3693 219 3752 verant,
244 3699 651 3746 remanserunt.
691 3689 748 3746 In
781 3694 1083 3751 crastinum
1110 3695 1233 3754 illos
1265 3699 1359 3770 qui
1382 3715 1603 3756 reman-

63 3785 216 3842 serant,
244 3777 443 3836 invadit
491 3783 777 3841 exercitus
825 3786 1176 3858 imperatoris
1199 3789 1336 3862 (l5),
1384 3808 1602 3850 summo

61 3864 246 3924 diluculo
277 3887 475 3930 aurora
508 3873 633 3946 jam
662 3876 969 3936 lucescente
993 3923 1008 3950 ,
1041 3890 1096 3937 et
1129 3898 1322 3940 omnes
1353 3885 1602 3944 occidere

61 3970 128 4013 aut
161 3974 324 4035 captos
368 3968 706 4041 vinctosque
751 3971 1041 4042 abducere,
1092 3974 1150 4030 in
1197 3977 1384 4034 animo
1433 3978 1602 4035 habe-

60 4050 168 4108 bant.
194 4053 388 4124 Quibus
413 4060 554 4116 dum
587 4062 764 4118 nostri
805 4062 1016 4121 fortiter
1044 4066 1384 4136 resisterent,
1411 4086 1601 4127 rumor

59 4148 248 4210 pervenit
273 4151 336 4206 ad
370 4168 541 4209 aures
581 4151 890 4211 Boamundi
935 4165 991 4212 et
1031 4156 1320 4215 Tancredi.
1357 4158 1600 4218 Tancre-

58 4233 129 4291 dus
149 4255 258 4297 vero
282 4260 387 4298 non
411 4245 510 4300 diu
544 4245 733 4304 ferens
762 4265 892 4305 suos
919 4250 994 4307 ita
1021 4250 1240 4324 injuriis
1269 4252 1427 4322 allici,
1454 4269 1599 4326 equo

57 4328 237 4425 volitans
267 4336 330 4390 ad
379 4335 591 4394 flumen
634 4339 823 4410 rediit,
856 4350 911 4397 ct
941 4358 1128 4400 secum
1175 4361 1318 4417 equo
1347 4353 1401 4402 et
1430 4347 1600 4403 armis

57 4420 92 4516 in
121 4420 233 4479 illud
276 4425 480 4498 injecit,
528 4445 773 4501 eumque
817 4432 925 4489 duo
971 4433 1142 4490 millia
1175 4436 1422 4507 equitum
1471 4447 1599 4494 sunt

56 4517 248 4571 Insecuti.
291 4518 393 4586 Qui
419 4522 686 4592 protinus
714 4524 1063 4582 advenientes
1091 4528 1419 4586 invenerunt
1450 4528 1596 4585 Tur-

1707 3421 1914 3480 dimisit
1940 3419 2260 3486 exercitum,
2287 3426 2342 3474 et
2369 3414 2900 3485 Constantinopolim
2941 3409 3086 3468 cum
3106 3408 3298 3482 paucis

1705 3513 1947 3584 perrexit
1980 3513 2047 3568 ad
2083 3509 2431 3582 imperatoris
2461 3507 2816 3578 colloquium.
2850 3504 3297 3560 Tancredus'au-

1707 3613 1816 3660 tem
1847 3605 2114 3660 remansit
2147 3604 2257 3659 dux
2289 3610 2342 3657 et
2372 3609 2562 3657 custos
2584 3597 2888 3665 exercitus,
2920 3604 2975 3652 et
3006 3594 3182 3650 noluit
3218 3593 3291 3648 ibi

1705 3698 1914 3754 diutius
1961 3711 2204 3764 manere,
2229 3695 2360 3766 quia
2409 3692 2657 3749 extranei
2687 3691 2760 3746 ibi
2803 3696 2962 3745 erant
3003 3687 3109 3744 cibi
3155 3702 3308 3758 quos

1705 3791 1809 3848 sibi
1841 3790 2128 3862 oportebat
2155 3802 2357 3853 emere,
2395 3794 2449 3842 et
2470 3785 2656 3841 eduxit
2681 3798 2776 3839 eos
2805 3797 3052 3838 seorsum
3083 3781 3137 3835 in
3173 3780 3294 3836 val-

1705 3884 1810 3940 lem
1841 3883 1974 3940 satis
2009 3881 2266 3938 omnibus
2311 3879 2471 3935 bonis
2518 3876 2850 3933 uberrimam
2898 3885 2951 3930 et
2993 3873 3297 3945 corporali-

1704 3977 1808 4034 bus
1844 3975 2198 4034 incrementis
2229 3972 2362 4030 satis
2386 3972 2646 4043 opimam.

2318 4063 2548 4124 CAPUT
2587 4063 2677 4118 III.

1773 4162 1980 4219 Interea
2005 4157 2356 4216 Boamundus
2383 4157 2513 4212 dum
2540 4155 2852 4211 adventaret
2874 4151 3100 4218 civitati,
3128 4149 3296 4205 Frano

1702 4270 1892 4312 corum
1912 4252 2184 4310 exercitus
2201 4266 2328 4322 pars
2347 4249 2585 4304 maxima
2602 4247 2751 4301 venit
2770 4247 2819 4300 ei
2839 4244 3078 4310 obviam,
3092 4251 3146 4297 et
3162 4257 3308 4298 una-1

1702 4346 1922 4402 nimiter
1949 4349 2273 4413 receperunt
2299 4355 2446 4405 eum,
2471 4337 2612 4394 sicut
2638 4344 2814 4391 mater
2842 4333 3065 4389 unicum
3094 4332 3287 4387 illium.

1700 4436 2053 4494 Boamundus
2082 4441 2264 4490 autem
2298 4439 2358 4486 ut
2393 4429 2743 4500 conspicatus
2774 4435 2859 4482 est
2886 4431 2966 4482 tot
3002 4425 3289 4489 consules,-

1703 4541 1780 4588 tot
1809 4533 2010 4599 duces,
2056 4538 2137 4585 tot
2160 4526 2448 4597 optimates
2489 4523 2708 4580 obviam
2748 4521 2851 4577 sibi
2888 4534 3201 4585 occurrere,
3233 4518 3290 4572 in

53 4607 221 4673 concias
255 4622 303 4667 et
345 4612 688 4673 Pincenatcs
734 4632 860 4673 cum
889 4619 969 4674 eis
998 4619 1342 4691 dimicantes,
1374 4623 1429 4678 in
1455 4639 1596 4695 quos
1629 4624 1673 4679 D
1699 4624 1896 4680 ccelum
1928 4635 2125 4676 manus
2146 4618 2382 4689 erigens,
2411 4614 2622 4671 obortis
2651 4628 2762 4685 prae
2791 4612 2988 4683 gaudio
3008 4609 3288 4681 lacrymis,

52 4697 206 4770 subito,
230 4713 283 4758 ut
314 4705 570 4763 effrenati
608 4709 900 4780 irruentes,
931 4714 1136 4771 multos
1165 4716 1286 4772 neci
1306 4716 1594 4785 dederunt,

49 4799 85 4890 ei
100 4793 249 4861 plures
269 4811 455 4872 captos
487 4803 547 4856 in
581 4802 801 4860 vincula
826 4808 1197 4879 coniecerunt,
1223 4819 1277 4867 et
1303 4812 1436 4868 loris
1463 4812 1600 4868 irre-

51 4889 145 4940 litos
163 4889 220 4944 ad
242 4890 632 4951 Boamundum
664 4896 1027 4956 adduxerunt.
1053 4901 1204 4970 Quos
1226 4911 1286 4959 ut
1306 4905 1458 4973 vidit,
1487 4905 1599 4963 Deo

47 4978 202 5043 gratias
227 4985 348 5056 egit,
387 4996 444 5043 et
473 4987 649 5044 hilari
678 4990 828 5046 vultu
859 4993 1166 5063 subridens,
1205 4995 1286 5053 eis
1313 5013 1410 5068 per
1432 4997 1601 5054 inter-

47 5080 204 5133 Pretem
249 5079 426 5136 dixit:
467 5100 490 5133 ι
538 5079 694 5138 Gens
731 5085 874 5140 male
921 5101 1078 5155 sana,
1128 5104 1299 5158 quare
1350 5092 1596 5160 quaeritis

46 5163 240 5224 occidere
270 5183 487 5244 gentem
515 5183 772 5231 nostram
815 5185 870 5234 et
912 5177 1041 5235 Dei?
1071 5195 1174 5236 nos
1209 5198 1403 5240 sumus
1427 5182 1591 5244 Chri-

49 5252 192 5353 stiana:
215 5260 330 5319 fidei
357 5274 662 5323 consortes
685 5276 740 5323 et
763 5268 1045 5326 domestici
1065 5313 1080 5338 ,
1109 5281 1164 5328 et
1186 5275 1457 5346 peregrini
1485 5277 1591 5332 mi-

47 5342 135 5438 lites
164 5350 214 5409 S.
245 5359 503 5429 sepulcri.
545 5360 666 5417 Nos
707 5360 980 5417 neminem
1022 5342 1263 5420 vestrum
1295 5342 1594 5438 quaerimus

49 5432 211 5529 illidere,
239 5464 336 5505 nec
362 5451 698 5523 imperatori
742 5461 924 5511 vestro
964 5444 1233 5511 molimur
1256 5457 1460 5529 aliquid
1491 5457 1603 5514 au-'

48 5520 167 5588 ferre.
199 5553 217 5590 ι
253 5538 334 5598 Ad
377 5520 501 5599 hnc
552 5541 637 5598 illi
681 5545 1068 5616 respondentes
1092 5520 1390 5604 dixerunt:
1431 5567 1450 5602 ι
1489 5548 1598 5605 Do-

1702 4715 1846 4770 llevit
1878 4712 2185 4776 uberrime,
2223 4718 2276 4764 et
2312 4707 2575 4764 osculatis
2621 4705 2871 4776 pluribus
2893 4746 2907 4772 ,
2944 4703 3033 4756 vix
3071 4699 3288 4755 tandem

1703 4806 1968 4878 repressis
1998 4801 2357 4874 singultibus,
2389 4807 2449 4853 ut
2489 4796 2640 4868 loqui
2677 4794 2879 4866 potuit,
2921 4791 3161 4847 suﬂ‘usus
3193 4803 3290 4842 ora

1703 4898 1917 4953 fletibus
1945 4896 1999 4950 in
2025 4895 2143 4949 haec
2163 4892 2327 4947 verba
2350 4904 2580 4947 exorsus
2606 4895 2690 4943 est
2717 4885 2817 4940 fari
2851 4883 2963 4955 (I7)
2998 4898 3011 4934 :
3047 4900 3067 4932 ι
3101 4878 3146 4933 0
3174 4879 3291 4933 bel-

1702 4993 1904 5046 latores
1930 4987 2024 5042 Dei
2048 4995 2101 5042 et
2128 4984 2499 5040 indelicientes
2524 4977 2793 5051 peregrini
2825 4975 3001 5030 sancti
3029 4971 3287 5043 sepulcri,

1702 5084 1827 5156 quis
1856 5081 1926 5137 ad
1947 5081 2064 5136 haec
2087 5075 2372 5149 peregrina
2393 5075 2511 5129 loca
2537 5086 2636 5126 vos
2665 5066 2918 5132 adduxit,
2943 5065 3051 5119 nisi
3076 5064 3166 5118 ille
3184 5062 3288 5156 qni

1705 5154 1848 5232 filios
1860 5173 2022 5230 Israel
2039 5187 2103 5226 ex
2118 5168 2353 5240 Egypto
2363 5182 2460 5237 per
2476 5178 2625 5219 mare
2636 5161 2882 5215 Rubrum
2899 5158 3046 5214 sicco
3058 5154 3290 5226 vestigio

1700 5267 2039 5325 transduxit?
2066 5265 2201 5332 Quis
2230 5262 2370 5317 alius
2399 5257 2629 5314 inseruit
2653 5255 2808 5311 vobis
2835 5253 3080 5309 animum
3109 5259 3170 5305 ut
3195 5264 3286 5304 re-

1699 5359 2019 5434 linqueretis
2051 5355 2428 5430 possessiones
2487 5358 2718 5416 vestras,
2760 5355 2816 5402 et
2866 5345 3047 5401 natale
3075 5341 3289 5400 solum?

1701 5452 1976 5526 Cognatos
2016 5457 2069 5505 et
2092 5448 2297 5512 aﬂines,
2320 5443 2582 5514 conjuges
2624 5449 2681 5496 et
2719 5440 2922 5496 liberos
2964 5434 3284 5526 abdicastis,

1705 5525 1815 5602 imo
1843 5552 1898 5600 ct
1926 5541 2075 5599 omni
2106 5551 2381 5610 corporeae
2420 5533 2684 5605 voluptati
2720 5529 3096 5588 renuntiastis.
3127 5525 3287 5582 Nunc

1075 5693 1385 5754 NOTULE
1423 5694 1874 5754 MARGINALES
1909 5692 2024 5749 MS.
2062 5689 2219 5747 COD.

52 5800 134 5884 (lii)
163 5805 612 5884 Invaditpostros
634 5811 908 5884 exercitus
930 5811 1295 5884 imperatoris.

52 5863 135 5945 (l6)
164 5863 1380 5953 amnesamnes;asgigag'éa'aggaaaius
1397 5928 1412 5952 ,

313 5975 595 6035 ΡΑτιιοι..
648 5972 801 6034 CLV

1846 5809 1957 5864 Rex
1988 5806 2088 5862 fuit
2119 5807 2347 5862 insanus
2369 5803 3032 5876 ConstantinOpolitanus.

1702 5881 1816 5953 (Π)
1853 5879 2029 5936 Verba
2054 5876 2352 5934 Boamundi
2378 5891 2488 5932 non
2528 5868 2754 5935 laudant
2779 5889 3039 5948 prospera
3070 5868 3282 5935 mundi.

2923 5959 3004 6020 2‘2
