3846 6306
515 327 624 406 ess

1089 328 1179 384 AD
1219 321 1669 386 GODEFRIDUM
1707 319 2002 382 APPEND.
2044 323 2110 402 ll.
2150 357 2220 369 —-
2255 325 2527 386 NONUM.
2569 328 2658 386 DE
2698 319 2922 388 BELLO
2959 332 3205 391 SACRO.
3672 339 3748 400 (tu

516 450 718 505 iterum
766 443 1007 504 secundo
1049 444 1350 516 regenerati
1387 442 1538 507 estis,
1574 456 1671 511 per
1708 439 2110 496 confessionem
2143 446 2186 506 Λ
2223 462 2240 494 ι
2270 444 2462 502 Alexio
2500 446 2818 516 imperatori
2850 447 2978 520 iuro
3001 491 3017 516 ,
3054 449 3199 520 quod
3243 463 3528 522 nunquam
3566 467 3651 524 per
3688 474 3748 517 me

513 541 726 599 scilicet
767 548 821 594 et
849 536 1246 609 ptenitentiam,
1275 550 1438 605 quam
1473 531 1717 604 quotidie
1761 533 1918 588 duris
1949 532 2104 588 labo-

512 631 671 687 ribus
699 627 988 685 exhibetis.
1025 623 1070 680 0
1100 625 1286 681 felices
1310 624 1404 694 qui
1427 625 1482 677 in
1514 623 1607 678 tali
1633 637 1798 694 opere
1823 623 2102 690 deﬁcient;

515 725 611 794 qui
668 730 793 777 ante
857 719 1028 775 visuri
1083 726 1211 772 sunt
1262 716 1578 786 paradisum
1641 730 1807 785 quam
1872 715 2106 786 patriam

514 831 676 873 suam
709 814 843 884 (18).
875 811 919 867 Ο
955 811 1090 866 ordo
1114 811 1377 877 militum,
1410 825 1557 864 nunc
1585 820 1776 879 terque
1804 818 2107 881 quaterque

517 907 740 972 beatus,
769 904 862 974 qui
891 906 997 958 huc
1022 917 1196 971 usque
1233 900 1384 957 fuisti
1411 900 1694 956 homicidii
1719 901 1986 971 sanguine
2012 902 2108 957 de-

513 1007 786 1068 tnrpatus,
815 1010 960 1064 nunc
983 1001 1300 1048 sanctorum
1332 991 1627 1048 sudoribus
1655 1007 1880 1062 compar
1903 1000 2106 1064 marty—

512 1104 634 1142 rum
663 1086 871 1142 caelesti
911 1101 971 1140 es
1010 1083 1315 1140 diademate
1345 1084 1644 1139 laureatus.
1679 1081 1974 1154 [lucusque
2007 1098 2105 1137 ex-

477 1201 486 1207 κ
511 1180 696 1234 stitisti
728 1177 1139 1232 incitamentum
1172 1178 1266 1234 irae
1295 1177 1409 1233 Dei.
1448 1175 1606 1232 Nunc
1631 1193 1758 1232 vero
1785 1176 2106 1232 reconcilia-

508 1271 588 1325 tio
618 1272 805 1342 gratim
832 1271 1026 1341 ipsius,
1058 1282 1112 1326 et
1137 1269 1612 1342 propugnaculum
1640 1269 1762 1324 ﬁdei
1787 1285 1920 1325 sum.
1952 1268 2106 1336 Qua-

508 1371 732 1431 propter
750 1404 764 1428 ,
791 1361 980 1417 invicti
1011 1361 1212 1417 milites
1230 1404 1244 1428 ,
1282 1362 1411 1432 quia
1436 1376 1584 1416 nunc
1607 1361 1846 1431 primum
1875 1361 2105 1432 increpi-

508 1471 634 1510 mus
665 1453 775 1510 Deo
805 1455 1060 1521 militare,
1091 1472 1201 1509 non
1238 1455 1540 1534 gloriemur
1571 1454 1625 1508 in
1659 1454 1872 1510 viribus
1897 1455 2011 1510 sive
2047 1455 2102 1509 in

507 1554 681 1603 armis
728 1549 959 1615 nostris,
1004 1549 1098 1604 sed
1152 1548 1205 1602 in
1251 1547 1361 1602 Deo
1408 1547 1790 1618 potentissimo
1829 1547 2102 1616 omnium,

507 1638 770 1707 quoniam
808 1639 981 1708 ipsius
1023 1645 1109 1694 est
1158 1638 1360 1692 bellum
1389 1647 1665 1705 nostrum,
1708 1647 1764 1693 et
1789 1638 1906 1709 ipse
1927 1640 2104 1694 domi-

506 1729 730 1784 nabitur
753 1731 1028 1801 gentibus.
1062 1748 1080 1780 ι
1109 1729 1464 1785 Boamundus
1493 1745 1618 1784 cum
1647 1729 1762 1785 haec
1787 1739 1839 1785 et
1865 1730 2022 1800 plura
2049 1729 2102 1784 id

508 1837 683 1891 genus
711 1822 1091 1892 praetenderet,
1116 1821 1430 1878 conciliavit
1461 1821 1516 1876 in
1549 1837 1606 1877 se
1637 1821 1851 1878 animos
1875 1821 2104 1878 audien-

508 1915 667 1981 tium,
695 1925 749 1973 et
774 1933 1027 1989 magnam
1063 1917 1292 1988 gratiam
1332 1917 1538 1972 invenit
1569 1916 1623 1970 in
1656 1927 1949 1988 conspectu
1981 1935 2102 1974 om-

505 2006 683 2066 Lium.
716 2009 872 2066 Tune
917 2025 1110 2066 omnes
1153 2026 1278 2065 cum
1320 2025 1386 2064 eo
1416 2010 1483 2065 ad
1511 2009 1788 2066 civitatem
1815 2023 2100 2080 venerunt,

505 2111 562 2157 et
589 2102 658 2157 ad
706 2103 1006 2173 hospitium
1050 2119 1234 2170 suum,
1266 2103 1414 2172 quod
1456 2102 1506 2158 ei
1549 2102 1848 2174 imperator
1887 2120 2101 2176 praepa-

504 2197 616 2252 rari
661 2197 906 2268 iusserat
947 2206 1102 2253 extra
1157 2197 1371 2263 urbem,
1403 2196 1766 2252 deduxerunt.
1825 2193 2102 2251 Subdolus

501 2289 688 2361 itaque
724 2291 1020 2361 imperator
1051 2289 1243 2346 videns
1285 2305 1537 2346 crescere
1567 2297 1748 2346 castra
1794 2287 1923 2356 Dei,
1953 2297 2007 2344 et
2034 2288 2100 2344 de

500 2382 591 2437 die
638 2383 693 2437 in
738 2383 881 2438 diem
914 2383 1280 2456 augmentari,
1314 2383 1475 2452 inops
1513 2381 1703 2448 animi,
1751 2396 1949 2452 expers
1976 2396 2088 2438 seno

502 2491 619 2541 sus,
666 2491 872 2546 pauper
921 2475 1160 2541 consilii,
1209 2476 1292 2530 ira
1341 2473 1650 2531 vehementi
1688 2474 1855 2544 erepit
1885 2473 2100 2528 inflam-

499 2567 659 2621 mari.
691 2564 982 2622 Nesciebat
1019 2566 1149 2636 quid
1181 2573 1393 2637 ageret,
1419 2579 1530 2635 quo
1553 2579 1613 2620 se
1641 2572 1894 2629 verteret,
1932 2579 2100 2635 quor-

499 2675 643 2725 sum,
686 2659 732 2713 si
773 2674 897 2714 eum
950 2667 1166 2728 urgeret
1213 2657 1534 2725 necessitas,
1587 2655 1815 2729 fugeret.
1849 2656 2099 2712 Timebat

497 2754 645 2808 enim
680 2769 746 2809 ne
771 2762 958 2808 tantus
987 2762 1040 2808 et
1072 2762 1349 2808 tantorum
1383 2751 1658 2808 exercitus
1696 2751 1752 2805 in
1782 2766 1841 2807 se
1866 2766 2089 2807 consur—

498 2852 666 2914 geret.
712 2863 730 2895 ‹
768 2842 920 2898 Mens
948 2844 1094 2899 enim
1140 2842 1330 2898 fraude
1369 2843 1530 2913 plena
1576 2857 1792 2912 semper
1820 2841 2092 2906 anxiatur,

437 2953 440 2956 '
497 2946 553 2993 ct
582 2947 668 2994 est
695 2938 958 3004 sollicita,
987 2947 1040 2994 et
1065 2937 1212 3009 quod
1247 2936 1599 2992 machinatur
1625 2936 1803 3003 alteri,
1834 2937 2096 3007 pertime-

499 3031 602 3086 scit
633 3046 846 3102 semper
881 3031 982 3088 sibi
1023 3029 1348 3086 machinari.
1397 3048 1414 3081 ›
1448 3028 1556 3084 Sed
1592 3029 1766 3085 nostri
1794 3029 1897 3085 hoc
1936 3044 2094 3100 pror-

497 3141 595 3181 sus
619 3141 727 3180 non
751 3127 1087 3198 qumrebant,
1115 3124 1243 3196 quia
1270 3132 1460 3180 contra
1489 3121 1834 3180 Christianos
1854 3123 2089 3194 prmliari

496 3217 776 3272 nolebant.
821 3216 1062 3273 Tandem
1087 3218 1255 3288 jussit
1283 3217 1352 3274 ad
1382 3233 1441 3274 se
1470 3216 1654 3272 vocari
1689 3217 2093 3286 Boamundum,

497 3317 702 3364 etcum
730 3309 823 3364 illo
848 3317 902 3365 et
940 3324 1065 3364 cum
1106 3307 1311 3364 Grazcis
1356 3307 1472 3362 suis
1497 3306 1877 3377 huiuscemodi
1907 3306 2096 3361 habuit

497 3398 812 3454 consilium.
866 3397 1174 3470 Requisivit
1215 3414 1245 3452 a
1281 3397 1520 3465 nostris,
1553 3405 1615 3452 ut
1664 3397 1767 3453 sibi
1821 3396 2093 3468 principes

495 3491 767 3546 exercitus
811 3489 1055 3546 facerent
1113 3489 1442 3556 hominium,
1487 3489 1541 3545 id
1590 3501 1694 3556 est,
1740 3489 2092 3546 securitatem

494 3581 667 3650 pacis,
699 3589 754 3636 et
797 3581 913 3652 ipse
955 3581 1284 3637 conduceret
1315 3581 1394 3638 eis
1423 3597 1520 3652 per
1549 3581 1794 3637 desertas
1838 3581 2091 3653 regiones

495 3690 634 3744 quas
659 3674 960 3747 ingressuri
1002 3683 1161 3730 erant
1206 3673 1387 3730 forum
1430 3690 1616 3730 rerum
1649 3674 1943 3730 venialium
1970 3689 2084 3730 om-

495 3765 672 3832 nium,
703 3775 756 3821 et
801 3766 857 3820 in
883 3765 1142 3822 omnibus
1181 3766 1390 3822 bellicis
1433 3765 1668 3837 negotiis
1711 3767 1796 3822 sui
1844 3782 2087 3838 praesen-

492 3857 648 3925 tiam,
683 3866 736 3913 et
761 3875 873 3915 suae
899 3859 1074 3931 gentis
1105 3859 1400 3925 auxilium;
1426 3859 1640 3929 juraret
1664 3858 1828 3914 etiam
1861 3875 2090 3931 genera-

490 3951 618 4006 liter
646 3952 901 4008 omnibus
935 3953 1082 4023 quod
1111 3952 1294 4008 omnia
1321 3953 1522 4024 quibus
1557 3952 1876 4024 indigebant
1909 3951 1962 4006 in
1995 3968 2086 4006 ar-

491 4043 601 4098 mis
623 4051 677 4098 et
699 4043 1039 4100 vestimentis
1062 4086 1078 4112 ,
1111 4044 1228 4114 ipse
1258 4043 1569 4114 suppleret,
1598 4058 1698 4099 nec
1725 4043 1962 4114 amplius
1992 4042 2088 4097 ulli

491 4136 778 4208 peregrino
832 4137 1006 4192 sancti
1049 4135 1286 4207 sepulcri
1334 4144 1573 4202 noceret,
1611 4143 1705 4190 aut
1744 4135 1928 4190 noceri
1957 4150 2088 4190 con-

491 4229 739 4285 sentiret.
770 4227 884 4286 Hoc
913 4231 1209 4287 consilium
1239 4245 1364 4285 cum
1402 4229 1676 4285 detectum
1713 4225 1935 4294 fuisset,
1971 4227 2087 4296 pla-

490 4326 605 4382 cuit
628 4325 684 4380 in
725 4326 981 4382 cordibus
1026 4325 1140 4381 fere
1180 4324 1458 4391 omnium,
1491 4320 1753 4394 quoniam
1795 4320 2085 4391 plerosque

489 4420 724 4491 angebat
771 4419 1071 4477 necessitas
1123 4434 1310 4474 rerum
1363 4415 1764 4487 temporalium.
1817 4412 2086 4470 Fecerunt

2209 545 2304 592 aut
2326 552 2424 608 per
2453 553 2609 594 meos
2633 540 2803 594 vitam
2832 550 2928 596 aut
2961 542 3228 598 honorem
3259 543 3493 611 amittet,
3519 555 3607 602 aut
3631 551 3747 618 quid.

2209 629 2341 700 quid
2394 631 2555 686 hodie
2580 631 2729 701 iuste
2772 641 2867 688 aut
2907 633 3110 704 injuste
3152 635 3420 706 possidet.
3478 655 3498 688 ι
3528 636 3660 697 Hanc
3695 643 3747 702 illi

2208 718 2462 776 ﬁduciam
2480 720 2687 792 iuravit
2703 730 2757 778 et
2777 721 3072 794 imperator
3091 725 3386 796 acquievit;
3400 725 3750 796 iuravitdeiude

2209 812 2351 869 idem
2379 813 2676 883 imperator
2701 813 2889 870 dicens
2911 814 3023 886 (i9)
3064 834 3076 869 :
3115 834 3134 868 ι
3172 815 3288 888 Ego
3317 815 3547 872 Alexius
3572 819 3750 890 inlpen.

2206 915 2293 962 tor
2317 906 2445 978 iuro
2477 905 2694 977 Hugoni
2739 905 2938 976 Magno
2974 917 3029 963 et
3070 907 3368 964 Godefrido
3411 907 3560 976 duci,
3592 915 3752 971 ceteris

2209 999 2304 1070 qui
2346 999 2436 1054 hic
2474 1007 2656 1054 astant
2701 997 3042 1058 Francorum
3085 1000 3452 1071 principibus,
3488 1001 3625 1072 quod
3647 1019 3748 1059 num

2207 1107 2374 1163 quam
2400 1091 2456 1145 in
2479 1091 2587 1146 vita
2611 1106 2731 1146 mea
2749 1090 3051 1162 iniuriabor
3071 1092 3243 1147 ullum
3268 1093 3611 1164 peregrinum
3621 1100 3752 1154 sancti

2209 1185 2474 1256 sepulcri,
2503 1193 2599 1240 aut
2626 1186 2938 1256 permittam
2972 1186 3256 1258 injuriari,
3285 1196 3343 1242 et
3364 1186 3516 1258 quod
3542 1203 3652 1243 cum
3673 1190 3753 1248 illis

2205 1293 2428 1350 pergam
2463 1277 2518 1332 in
2537 1268 2753 1334 bellicis
2778 1278 3030 1350 negotiis,
3059 1288 3114 1334 et
3135 1295 3235 1350 pro
3257 1295 3423 1350 posse
3453 1295 3572 1335 meo
3593 1297 3751 1338 merca-

2208 1381 2325 1430 tum
2354 1373 2712 1430 suﬁicientem
2749 1373 2858 1431 illis
2901 1375 3132 1431 conduci
3181 1375 3404 1432 faciam.
3442 1396 3461 1428 ι
3495 1375 3649 1434 Nemo
3678 1380 3753 1436 mi-

2205 1473 2357 1520 retur
2382 1463 2530 1535 quod
2561 1472 2641 1521 tot
2668 1473 2723 1520 et
2769 1473 2884 1520 tam
2923 1466 3135 1522 nobiles
3177 1465 3412 1534 Franci,
3442 1469 3594 1537 quasi
3619 1473 3752 1528 coacti

2206 1555 2513 1611 hominium
2544 1553 2812 1632 fecerunt,
2845 1555 3108 1627 quoniam
3141 1556 3188 1612 si
3220 1573 3310 1614 res
3338 1573 3408 1613 ex
3435 1558 3637 1615 ratione
3656 1577 3757 1632 pen-

2207 1653 2378 1714 setur,
2410 1645 2540 1716 quia
2570 1631 2713 1701 vere.
2732 1646 2906 1702 coacti
2946 1644 3150 1703 fuerint
3179 1647 3512 1723 invenietur.
3543 1631 3754 1707 Intraturi

2207 1738 2353 1793 enim
2383 1745 2540 1793 erant
2575 1745 2778 1793 terram
2811 1738 3085 1794 desertam
3133 1747 3188 1795 et
3233 1739 3468 1805 inviam,
3504 1748 3684 1796 terram
3706 1743 3757 1796 ab

2206 1828 2464 1883 omnibus
2511 1827 2672 1884 bonis
2713 1843 2942 1900 prorsus
2987 1829 3246 1896 alienam,
3287 1838 3342 1884 et
3387 1829 3639 1908 sciebant.
3658 1832 3756 1901 quia

2213 1940 2231 1974 ‹
2279 1919 2540 1978 diurnum
2593 1922 2839 1979 laborem
2885 1921 3027 1978 ferre
3074 1938 3186 1978 non
3229 1921 3451 1989 suﬁicit,
3494 1923 3582 1978 cui
3617 1925 3760 1981 victus

2203 2011 2560 2081 quotidianus
2591 2012 2794 2069 deﬁcit.
2831 2031 2849 2064 ι
2883 2012 2991 2069 Pro
3021 2013 3340 2085 huiusmodi
3376 2014 3624 2086 angaria,
3648 2015 3758 2071 facta

2201 2101 2306 2158 fuit
2353 2103 2470 2160 haec
2500 2105 2730 2160 hominii
2759 2105 2969 2177 pactio;
2999 2106 3094 2162 sed
3139 2105 3195 2161 in
3237 2114 3422 2162 mente
3456 2106 3760 2177 imperatoris

2203 2211 2418 2266 semper
2446 2197 2651 2252 mansit
2675 2195 3024 2252 fraudulenta
3056 2196 3240 2256 factio.
3267 2196 3334 2252 Et
3355 2197 3496 2253 bene
3522 2209 3759 2268 compete-

2200 2297 2284 2344 ret
2319 2288 2551 2344 hominii
2599 2297 2720 2344 rata
2753 2290 3090 2358 conciliatio,
3131 2290 3178 2345 si
3227 2290 3373 2361 apud
3415 2290 3761 2361 imperatorem

2199 2381 2342 2439 foret
2366 2383 2591 2455 integrae
2618 2380 2746 2439 ﬁdei
2775 2383 3028 2440 assertio.
3069 2381 3174 2439 Sed
3203 2383 3472 2454 quidquid
3500 2383 3759 2454 stipulavit,

2199 2469 2375 2530 totum
2421 2491 2548 2532 cum
2592 2475 2762 2531 verbo
2816 2471 3151 2542 exinanivit,
3211 2476 3516 2547 maluitque
3573 2476 3762 2547 periurii

2199 2584 2402 2625 noxam
2449 2568 2732 2625 incurrere
2771 2585 2936 2640 quam
2976 2577 3192 2640 gentem
3238 2567 3580 2625 Francorum
3612 2585 3638 2624 a
3673 2570 3763 2625 suis

2199 2659 2402 2715 ﬁnibus
2427 2675 2537 2716 non
2570 2659 2849 2730 elongare.

2814 2749 3044 2806 CAPUT
3080 2751 3170 2807 IV.

2271 2845 2377 2901 Sed
2417 2861 2486 2902 ne
2518 2845 2745 2903 omnino
2782 2846 3069 2902 videamur
3102 2854 3165 2901 ut
3207 2845 3457 2916 elingues
3493 2845 3768 2916 praeterisse

2196 2937 2388 2994 urbem
2434 2938 2661 3010 regiam,
2709 2938 3002 3010 loquamur
3046 2938 3250 3010 aliquid
3299 2937 3368 2993 de
3406 2953 3496 3004 ea,
3542 2937 3767 3009 quoniam

2195 3031 2480 3086 dissonum
2513 3047 2623 3087 non
2648 3031 2863 3086 videtur
2899 3032 2968 3087 ab
3007 3031 3259 3086 historia.
3293 3029 3561 3102 Legimus
3587 3031 3638 3084 in
3659 3045 3768 3100 qua-

2193 3121 2322 3178 dam
2352 3121 2580 3178 historia
2626 3123 2773 3193 quod
2821 3121 3220 3180 Constantinus
3264 3123 3571 3193 imperator
3599 3123 3770 3178 Roma—

2196 3232 2323 3283 nus,
2348 3230 2474 3272 cum
2505 3215 2742 3287 quadam
2779 3224 2940 3271 nocte
2971 3215 3025 3270 in
3061 3215 3282 3272 civitate
3313 3232 3442 3288 qua:
3473 3215 3769 3289 Byzantium

2194 3315 2564 3374 memoratur,
2593 3307 2989 3374 obdormisset,
3026 3308 3298 3364 visionem
3335 3308 3478 3370 vidit
3508 3308 3650 3380 (20),
3673 3323 3774 3378 qua.

2193 3400 2249 3456 in
2285 3401 2434 3457 hunc
2476 3401 2701 3458 modum
2750 3401 2800 3458 ei
2836 3403 3111 3473 apparuit.
3147 3401 3303 3458 Anus
3351 3402 3614 3472 quaedam
3651 3408 3771 3456 veste

2191 3492 2454 3564 dissipata
2496 3503 2550 3549 et
2588 3493 2746 3564 quasi
2788 3493 3125 3550 semicinctis
3162 3494 3579 3565 circumsepta,
3615 3492 3771 3547 venie-

2190 3584 2285 3639 bat
2307 3585 2374 3640 ad
2392 3601 2542 3653 eum,
2565 3592 2620 3640 et
2637 3601 2750 3640 sure
2764 3585 2884 3656 opis
2911 3584 3190 3658 flagitabat
3214 3585 3557 3642 subsidium.
3582 3583 3772 3640 Vestem

2191 3678 2441 3750 exigebat
2465 3694 2574 3748 qua
2597 3677 2937 3746 indueretur,
2968 3687 3351 3750 cooperturam
3367 3695 3487 3749 qua
3510 3687 3776 3750 tegeretur,

2191 3771 2508 3826 alimoniam
2541 3787 2650 3843 qua
2681 3782 3029 3842 pasceretur;
3059 3772 3429 3843 promisitque
3456 3773 3511 3828 ei
3536 3787 3629 3827 rex
3662 3785 3774 3825 con-

2191 3862 2346 3919 tinuo
2389 3879 2448 3919 se
2488 3863 2885 3919 subventurum
2911 3906 2926 3931 ,
2977 3872 3034 3919 et
3089 3855 3481 3920 indubitanter
3529 3863 3777 3935 postulata

2189 3955 2539 4012 collaturum.
2571 3954 2638 4010 Et
2675 3957 2756 4013 sic
2786 3957 2926 4012 visio
2965 3956 3255 4028 disparuit.
3303 3955 3474 4014 Tunc
3499 3957 3589 4012 vir
3611 3965 3774 4027 poten-

2189 4047 2438 4105 tissimus
2467 4063 2664 4104 somno
2691 4049 2931 4116 excitus,
2955 4064 3082 4105 cum
3121 4049 3178 4105 in
3204 4049 3369 4106 corde
3398 4066 3516 4106 suo
3547 4063 3774 4121 quamam

2191 4146 2337 4193 esset
2366 4138 2503 4194 visio
2529 4139 2645 4194 haec
2682 4148 2994 4195 versaretur
3020 4138 3207 4194 divino
3238 4147 3374 4194 nutu
3409 4137 3699 4202 intellexit,
3725 4135 3781 4188 ci-

2186 4230 2409 4286 vitatem
2451 4232 2626 4302 ipsam
2661 4232 2716 4286 in
2745 4247 2856 4302 qua
2889 4239 3008 4286 erat
3057 4231 3322 4286 auxilium
3355 4246 3624 4302 quaerere
3657 4239 3705 4284 et
3735 4242 3782 4281 se

2188 4323 2243 4376 in
2273 4323 2470 4379 melius
2498 4323 2712 4379 restitui
2739 4332 3048 4395 peroptare.
3087 4321 3288 4394 Sicque
3321 4322 3727 4380 Constantinus
3757 4334 3780 4371 ει

2187 4415 2556 4492 fundamentis
2583 4416 2730 4472 illam
2752 4417 2944 4484 erexit,
2966 4424 3020 4472 et
3045 4416 3111 4472 de
3134 4431 3236 4471 suo
3263 4416 3505 4472 nomine
3533 4414 3782 4471 Constan-

488 4511 653 4584 igitur
673 4511 722 4567 ei
753 4529 880 4569 cum
912 4518 1261 4568 sacramento
1289 4510 1395 4565 hoc
1433 4506 1740 4564 hominium
1771 4506 1866 4562 tali
1891 4506 2080 4562 condi-
2119 4536 2161 4591 ι)
2187 4509 2472 4580 tinopolim
2519 4509 2828 4581 appellavit,
2874 4525 3038 4580 quam
3080 4509 3270 4565 Roma:
3314 4509 3614 4566 mmnibus
3657 4505 3779 4568 altis,

487 4604 654 4672 tione,
678 4613 740 4660 ut
764 4604 954 4660 tandiu
983 4605 1228 4668 duraret,
1265 4600 1509 4672 quandiu
1540 4599 1655 4669 ipse
1678 4607 2080 4670 perseverasset

485 4694 544 4750 in
589 4704 936 4752 sacramento
985 4710 1087 4750 suo
1133 4702 1187 4748 et
1250 4691 1638 4763 promissione.
1694 4689 1894 4746 Comes
1948 4706 2079 4746 vero

488 4784 676 4842 Sancti
699 4785 904 4858 IEgidii
935 4801 1060 4841 cum
1093 4783 1394 4854 requisitus
1419 4782 1616 4838 fuisset
1636 4782 1701 4837 de
1725 4780 1994 4847 hominio,
2024 4781 2079 4836 id

482 4878 800 4934 nullatenus
841 4876 1023 4933 facere
1052 4875 1244 4941 voluit,
1275 4874 1368 4930 sed
1413 4873 1461 4929 si
1506 4873 1555 4928 ei
1598 4873 1930 4940 crederetur,
1965 4880 2077 4926 tota

485 4971 680 5026 civitas
712 4985 839 5025 cum
874 4969 991 5024 suis
1033 4966 1439 5024 habitatoribus
1488 4974 1542 5023 et
1586 4965 1706 5036 ipso
1751 4965 2079 5036 imperatore

483 5063 878 5123 destrueretur.
918 5061 1026 5118 Sed
1051 5076 1161 5116 non
1196 5068 1312 5117 erat
1359 5060 1500 5116 ratio
1539 5068 1598 5116 ut
1626 5068 1737 5114 tam
1761 5060 1909 5130 regia
1935 5057 2077 5114 civi-

481 5167 590 5226 tas,
615 5164 890 5226 tantasque
937 5153 1049 5210 Deo
1093 5162 1322 5210 sacratae
1364 5154 1773 5209 destruerentur
1800 5150 2076 5217 ecclesia},

485 5260 539 5306 et
563 5259 640 5306 tot
671 5258 988 5304 sanctorum
1014 5263 1246 5319 corpora
1273 5257 1368 5303 aut
1397 5248 1521 5320 igne
1551 5233 1950 5312 cremarentur,
1981 5252 2079 5300 aut

486 5343 604 5398 suis
646 5341 868 5397 sedibus
928 5340 1302 5396 viduarentur.
1366 5339 1608 5394 Tandem
1661 5353 1846 5395 comes
1901 5335 2078 5392 sancti

484 5433 690 5505 Egidii
719 5433 953 5488 aliorum
981 5433 1594 5508 suasionibusevictps,
1625 5447 1913 5488 assensum
1937 5444 2077 5500 prae-

483 5525 623 5592 buit,
651 5534 706 5580 et
734 5525 787 5578 in
812 5525 929 5580 haec
949 5525 1112 5581 verba
1139 5525 1189 5580 ei
1220 5507 1531 5580 ﬁdelitatem
1565 5521 1821 5594 promisit
1843 5521 2032 5577 dicens
2059 5539 2072 5575 :

2182 4599 2537 4655 zediﬁciorum
2569 4609 2844 4657 structura
2883 4601 3050 4656 nobili
3083 4602 3399 4672 coaequavit
3431 4610 3490 4656 et
3520 4600 3641 4672 pari
3683 4599 3778 4670 glo-

2180 4690 2262 4744 ria
2285 4698 2338 4744 et
2365 4689 2575 4746 honore
2597 4697 2812 4744 terreno
2837 4689 3126 4745 sublimem
3155 4689 3401 4744 reddidit
3431 4709 3444 4742 :
3475 4705 3604 4762 quae
3627 4708 3644 4740 ι
3666 4689 3783 4743 sicut

2185 4779 2358 4836 Roma
2386 4789 2470 4836 est
2495 4788 2662 4852 caput
2701 4781 3003 4837 occidentis
3023 4824 3038 4848 ,
3074 4782 3148 4836 ita
3195 4768 3250 4836 et
3285 4781 3382 4836 illa
3413 4783 3621 4838 civitas
3648 4780 3784 4836 debet

2179 4888 2302 4929 esse
2356 4870 2614 4928 Orientis.
2669 4893 2686 4925 )
2736 4873 2834 4931 Est
2863 4881 3045 4930 autem
3099 4874 3203 4930 sita
3258 4874 3412 4929 inter
3461 4874 3781 4930 Adriaticum

2187 4981 2338 5020 mare
2369 4974 2423 5021 et
2453 4966 2584 5021 illud
2626 4967 2773 5037 quod
2817 4981 2962 5022 nunc
3001 4979 3226 5022 vocatur
3256 4965 3582 5024 Braebium
3622 4964 3782 5022 Sancti

2188 5057 2426 5130 Georgii,
2453 5074 2618 5130 supra
2664 5060 2812 5130 quod
2867 5060 3069 5115 moenia
3115 5058 3361 5114 civitatis
3421 5061 3610 5116 iocata
3655 5065 3779 5113 sunt.

2182 5147 2308 5207 Haec
2350 5167 2463 5221 pra:
2501 5152 2715 5207 cunctis
2761 5151 2885 5207 aliis
2931 5152 3158 5206 urbibus
3189 5150 3442 5209 fecunda
3488 5166 3577 5210 est
3621 5147 3780 5224 pingui

2181 5258 2314 5315 agro
2357 5251 2412 5298 et
2459 5243 2608 5298 omni
2655 5244 2996 5298 marinarum
3033 5243 3358 5298 divitiarum
3412 5242 3776 5300 mercimonio.

2181 5334 2334 5391 Hanc
2379 5335 2563 5407 itaque
2606 5335 2792 5392 divino
2832 5344 2969 5391 nutu
3010 5335 3285 5391 conditam
3335 5352 3522 5393 nemo
3574 5336 3775 5398 dubitet,

2180 5429 2441 5500 quoniam
2482 5428 2730 5501 przevidit
2767 5427 2913 5484 Deus
2955 5429 3099 5500 quod
3162 5435 3281 5483 erat
3334 5427 3607 5486 futurum
3655 5425 3778 5500 quod

2181 5536 2284 5577 nos
2327 5519 2491 5576 modo
2514 5520 2766 5577 videmus
2811 5520 3113 5591 impletum.
3157 5516 3274 5575 Nisi
3305 5521 3479 5579 enim
3517 5522 3640 5581 talis
3663 5534 3776 5578 con-

1549 5629 1860 5692 NOTULAE
1899 5632 2350 5691 MARGINALES
2389 5632 2505 5689 MS.
2545 5632 2704 5691 COD.

514 5725 604 5796 l8)
638 5725 994 5796 Militiamque
1019 5719 1209 5796 parum
1245 5744 1354 5783 non
1378 5727 1567 5782 laudat
1593 5725 2067 5780 Christicolarum.

514 5726 580 5782 18
638 5726 994 5796 Militiamque
1019 5742 1209 5796 parum
1245 5744 1354 5783 non
1378 5727 1567 5782 laudat
1593 5726 2064 5780 Christicolarum.

487 5726 604 5868 ἕως
639 5795 752 5852 Hoc
783 5799 926 5868 quod
958 5803 1051 5853 rex
1078 5798 1245 5868 iurat,
1275 5814 1383 5854 non
1417 5800 1580 5868 longo
1604 5806 1846 5866 tempore
1882 5797 2064 5866 durat,

2332 5723 2490 5796 {urat
2514 5733 2568 5780 et
2599 5723 2842 5796 abiurat,
2867 5727 2961 5796 qui
2987 5725 3054 5781 de
3093 5739 3154 5782 se
3182 5739 3295 5780 non
3326 5727 3489 5786 bene
3519 5739 3688 5788 curat.

2177 5795 2290 5865 (th)
2311 5794 2485 5870 -Visio
2509 5809 2607 5866 per
2636 5795 2798 5866 plana
2823 5794 2924 5852 fuit
2950 5797 3066 5854 haec
3093 5796 3604 5858 Constantiniana.
