3806 6306
71 417 155 482 683

803 415 1108 481 ROBERTI
1143 412 1453 481 MDNACHI
1490 417 1670 481 HIST.
1708 417 2074 481 HIEROSOL.
2113 454 2182 467 —
2220 425 2347 482 LIB.
2391 421 2479 482 Ili.

3179 431 3286 494 686

69 533 156 591 dita
179 534 352 591 fuisset
378 534 600 602 civitas,
630 536 912 594 orientalis
953 537 1340 594 Christianitas
1368 538 1461 594 ubi
1489 538 1596 596 dif-
1624 543 1671 605 Α
1698 539 1824 596 talis
1849 539 2036 596 effecta
2066 549 2150 598 est
2173 541 2305 598 urbs
2335 542 2485 614 regia
2512 542 3036 618 Constantinopolis,
3062 556 3123 605 ut
3149 563 3283 606 san-

68 629 239 699 fugium
276 626 582 682 habuisset?
624 625 700 682 Ibi
748 643 895 712 nunc
942 628 1342 698 receptaculum
1395 628 1598 684 habent
1697 640 1943 701 ctarum,
1979 648 2118 704 quas
2152 648 2319 704 supra
2348 634 2617 703 diximus,
2648 637 3002 709 reliquiarum
3030 639 3173 696 foret
3197 649 3286 697 tu-

67 717 378 774 sanctissima:
437 717 680 789 reliquiae
732 726 1049 775 sanctorum
1101 721 1490 791 prophetarum
1544 728 1601 776 et
1696 724 1911 781 tissima
1953 726 2123 796 regia.
2164 725 2232 781 Et
2273 725 2396 783 ideo
2429 727 2589 783 debet
2620 727 2759 784 bene
2793 729 2982 786 Romae
3009 733 3285 802 coaequari

64 804 382 876 apostolorum
407 846 422 871 ,
455 814 511 861 ct
542 806 1019 864 innumerabilium
1047 819 1346 882 martyrum
1375 819 1597 867 sancto-
1697 816 1956 889 dignitate
1985 817 2317 886 sanctuarii,
2357 827 2410 875 et
2425 807 2752 876 excellentia
2783 822 2946 892 regiae
2982 823 3284 894 dignitatis,

63 913 176 964 rum,
204 911 315 968 quae
340 897 464 953 illuc
499 899 773 956 translatae
815 908 944 956 sunt
987 916 1019 958 a
1058 899 1196 958 facie
1234 915 1592 975 paganorum.

61 989 163 1043 Asia
207 997 256 1044 et
291 988 468 1045 Africa
515 990 642 1045 olim
694 989 918 1048 fuerunt
961 992 1422 1064 Christianorum,
1474 1011 1597 1066 qua:

60 1093 176 1134 nunc
196 1080 548 1151 subjiciuntur
578 1081 877 1140 immundis
914 1084 1114 1142 ritibus
1135 1085 1439 1158 gentilium.
1468 1085 1594 1143 Ideo

1699 907 1805 998 nisi
1831 910 1976 980 quod
1999 907 2172 966 Roma
2199 919 2282 967 est
2306 911 2486 982 papali
2506 911 2659 984 apice
2687 913 2979 971 sublimata
3001 958 3016 983 ,
3039 921 3094 972 et
3123 924 3288 987 caput

1700 1009 1756 1056 et
1791 1017 2006 1058 summa
2037 1001 2204 1059 totius
2243 1000 2692 1060 Christianitatis.
2738 1003 2816 1061 De
2846 1006 2932 1061 his
2972 1021 3103 1080 ergo
3131 1006 3285 1078 loqui

1701 1086 1954 1156 sufﬁciat,
1983 1098 2040 1146 et
2067 1089 2157 1146 hic
2181 1090 2456 1147 secundus
2481 1090 2620 1147 liber
2649 1091 2812 1146 tinem
2836 1093 3081 1164 recipiat.

1149 1217 1473 1276 EXPLICIT
1509 1219 1720 1276 LIBER
1759 1221 2150 1280 SECUNDUS.

881 1368 1350 1460 INCIPIT
1418 1371 1784 1464 LIBER
1854 1329 2420 1468 TERTIUS.
2513 1339 2516 1342 ’

516 1542 748 1602 CAPUT
782 1541 1077 1597 PRIMUM.

114 1637 477 1697 Eonfuaderatis
525 1638 692 1710 igitur
720 1652 848 1693 cum
883 1636 1213 1706 imperatore
1253 1633 1600 1691 Francorum

51 1734 361 1805 principibus,
400 1731 572 1803 jussit
613 1731 914 1801 imperator
963 1743 1129 1784 naves
1150 1728 1219 1784 ad
1249 1737 1468 1799 portum
1493 1719 1622 1795 ad?

50 1827 164 1892 duci,
192 1835 246 1880 ut
263 1825 440 1880 omnis
462 1823 737 1882 exercitus
760 1823 878 1879 sine
905 1835 1100 1892 magna
1129 1819 1390 1876 dilatione
1409 1829 1603 1892 posset

51 1916 353 1973 transfretari
412 1915 550 1988 (21).
607 1913 780 1968 Primi
857 1913 1041 1982 itaque
1101 1909 1597 1967 transfretaverunt

48 2013 132 2067 dux
155 2009 464 2067 Godefridus
492 2016 550 2064 et
577 2005 916 2070 Tancredus,
942 2013 998 2059 et
1021 2017 1199 2074 usque
1217 2001 1593 2060 Nicomediam

46 2108 370 2169 perrexerunt,
403 2108 458 2154 et
484 2113 586 2169 per
606 2103 720 2152 tres
743 2096 863 2151 dies
892 2093 967 2150 ibi
995 2093 1172 2149 feriati
1207 2103 1354 2150 sunt.
1387 2092 1593 2151 Videas

45 2205 146 2261 ergo
185 2190 285 2246 dux
329 2187 478 2260 quod
522 2187 677 2242 nulla
720 2192 931 2256 pateret
971 2183 1060 2240 via
1106 2183 1445 2250 transituris,
1495 2185 1598 2254 per

43 2298 174 2350 quam
196 2289 396 2336 tantum
419 2280 730 2336 exercitum
763 2277 1069 2334 conducere
1097 2283 1303 2346 posset,
1327 2275 1594 2346 praemisit

43 2384 236 2446 quatuor
263 2374 424 2430 millia
452 2372 748 2430 hominum
780 2386 906 2427 cum
938 2368 1224 2425 securibus
1253 2383 1318 2424 ac
1355 2367 1594 2423 vomeri-

42 2469 140 2534 bus,
168 2469 386 2538 aliisque
411 2463 770 2522 ferramentis
797 2461 1049 2534 aptanda:
1082 2459 1185 2516 viae
1226 2459 1596 2515 convenienti-

41 2559 137 2614 bus.
158 2558 272 2614 Erat
294 2568 475 2615 autem
499 2568 654 2613 terra
684 2555 774 2611 illa
803 2554 971 2622 invia,
1001 2568 1098 2624 per
1122 2553 1254 2624 juga
1286 2551 1583 2618 montium,

40 2667 114 2720 per
132 2667 348 2707 concava
371 2650 630 2716 vallium,
670 2660 768 2719 per
788 2644 1008 2702 defossa
1030 2653 1302 2700 terrarum
1341 2643 1591 2714 undique

39 2743 306 2814 prazpedita.
377 2741 824 2798 Constraverunt
897 2737 1082 2808 itaque
1141 2735 1289 2790 viam
1347 2735 1592 2807 plurimo

38 2836 199 2892 sudore
230 2851 397 2908 usque
442 2833 691 2890 Nicaeam
740 2830 1036 2894 civitatem,
1061 2827 1360 2899 peditibus,
1403 2828 1585 2899 equis,

39 2930 255 3001 omnique
287 2928 606 2985 transeunti
650 2927 787 2984 satis
833 2925 1122 2991 idoneam;
1170 2903 1658 2995 posueruntqueC

38 3024 208 3096 ligneas
233 3043 418 3083 cruces
441 3043 550 3097 per
573 3024 809 3081 reﬂexus
832 3023 1070 3088 viarum,
1099 3021 1157 3075 in
1189 3021 1598 3088 testimonium,"

36 3119 274 3174 utcunctis
297 3127 488 3175 notum
527 3116 681 3174 ﬁeret
705 3115 852 3188 quod
882 3115 968 3170 via
995 3115 1086 3170 illa
1100 3114 1590 3186 eratperegrinal-

33 3209 158 3276 tium,
179 3210 353 3283 sicque
367 3205 481 3269 suo
509 3217 689 3266 tractu
722 3209 1040 3282 pertransiit
1064 3208 1245 3264 omnis
1272 3202 1592 3275 multitudo,

33 3312 216 3372 etcepto
242 3303 384 3375 quod
421 3301 786 3358 Boamuudus
801 3300 1064 3356 remansit
1093 3317 1216 3356 cum
1239 3301 1587 3370 imperatore,

30 3392 522 3463 riisposituruscum
549 3407 615 3449 co
636 3393 702 3449 de
713 3401 1051 3449 commeatus
1074 3389 1460 3462 promissione.
1481 3387 1589 3445 Sed

32 3485 144 3541 ultra
185 3488 398 3544 modum
459 3487 732 3560 protelari
791 3485 1078 3542 videbatur
1126 3483 1218 3540 illa
1265 3482 1585 3555 promissio,

29 3586 130 3653 quia
149 3596 424 3658 antequam
449 3585 790 3658 perveniret,
807 3583 949 3656 apud
978 3582 1101 3639 illos
1112 3583 1204 3653 qui
1228 3582 1586 3654 pauperiores

29 3687 154 3732 erant
177 3682 502 3736 versabatur
548 3675 788 3734 maxima
832 3673 994 3732 famis
1042 3674 1330 3732 cruciatio.
1362 3673 1446 3729 Ad
1491 3671 1596 3727 Ni—'

28 3783 160 3824 uram
192 3771 297 3842 (22)
326 3774 529 3828 urbem
563 3769 815 3827 convenit
861 3769 1032 3824 robur
1083 3767 1378 3834 exercitus,
1410 3765 1587 3838 pridie

26 3858 332 3922 NonasMaii.
385 3874 441 3921 et
518 3872 809 3934 antequam
841 3869 1143 3917 mercatum
1201 3859 1582 3928 adduceretur,

24 3957 314 4014 vendebatur
335 3957 542 4031 viginti
565 3966 660 4012 aut
695 3955 918 4028 triginta
951 3953 1192 4010 denariis
1224 3969 1371 4009 unus
1396 3953 1576 4024 panis.

24 4043 277 4118 Postquam
300 4066 432 4106 vero
498 4048 852 4105 Boamuudus
897 4063 1023 4105 cum
1059 4056 1368 4102 commeatu
1410 4046 1578 4116 venit,

23 4144 214 4209 penuria
253 4146 508 4212 evanuit,
535 4154 591 4200 et
623 4145 847 4200 ubertas
893 4145 1142 4199 omnium
1197 4144 1470 4200 bonorum
1497 4143 1557 4200 af
1563 4173 1582 4186 -

24 4228 119 4332 nu.
141 4231 228 4289 Die
260 4235 543 4306 siquidem
578 4233 936 4314 Ascensionis
961 4229 1180 4289 Domini
1203 4234 1396 4305 urbem.
1422 4235 1576 4292 obsi-
1605 4270 1656 4332 υ

21 4323 152 4380 dione
181 4327 545 4395 vallaverunt,
587 4335 642 4382 et
683 4327 909 4383 balistas
939 4327 1158 4396 arietes,
1187 4336 1242 4382 et
1278 4337 1472 4384 cmtera
1521 4328 1577 4385 id

23 4430 164 4482 genus
208 4419 578 4476 instrumenta
627 4421 828 4490 quibus
875 4420 1242 4478 inhabitantes
1273 4420 1576 4494 eXpugnari

21 4509 225 4579 quirent,
272 4521 655 4584 apposuerunt
687 4509 822 4584 (25).
868 4511 914 4565 Δ
949 4520 1103 4583 parte
1154 4512 1404 4580 orientis,
1447 4515 1576 4586 quia

21 4594 459 4672 inexpugnabilior
489 4609 546 4658 et
575 4597 749 4674 magis
773 4596 986 4656 munita
1015 4600 1208 4656 civitas
1264 4617 1386 4657 esse
1427 4602 1578 4660 vide-

18 4686 170 4759 batur,
216 4695 597 4766 applicuerunt
633 4695 719 4751 sui
767 4695 937 4750 robur
982 4694 1256 4750 exercitus
1296 4693 1575 4766 principes

17 4779 116 4836 isti:
140 4783 420 4844 Podiensis
443 4787 756 4858 episcopus,
781 4802 966 4842 comes
1016 4784 1380 4852 Raimundus,
1415 4785 1570 4860 Hugo

15 4867 230 4944 Magnus,
253 4894 442 4934 comes
469 4873 914 4944 Northmannus,
943 4892 1130 4933 comes
1183 4875 1565 4945 Flandrensis,

14 4977 171 5023 comes
195 4967 506 5041 Stephanus
533 4968 919 5037 Carnotensis;
968 4985 997 5024 a
1049 4967 1420 5040 septentrione
1458 4969 1568 5025 dux

15 5052 340 5132 Godefridus;
365 5065 438 5120 ab
460 5081 658 5121 occasu
689 5062 822 5120 solis
847 5062 1234 5136 Boamundusf;
1275 5063 1345 5119 ah
1376 5073 1568 5121 austro

13 5163 122 5205 vero
142 5171 259 5224 pars
285 5158 435 5214 nulla
461 5157 582 5224 fuit,
605 5173 733 5228 quia
768 5157 920 5214 lacus
957 5173 1187 5228 magnus
1210 5157 1283 5212 ibi
1313 5155 1565 5228 praesidio

13 5239 112 5297 fuit.
137 5243 192 5301 In
220 5247 372 5304 illum
403 5251 551 5307 cives
572 5267 699 5306 cum
724 5251 955 5305 navibus
983 5250 1304 5317 introibant,
1337 5257 1392 5305 et
1417 5250 1562 5321 ligna

11 5342 54 5385 et
101 5335 284 5396 herbas
335 5342 549 5413 aliaque
589 5343 900 5399 necessaria
953 5341 1271 5396 aﬂ‘erebant.
1320 5340 1476 5409 Quod
1504 5349 1564 5397 ut

11 5421 254 5498 Principes
274 5443 644 5504 agnoverunt,
679 5443 791 5490 tum
819 5434 1019 5506 legatio
1061 5434 1128 5489 ad
1172 5432 1561 5504 imperatorem

14 5522 243 5589 cucurrit,
265 5533 326 5578 ut
364 5541 530 5583 naves
557 5526 788 5584 conduci
829 5526 1032 5582 faceret
1057 5541 1231 5597 usque
1253 5525 1434 5582 Civito
1465 5526 1558 5581 ubi

1591 1557 1596 1566 ‘
1625 1551 1670 1607 Β
1694 1556 1886 1619 portus
1904 1559 2009 1616 est,
2038 1559 2091 1606 et
2118 1550 2284 1607 boves
2308 1565 2435 1606 cum
2462 1551 2544 1608 eis
2561 1527 2670 1623 qui
2701 1567 2794 1609 eas
2818 1568 2992 1626 usque
3014 1553 3082 1610 ad
3103 1553 3286 1612 lacum

1695 1642 1996 1698 traherent.
2021 1640 2127 1709 Qui
2156 1641 2302 1698 illico
2332 1642 2492 1698 dictis
2535 1643 2758 1713 paruit,
2791 1653 2844 1700 et
2881 1645 3041 1715 juxta
3082 1647 3289 1717 princi-

1696 1751 1828 1807 pum
1868 1736 2001 1792 velle
2029 1734 2235 1791 factum
2266 1733 2557 1810 fuit..Quid
2584 1735 2776 1806 plura?
2823 1735 3109 1807 Dispositis
3139 1738 3288 1794 circa

1695 1827 1888 1882 urbem
1915 1824 2248 1898 agminibus,
2278 1823 2623 1882 Christicolas
2651 1816 2886 1883 viriliter
2909 1825 3187 1896 insistunt,
3231 1837 3290 1884 et

1696 1921 1883 1991 Turci,
1903 1923 2033 1994 quia
2063 1922 2131 1978 de
2156 1921 2266 1978 vita
2291 1937 2484 1978 eorum
2533 1922 2732 1993 agitur,
2765 1920 2980 1977 fortiter
3001 1911 3285 1977 resistunt.

1695 2013 1861 2072 Turci
1893 2016 2161 2072 toxicatas
2193 2015 2421 2087 sagittas
2449 2013 2757 2082 mittebant,
2787 2022 2850 2068 ut
2880 2027 3021 2084 quos
3047 2013 3134 2068 vel
3180 2013 3288 2069 levi

1693 2116 1842 2164 tactu
1892 2107 2226 2175 sauciarent,
2267 2106 2420 2178 gravi
2471 2113 2650 2162 morte
2692 2105 3046 2176 perimerent.
3102 2102 3288 2160 Nostri

1691 2216 1824 2256 vero
1849 2207 1949 2270 p‘ro
1968 2199 2082 2256 vita
2107 2198 2249 2254 mori
2277 2213 2386 2254 non
2406 2195 2796 2266 formidantes,
2827 2198 2966 2253 altas
2990 2198 3137 2254 circa
3163 2213 3287 2252 mu-

1692 2308 1786 2349 ros
1836 2291 2124 2348 machinas
2147 2297 2386 2362 erigunt,
2423 2291 2626 2362 quibus
2656 2288 2816 2345 infra"
2850 2305 2908 2346 se
2933 2278 3058 2345 illos
3097 2290 3193 2360 qui
3229 2289 3287 2345 in

1692 2386 1866 2442 muris
1895 2393 2052 2441 erant
2074 2383 2401 2454 despiciunt.
2448 2381 2666 2454 Lignea:
2695 2393 2878 2438 turres
2913 2381 3141 2452 lapideis
3163 2392 3284 2438 tur-

1689 2478 1845 2534 ribus
1896 2483 2270 2548 opponuntur,
2297 2482 2352 2530 et
2399 2474 2512 2546 jam
2545 2475 2800 2531 cominus
2849 2474 3029 2530 hostis
3077 2473 3286 2531 lanceis

1691 2579 1746 2626 et
1773 2569 2000 2626 ensibus
2024 2569 2396 2640 impugnatur.

1689 2659 1921 2733 Jamque
1965 2660 2260 2731 sudesque,
2291 2657 2461 2728 faces,
2513 2657 2720 2730 lapides
2756 2658 3074 2732 jaculantur
3108 2658 3165 2713 in
3187 2671 3284 2712 ur-

3040 2751 3208 2824 [bem.

1690 2845 1875 2905 Hostis
1897 2855 2154 2916 terretur,
2181 2847 2311 2920 quia
2332 2848 2448 2919 jam
2475 2847 2543 2905 de
2577 2856 2756 2904 morte
2779 2848 3025 2904 timetur.
3280 2845 3288 2854 '

1692 2937 1847 2998 Unde
1869 2940 2054 3014 fragor
2066 2941 2610 3011 turbae,elamorque,
2635 2941 2867 2996 sonabat
2892 2940 2949 2995 in
2977 2939 3111 2996 urbe
3135 2939 3275 3012 (ἑά).

1692 3033 1904 3091 Passim
1937 3032 2219 3104 fugiebant
2239 3039 2446 3089 matres
2465 3048 2590 3088 cum
2637 3032 2766 3088 ﬁliis
2807 3040 2862 3088 et
2893 3031 3112 3088 ﬁliabus
3139 3032 3282 3101 suis,

1693 3125 1888 3183 solutis
1915 3123 2181 3191 crinibus,
2208 3123 2558 3195 latebrasque
2597 3124 2936 3196 quaerebant,
2972 3123 3098 3195 quia
3126 3138 3282 3196 spem

1690 3219 1816 3274 vita:
1836 3229 2110 3288 nusquam
2152 3217 2443 3272 habebant.
2477 3215 2709 3288 Jamque
2736 3227 2796 3273 ut
2828 3233 2888 3273 se
2918 3217 3124 3274 victum
3150 3216 3281 3273 red-

1689 3311 1819 3368 dere
1841 3310 2068 3382 parabat
2089 3309 2287 3377 hostis,
2310 3309 2594 3382 sexaginta
2624 3309 2795 3365 millia
2818 3309 3127 3366 Turcorum
3143 3310 3280 3365 emi-

1690 3422 1796 3461 nus
1819 3403 2079 3460 advenire
2108 3403 2415 3474 conspexit.
2441 3401 2549 3473 Ipsi
2587 3401 2734 3458 enim
2763 3402 2832 3459 de
2875 3403 3095 3459 civitate
3140 3417 3280 3474 pra:-

1690 3499 1955 3556 miserant
1971 3497 2039 3552 ad
2066 3497 2210 3563 illos,
2241 3495 2509 3562 dicentes,
2534 3502 2596 3550 ut
2617 3512 2716 3567 per
2737 3495 3104 3552 meridianam
3151 3511 3278 3568 por-

1689 3601 1801 3648 tam
1839 3592 2089 3647 venirent
2136 3589 2203 3645 ad
2253 3589 2403 3659 ipsos
2457 3596 2512 3644 et
2559 3589 2884 3659 adiuvarent
2930 3603 3048 3645 eos.
3092 3587 3277 3645 Nostri

1687 3697 1817 3740 vero
1853 3669 2070 3738 interim
2099 3681 2428 3758 obsederant
2453 3679 2600 3735 illam
2633 3687 2851 3750 portam
2877 3695 3078 3751 magno
3099 3678 3277 3736 comi—

1688 3783 1836 3842 tatu,
1867 3781 1921 3829 et
1960 3771 2341 3829 custodiebant
2377 3785 2499 3828 eam
2549 3770 2839 3828 Podiensis
2883 3771 3178 3842 episcOpus
3222 3779 3276 3827 et

1688 3883 1874 3925 comes
1895 3865 2071 3921 sancti
2108 3861 2330 3935 Egidii.
2383 3859 2547 3920 Turci
2599 3879 2731 3920 vero
2753 3863 2820 3920 de
2870 3864 3150 3919 montanis
3175 3861 3275 3920 de-

1687 3956 2029 4021 scendentes,
2058 3962 2120 4008 ut
2143 3953 2360 4010 eminus
2393 3963 2708 4010 nostrorum
2733 3955 2950 4027 agmina
2976 3968 3275 4026 conspexe-

1685 4057 1836 4118 runt,
1860 4048 2056 4105 timore
2079 4033 2316 4122 perculsi
2350 4053 2501 4114 sunt,
2531 4055 2585 4101 et
2625 4045 2733 4102 nisi
2766 4046 2822 4100 in
2869 4062 2971 4102 sua
3021 4046 3275 4103 multitu-

1686 4143 1814 4200 dine
1859 4141 2236 4208 confidissent,
2287 4139 2430 4212 fugte
2473 4139 2810 4211 praesidium,
2864 4137 3040 4197 frenis
3093 4149 3273 4196 retro-

1685 4235 1862 4303 ﬂexis,
1903 4236 2296 4308 arripuissent;
2342 4234 2706 4316 feceruntque,
2752 4244 2863 4293 tres
2905 4241 3119 4292 turmas
3145 4279 3160 4304 ,
3213 4244 3274 4292 ut

1680 4345 1788 4384 una
1859 4345 2025 4400 supra
2093 4329 2298 4386 dictam
2375 4329 2918 4401 irrumperetportam
2949 4373 2964 4396 ,
3037 4337 3092 4386 et
3148 4328 3272 4385 duae

1680 4418 2042 4491 confligendo,
2089 4419 2135 4476 si
2199 4435 2423 4476 necesse
2468 4420 2551 4476 eis
2606 4420 2976 4488 incumberet,
3035 4419 3278 4476 liberius

1679 4511 2144 4582 subsequercntur
2178 4511 2412 4566 tertiam.
2439 4511 2530 4568 Sic
2556 4511 2720 4568 Turci
2742 4513 3150 4584 disposuerunt,
3173 4511 3270 4568 sed

1681 4603 1776 4661 Dei
1796 4603 2050 4670 consilio,
2070 4605 2244 4660 nostri
2262 4603 2589 4660 eruditiores
2605 4605 2748 4661 hanc
2771 4593 3142 4661 deﬁnitionem
3167 4605 3240 4660 ali
3254 4634 3269 4646 -

1680 4704 1762 4752 ter
1793 4704 2164 4752 mutaverunt.
2203 4695 2339 4751 Nam
2361 4695 2648 4752 Podiensis
2671 4700 2981 4768 episcopus,
3013 4705 3070 4752 et
3093 4697 3259 4752 comi-

1680 4789 1750 4845 tis
1778 4788 2072 4844 Raimundi
2101 4789 2396 4856 exercitus,
2425 4799 2484 4846 ut
2510 4790 2748 4860 primum
2795 4790 2918 4846 illos
2960 4789 3084 4845 visu
3140 4789 3266 4844 atti-

1679 4890 1894 4953 gerunt,
1929 4880 2064 4937 urbe
2121 4879 2331 4949 relicta,
2378 4877 2666 4938 celerrimo
2717 4897 2884 4936 cursu
2943 4879 3162 4935 irruunt
3205 4881 3264 4936 in

1678 4975 1821 5041 illos,
1873 4986 1982 5029 non
2018 4973 2142 5045 plus
2189 4979 2379 5028 earum
2441 4971 2800 5028 formidantes
2855 4969 3263 5026 multitudinem

1677 5077 1841 5135 quam
1865 5078 2031 5119 canes
2060 5062 2356 5134 fugientem
2387 5063 2650 5132 leporem.
2684 5059 2729 5116 0
2771 5069 2908 5132 quot
2949 5059 3120 5116 millia
3152 5061 3278 5118 ele-'

1675 5162 1889 5209 ctorum
1931 5153 2164 5209 militum
2199 5153 2322 5207 illos
2374 5160 2503 5208 sunt
2551 5152 2806 5219 insecuti,
2839 5151 3147 5223 paratiores
3192 5152 3262 5208 de

1673 5243 1977 5300 Turcorum
1991 5245 2318 5317 corporibus
2334 5245 2624 5301 extrahere
2645 5245 2876 5312 animas,
2905 5260 3072 5317 quam
3101 5245 3260 5318 quis-

1671 5354 1835 5409 quam
1873 5337 2156 5394 famelicus
2202 5337 2369 5394 cundi
2400 5337 2467 5394 ad
2513 5338 2752 5409 nuptias.
2798 5337 2964 5394 Turci
2999 5353 3152 5406 vero,
3199 5347 3262 5394 ut

1670 5433 1924 5487 viderunt
1953 5440 2032 5488 tot
2054 5446 2333 5487 armorum
2364 5431 2708 5502 przenimium
2737 5431 3080 5504 splendorem
3105 5432 3260 5504 (sug-

1671 5525 1890 5597 gerebat
1909 5525 2056 5579 enim
2087 5523 2498 5580 ﬂammantibus
2519 5523 2692 5581 radiis
2723 5525 2806 5581 sol
2857 5523 3122 5596 fulgorem
3149 5523 3257 5603 (ῑοι

1036 5637 1342 5696 ΝΟΤυιᾹΞ
1384 5636 1834 5697 MARGINALES
1871 5639 1984 5695 MS.
2024 5637 2181 5696 COD.

20 5718 111 5776 en
135 5724 247 5783 Jam
265 5746 416 5787 mare
431 5734 709 5803 transitur,
734 5733 830 5790 sed
858 5713 924 5790 ad
960 5733 1104 5788 invia
1129 5734 1371 5877 jamque[
1397 5750 1552 5791 vent-

22 5847 108 5877 μω
137 5861 174 5877 _
495 5874 535 5877 μ
795 5875 806 5877 ᾉ
907 5876 915 5877 7
1187 5876 1192 5877 γ
1377 5813 1485 5877 tur.

1401 5821 1485 5859 Ul‘.

19 5847 112 5933 (ἦ)
137 5861 209 5922 Tu
238 5887 470 5943 quoque,
493 5874 690 5943 Ntcma,
722 5875 878 5932 dabis
904 5876 1026 5932 istis
1053 5876 1228 5946 ampla
1257 5847 1518 5947 trophuma.

1663 5734 1776 5809 (2})
1807 5734 1945 5809 gum
1977 5743 2028 5790 te
2049 5734 2370 5809 _vastabunt,
2403 5744 2458 5794 et
2481 5745 2756 5794 vastatum
2785 5715 3144 5809 superabunt.
3217 5788 3220 5793 .
3259 5762 3264 5770 -

1671 5806 1784 5878 (24)
1821 5804 1928 5861 Pro
1958 5807 2117 5863 turba
2145 5808 2530 5882 turlmfragor
2558 5819 2642 5866 est
2662 5804 2942 5888 permoius
2965 5809 3022 5864 in
3047 5806 3201 5864 urbe.
3257 5853 3260 5856 .
