3846 6306
550 368 656 427 687

1119 361 1211 416 AD
1247 357 1696 419 GODEFRIDUM
1730 328 2023 415 APPEND.
2064 355 2128 413 ιι.
2171 387 2236 397 -
2269 355 2542 413 nouum.
2581 355 2672 412 ne
2703 354 2933 415 aeuo
2974 355 3220 416 saeuo.
3689 361 3766 442 egi

552 480 772 537 veloces
796 489 1067 548 equorum
1095 487 1362 533 occursus
1398 471 1771 535 frementium,
1823 478 1904 525 tot
1949 469 2138 525 hastas
2166 476 2213 536 Α
2247 468 2509 536 diximus,
2539 469 2769 525 liberata
2795 447 2887 527 est.
2907 469 3086 526 Nicaea
3130 469 3360 536 civitas,
3409 477 3465 526 et
3490 481 3768 544 expmesi

549 578 744 626 contra
765 583 826 625 se
850 566 1147 632 vibrantes,
1172 572 1322 636 terga
1350 570 1631 618 verterunt
1682 560 1818 631 (25),
1861 569 1916 615 et
1970 560 2133 617 nimis

550 663 692 736 pigri
721 671 776 718 et
828 661 1033 716 inertes
1087 657 1154 714 ad
1200 665 1460 712 montana
1507 653 1685 710 redire
1705 653 2134 723 voluerunt,sed

548 744 865 826 quicunque
890 751 1016 807 inde
1041 747 1456 813 descenderant,
1481 761 1678 802 rursus
1698 745 1995 804 ascendere
2025 761 2135 803 non

547 854 864 919 potuerunt.

547 960 616 1015 Et
641 959 782 1015 male
807 955 1021 1025 multati
1051 968 1185 1010 nece
1207 952 1326 1008 dira
1353 959 1485 1008 sunt
1511 950 1738 1007 cruciati

546 1053 862 1108 Auxiliante
885 1049 1015 1114 Deo,
1055 1046 1136 1103 sic
1174 1044 1393 1116 agmina
1421 1052 1610 1100 nostra
1638 1043 1885 1114 trophaeo

550 1143 669 1198 Tali
692 1146 964 1208 laetantur,
987 1149 1043 1196 et
1067 1139 1136 1194 ad
1163 1138 1356 1194 urbem
1385 1137 1789 1208 regrediuntur.

613 1257 719 1322 Qui
766 1256 964 1310 iterum
1005 1251 1290 1308 machinas
1321 1249 1700 1316 ascendentes,
1759 1256 1822 1304 ut
1867 1247 2131 1319 majorem

540 1357 748 1403 metum
778 1345 1029 1401 hostibus
1078 1345 1404 1410 incuterent,
1439 1341 1651 1399 balistis
1689 1348 1744 1398 et
1776 1339 1959 1398 fundis
1982 1338 2130 1396 oeci-

542 1459 734 1499 sorum
763 1441 942 1512 capita
975 1439 1286 1496 Turcorum
1323 1438 1472 1493 intus
1496 1435 1878 1507 projiciebant.

536 1553 651 1610 Nec
683 1553 932 1609 tardante
960 1565 1137 1618 mora,
1172 1556 1304 1605 sunt
1330 1549 1445 1621 ipsa
1473 1547 1737 1618 temporis
1768 1545 1904 1602 hora

537 1645 718 1714 Naves
745 1646 923 1701 allata:
944 1641 1580 1713 ConstantinOpolitanae.

2239 559 2308 616 ab
2332 576 2395 616 ea
2411 560 2592 617 omnis
2615 561 2887 620 diabolica
2909 563 3219 634 captivitas.

2861 651 3093 709 CAPUT
3129 651 3196 708 ll.

2379 743 2478 800 His
2504 745 2579 801 ita
2603 746 2858 816 patratis,
2883 762 2984 803 sua
3020 762 3144 803 mox
3177 748 3418 804 tentoria
3442 750 3611 804 nostri

2381 835 2652 909 Deﬁgunt,
2676 847 2731 894 et
2751 838 2906 903 abire
2925 849 3144 912 parant,
3168 840 3250 896 sic
3275 841 3414 896 urbe
3428 841 3636 912 “relicta,

2377 929 2563 988 Missis
2591 932 2784 1004 legatis
2807 932 3463 1006 Constantinopolitanis.

2310 1019 2609 1092 Postquam
2633 1038 2765 1080 vero
2818 1024 2888 1081 de
2937 1025 3158 1082 civitate
3203 1034 3581 1094 recesserunt,
3602 1027 3770 1088 duobus

2236 1111 2432 1170 diebus
2461 1114 2755 1186 conjuncta
2799 1116 3019 1189 agmina
3049 1117 3107 1172 in
3133 1133 3306 1172 unum
3338 1131 3714 1188 processerunt,
3730 1134 3767 1178 et

2236 1204 2305 1261 ad
2333 1221 2506 1260 unum
2533 1214 2756 1278 pontem
2780 1217 3148 1279 pervenerunt
3165 1250 3181 1277 ,
3219 1209 3379 1280 juxta
3413 1226 3580 1280 quem
3602 1212 3768 1271 duobus

2234 1297 2428 1355 diebus
2469 1299 2814 1370 quiescentes
2849 1299 3029 1374 feriati
3074 1311 3228 1369 sunt,
3265 1311 3321 1358 et
3345 1302 3416 1358 de
3445 1302 3636 1360 virenti
3673 1316 3767 1376 gra-

2235 1392 2384 1448 mine
2410 1407 2584 1464 equos
2605 1403 2660 1448 et
2681 1393 2888 1450 bestias
2912 1409 3044 1450 suas
3070 1393 3538 1452 refocillaverunt.
3563 1395 3686 1464 Quia
3701 1415 3768 1454 ve-

2235 1501 2299 1542 ro
2339 1487 2641 1558 ingressuri
2683 1496 2843 1543 erant
2868 1496 3072 1544 terram
3094 1487 3369 1545 desertam
3390 1497 3448 1544 et
3472 1489 3766 1561 inaquosam,

2233 1579 2527 1637 consilium
2559 1578 2800 1635 inierunt
2839 1587 2900 1635 ut
2932 1579 3305 1636 dividerentur
3331 1622 3350 1648 ,
3384 1589 3444 1636 et
3484 1581 3541 1636 in
3581 1581 3682 1636 duo
3701 1597 3768 1654 ag-

2238 1671 2386 1729 mina
2416 1671 2772 1742 partirentur.
2823 1669 2944 1726 Non
2979 1671 3127 1727 enim
3175 1687 3285 1727 una
3316 1683 3463 1728 terra
3489 1714 3504 1741 ,
3535 1688 3637 1728 una
3655 1675 3770 1746 regio

619 1768 729 1825 Sed
759 1769 851 1823 illa
880 1767 968 1822 die
990 1767 1046 1822 in
1074 1766 1254 1821 lacum
1293 1778 1399 1820 non
1425 1762 1798 1831 immiserunt,
1825 1763 1920 1818 sed
1943 1769 2127 1831 nocte,
2165 1833 2192 1835 ῃ
2234 1763 2538 1821 sullieiebat
2564 1771 2645 1819 tot
2667 1763 3006 1834 hominibus,
3041 1771 3125 1819 tot
3150 1764 3332 1835 equis,
3354 1772 3440 1820 tot
3466 1763 3768 1821 animalibus.

545 1860 739 1931 plenas
769 1856 1117 1928 Turcopolis,
1164 1863 1324 1928 gente
1353 1854 1561 1910 scilicet
1604 1853 1949 1924 imperatoris
1991 1853 2131 1910 bene
2163 1833 2207 1890 Β
2233 1853 2355 1912 Una
2397 1855 2565 1927 igitur
2586 1866 2640 1911 et
2667 1855 2846 1925 major
2872 1833 3022 1911 δεῖξε
3049 1833 3267 1927 llugoni
3293 1855 3494 1928 Magno
3517 1858 3768 1912 committi-

537 1956 698 2011 docta
721 1963 776 2009 et
805 1962 1024 2010 assueta
1047 1951 1298 2007 navibus.
1323 1949 1385 2004 ln
1411 1947 1714 2004 crastinum
1735 1956 1993 2019 surgente
2030 1963 2132 2004 au-
2233 1957 2343 2004 tur.
2391 1949 2578 2003 Altera
2605 1961 2737 2004 vero
2775 1947 3096 2004 Boamundo
3123 1949 3498 2020 conjungitur.
3548 1947 3604 2003 In
3633 1951 3769 2020 prima

536 2060 688 2112 rora,
733 2053 795 2100 ut
848 2044 1102 2100 viderunt
1155 2056 1324 2098 naves
1371 2039 1428 2094 hi
1462 2038 1558 2111 qui
1585 2046 1744 2094 erant
1790 2037 1845 2093 in
1886 2037 2126 2107 civitate,
2229 2041 2350 2098 acie
2379 2040 2603 2097 fuerunt
2642 2056 2770 2097 cum
2804 2038 3035 2112 Hugone
3064 2039 3262 2112 Magno
3284 2039 3572 2096 Podiensis
3599 2042 3771 2112 episco-

537 2155 652 2210 prae
678 2139 850 2194 nimio
876 2138 1072 2194 timore
1106 2133 1353 2191 exterriti
1379 2141 1509 2189 sunt
1530 2173 1547 2200 ,
1569 2139 1626 2188 et
1680 2132 1824 2188 ultra
1878 2146 1988 2188 non
2030 2131 2129 2187 ha-
2228 2151 2358 2208 pus,
2387 2149 2574 2191 comes
2603 2133 2970 2202 Raimundus,
3002 2133 3114 2190 dux
3145 2131 3480 2189 Godefridus
3506 2174 3522 2200 ,
3547 2141 3601 2188 et
3640 2131 3769 2187 Flau-

535 2230 728 2286 bentes
775 2228 1048 2298 spiritum,
1074 2227 1235 2298 quasi
1275 2225 1391 2296 jam
1425 2222 1627 2306 mortui
1663 2221 1720 2277 in
1762 2231 1966 2277 terram
2004 2235 2110 2278 cor-

2227 2227 2447 2286 drensis
2489 2242 2675 2284 comes
2720 2225 3018 2284 Robertus.
3066 2226 3126 2282 In
3177 2226 3421 2284 secunda
3456 2236 3635 2282 autem
3673 2241 3770 2281 cum

532 2329 764 2378 ruerunt
795 2320 930 2391 (26).
960 2317 1258 2374 Ululabant
1282 2331 1476 2372 omnes
1504 2315 1629 2371 ﬁlia:
1655 2329 1782 2370 cum
1813 2313 2083 2370 matribus
2106 2355 2122 2382 ,
2227 2319 2570 2386 Boamundo,
2595 2318 2934 2387 Tancredus,
2959 2318 3230 2374 Robertus
3250 2333 3440 2374 comes
3480 2316 3770 2374 Nortlnnan-

527 2415 758 2486 juvenes
788 2428 915 2470 cum
953 2411 1283 2484 virginibus,
1306 2424 1468 2464 senes
1499 2423 1625 2464 cum
1643 2406 1978 2479 junioribus.
2012 2404 2126 2462 Un-
2228 2428 2357 2480 nus,
2384 2421 2442 2468 et
2468 2411 2626 2468 multi
2664 2411 2756 2466 alii
2784 2411 3086 2482 principes,
3108 2425 3347 2482 quorum
3383 2411 3609 2468 nomina
3647 2411 3770 2482 igno-

535 2505 702 2576 dique
737 2505 938 2572 luctus,
967 2503 1212 2574 undique
1237 2500 1488 2569 miseria,
1525 2500 1656 2572 quia
1699 2499 1964 2556 evadendi
1998 2513 2126 2570 spes
2229 2520 2438 2561 ramus.
2492 2502 2682 2575 Itaque
2719 2518 2984 2575 prospero
3037 2519 3300 2560 successu
3340 2519 3440 2575 per
3484 2501 3771 2558 Romaniam

531 2611 644 2653 non
670 2603 788 2652 erat
815 2595 948 2650 ulla.
997 2593 1150 2650 Intus
1176 2601 1295 2649 erat
1329 2605 1534 2647 mmror
1570 2599 1624 2646 et
1665 2589 1864 2646 mentis
1895 2589 2124 2644 hebetu-
2223 2597 2337 2668 jam
2366 2596 2528 2668 quasi
2550 2595 2731 2652 securi
2755 2595 3096 2666 equi'tabanl.
3125 2594 3232 2650 Sed
3257 2595 3481 2651 evoluta
3503 2595 3662 2649 trium
3682 2594 3771 2649 die-

537 2687 630 2755 do,
653 2685 787 2742 foris
813 2685 1070 2758 gaudium
1085 2693 1139 2740 et
1175 2682 1492 2739 exsultatio.
1512 2679 1756 2736 Tandem
1797 2681 2124 2739 invenerunt
2225 2704 2350 2744 rum
2391 2689 2692 2756 curriculo,
2715 2698 2914 2760 quarta
2933 2688 3048 2760 jam
3074 2688 3185 2756 die,
3216 2687 3352 2744 hora
3395 2689 3590 2754 tertia,
3629 2687 3662 2741 ii
3696 2687 3770 2758 qui

529 2779 793 2834 evadendi
823 2776 1137 2844 consilium,
1159 2775 1290 2848 quia
1337 2791 1435 2846 per
1487 2773 1824 2844 Turcopolas
1883 2773 2110 2845 impera-

2222 2790 2381 2839 erant
2405 2797 2532 2838 cum
2553 2781 2896 2849 Boamundo,
2924 2781 3177 2838 viderunt
3200 2790 3572 2838 trecentorum
3596 2779 3768 2836 Turco-

529 2871 638 2928 tori
670 2871 1068 2942 signiﬁcarunt,
1101 2869 1151 2925 ei
1189 2884 1248 2925 se
1281 2867 1507 2924 reddere
1534 2866 1897 2934 civitatem,si
1921 2866 2120 2922 illaasos
2225 2891 2347 2931 rum
2371 2874 2540 2930 millia
2571 2873 2677 2931 sibi
2701 2888 3014 2942 occurrere,
3036 2881 3092 2930 et
3110 2873 3370 2930 clamosis
3401 2873 3663 2939 vocibus,
3697 2888 3770 2927 ne-

531 2975 587 3020 et
615 2963 922 3020 incolumes
946 2978 1072 3018 cum
1099 2961 1215 3018 suis
1243 2961 1409 3017 rebus
1439 2975 1534 3016 eos
1576 2960 1915 3032 permitteret
1944 2959 2118 3016 abire.
2222 2969 2340 3026 scio
2375 2968 2508 3041 quid
2550 2967 2848 3026 barbarum
2893 2967 3246 3038 perstridere.
3294 2966 3402 3022 Pro
3429 2982 3664 3038 quorum
3687 2966 3772 3020 im-

531 3054 691 3123 Quod
762 3055 853 3130 ubi
904 3053 1220 3126 imperatori
1271 3053 1556 3109 nuntiatur
1588 3094 1604 3122 ,
1655 3052 1949 3109 admodum
1991 3052 2120 3109 inde
2223 3075 2415 3116 mensa
2450 3058 2800 3116 multitudine
2825 3059 3050 3130 quidam
3071 3075 3138 3116 ex
3161 3059 3375 3115 nostris
3399 3058 3650 3114 haesitare
3683 3071 3770 3111 cu:-

531 3129 838 3222 gratulatur
865 3168 880 3217 ;
915 3149 1009 3205 sed
1037 3157 1092 3204 et
1121 3148 1248 3204 inde
1272 3157 1452 3203 mente
1473 3144 1710 3218 concipit
1751 3144 1997 3202 fraudem
2016 3188 2031 3213 ,
2059 3158 2119 3202 ut
2145 3191 2186 3249 Ο
2221 3159 2443 3222 perunt,
2469 3159 2656 3206 utrum
2680 3129 3020 3216 resisterent,
3047 3159 3143 3205 aut
3163 3149 3307 3222 fuga:
3333 3147 3571 3205 divortia
3593 3162 3769 3218 quaere-

529 3244 794 3315 deinceps
818 3243 1087 3314 parturiat
1116 3243 1484 3315 iniquitatem.
1509 3241 1673 3298 Jubet
1698 3251 1758 3297 ut
1777 3241 1894 3298 suis
1919 3243 2115 3299 redda-

535 3347 628 3394 tur
669 3336 882 3404 civitas,
927 3335 1125 3392 Turcis
1151 3336 1360 3409 integra
1393 3335 1591 3391 ﬁducia
1632 3333 1935 3403 tribuatur,
1966 3342 2019 3390 et
2049 3334 2117 3389 ad

533 3444 593 3485 se
626 3427 1158 3499 Constantinopolim
1193 3427 1590 3484 eonducantur.
1623 3427 1782 3494 Quod
1832 3427 1954 3485 ideo
1989 3425 2117 3482 fecit

535 3523 620 3590 (ut
644 3534 731 3576 res
764 3520 883 3591 ipsa
913 3519 1173 3591 deinceps
1199 3519 1460 3592 innotuit)
1485 3527 1544 3574 ut
1565 3534 1691 3574 cum
1717 3526 1931 3589 tempus
1961 3533 2116 3574 acce-

531 3611 705 3680 deret,
740 3612 808 3668 ad
842 3613 1231 3669 detrimentum
1252 3610 1592 3667 Francorum
1617 3610 1921 3681 paratiores
1958 3609 2111 3666 inve-

531 3704 694 3761 niret.
720 3702 909 3776 itaque
929 3704 1124 3760 civitas
1147 3703 1416 3770 redditur,
1447 3711 1500 3759 et
1532 3701 1696 3758 Turci
1719 3700 2112 3758 Constantino-

529 3797 697 3868 polim
742 3797 1089 3852 deducuntur
1124 3795 1260 3868 (‘27).
1293 3793 1407 3851 Nec
1441 3795 1730 3850 immemor
1775 3803 1958 3849 tamen
2009 3793 2113 3849 fuit

526 3888 827 3959 imperator
861 3887 998 3943 tanti
1023 3886 1298 3954 beneﬁcii,
1319 3886 1448 3958 quia
1471 3885 1802 3957 pauperibus
1823 3885 1917 3957 qui
1954 3893 2114 3941 erant

528 3979 586 4034 in
616 3979 883 4047 exercitu,
933 3979 1115 4051 largas
1159 3978 1538 4049 cleemosynas
1561 3975 1818 4047 praecepit
1872 3975 2106 4046 erogari.

527 4069 745 4142 Septem
779 4070 962 4142 itaque
998 4068 1437 4126 hebdomadibus
1472 4075 1527 4124 et
1570 4067 1746 4122 tribus
1779 4065 1972 4122 diebus
2011 4063 2109 4120 Ni-

526 4178 653 4218 caaze
681 4162 918 4219 civitatis
945 4171 1206 4235 protensa
1239 4169 1325 4218 est
1354 4159 1714 4232 expugnatio,
1763 4174 1865 4214 nec
1912 4157 2022 4213 ulla
2055 4157 2111 4212 vi

525 4254 771 4312 humana
808 4264 1063 4328 superata
1095 4254 1320 4324 fuisset,
1375 4255 1483 4311 nisi
1525 4253 1621 4310 Dei
1663 4252 1960 4324 adjutorio.
2012 4252 2110 4310 Est

522 4346 669 4402 enim
700 4347 876 4404 muris
925 4347 1270 4404 densissimis
1309 4355 1363 4404 et
1385 4346 1511 4402 altis
1540 4344 1783 4400 turribus
1809 4345 2107 4416 praemuni-

521 4449 674 4507 ta,ut
701 4448 868 4512 caput
891 4447 946 4497 et
973 4439 1108 4495 nulli
1128 4454 1353 4510 compar
1380 4437 1434 4493 in
1464 4445 1577 4492 tota
1603 4430 1892 4491 Romania.
1922 4434 1982 4490 In
2004 4437 2106 4493 hac

2222 3251 2366 3299 rent.
2390 3241 2545 3298 Tunc
2573 3240 2948 3308 Boamundus,
2980 3251 3040 3296 ut
3063 3241 3148 3296 vir
3176 3237 3770 3306 multividus,etNorth-

2219 3349 2457 3390 mannus
2477 3348 2663 3389 comes
2686 3340 2746 3388 ut
2773 3332 2930 3413 miles
2954 3332 3260 3401 animosus,
3299 3343 3360 3388 ut
3380 3332 3635 3387 viderunt
3657 3344 3769 3400 quo-

2218 3427 2474 3484 rumdam
2503 3427 2721 3483 animos
2743 3425 3003 3492 titubare,
3037 3425 3362 3496 prtecipiunt
3384 3441 3582 3480 omnes
3607 3423 3770 3479 milites

2217 3519 2582 3588 descendere,
2617 3531 2673 3575 et
2713 3519 2878 3575 sudes
2938 3518 3304 3575 tentoriorum
3367 3518 3615 3589 infigere.
3665 3515 3770 3569 Erat

2217 3623 2400 3670 autem
2421 3612 2495 3668 ibi
2517 3612 2740 3684 quidam
2764 3611 2914 3668 rivus
2937 3612 3212 3668 currentis
3233 3627 3394 3682 aqua:
3405 3609 3768 3682 praeterﬂuens,

2209 3707 2367 3778 juxta
2393 3722 2557 3777 quem
2580 3705 2636 3764 in
2667 3705 2891 3777 longum
2927 3721 3029 3761 sua
3051 3704 3286 3760 tentoria
3312 3714 3554 3775 ponunt.
3577 3701 3774 3758 Concita

2215 3797 2480 3871 providus
2519 3796 2876 3854 Boamundus
2901 3797 3136 3853 celerem
3163 3797 3354 3870 dirigit
3382 3797 3640 3852 nuntium

2279 3933 2385 4003 Qui
2421 3934 2584 3990 celeri
2609 3933 2862 3990 volitaret
2888 3949 3033 4005 equo
3062 3943 3399 4006 nostrosque
3422 3945 3664 4000 vocaret,

2213 4025 2496 4095 Quatenus
2516 4026 2583 4082 ad
2612 4027 2814 4082 bellum
2850 4037 3207 4098 properarent
3230 4029 3465 4101 jamque
3491 4036 3742 4100 paratum.

2210 4162 2516 4233 Antequam
2563 4175 2692 4216 vero
2744 4160 2979 4216 tentoria
3037 4169 3194 4218 tensa
3253 4159 3518 4230 fuissent,
3585 4168 3771 4217 centum

2209 4255 2604 4328 quinquaginta
2657 4251 2822 4309 Turci
2878 4254 3036 4325 equis
3103 4254 3474 4312 velocioribus
3553 4253 3770 4316 advecti,

2209 4359 2428 4405 nostros
2478 4348 2969 4419 appropiaverunt,
3026 4357 3081 4404 et
3117 4348 3289 4405 tensis
3355 4349 3604 4404 arcubus
3667 4360 3773 4401 suas

2208 4441 2433 4513 sagittas
2473 4440 2743 4496 toxicatas
2783 4439 2838 4494 in
2869 4455 2965 4496 eos
3012 4440 3384 4498 immiserunt.
3431 4440 3620 4499 Nostri
3667 4453 3772 4495 vero

522 4534 679 4598 olim,
710 4542 954 4604 tempore
999 4530 1350 4589 Constantini
1388 4527 1756 4599 imperatoris,
1789 4529 2018 4585 trecenti
2052 4540 2106 4586 et
2133 4562 2183 4623 Ι)
2207 4533 2365 4605 equis
2413 4525 2670 4589 admissis
2715 4532 2839 4590 illos
2881 4541 3241 4605 exceperunt,
3275 4544 3330 4591 et
3371 4534 3771 4605 comprehensos

519 4626 824 4682 octodecim
853 4626 1096 4697 episcopi
1116 4622 1396 4698 aggregati
1425 4620 1671 4689 fuerunt,
1693 4629 1748 4676 et
1780 4620 1848 4676 de
1873 4620 1979 4678 ﬁde
2004 4639 2104 4679 no-

519 4729 655 4787 stra,
695 4729 918 4792 propter
950 4719 1336 4777 haereticorum
1362 4715 1660 4772 versutiam
1689 4716 1784 4786 qui
1813 4726 1942 4772 tunc
1966 4727 2092 4773 temo

516 4813 669 4883 poris
705 4824 882 4880 erant,
922 4819 1317 4877 tractaverunt,
1343 4818 1398 4866 et
1424 4809 1500 4864 ita
1530 4807 1736 4877 omnia,
1776 4809 1920 4866 sicut
1957 4818 2102 4866 tenet

518 4920 669 4961 nunc
695 4907 965 4964 catholica
1002 4903 1249 4960 Ecclesia
1267 4945 1282 4971 ,
1307 4916 1500 4958 omnes
1529 4901 1861 4958 unanimiter
1903 4918 2101 4960 sanxe-

514 5009 664 5055 runt.
695 4999 761 5056 Et
785 5001 856 5056 ob
877 5000 984 5054 hoc
1005 4997 1232 5069 dignum
1272 5003 1393 5052 erat
1429 5004 1490 5050 ut
1541 4994 1780 5052 inimicis
1807 5003 2012 5052 sancta:
2035 4996 2100 5052 fi—

481 5112 487 5129 ι
513 5089 601 5146 dei
634 5089 943 5147 auferretur
970 5099 1024 5144 et
1047 5087 1160 5144 Deo
1188 5087 1657 5155 reconciliaretur,
1681 5095 1737 5142 et
1760 5095 1966 5144 saneta:
1977 5104 2097 5144 ma-

513 5182 586 5237 tri
629 5192 834 5240 nostrze
873 5181 1154 5249 Ecclesiae,
1183 5189 1244 5244 ut
1279 5180 1588 5237 membrum
1637 5197 1821 5250 suum,
1855 5181 2096 5238 redinte-

514 5282 786 5344 graretur.
843 5274 914 5329 Et
952 5272 1173 5344 provisa
1226 5271 1361 5340 fuit,
1396 5281 1451 5328 ct
1492 5272 1757 5344 disposita
1792 5271 1895 5327 fuit
1925 5288 1956 5328 a
1985 5271 2098 5328 Deo

515 5365 634 5422 haec
655 5383 795 5424 nova
829 5367 1246 5438 redintegratio,
1272 5365 1533 5438 quoniam
1581 5366 1947 5438 plurimorum
1999 5366 2097 5437 qui

512 5453 592 5542 ibi
625 5458 798 5516 occisi
846 5467 976 5515 sunt
1016 5467 1335 5516 consecrata
1385 5468 1469 5515 est
1495 5459 1776 5531 martyrio.
1803 5457 2008 5515 Taliter
2036 5468 2098 5515 ut

2212 4627 2549 4684 occiderunt.
2602 4625 2908 4682 Turcorum
2957 4627 3158 4698 quippe
3200 4627 3572 4689 Tconsuetudo
3616 4635 3692 4682 est
3727 4633 3772 4677 ut

2209 4729 2358 4777 retro
2384 4717 2700 4790 confugiant
2716 4718 2904 4773 tractis
2933 4718 3170 4790 sagittis,
3197 4726 3252 4774 et
3275 4719 3412 4773 dum
3449 4717 3665 4789 fugiunt
3690 4713 3770 4768 adv

2207 4828 2427 4868 versum
2467 4812 2666 4867 vulnus
2688 4827 2747 4866 se
2768 4809 3184 4882 insequentibus
3215 4809 3492 4882 inﬂigant,
3530 4809 3633 4866 Sed
3658 4806 3771 4878 fuga

2208 4905 2390 4960 nullus
2425 4904 2580 4960 locus
2613 4913 2750 4970 erat,
2785 4904 2914 4975 quia
2936 4902 3180 4960 densitas
3209 4903 3456 4959 hostium
3494 4913 3772 4972 occupave-

2206 5007 2292 5053 rat
2320 4997 2436 5068 ipsa
2464 4996 2753 5053 cacumina
2791 4997 3060 5052 montium
3094 4995 3230 5067 (28).
3275 4995 3582 5068 Propterea
3625 4990 3771 5050 nostri

2206 5091 2395 5147 dextra
2430 5091 2656 5162 levaque
2701 5106 2796 5146 eos
2840 5090 3107 5146 instanter
3143 5089 3521 5158 trucidabant,
3549 5099 3599 5145 et
3636 5100 3772 5142 arcus

2205 5193 2258 5240 et
2299 5183 2509 5255 sagittae
2547 5182 2794 5239 inutilem
2839 5182 2912 5238 ibi
2955 5183 3138 5238 locum
3207 5183 3512 5239 trahebant.
3557 5181 3769 5237 Tandem

2206 5273 2505 5331 contractis
2541 5274 2749 5330 lanceis
2773 5273 3111 5330 Francorum
3141 5273 3197 5329 in
3228 5275 3564 5345 corporibus
3598 5271 3767 5340 impio-

2205 5384 2351 5436 rum,
2384 5383 2472 5423 res
2501 5367 2680 5439 agitur
2723 5367 2932 5438 gladiis.
2957 5365 3002 5422 Ο
3025 5375 3160 5438 quot
3189 5367 3263 5422 ibi
3293 5383 3536 5437 corpora
3575 5375 3769 5422 corrue-

2204 5469 2352 5526 runt,
2392 5459 2660 5515 truncatis
2705 5459 2995 5531 capitibus,
3054 5468 3151 5515 aut
3200 5459 3478 5515 mutilatis
3525 5456 3772 5530 aliquibus

1575 5522 1882 5628 NQTULIE
1920 5522 2366 5629 MARCIEJALES
2404 5569 2518 5627 MS.
2559 5569 2716 5628 COD.

514 5663 629 5807 (εει)
663 5661 786 5718 Iam
821 5661 988 5744 Turci
1014 5661 1251 5746 fugiunt,
1281 5666 1581 5746 pavidique.
1601 5681 1696 5736 per
1720 5666 1904 5721 omnia
1934 5665 2090 5721 ﬁunt.

537 5736 630 5807 26)
666 5733 867 5807 ljostes
895 5734 1110 5802 incluSI,
1141 5751 1337 5807 magna
1365 5736 1655 5792 formidine
1678 5736 1806 5807 fusi.
2053 5806 2058 5807 ί

537 5733 630 5807 26)
666 5733 867 5808 ljostes
895 5733 1110 5802 inclusi,
1141 5733 1337 5808 magna
1365 5733 1655 5792 formidine
1678 5736 1806 5808 fusi.

665 5804 790 5874 Quo
832 5820 890 5860 se
919 5807 1157 5860 converti
1183 5804 1418 5875 va'leant,
1445 5822 1555 5862 non
1590 5816 1718 5865 sunt
1764 5806 1901 5874 bene
1932 5806 2085 5863 certi.

2197 5665 2313 5737 (27)
2351 5663 2538 5738 hostis
2569 5665 2818 5738 captivus
2840 5666 3144 5738 condonata
3171 5683 3305 5723 nece
3331 5667 3524 5738 vivas,

2345 5735 2607 5816 [leddilur
2631 5735 2662 5790 a
2686 5735 2912 5792 Francis
2937 5735 3598 5816 Constantinopolitanis.

2197 5807 2310 5879 (28)
2351 5806 2494 5897 Ecce.
2517 5807 2606 5863 hic
2635 5823 2816 5902 pugna
2835 5850 2848 5877 ,
2872 5823 3006 5880 .quzc
3027 5824 3135 5872 non
3161 5807 3269 5874 fuit
3295 5806 3570 5904 (imaginis
3597 5829 3694 5901 una
