3846 6306
113 373 218 437 'ch
873 374 1166 434 nonum
1204 376 1514 438 MONACHI
1548 378 1728 438 lllST.
1770 340 2132 444 manoson
2171 419 2243 430 _
2275 387 2405 447 LIB.
2446 387 2530 449 ιη.

3212 375 3325 457 eoo

117 486 362 558 membris!
387 485 494 545 Illic
515 484 758 556 videres,
784 490 923 560 quod
949 491 1220 562 posterior
1240 509 1368 565 pars
1387 493 1630 551 hostium
1659 497 1708 560 Α
1738 496 1976 555 militare
1996 499 2214 572 signum
2241 517 2402 558 suum
2431 503 2557 558 altls
2582 482 2808 563 vocibus
2829 507 3316 571 conclamantiuml

113 580 376 654 impellebat
401 578 631 651 priorem
664 580 726 636 in
748 580 1379 652 gladlostrucidantium:

115 675 226 730 Dum
249 673 319 728 sic
347 679 631 743 pugnatur,
653 672 791 728 dum
816 673 893 729 sic
920 689 1046 744 pars
1070 677 1246 746 prima
1277 688 1523 736 necatur.

111 765 218 822 Pars
237 779 293 820 ea
321 762 614 819 Turcorum
637 780 766 835 qua:
789 765 962 822 rivum
994 769 1230 838 transiit,
1258 770 1350 827 illa

106 856 320 912 Protinus
342 853 532 910 invasit
553 856 790 912 tentoria
816 854 1252 916 Christianorum
1290 881 1304 917 :

109 948 302 1004 Diruunt
333 946 446 1013 illa;
472 948 751 1004 trucidant
787 959 989 1007 matres
1015 966 1140 1007 cum
1163 953 1369 1024 pueris,
1409 964 1464 1012 et
1493 971 1635 1028 quos

107 1041 357 1113 imparatos
383 1038 522 1095 bello
546 1041 828 1111 reperiunt
850 1049 904 1098 et
922 1040 1042 1098 sine
1064 1058 1254 1102 armis.
1277 1044 1496 1104 Clamor
1517 1064 1635 1104 mo—

103 1131 316 1188 rientium
344 1129 646 1188 Boamundi
677 1134 924 1204 pervenit
970 1135 1039 1191 ad
1085 1152 1270 1205 aures,
1301 1146 1357 1194 et
1383 1140 1634 1210 protinus

101 1224 205 1297 quid
239 1231 374 1280 esset
423 1223 708 1280 intellexit.
761 1226 972 1284 Bellum
1023 1230 1208 1285 comiti
1253 1228 1635 1289 Northmamio

98 1315 371 1385 committit,
403 1325 458 1372 et
500 1317 572 1373 ad
613 1319 849 1375 tentoria
876 1333 1001 1377 cum
1039 1322 1230 1393 paucis
1266 1323 1432 1380 celeri
1469 1339 1634 1381 cursu

97 1406 345 1479 repedavit.

97 1501 216 1570 Quos
237 1508 291 1558 ut
312 1499 562 1558 viderunt
583 1501 774 1574 Turci,
790 1519 918 1561 mox
947 1514 1096 1580 terga
1125 1508 1411 1566 dederunt.

97 1593 400 1660 Boamundus
459 1603 646 1652 autem
691 1599 1043 1670 conspicatus
1081 1601 1157 1657 ibi
1208 1601 1393 1674 jacere
1430 1603 1636 1661 multos

92 1687 344 1755 examines,
389 1689 560 1759 coepit
606 1689 928 1760 lamentari;
974 1699 1029 1748 et
1053 1691 1370 1765 Dominum,
1399 1704 1459 1751 ut
1497 1695 1636 1754 vivis

92 1794 141 1834 ac
160 1777 364 1835 mortuis
407 1787 560 1836 esset
611 1781 909 1856 refugium,
959 1784 1262 1857 deprecari.
1313 1788 1396 1845 Ad
1431 1788 1634 1846 bellum

91 1867 277 1924 {murras
302 1870 588 1940 remeavit,
625 1873 721 1928 sed
743 1881 927 1930 tamen
962 1890 1063 1947 pro
1089 1879 1234 1934 vallo
1253 1885 1308 1935 et
1331 1879 1636 1939 munimine

91 1960 134 2015 in
154 1960 377 2017 tentoriis
419 1962 634 2020 milites
673 1965 984 2038 dereliquit.
1031 1967 1339 2042 Antequam
1368 1974 1524 2044 ivero
1567 1973 1634 2031 ad

89 2051 246 2108 bellum
284 2053 504 2122 rediret,
556 2054 784 2114 fuerant
820 2057 937 2130 jam
978 2063 1154 2118 nostri
1203 2063 1340 2120 adeo
1401 2063 1634 2139 fatigati,

89 2144 174 2210 siti,
199 2145 368 2202 labore
395 2156 451 2203 et
471 2148 667 2205 calore
711 2158 880 2206 aestus
903 2151 1038 2224 (29),
1080 2155 1209 2226 quia
1237 2155 1343 2212 nisi
1377 2158 1637 2216 mulieres

87 2245 233 2306 potum
253 2237 315 2293 de
335 2237 452 2294 rivo
484 2241 886 2310 praterﬂuenti
933 2246 1272 2316 attulissent,
1320 2251 1480 2307 multi
1514 2251 1637 2324 ipso

86 2327 150 2382 die
177 2327 300 2385 bello
331 2330 792 2390 succubuissent.
825 2333 947 2390 Iam
969 2352 1100 2392 vero
1129 2338 1303 2395 nostri
1327 2338 1522 2398 Turcis
1556 2341 1636 2396 ir-

86 2422 322 2480 ruentibus
348 2425 522 2480 semel
565 2435 724 2499 terga
755 2427 1043 2497 dederunt,
1075 2439 1130 2486 et
1156 2431 1264 2488 nisi
1299 2434 1409 2489 cito
1453 2449 1638 2493 comes

84 2510 444 2572 Northmannus
482 2532 727 2574 aureum
753 2519 1013 2576 vexillum
1055 2521 1112 2576 in
1166 2522 1355 2579 dextra
1414 2525 1638 2584 vibrans

84 2617 246 2674 equina
277 2609 670 2678 convertisset,
711 2619 766 2666 et
804 2611 1094 2682 geminatis
1134 2615 1362 2673 vocibus
1401 2616 1638 2675 militare

85 2697 276 2768 signum,
295 2698 436 2755 Deus
463 2701 616 2770 vult,
639 2701 783 2758 Deus
804 2703 934 2773 vult,
960 2705 1320 2764 exclamasset
1344 2727 1358 2764 :

80 2785 253 2846 Nostris
282 2791 370 2847 illa
392 2793 516 2851 dies
548 2794 729 2852 nimis
755 2796 1049 2855 exitiabilis
1078 2808 1245 2856 esset.

83 2878 163 2937 Sed
188 2893 464 2955 postquam
502 2887 778 2944 viderunt
808 2891 1009 2947 reverti
1050 2890 1431 2950 Boamundum
1462 2904 1515 2950 et
1544 2910 1638 2952 co-

85 2973 231 3029 mitem
257 2973 736 3050 Northmannum,
774 2982 1025 3053 spiritum
1049 2985 1291 3042 audacia:
1325 3002 1638 3058 resumpse-

83 3076 196 3133 runt,
215 3077 262 3124 et
285 3070 460 3143 magis
481 3072 638 3128 mori
673 3089 838 3145 quam
863 3075 1092 3133 ulterius
1121 3076 1308 3151 fugere
1335 3081 1630 3152 elegerunt.

83 3153 216 3214 Tanta
234 3161 424 3234 quippe
451 3172 590 3220 erat
619 3163 926 3222 Turcorum
974 3169 1256 3240 instantia,
1294 3183 1348 3230 et
1383 3190 1527 3232 unus
1558 3176 1634 3232 ita

83 3247 339 3320 impellebat
366 3256 571 3324 alium,
603 3259 751 3329 quod
784 3276 1055 3332 nusquam
1092 3273 1210 3319 erat
1247 3267 1505 3338 cuiquam
1536 3285 1634 3338 pro

83 3341 168 3400 ullo
200 3349 482 3405 commodo
519 3350 841 3423 dili'ugium.
884 3352 1117 3411 Nostros
1155 3357 1229 3412 ita
1277 3358 1634 3428 vallaverant,

81 3435 194 3504 quod
211 3437 381 3495 locum
403 3456 660 3498 vacuum
684 3443 793 3499 nisi
813 3444 960 3502 circa
993 3448 1224 3502 tentoria
1253 3464 1359 3503 non
1393 3449 1637 3505 invenie-

81 3523 196 3581 bant.
232 3527 380 3585 Multi
408 3532 478 3588 de
505 3533 728 3591 nostris
767 3541 901 3593 tunc
937 3538 1140 3593 mortui
1175 3547 1326 3607 sunt,
1359 3540 1453 3610 qui
1489 3539 1629 3596 Tur-

80 3629 229 3674 corum
255 3622 467 3694 sagittis
500 3623 814 3696 perierunt.
850 3625 1044 3685 Nullus
1066 3633 1383 3687 nostrorum
1409 3633 1639 3690 vacabat

82 3707 134 3762 ab
147 3709 326 3782 ofﬁcio,
367 3717 571 3773 nullus
598 3727 717 3774 erat
751 3719 959 3791 absque
1004 3722 1327 3780 ministerio.
1360 3723 1557 3782 Milites
1584 3735 1639 3783 et

80 3798 131 3854 ad
156 3802 336 3861 bellum
366 3809 623 3879 expediti
651 3812 988 3884 pugnabant,
1031 3815 1346 3873 sacerdotes
1374 3825 1429 3873 et
1450 3815 1636 3874 clerici

80 3891 317 3960 plorabant
333 3908 388 3954 et
413 3901 687 3969 orabant,
716 3904 976 3962 mulieres
1005 3905 1365 3964 lamentantes
1391 3917 1638 3966 mortuo-

78 3993 176 4038 rum
197 3999 414 4059 corpora
456 3991 515 4046 in
553 3995 796 4050 tentoria
823 3996 1130 4054 trahebant.
1162 3997 1230 4054 Et
1270 3998 1401 4055 dum
1425 4000 1506 4057 sic
1533 4015 1638 4057 no-

80 4076 155 4130 εττί
190 4093 522 4154 coartantur,
588 4085 719 4141 dum
770 4089 917 4144 nube
951 4089 1255 4146 volantium
1312 4092 1636 4164 sagittarum

81 4165 454 4245 obumbrantur,
508 4178 737 4234 advolat
784 4179 990 4236 interea
1033 4182 1145 4237 dux
1211 4182 1542 4241 Godel‘ridus
1583 4195 1639 4242 et

79 4253 201 4330 “uso
225 4264 352 4336 (30).
385 4267 496 4336 Qui
535 4285 669 4325 cum
715 4270 784 4327 ad
831 4281 1094 4328 montana
1122 4284 1487 4345 pervenerunt
1511 4292 1638 4334 cum

79 4353 395 4429 quadraginta
429 4361 688 4418 millibus
720 4363 1019 4420 electorum
1069 4365 1328 4437 militum,
1364 4367 1641 4438 aspiciunt

78 4445 268 4531 tentoria
306 4466 549 4508 suorum
602 4453 846 4525 undique
903 4456 1270 4528 circumsepta
1324 4459 1639 4531 agminibus

1665 1863 1712 1923 Β

1740 587 2209 660 Congeminantur
2260 593 2365 650 illa:
2399 610 2582 664 voces,
2617 596 2747 653 dum
2783 613 2877 654 eas
2927 600 3215 672 recipiunt,
3265 612 3321 660 et

1737 681 2052 752 recipiendo
2098 685 2358 742 emittunt
2417 704 2656 746 concava
2709 690 2954 759 vallium,
3031 697 3323 752 cacumina

1737 771 2031 841 montium,
2084 773 2343 832 scissura:
2392 777 2632 848 rupium.
2686 778 2870 836 Miseri
2919 797 3058 852 quos
3080 785 3318 854 primum

1737 860 2046 932 inveniunt,
2078 867 2209 936 quia
2235 883 2384 924 nunc
2417 868 2689 940 homines,
2728 888 2875 930 nunc
2909 875 3023 929 sola
3054 877 3319 934 cadavera

1738 964 1888 1024 sunt,
1924 971 2065 1028 quos
2096 975 2204 1014 non
2231 961 2471 1034 contegit
2505 962 2675 1018 lorica
2715 964 2801 1020 vel
2837 967 3078 1038 clypeus,
3101 978 3155 1023 et
3178 985 3320 1039 quos

1741 1063 1856 1104 non
1888 1049 2113 1121 adjuvat
2138 1053 2335 1125 sagitta
2369 1053 2719 1113 velsinuatus
2747 1073 2928 1114 arcus.
2956 1057 3196 1116 Ululant.
3224 1077 3319 1132 ge-

1738 1149 1921 1209 munt,
1954 1151 2158 1199 terram
2197 1146 2492 1202 morientes
2535 1148 2776 1205 calcibus
2814 1159 3016 1218 terunt,
3060 1163 3154 1207 aut
3191 1169 3320 1223 pro-

1736 1233 2056 1292 cumbentes
2096 1235 2320 1292 herbam
2352 1237 2628 1296 mordicus
2673 1241 2947 1311 scindunt,
2980 1242 3090 1300 llos
3131 1259 3322 1314 repen-

1735 1324 1884 1386 tinos
1940 1326 2156 1384 sonitus
2210 1327 2343 1384 dum
2403 1329 2564 1403 longe
2616 1333 2780 1402 positi
2839 1335 3168 1405 percipiunt,
3225 1335 3320 1389 alii

1738 1414 2103 1490 gratulantur,
2160 1419 2253 1475 alii
2296 1421 2478 1478 moesti
2525 1423 2681 1480 fiunt.
2750 1424 2946 1483 Franci
3011 1428 3321 1500 intelligunt

1738 1509 1977 1566 militare
2020 1511 2238 1582 signum
2291 1528 2518 1570 suorum
2563 1518 2957 1588 pugnantium;
2992 1519 3156 1576 Turci
3189 1537 3320 1578 vero

1739 1599 2120 1658 lamentabiles
2163 1603 2398 1675 gemitus
2437 1621 2664 1662 suorum
2695 1608 3068 1667 morientium.
3117 1611 3322 1684 Torpe-

1741 1693 1848 1750 scit
1887 1694 2194 1766 stupefacta
2235 1713 2434 1754 manus
2470 1699 2808 1770 iniquorum,
2851 1705 3181 1761 convalescit
3205 1707 3322 1778 jam

1740 1781 1965 1857 fatigata
1990 1801 2188 1843 manus
2213 1786 2680 1846 Christianorum.

2351 1877 2584 1936 CAPUT
2614 1879 2700 1937 lli.

1809 1967 2028 2026 interea
2057 1968 2188 2026 dum
2233 1970 2398 2030 Turci
2425 1975 2519 2045 qui
2566 1985 2786 2033 nostros
2827 1977 3221 2051 impugnabant
3256 1979 3324 2036 ad

1739 2068 2004 2118 montana
2031 2063 2354 2134 respiciunt,
2384 2067 2732 2139 conspiciunt
2760 2067 3086 2126 Podiensem
3119 2071 3330 2141 episco-

1745 2166 1879 2225 pum
1907 2160 1962 2209 et
1983 2154 2239 2210 comitem
2273 2153 2664 2226 Raimundum,
2693 2176 2818 2214 cum
2845 2161 3058 2232 reliquo
3080 2163 3327 2218 exercitu

1739 2242 1973 2299 militum
2000 2253 2054 2301 et
2082 2245 2326 2316 peditum
2363 2247 2430 2303 de
2473 2251 2752 2306 montibus
2778 2251 3131 2321 descendere,
3159 2269 3324 2310 suos-

1741 2349 1849 2405 que
1876 2335 2160 2406 invadere;
2201 2337 2559 2410 obriguerunt
2604 2341 2798 2396 timore
2820 2358 3019 2415 magno
3042 2359 3155 2414 prze
3184 2345 3327 2399 mul-

1738 2425 1972 2483 titudine
2019 2427 2345 2486 bellatorum
2397 2432 2534 2503 (51),
2608 2442 2864 2504 putantes
2921 2435 3068 2506 quod
3115 2446 3210 2493 aut
3257 2437 3326 2492 de

1741 2518 1996 2588 supernis
2046 2519 2267 2578 sedibus
2317 2521 2609 2580 bellatores
2655 2524 3068 2594 compluissent,
3120 2535 3216 2580 aut
3258 2527 3327 2582 de

1741 2606 1874 2679 ipsis
1898 2611 2178 2668 montibus
2203 2615 2578 2671 emersissent.
2597 2613 2824 2672 ’Iterum
2848 2617 3034 2687 prrelia
3061 2617 3326 2673 innovan-

1741 2707 1855 2768 tur,
1880 2711 2238 2776 recenterque
2270 2704 2509 2776 plurima
2542 2703 2851 2765 Turcorum
2885 2707 3056 2763 millia
3081 2716 3325 2779 proster-

1739 2800 1964 2850 nuntur.

1739 2905 1882 2974 Quid
1902 2906 2357 2979 faeeret'l‘urcus,
2377 2910 2722 2983 populusque
2737 2926 2834 2981 per
2853 2911 3039 2966 omnia
3062 2912 3328 2982 spurcus!

1738 2997 1803 3054 Ni
1834 3016 1934 3056 sua
1958 3010 2108 3074 terga
2141 3002 2295 3058 daret
2323 3018 2435 3073 quo
2462 3010 2687 3058 venerat
2707 3011 2761 3058 et
2780 3011 3070 3057 remearet.

1740 3090 1845 3149 Sed
1865 3093 1962 3164 qui
1987 3093 2161 3150 cauda
2189 3093 2343 3164 prius
2370 3093 2566 3160 fuerat,
2596 3102 2759 3164 caput
2780 3092 2971 3164 incipit
2997 3107 3140 3149 esse.

1741 3185 1942 3257 Sicque
1969 3195 2133 3257 caput
2159 3187 2391 3243 caudam
2414 3186 2685 3258 sequitur,
2706 3185 2922 3257 fugiens
2945 3184 3235 3257 fugientes.

1737 3296 1923 3355 Nostri
1951 3315 2173 3371 quoque
2201 3299 2296 3371 qui
2325 3300 2440 3371 jam
2479 3315 2647 3370 prope
2676 3299 2732 3354 in
2772 3300 2890 3356 suis
2929 3308 3088 3356 erant
3123 3301 3328 3356 inclusi

1737 3392 2010 3460 tentoriis,
2052 3393 2252 3449 iterum
2310 3403 2592 3465 resumpto
2631 3393 2830 3464 spiritu
2885 3393 3223 3460 animantur,
3267 3401 3322 3448 et

1739 3500 1840 3542 sua
1889 3486 2118 3545 vulnera
2155 3502 2458 3560 gravesque
2506 3487 2740 3560 injurias
2772 3489 2842 3544 de
2871 3488 3126 3545 hostibus
3182 3488 3325 3544 ulci-

1739 3590 1971 3637 scuntur
2699 3592 2706 3607 '

1741 3689 1846 3758 Qui
1866 3691 2020 3762 prius
2042 3690 2341 3759 instabant,
2367 3691 2583 3764 fugiunt
2609 3691 2724 3762 ('52)
2748 3707 2847 3762 per
2873 3691 3032 3746 devia
3055 3706 3322 3762 quaeque:

1740 3781 1852 3839 Nec
1881 3791 2079 3841 curant
2099 3799 2389 3854 quorsum,
2426 3784 2514 3840 vel
2555 3783 2610 3838 in
2635 3792 2796 3840 antea
2824 3784 2939 3839 sive
2969 3792 3272 3840 retrorsum
3308 3801 3321 3839 :

1744 3877 1850 3933 Sed
1877 3877 2034 3933 miles
2053 3876 2258 3934 Christi
2285 3877 2584 3948 prosternit
2606 3891 2702 3932 eos
2725 3892 2859 3932 nece
2885 3876 3060 3942 tristi;

1743 3967 2024 4038 Sanguine
2053 3975 2198 4022 terra
2224 3967 2423 4034 madet,
2446 3967 2648 4022 montis
2681 3967 2836 4022 rubet
2861 3966 3102 4036 undique
3124 3965 3323 4032 clivus,

1745 4057 1999 4130 Complet
2020 4073 2196 4130 usque
2221 4057 2387 4114 simul
2414 4057 2649 4112 ﬂuitanti
2672 4058 2939 4128 sanguine
2961 4056 3131 4110 rivus.

1741 4152 1984 4224 Corpora
2013 4167 2282 4208 caesorum
2309 4159 2394 4207 tot
2417 4159 2574 4206 erant
2599 4156 2870 4221 prostrata
2897 4163 2994 4220 per
3024 4163 3215 4220 agrum
3241 4164 3257 4214 ;

1812 4245 1971 4312 Quod
1990 4244 2098 4300 nisi
2120 4244 2210 4300 vix
2235 4244 2380 4300 ullus
2409 4258 2632 4300 currere
2657 4242 2846 4314 quibat
2868 4257 3064 4312 equus.

1743 4379 1827 4436 Ab
1865 4380 2003 4436 hora
2029 4379 2196 4451 igitur
2208 4379 2318 4436 diei
2343 4379 2504 4436 tertia
2526 4393 2704 4450 usque
2725 4377 2793 4433 ad
2823 4377 3000 4432 noctis
3029 4389 3330 4446 crepuscu-

1751 4473 1865 4529 lum
1917 4471 2212 4529 conliictus
2251 4472 2342 4528 ille
2380 4472 2678 4529 continuus
2723 4469 2853 4538 fuit,
2889 4477 2943 4524 et
2977 4469 3179 4522 mirum
3211 4483 3334 4524 esse

77 4527 359 4609 Turcorum,
429 4544 735 4616 sociosque
793 4562 927 4603 suos
983 4527 1263 4620 utcunque
1309 4561 1634 4624 pugnantes,

1746 4573 1964 4636 poterat
1990 4565 2135 4622 unde
2161 4581 2292 4638 gens
2317 4574 2468 4621 tanta
2497 4572 2785 4636 aggregata
2814 4561 2996 4617 fuerit.
3025 4559 3130 4615 Sed
3157 4567 3218 4614 ut
3239 4575 3332 4614 as-

76 4628 294 4690 muliu’es
341 4635 402 4692 in
438 4639 706 4695 tentoriis
753 4654 954 4711 magno
992 4641 1202 4697 ululatu
1249 4643 1635 4715 vociferantes,

72 4721 330 4864 diducunt
378 4730 600 4799 animo,
660 4740 716 4788 et
766 4732 910 4789 sicut
957 4733 1142 4804 aquila
1188 4733 1365 4792 fertur
1403 4737 1459 4792 in
1490 4755 1633 4809 prae-

129 4829 190 4864 In-

129 4829 192 4880 ων

75 4899 219 4992 Quam
244 4924 344 4966 vox
368 4915 660 4984 pullorum
694 4917 940 4976 stimulat
958 4920 1146 4992 jejuna
1175 4937 1424 4989 suorum,

74 4988 146 5048 Sic
162 4995 234 5053 ira
254 5016 516 5074 accensa,
545 5016 902 5077 penetrarunt
926 4988 1146 5082 agmina
1178 5012 1368 5067 densa.

74 5100 346 5180 Oquantus
375 5120 457 5174 ibi
509 5119 699 5193 fragor
736 5139 1039 5192 armorum,
1085 5136 1325 5196 quantus
1379 5127 1640 5198 strepitus

74 5203 515 5280 confringentium
543 5213 884 5286 lancearum,
905 5227 1146 5289 quantus
1173 5218 1381 5274 clamor
1407 5220 1644 5276 morien-

76 5289 280 5365 tiIlln,’et
299 5319 473 5375 quam
505 5307 701 5365 hilaris
735 5325 839 5365 vox
887 5312 1248 5384 pugnantium
1275 5311 1640 5381 Francorum,

1753 4657 2028 4723 serebant,
2075 4658 2169 4726 qui
2205 4672 2264 4712 se
2313 4655 2509 4711 melius
2555 4655 2697 4712 scire
2727 4652 3082 4717 arbitrantur,
3126 4649 3334 4705 Persa:—

1745 4751 2057 4820 Publicani,
2091 4751 2254 4819 Medi,
2275 4750 2420 4824 Syri,
2440 4749 2703 4818 Chaldaei,
2745 4745 3053 4812 Sarraceni,
3075 4741 3332 4815 Agulani,

1746 4844 1955 4902 Arabes
1981 4853 2035 4901 et
2065 4843 2232 4899 Turci
2259 4844 2333 4899 ibi
2369 4849 2756 4908 convenerant,
2780 4847 2835 4894 et
2863 4835 3204 4908 superﬁciem
3229 4842 3336 4889 ter—

1742 4953 1818 4994 ra:
1849 4945 2267 5009 cooperuerant,
2303 4936 2447 4992 sicut
2480 4936 2704 4989 locusta:
2749 4939 2804 4986 et
2826 4929 3068 4985 bruchus
3095 4941 3342 4996 quorum

1750 5043 1862 5084 non
1893 5037 1978 5085 est
2021 5043 2290 5083 numerus
2317 5025 2493 5097 (Psal.
2525 5040 2630 5091 ειν,
2667 5021 2780 5092 54).
2811 5019 2931 5076 Nox
2959 5018 3158 5090 quippe
3182 5017 3340 5072 litem

1747 5121 1996 5189 diremit,
2034 5135 2344 5193 magnoque
2371 5117 2479 5173 illis
2506 5116 2609 5171 fuit
2636 5113 2920 5185 praasidio;
2951 5111 3082 5183 quia
3124 5111 3230 5166 nisi
3256 5118 3336 5164 te—

1748 5215 1934 5272 nebrae
1970 5230 2068 5270 eos
2101 5213 2491 5277 occuluissent,
2526 5208 2685 5279 pauci
2713 5221 2780 5264 ex
2809 5213 2959 5262 tanta
2988 5201 3338 5260 multitudine

1750 5307 2170 5379 superfuissent.

1120 5444 1425 5504 NOTULIE
1464 5442 1918 5503 MARGINALES
1956 5440 2073 5499 MS.
2109 5439 2265 5495 COD.

74 5542 148 5618 29)
182 5548 314 5611 Hinc
343 5555 535 5623 labor,
568 5557 695 5612 inde
725 5557 895 5626 calor,
939 5557 1060 5615 sitis
1083 5599 1100 5626 ,
1141 5558 1427 5629 improbus
1464 5559 1644 5616 hostis

1323 5630 1400 5705 [et
1419 5646 1576 5686 arma

198 5687 431 5752 Nostros
481 5697 768 5765 invadunt,
815 5706 867 5754 et
903 5699 973 5755 ob
1018 5699 1120 5756 hoc
1158 5700 1271 5771 jam
1303 5687 1452 5844 δάι’ῗὲ
1480 5717 1642 5827 para-

1456 5788 1524 5826 an

80 5825 174 5900 (30)
207 5832 410 5894 Assum
437 5839 697 5909 praesidio
726 5838 842 5896 Dux
869 5838 1189 5907 Godefridus
1224 5852 1274 5899 et
1300 5774 1550 5915 Rugii?!“

1755 5555 1872 5628 (51)
1909 5551 2122 5632 Militiae
2145 5558 2311 5632 tanta:
2334 5549 2536 5632 bellum
2560 5565 2840 5632 nunquam
2872 5549 2976 5632 fu_it
2993 5557 3140 5632 ante.

1907 5624 2049 5679 Hinc
2086 5621 2252 5678 timor
2280 5621 2506 5679 incessit
2539 5638 2650 5694 quo
2693 5631 2846 5677 trans
2888 5621 2957 5676 ab
2989 5621 3117 5675 inde
3145 5633 3355 5763 ἓξῗοεο,

1755 5769 1869 5839 (52)
1907 5766 2026 5845 {am
2059 5763 2604 5845 Sarracenifugiunt,
2629 5763 2856 5845 gmw.
2884 5759 3150 5845 ,Αεὲτῳὶὲ

1906 5838 2043 5895 Cum
2075 5836 2409 5906 Publieanis,
2432 5833 2620 5903 Medis,
2643 5833 2846 5901 Persis,
2870 5833 3150 5904 Agulanis.
