3846 6306
510 309 610 365 691

510 425 694 484 Gloria
719 440 917 497 magna
949 422 1080 491 Deo,
1111 423 1205 479 tali
1235 432 1492 493 tantoque
1515 421 1758 494 trophaeo

509 517 616 586 Qui
644 516 865 589 perimit
889 530 1122 583 nocuos,
1153 515 1530 587 glorificalque
1552 528 1704 568 suos.

507 605 694 664 Nostri
727 608 912 678 itaque
933 649 949 675 ,
977 604 1431 676 eompellentibus
1462 603 1722 670 tenebris,
1747 603 1816 659 ad
1850 618 1948 659 sua
1978 612 2098 659 ten-

508 702 651 758 toria
675 695 899 757 reversi
925 709 1075 766 sunt,
1118 696 1494 754 sacerdotibus
1515 704 1571 752 et
1591 695 1806 752 clericis
1831 695 2095 768 hymnum

509 794 624 852 Deo
641 788 953 851 dicentibus
974 795 1030 848 in
1057 793 1206 848 hunc
1228 791 1453 846 modum
1479 807 1496 845 :
1519 809 1537 842 ι
1570 789 1858 847 Gloriosus
1879 805 1961 858 es,
1986 789 2090 845 Do.-

509 889 678 956 mine,
716 889 772 943 in
815 886 1022 944 sanctis
1067 883 1200 950 tuis,
1240 882 1510 941 mirabilis
1553 881 1609 937 in
1664 882 1956 938 sanctitate
1981 892 2094 950 tua,

508 966 770 1040 terribilis
799 963 961 1050 atque
981 960 1293 1044 laudabilis,
1324 986 1379 1036 et
1401 976 1610 1033 faciens
1638 975 1929 1032 mirabilia.
1960 975 2102 1030 Dex-

507 1083 623 1129 tera
643 1082 756 1140 tua,
779 1071 1027 1135 Domine,
1058 1068 1333 1141 percussit
1361 1067 1739 1133 inimicum,et
1769 1068 1825 1122 in
1853 1066 2100 1128 multitu-

507 1169 636 1224 dine
660 1169 848 1239 glorize
877 1176 984 1222 tum
1008 1165 1312 1238 deposuisti
1357 1163 1704 1220 adversarios
1746 1173 1890 1219 tuos.
1938 1163 2100 1220 Dixe-

505 1268 593 1312 rat
640 1255 1266 1326 inimicuszPerscquar
1318 1264 1367 1309 et
1451 1253 1885 1325 comprehendam
1954 1252 2098 1320 illos,

504 1351 742 1405 dividam
792 1334 990 1420 spolia“,
1032 1348 1341 1420 implebitur
1398 1349 1581 1402 anima
1629 1365 1769 1415 mea,
1814 1347 2099 1418 evaginabo

502 1443 741 1513 gladium
769 1459 963 1510 meum,
980 1442 1262 1511 interﬁciat
1280 1457 1366 1495 eos
1380 1457 1567 1496 manus
1593 1439 1900 1512 mea(Exod
1914 1439 2094 1510 xv,9).

504 1533 610 1590 Sed
636 1543 717 1602 tu,
755 1533 1005 1600 Domine,
1039 1533 1327 1588 nobiseum
1365 1531 1538 1599 fuisti,
1583 1542 1843 1604 tanquam
1871 1531 2102 1588 bellator

501 1627 683 1698 fortis,
718 1637 773 1684 et
792 1613 905 1683 dux
931 1636 985 1684 et
1010 1635 1286 1698 protector
1325 1625 1476 1681 fuisti
1509 1625 1564 1680 in
1600 1624 1978 1682 misericordia
2007 1634 2098 1681 tua

499 1719 705 1790 populo
736 1727 830 1775 tuo
857 1733 1023 1790 quem
1059 1717 1360 1772 redemisti.
1394 1714 1572 1784 Nunc,
1610 1715 1860 1783 Domine,
1891 1732 2097 1788 cogno-

1085 263 1179 360 An
1217 300 1669 364 eonerrunun
1710 273 2029 358 ipsese:
2049 296 2114 354 ιι.
2150 328 2221 339 —
2254 273 2525 357 noenu.
2568 297 2658 354 nr:
2694 298 2920 358 BELLO
2959 276 3204 358 sicne.
3465 269 3473 276 ’
3642 310 3727 368 592

2129 420 2177 477 Α
2209 415 2517 486 subjicitur.
2563 414 2632 470 Et
2668 415 2793 471 inde
2834 415 3022 478 hebeti.
3037 415 3298 488 gaudium
3321 427 3374 471 et
3400 416 3618 475 laetitiam
3639 437 3726 479 non

2202 519 2411 564 tantum
2437 509 2492 563 in
2513 508 2619 564 liae
2642 509 2990 580 generatione
3010 509 3287 594 praesenti,
3312 510 3406 567 sed
3429 519 3482 567 et
3505 512 3557 568 in
3581 501 3727 573 intuta

2199 616 2206 628 -'
2232 600 2547 655 eneratione
2570 601 2916 655 saeculorum.
3415 596 3418 598 ⁷

2801 693 3036 750 CAPUT
3087 693 3176 751 IV.

2275 785 2461 842 Altera
2507 794 2688 841 autem
2740 786 2849 855 die,
2887 802 3010 858 quae
3045 796 3161 842 erat
3187 762 3345 842 tertia
3381 787 3574 844 mensis
3611 788 3731 861 Julii,

2199 878 2436 933 tentoria
2461 893 2679 934 summo
2714 894 2876 934 mane
2917 878 3244 946 deﬁxeruut,
3277 886 3332 933 et
3371 878 3584 950 vestigia
3623 881 3732 937 Tur-

2201 985 2391 1024 corurn
2416 967 2745 1039 fugientium
2774 968 2932 1039 sequi
2956 967 3376 1024 festinaverunt.
3411 967 3512 1025 Sed
3539 971 3603 1025 illi
3621 973 3734 1030 sicut

2199 1061 2425 1132 trepidae
2446 1062 2716 1118 columba:
2749 1078 2780 1117 a
2810 1060 2949 1118 facie
2976 1061 3274 1133 accipitris,
3326 1062 3400 1117 ita
3431 1071 3548 1118 ante
3579 1079 3735 1120 eorum

2200 1151 2397 1210 faciem
2421 1154 2723 1227 fugiebant.
2753 1153 2924 1228 Igitur
2943 1171 3040 1226 per
3060 1163 3299 1232 quatuor
3324 1155 3440 1210 dies
3467 1155 3573 1226 huc
3608 1157 3735 1214 illuc-

2201 1263 2310 1318 que
2331 1245 2628 1318 fugientes,
2653 1247 2999 1318 contingitut
3022 1245 3384 1303 Solimannus
3419 1247 3525 1303 dux
3559 1248 3736 1304 illorum

2203 1337 2474 1396 inveniret
2520 1339 2710 1395 decem
2754 1339 2930 1394 millia
2980 1323 3227 1393 Arabum
3267 1336 3536 1393 venientia
3579 1339 3666 1393 sibi
3695 1338 3738 1394 in

2201 1433 2490 1489 auxilium.
2523 1432 2654 1488 Erat
2693 1441 2875 1488 autem
2919 1430 3273 1487 Solimannus
3310 1430 3455 1486 filius
3483 1429 3739 1488 Solimanni

2201 1524 2425 1594 veteris,
2475 1525 2570 1598 qui
2610 1535 2781 1582 totam
2826 1524 3149 1580 Romaniam
3184 1523 3412 1579 abstulit
3447 1524 3737 1594 imperatori.

2206 1619 2307 1675 llic
2331 1620 2531 1692 quippe
2566 1627 2855 1690 postquam
2890 1618 2958 1674 de
2994 1616 3175 1673 Nicrea
3209 1617 3345 1673 urbe
3383 1616 3601 1688 fugerat,
3634 1635 3740 1690 geu-

2201 1722 2309 1768 tem
2338 1711 2482 1766 lianc
2504 1709 2559 1764 in
2587 1725 2760 1764 unum
2783 1717 3228 1780 congregaverat,
3257 1716 3312 1762 et
3333 1707 3491 1778 quasi
3515 1723 3604 1778 pro
3632 1709 3743 1764 ulci-

502 1807 733 1875 scimus,
758 1807 889 1877 quia
919 1815 1106 1876 portas
1140 1822 1240 1862 nos
1264 1806 1318 1860 in
1351 1805 1666 1861 fortitudine
1697 1814 1811 1872 tua,
1835 1806 1905 1861 ad
1936 1806 2093 1861 habi—
2125 1811 2168 1866 Β
2195 1801 2397 1860 scenda
2442 1816 2542 1858 sua
2585 1800 2808 1872 injuria,
2858 1816 3025 1872 super
3070 1798 3419 1856 Christianos
3466 1800 3741 1856 adduxerat.

501 1900 749 1956 taculum
771 1907 1024 1955 sanctum
1067 1907 1244 1965 tuum,
1276 1899 1344 1954 ad
1371 1909 1622 1954 sanctum
1675 1897 1883 1954 scilicet
1914 1898 2096 1968 sepul-

501 2007 660 2049 crum
711 2003 886 2047 tuum.
941 2010 959 2044 ι
1002 1990 1100 2047 His
1134 1990 1296 2049 dictis
1340 2007 1511 2057 voces
1555 2000 1998 2062 suppresserunt,
2043 2001 2098 2047 et

505 2085 692 2141 securi
745 2085 860 2156 jam
886 2085 955 2141 ab
977 2084 1232 2142 hostibus
1287 2093 1448 2140 nocte
1497 2083 1588 2140 illa
1640 2084 1987 2155 quieverunt.
2035 2083 2095 2141 In

501 2175 806 2232 crastinum
852 2191 981 2230 vero
1007 2176 1101 2231 ubi
1133 2177 1214 2231 sol
1238 2175 1542 2232 flammanti
1586 2176 1795 2234 lumine
1827 2176 2095 2232 mundum

500 2267 835 2333 venustavit,
892 2281 1087 2322 omnes
1117 2267 1186 2322 ad
1224 2282 1478 2338 campum
1525 2267 1650 2322 belli
1711 2276 2093 2334 cucurrerunt,

499 2359 647 2415 etde
675 2359 791 2415 suis
820 2359 1090 2430 plurimos
1140 2369 1451 2430 peremptos
1497 2359 1842 2427 invenerunt,
1888 2368 1944 2414 et
1989 2359 2095 2415 nisi

499 2466 696 2508 cruces
719 2449 972 2518 fuissent,
1004 2451 1280 2526 segregari
1307 2451 1376 2506 ab
1408 2450 1517 2507 illis
1548 2451 1636 2505 vix
1659 2451 1989 2522 potuissent.
2015 2449 2095 2506 llli

504 2559 658 2611 vero,
686 2544 889 2615 quibus
911 2554 1030 2599 erat
1050 2544 1238 2600 sanior
1265 2543 1592 2611 intellectus,
1617 2552 1679 2598 ut
1703 2542 1908 2599 Christi
1944 2560 2094 2598 mar-

500 2633 648 2710 tyres
674 2634 1100 2702 venerabantur,
1128 2645 1184 2689 et
1205 2634 1442 2706 digniori
1469 2635 1679 2689 honore
1712 2649 1822 2705 quo
1846 2643 2096 2705 poterant

498 2728 850 2783 tumulabant
883 2728 1019 2798 ('53).
1059 2726 1126 2782 Et
1158 2727 1474 2783 sacerdotes
1502 2734 1556 2783 et
1578 2726 1765 2783 clerici
1803 2727 2097 2800 sepultura:

500 2819 717 2877 debitos
747 2819 1101 2876 effundebant
1130 2828 1362 2886 cantus;
1394 2828 1602 2875 matres
1625 2835 1725 2890 pro
1751 2818 1896 2885 filiis,
1931 2819 2097 2875 amici

497 2926 600 2982 pro
635 2911 862 2979 amicis,
893 2911 1155 2983 lugubres
1192 2913 1514 2969 emittebant
1558 2913 1830 2984 planctus.
1867 2911 1963 2969 llis
2020 2913 2093 2970 ita

500 3003 811 3073 completis,
843 3003 911 3058 ad
935 3003 1203 3058 cadavera
1229 3004 1474 3059 hostium
1498 3003 1782 3074 spolianda
1802 3001 2096 3059 festinave-

2197 1897 2298 1953 llie
2327 1913 2452 1953 eum
2502 1911 2598 1952 eos
2635 1895 2866 1951 vidisset
2907 1903 2962 1950 et
2981 1893 3188 1950 Arabes
3231 1894 3410 1961 illum,
3456 1909 3563 1965 prae
3604 1897 3744 1951 nimio

2197 1991 2388 2047 dolore
2411 2004 2554 2062 equo
2576 1989 2765 2059 lapsus
2790 1988 2846 2043 in
2875 1996 3101 2054 terram,
3130 1987 3298 2058 erepit
3321 1987 3533 2058 magnis
3555 1987 3744 2045 vocibus

2197 2078 2425 2155 ejulare,
2475 2097 2643 2153 seque
2688 2082 2954 2137 miserum
2989 2089 3044 2136 et
3082 2078 3358 2135 infelicem
3428 2080 3743 2151 proclamare.

2197 2174 2300 2230 Cui
2331 2174 2541 2230 Arabes
2567 2171 2853 2229 infortunii
2874 2171 2960 2228 sui
2982 2187 3170 2227 casum
3201 2172 3537 2241 ignorantes,
3557 2172 3742 2228 dicunt:

2205 2286 2223 2318 ι
2260 2266 2304 2320 0
2346 2275 2672 2323 cunctorum
2720 2265 3006 2320 hominum
3061 2265 3462 2335 lmpudentior!
3519 2264 3638 2334 quid
3688 2264 3743 2318 ita

2199 2359 2382 2431 fugis?
2435 2357 2667 2416 Multum
2727 2357 3066 2428 degeneras:
3108 2357 3240 2428 quia
3286 2372 3565 2426 nunquam
3622 2364 3749 2427 pater

2198 2461 2329 2509 tuus
2353 2452 2421 2508 de
2442 2451 2630 2522 praelio
2654 2449 2814 2524 fugit.
2845 2448 3084 2506 Resumc
3115 2449 3286 2504 animi
3316 2450 3682 2516 constantiam,
3705 2458 3749 2504 et

2197 2550 2472 2599 revertere
2497 2542 2566 2597 ad
2601 2541 2872 2612 praelium,
2900 2540 3164 2612 quoniam
3194 2540 3451 2596 venimus
3470 2539 3566 2596 tibi
3595 2540 3644 2595 in
3662 2555 3744 2594 au-

2198 2633 2413 2689 xilium.
2452 2650 2471 2683 »
2501 2630 2712 2698 Quibus
2749 2632 2861 2699 ille,
2885 2630 3139 2702 suspiriis
3163 2646 3357 2686 vocem
3381 2630 3745 2700 interrumpen-

2197 2727 2365 2795 tibus,
2389 2726 2468 2782 ait
2494 2725 2629 2797 (54).
2662 2745 2680 2778 ι
2717 2725 2913 2798 Magna
2946 2741 3041 2782 vos
3066 2735 3227 2782 vexat
3251 2726 3506 2792 insania;
3537 2727 3747 2784 nonduin

2196 2835 2296 2877 vos
2340 2819 2677 2893 cognovistis
2720 2819 2980 2875 virtutem
3019 2818 3391 2888 Francorum,
3435 2835 3532 2876 nec
3577 2819 3748 2891 experti

2197 2913 2330 2970 estis
2360 2913 2575 2970 animos
2601 2928 2815 2968 eorum.
2855 2911 3043 2968 Virtus
3066 2928 3256 2968 eorum
3277 2928 3392 2968 non
3415 2921 3497 2970 est
3523 2913 3749 2977 humana,

2199 3007 2291 3063 sed
2325 3007 2588 3074 caelestis,
2625 3014 2722 3062 aut
2741 3005 3033 3061 diabolica.
3071 3003 3184 3062 Nec
3212 3006 3321 3078 ipsi
3351 3015 3561 3062 tantum
3592 3007 3641 3062 in
3670 3021 3750 3061 suo

501 3103 658 3151 runt.
687 3093 753 3150 Et
781 3095 907 3166 quis
930 3095 1134 3151 referre
1163 3105 1361 3172 potest,
1407 3106 1669 3169 quantam
1689 3090 1774 3151 ibi
1810 3097 2096 3152 abundan-
2144 3171 2151 3172 ί
2198 3097 2482 3155 confidunt
2522 3096 2752 3165 auxilio,
2786 3097 2880 3153 sed
2904 3096 3112 3153 divino.
3139 3095 3334 3153 Nonne
3360 3098 3417 3153 in
3448 3107 3648 3154 tantum
3673 3097 3749 3152 de.

499 3187 631 3242 tiam
670 3187 926 3255 vestium,
965 3197 1227 3258 quantam
1271 3171 1392 3243 auri
1421 3172 1740 3260 argentique
1763 3188 1977 3259 copiam
2008 3203 2095 3244 rc-
2121 3171 2168 3234 (Ζ
2199 3190 2507 3247 viceramus
2527 3187 2648 3258 eos,
2669 3189 2816 3262 quod
2837 3189 2953 3261 jam
2976 3191 3312 3261 parabamus
3338 3191 3529 3248 ilieeos
3549 3190 3692 3247 funes
3710 3200 3750 3244 et

497 3279 773 3350 pererint?
800 3278 846 3336 Ο
883 3289 1146 3351 quantam
1183 3279 1588 3345 multitudinem
1629 3294 1920 3350 equorum,
1967 3295 2094 3334 mu-

496 3373 702 3440 lorum,
748 3373 1048 3440 mularum,
1100 3374 1438 3429 camelorum
1477 3383 1532 3430 et
1582 3374 1866 3430 asinorum
1918 3373 2093 3430 nostri

497 3465 991 3536 tunebabuerunt
1021 3485 1033 3520 :
1064 3465 1169 3532 Qui
1225 3466 1380 3537 prius
1433 3474 1592 3522 erant
1646 3481 1933 3538 pauperes,
1982 3465 2094 3522 Deo

499 3557 825 3629 opitulante,
863 3557 1060 3613 divites
1084 3556 1260 3612 effecti
1299 3566 1446 3613 sunt.
1473 3557 1579 3624 Qui
1604 3558 1758 3629 prius
1799 3557 2090 3624 seminudi,

499 3649 695 3706 sericis
719 3649 1067 3728 indumentis
1091 3649 1273 3704 vestiti
1305 3659 1452 3705 sunt.
1483 3649 1764 3721 Leguntur
1793 3651 1899 3705 tela
1919 3659 1974 3706 et
2000 3665 2092 3706 sa-

499 3741 667 3812 gitta),
700 3749 754 3798 et
769 3750 1014 3820 vacuata:
1043 3741 1343 3813 implentur
1357 3742 1645 3820 pharetra.
1673 3741 1819 3798 Cura
1840 3742 2094 3798 vulnera-

498 3833 571 3890 tis
630 3834 988 3906 impenditur,
1032 3842 1087 3890 et
1140 3848 1287 3890 curae
1346 3834 1685 3892 medicorum
1734 3835 2090 3892 committun-

497 3936 610 3990 tur.
662 3955 664 3958 ν
684 3956 687 3958 -

502 4017 704 4090 Sicque
723 4019 822 4090 die
845 4029 978 4088 tota,
1006 4037 1115 4077 non
1150 4029 1236 4077 est
1265 4037 1399 4094 gens
1431 4030 1619 4078 nostra
1644 4031 1875 4082 remota.

500 4110 643 4183 lluie
691 4110 836 4168 facto
878 4114 1114 4185 egregiae
1151 4114 1353 4181 laudis,
1395 4115 1442 4170 si
1479 4115 1606 4185 quis
1647 4115 1846 4170 mentis
1871 4114 2090 4169 oculum

499 4202 632 4258 velit
662 4217 960 4275 apponere,
1013 4202 1186 4260 Deum
1225 4204 1538 4260 mirabilem
1577 4204 1633 4259 in
1675 4203 1793 4259 suis
1837 4203 2094 4273 operibus

504 4295 709 4366 poterit
759 4295 1060 4352 advertere.
1109 4287 1416 4351 Esurientes
1463 4297 1663 4364 etenim
1709 4310 1841 4351 suos
1880 4293 2092 4364 replevit

501 4387 671 4455 bonis,
703 4388 890 4458 divites
915 4404 1044 4443 vero
1068 4403 1176 4442 non
1203 4403 1335 4445 suos
1365 4388 1572 4442 dimisit
1605 4388 1822 4450 inanes;
1853 4387 2093 4455 deposuit

500 4489 757 4551 potentes,
805 4489 855 4536 et
900 4480 1160 4535 exultavit
1202 4480 1426 4535 humiles
1474 4478 1626 4550 (Luc.
1665 4495 1705 4546 ι,
1731 4479 1819 4545 5‘2,
1853 4477 1966 4548 55),
1991 4493 2089 4548 po-

505 4585 684 4632 tentes
737 4575 980 4647 abjeetcs
1030 4574 1286 4641 reddens,
1347 4575 1584 4629 humiles
1639 4573 1924 4645 gloriosos.
1980 4572 2094 4628 Hoc

510 4676 594 4722 est
621 4667 769 4739 quod
817 4682 914 4738 per
942 4663 1144 4721 isaiam
1179 4666 1503 4736 prophetam
1539 4664 1835 4735 spopondit
1869 4680 1982 4720 suae
2011 4664 2094 4720 di-

504 4757 659 4814 lecta:
685 4757 989 4815 Jerusalem
1017 4777 1029 4812 :
1056 4757 1262 4810 Ponam
1293 4767 1341 4810 te
1362 4757 1416 4809 in
1437 4757 1736 4826 superbiam
1758 4758 2096 4829 swculorum,

503 4851 761 4921 gaudium
784 4852 840 4904 in
860 4850 1250 4920 generationem
1267 4857 1315 4901 et
1338 4848 1746 4918 generationem,
1765 4858 1814 4902 et
1836 4865 1985 4920 suges
2009 4848 2094 4901 lac

498 4942 759 5012 gentium,
792 4951 841 4994 et
872 4938 1114 4993 mamilla
1160 4954 1341 5009 regum
1377 4937 1685 5005 laetaberis,
1722 4947 1771 4992 et
1806 4941 1938 4993 scies
1967 4939 2093 5010 quia

501 5049 595 5103 ego
618 5029 878 5086 Dominus
904 5030 1118 5084 sal'vans
1151 5036 1218 5097 te,
1242 5036 1294 5082 ct
1329 5029 1621 5099 redemptor
1646 5037 1766 5083 tuus
1809 5029 1964 5099 fortis
1991 5027 2093 5083 Ja-

497 5123 590 5177 cob
624 5119 792 5196 (Isai,
821 5139 911 5188 ις,
936 5123 1020 5187 l5,
1052 5121 1162 5189 16).
1196 5117 1463 5191 Superbia
1498 5121 1853 5189 saeculorum,
1883 5122 2084 5178 nobili-

493 5224 583 5270 tas
607 5222 692 5269 est
709 5215 956 5268 virorum
1001 5211 1330 5280 illustrium;
1369 5215 1610 5270 mamilla
1641 5230 1853 5286 regum,
1885 5214 2088 5269 divitiae

497 5306 790 5360 thesauros
813 5319 944 5359 suos
966 5305 1022 5359 in
1047 5313 1248 5358 terram
1279 5304 1619 5361 fodientium.
1658 5306 1792 5373 Quae
1830 5307 2087 5364 nobilitas

497 5397 741 5451 mamilla
773 5410 963 5466 regum
1013 5404 1275 5467 pascitur,
1300 5413 1425 5453 eum
1451 5399 1500 5454 ei
1527 5399 1806 5456 mundana
1824 5406 2086 5469 potestas

2196 3284 2518 3351 canabinos,
2540 3292 2601 3340 ut
2618 3277 2808 3340 eorum
2821 3285 2964 3341 collo
2979 3284 3414 3362 immiteremus?
3432 3284 3566 3341 Tum
3603 3285 3752 3342 subito

2194 3375 2329 3445 gens
2354 3373 2664 3442 innumera,
2686 3390 2809 3445 qua:
2835 3385 3067 3430 mortem
3101 3391 3213 3430 non
3241 3385 3465 3432 veretur
3499 3384 3558 3432 et
3572 3376 3748 3431 hostem

2193 3483 2304 3521 non
2319 3467 2493 3534 timet,
2525 3467 2706 3538 erupit
2726 3467 2792 3523 de
2806 3467 3101 3534 montibus,
3122 3479 3175 3524 et
3203 3467 3577 3526 indubitanter
3600 3484 3652 3525 se
3687 3468 3749 3523 in-

2195 3559 2367 3614 seruit
2379 3560 2584 3617 nostris
2597 3559 2927 3631 agminibus.
2943 3557 3188 3626 Quorum
3213 3561 3362 3615 oculi
3377 3559 3519 3616 ferre
3537 3567 3753 3632 poterant

2197 3666 2392 3705 eorum
2441 3651 2770 3706 terribilium
2808 3665 3089 3705 armorum
3135 3650 3522 3721 splendorem?
3564 3651 3750 3706 Lancea:

2194 3759 2387 3799 eorum
2412 3743 2692 3802 micabant
2719 3753 2780 3800 ut
2805 3746 3156 3801 coruscantia
3193 3745 3398 3812 sidera,
3431 3746 3596 3817 galeae
3616 3755 3662 3802 et
3686 3746 3749 3799 lo-

2194 3836 2342 3903 ricae,
2389 3847 2449 3893 ut
2475 3838 2758 3894 vernantis
2785 3854 3000 3894 aurora:
3043 3839 3251 3894 lumina
3281 3839 3577 3906 vibrantia,
3606 3837 3749 3909 fragor

2194 3943 2473 3985 armorum
2504 3929 2803 3986 terribilior
2829 3938 2950 3986 erat
2996 3930 3179 3986 sonitu
3222 3931 3612 3986 tonitruorum.
3642 3928 3748 3983 Cum

2196 4035 2254 4076 se
2282 4020 2426 4076 bello
2448 4009 2759 4093 praeparant
2779 4022 2978 4079 erectis
3010 4038 3066 4076 in
3103 4022 3307 4078 caelum
3341 4021 3582 4089 lanceis,
3609 4029 3746 4075 certa-

2195 4110 2293 4166 tim
2322 4111 2602 4180 ineeduut,
2643 4122 2697 4168 et
2737 4112 2842 4169 hac
2890 4112 2939 4169 si
2981 4112 3098 4169 sine
3137 4128 3272 4169 voce
3301 4123 3513 4181 essent,
3547 4110 3750 4169 contiee-

2195 4213 2376 4260 scunt.
2404 4205 2544 4261 (lum
2575 4219 2706 4262 vero
2729 4205 2845 4262 suis
2868 4206 3253 4276 approximant
3280 4204 3628 4271 adversariis,
3651 4215 3752 4257 tunc

2195 4296 2392 4358 laxatis
2416 4296 2550 4356 loris
2581 4306 2732 4355 tanto
2761 4297 2963 4369 impetu
2996 4298 3235 4365 irrnunt,
3265 4313 3330 4353 ac
3359 4297 3409 4354 si
3443 4299 3625 4353 leones
3642 4308 3751 4364 quos

2196 4390 2442 4445 stimulat
2466 4389 2656 4460 jejuna
2685 4389 2882 4459 fames,
2917 4398 2972 4445 et
2997 4389 3320 4461 sanguinem
3365 4389 3670 4445 animalium
3695 4385 3753 4441 si-

2199 4480 2358 4535 tiunt.
2410 4479 2564 4536 Tunc
2590 4467 2891 4537 vociferant
2915 4489 2970 4536 et
3013 4481 3247 4537 strident
3279 4481 3540 4554 dentibus
3571 4489 3621 4536 et
3653 4491 3750 4533 am

2198 4571 2530 4626 clamoribus
2557 4571 2804 4641 implent,
2827 4580 2882 4626 et
2911 4571 3184 4642 peregrini
3214 4587 3246 4625 a
3281 4559 3653 4627 misericordia
3675 4582 3750 4622 ne-

2201 4661 2406 4714 minem
2439 4661 2683 4732 capiunt,
2726 4659 2821 4716 sed
2849 4675 3043 4716 omnes
3087 4669 3305 4716 necant.
3344 4659 3413 4715 Et
3439 4660 3572 4735 quid
3608 4659 3752 4714 dicere

2197 4751 2265 4806 de
2297 4762 2406 4807 tam
2432 4753 2638 4808 crudeli
2667 4763 2824 4825 gente
2852 4754 3044 4809 valeo?
3071 4752 3229 4807 Nulla
3256 4770 3392 4825 gens
3417 4762 3502 4808 est
3521 4766 3634 4824 quae
3653 4747 3752 4803 huic

2197 4846 2374 4902 valeat
2402 4846 2680 4915 resistere,
2704 4864 2828 4926 qua:
2849 4847 3094 4922 fugiendi
3114 4847 3295 4902 locum
3325 4847 3503 4917 possit
3530 4843 3749 4904 invenire,

2195 4939 2325 5009 quia
2377 4937 2472 4995 aut
2515 4940 2702 4996 divino
2747 4948 2842 4995 aut
2889 4929 3166 4996 diabolica
3213 4937 3525 4993 fulciuntur
3567 4932 3749 4990 auxilio.

2195 5031 2399 5090 Omnes
2441 5035 2563 5090 aliae
2600 5043 2790 5110 gentes
2839 5044 3058 5090 nostros
3100 5049 3265 5089 arcus
3305 5036 3678 5102 expavescunt,
3713 5032 3754 5078 et

2193 5126 2294 5180 tela
2327 5127 2546 5193 timent;
2577 5127 2664 5182 isti
2685 5143 2817 5183 vero
2842 5137 3130 5197 postquam
3157 5126 3378 5194 loricati
3405 5132 3551 5191 sunt,
3580 5129 3749 5191 tantum

2193 5216 2388 5273 timent
2443 5219 2700 5290 sagittam
2747 5228 3012 5290 quantum
3059 5227 3113 5272 et
3157 5217 3451 5288 stipulam;
3486 5216 3563 5272 sic
3601 5207 3750 5268 formi-

2191 5312 2324 5367 dant
2359 5303 2550 5380 telum,
2589 5313 2740 5369 sicut
2761 5323 2816 5368 et
2847 5311 3047 5366 fustem
3073 5301 3338 5381 ligneum.
3367 5309 3484 5364 Heu
3527 5307 3651 5363 heu!
3675 5313 3750 5356 tre

2190 5414 2347 5460 centa
2403 5406 2688 5478 sexaginta
2717 5405 2890 5460 millia
2927 5402 3156 5471 fuimus,
3187 5409 3244 5460 et
3273 5415 3475 5458 omnes
3500 5401 3580 5455 vel
3617 5392 3748 5452 occisi

1564 5513 1872 5570 NOTULIE
1914 5513 2366 5577 MARGINALES
2403 5517 2519 5572 MS.
2561 5515 2717 5576 COD.

500 5605 618 5676 ('55)
657 5606 900 5676 Corpora
938 5618 1254 5666 nostrorum
1294 5628 1422 5669 eum
1473 5611 1570 5667 Dei
1611 5603 1771 5666 laude
1812 5607 2090 5748 turﬂulan-

613 5717 618 5723 ~
1169 5706 1178 5715 -
1931 5694 2015 5732 ur.

1169 5706 1178 5715 '
1883 5694 2015 5732 Ilur.

644 5746 904 5817 Corpora
937 5750 1241 5809 Turcorum
1275 5772 1371 5828 per
1394 5750 1656 5825 campum
1691 5743 2084 5820 despoliamur.

2201 5609 2320 5680 (54)
2361 5610 2563 5669 Terror
2588 5621 2706 5669 erat
2733 5627 2992 5685 magnus,
3022 5624 3133 5682 quo
3153 5608 3392 5668 territus
3411 5616 3498 5668 est
3519 5604 3748 5750 Spgt‘rgu-
