3846 6306
32 361 222 448 ’ωδ

907 371 1200 432 ROBERTI
1237 367 1549 429 MONACHI
1589 367 1768 426 HIST.
1812 350 2178 424 uinnosou
2219 395 2290 404 —
2322 362 2452 419 LIB.
2495 359 2574 421 in.

3249 327 3354 416 (ut

141 515 300 561 sumus
323 497 386 552 ab
412 494 546 562 istis,
587 493 682 548 vel
713 479 930 561 di‘s‘p'érsi
959 486 1216 559 fugimus.
1247 483 1403 539 Nunc
1431 489 1662 554 quartus
1688 482 1738 543 Λ
1765 493 1929 535 cerva
1964 477 2240 550 sagittata.
2293 472 2478 530 Nostri
2529 485 2660 526 vero
2701 467 2986 525 laudantes
3034 442 3328 526 Dominum

136 592 230 646 dies
257 594 332 644 est
361 600 422 640 ex
466 597 576 652 quo
607 596 641 636 a
685 579 825 636 facie
862 592 1044 634 eorum
1075 574 1260 647 fugere
1287 573 1575 644 ccepimus,
1612 578 1665 652 et

137 663 285 736 adhuc
305 693 407 732 non
439 649 640 752 timore
684 669 879 728 minori
913 684 1074 740 quam
1097 676 1151 723 et
1177 667 1355 738 primo
1379 665 1466 721 die
1496 649 1663 732 trepi-

134 773 314 830 damus.
359 767 472 835 Qua
506 765 573 822 de
612 780 700 832 re,
731 765 776 821 si
821 777 951 820 sano
977 759 1138 816 vultis
1184 773 1376 830 parere
1410 755 1662 821 consilio,

133 879 270 936 quam
299 860 526 932 primum
549 856 750 913 valetis
774 870 804 910 a
849 862 958 910 tota
988 850 1255 908 Romania
1282 847 1587 914 abscedite;
1613 853 1668 901 et

132 973 187 1014 ne
205 955 400 1012 illorum
436 951 631 1008 oculus
652 964 753 1005 vos
779 948 973 1013 videat,
998 957 1212 1002 summa
1241 941 1454 998 cautela
1482 937 1666 1009 provi—

131 1051 245 1106 dete.
278 1067 296 1100 ι
346 1043 468 1101 Haec
493 1043 707 1098 Arabes
752 1049 813 1098 ut
847 1038 1152 1104 audierunt,
1194 1049 1319 1091 cum
1363 1033 1482 1102 ipso
1528 1027 1670 1084 Soli-

128 1153 300 1196 manno
328 1135 510 1209 fugam
534 1135 751 1191 concito
773 1117 1134 1202 arripuerunt.
1159 1123 1453 1183 Christiani
1485 1130 1668 1178 autem

127 1231 290 1302 majori
315 1229 533 1286 solertia
554 1226 921 1298 sequebantur
945 1219 1268 1293 fugientium
1299 1215 1549 1288 vestigia,
1575 1213 1670 1269 sed

125 1320 188 1377 iiii
211 1333 476 1390 nunquam
518 1316 578 1371 in
605 1315 800 1372 eodem
836 1320 978 1370 statu
1012 1310 1389 1376 morabantur,
1418 1315 1473 1363 et
1493 1320 1670 1376 quan—

126 1412 294 1468 tumvis
318 1425 506 1467 eorum
529 1409 705 1466 animi
731 1405 945 1465 confusi
969 1403 1190 1472 fuerint,
1214 1403 1281 1457 ad
1311 1413 1672 1472 quascunque

124 1514 275 1559 tamen
311 1501 753 1559 Christianorum
799 1499 964 1556 urbes
1011 1498 1095 1554 vel
1146 1495 1368 1552 castella
1415 1492 1671 1565 fugiendo

123 1596 392 1663 veniebant,
415 1595 650 1651 hilarem
671 1594 885 1650 vultum
905 1591 1060 1663 quasi
1085 1589 1240 1661 potiti
1264 1587 1512 1656 victoria,
1541 1601 1673 1656 pra:-

121 1687 332 1745 ferebant
357 1687 496 1758 (55),
525 1686 774 1742 dicentes
800 1703 813 1740 :
857 1704 875 1736 ι
907 1680 1218 1740 Gaudentes
1251 1688 1304 1736 et
1332 1694 1457 1735 cum
1486 1677 1671 1733 latitia

119 1779 291 1850 aperite
335 1777 496 1833 nobis
539 1776 743 1846 januas
788 1781 1020 1841 vestras,
1069 1770 1332 1842 quoniam
1371 1767 1672 1825 occidimus

1768 573 1888 627 sine
1928 569 2209 643 obstaculo
2265 567 2539 624 civitatem
2588 564 2954 629 intraverunt,
2997 569 3050 616 et
3095 577 3191 635 per
3235 563 3352 619 dies

1767 671 2002 732 quatuor
2028 661 2102 716 ibi
2154 661 2525 726 dictaverunt,
2554 659 2642 715 dic
2667 675 2797 714 vero
2825 658 3016 730 quinta
3044 657 3110 712 de
3137 656 3355 711 civitate

1768 770 1961 811 omnes
1991 755 2264 810 exierunt.
2304 753 2460 809 Tunc
2489 752 2792 807 Balduinus
2813 765 3018 816 comes,
3051 747 3218 804 frater
3247 749 3355 802 (lo-

1769 847 1966 905 defridi
1993 848 2171 916 ducis,
2216 856 2270 902 et
2303 846 2643 914 Tancredus,
2689 845 2759 900 ab
2808 843 2929 898 aliis
2971 858 3030 898 se
3067 857 3192 897 cum
3240 839 3356 894 suis

1767 939 2036 995 militibus
2067 937 2392 1004 diviserunt,
2440 945 2495 990 et
2543 935 2608 990 ad
2643 934 2832 989 urbem
2863 931 3095 987 Tarsum
3123 930 3357 986 divertea

1769 1040 1899 1087 runt
1925 1029 2059 1102 ('58).
2090 1027 2260 1083 Erant
2295 1037 2477 1083 autem
2507 1026 2663 1082 multi
2708 1025 2870 1080 Turci
2898 1023 2952 1077 in
2975 1039 3060 1088 ea,
3092 1020 3185 1092 qui
3219 1035 3354 1074 con-

1771 1131 1853 1179 tra
1891 1137 1987 1178 eos
2013 1121 2265 1176 exierunt
2308 1119 2375 1175 ad
2402 1119 2673 1190 prmlium,
2705 1116 2798 1173 sed
2844 1116 2936 1170 diu
2986 1113 3205 1168 obstare
3243 1124 3355 1164 non

1769 1221 2085 1285 potuerunt.
2127 1211 2265 1267 Cum
2317 1211 2462 1266 enim
2490 1211 2704 1266 veloces
2745 1208 2979 1278 impetus
3014 1213 3354 1268 nostrorum,

1770 1319 1824 1366 et
1849 1312 2097 1365 sinuatos
2137 1307 2392 1362 incursus
2430 1314 2484 1360 et
2507 1305 2658 1360 diros
2682 1303 2821 1358 ictus
2856 1299 2998 1356 ferre.
3025 1314 3134 1355 non
3165 1303 3358 1369 potue»

1771 1411 1919 1468 runt,
1969 1400 2218 1472 pluribus
2273 1413 2500 1454 suorum
2550 1393 2862 1467 prostratis,
2911 1392 2964 1446 in
2997 1388 3358 1467 munitionem

1773 1494 1925 1551 urbis
1963 1509 2021 1551 se
2053 1499 2412 1562 receperunt:
2459 1497 2512 1544 et
2557 1486 2731 1542 nostri
2762 1493 2940 1541 castra
2979 1498 3078 1538 sua
3107 1490 3234 1536 ante
3273 1495 3362 1536 ur-

1773 1588 1895 1644 bem
1924 1587 2244 1644 locaverunt
2281 1592 2334 1639 et
2377 1581 2724 1638 excubitores
2758 1584 3078 1650 posuerunt.
3110 1573 3190 1628 llli
3230 1585 3362 1626 vero

1774 1679 1870 1751 qui
1905 1687 2063 1735 erant
2086 1677 2140 1733 in
2171 1677 2389 1733 civitate
2411 1671 2735 1737 Christiani,
2778 1678 2936 1725 nocte
2968 1667 3145 1722 media
3173 1664 3240 1720 ad
3269 1679 3363 1719 ca—

1776 1780 1888 1828 stra
1928 1769 2173 1836 veniunt,
2219 1783 2344 1824 cum
2387 1779 2587 1836 magno
2617 1761 2816 1835 gaudio
2862 1761 3163 1816 clamantes
3187 1759 3364 1826 latque

118 1871 247 1926 vobis
283 1885 474 1926 omnes
505 1867 901 1941 Francigenas,
932 1865 1025 1937 qui
1049 1879 1147 1919 vos
1178 1873 1232 1919 ct
1263 1872 1439 1919 terras
1463 1869 1673 1916 vestras
1705 1845 1747 1906 Β
1776 1863 2021 1920 dicentes
2051 1881 2064 1917 :
2122 1881 2139 1914 ι
2173 1859 2422 1931 Surgite,
2485 1855 2675 1911 invicti
2723 1853 2926 1908 milites
2979 1850 3319 1905 Francorum
3343 1886 3358 1912 ,

118 1961 382 2034 depraedari
424 1967 717 2027 venerant,
761 1974 830 2014 ne
873 1971 1018 2013 unus
1055 1955 1278 2026 quidem
1323 1960 1574 2023 superest
1607 1950 1674 2005 de

118 2055 202 2111 illis
238 2054 361 2124 quin
403 2060 503 2107 aut
532 2060 786 2108 mortuus
816 2050 908 2119 sit,
945 2057 1040 2104 aut
1067 2047 1316 2104 teneatur
1345 2045 1401 2100 in
1440 2043 1675 2099 vinculis

119 2147 308 2203 nostris.
335 2145 696 2201 Solimanuus
717 2143 916 2200 etenim
947 2141 1058 2197 dux
1087 2150 1274 2196 noster
1299 2137 1406 2193 alia
1433 2137 1521 2190 via
1549 2150 1676 2206 pro-

118 2239 262 2307 cedit,
287 2247 335 2294 et
364 2238 618 2308 captivos
651 2251 838 2292 secum
877 2233 1122 2290 deduxit.
1154 2251 1173 2283 ι
1208 2229 1313 2298 Qui
1335 2244 1465 2285 vero
1493 2225 1676 2283 verbis

118 2343 276 2385 comm
295 2327 504 2384 creduli
533 2335 718 2394 erant,
757 2325 1092 2397 aperiebant,
1122 2321 1442 2391 seductique
1484 2333 1676 2390 graves

118 2434 277 2492 pinnas
293 2419 540 2475 luebant.
573 2416 715 2474 Nam
743 2417 1118 2488 depraedantes
1145 2428 1332 2469 eorum
1363 2410 1675 2482 possessio-

117 2530 213 2581 nes,
239 2514 422 2570 domos
455 2510 849 2576 incendebant,
883 2509 1140 2581 ipsosque
1173 2514 1269 2560 aut
1311 2502 1674 2570 trucidabant,

119 2613 194 2660 aut
214 2604 332 2660 loris
363 2604 634 2660 astrictos
659 2617 848 2658 secum
872 2600 1162 2657 ducebant.
1188 2597 1457 2653 Nolcbant
1479 2595 1679 2666 quippe

119 2706 167 2752 ut
183 2695 356 2752 Franci
377 2697 472 2768 qui
495 2711 602 2752 eos
629 2694 1082 2766 insequebantur,
1113 2691 1318 2764 aliquid
1348 2688 1675 2756 invenirent,

120 2797 168 2843 ut
182 2788 255 2844 vel
279 2789 355 2845 sic
375 2787 568 2859 inopia
616 2786 794 2844 coacti
823 2785 1078 2858 persequi
1106 2784 1451 2840 desisterent.
1483 2781 1589 2849 Qui
1622 2781 1679 2836 in

119 2896 218 2949 noc,
242 2880 490 2952 prudenti
517 2879 612 2935 usi
641 2889 770 2934 sunt
791 2878 1042 2946 consilio,
1078 2877 1208 2949 quia
1233 2877 1342 2932 illis
1371 2874 1526 2931 valde
1549 2889 1677 2945 pro-

119 2970 216 3039 fuit,
241 2973 532 3043 nocuitque
561 2971 720 3028 omni
751 2970 1016 3026 exercitui
1054 2977 1264 3025 nostro.
1308 2967 1491 3023 Nostri
1532 2966 1680 3021 enim

120 3067 403 3122 invenerunt
444 3074 660 3121 terram
715 3064 864 3119 illam
909 3063 1206 3130 desertam,
1245 3071 1299 3118 et
1333 3062 1678 3130 inaquosam,

121 3159 338 3215 omnibus
362 3160 530 3216 bonis
559 3173 794 3214 vacuam
824 3157 960 3228 (56).
989 3155 1273 3211 Vellebant
1306 3153 1487 3225 spicas
1529 3166 1681 3222 sege-

121 3262 211 3309 tum
233 3252 294 3308 ad
330 3254 717 3317 maturitatem
743 3249 1191 3322 proximantium,
1233 3255 1289 3304 et
1317 3247 1458 3302 inter
1483 3259 1682 3300 manus

120 3345 434 3402 confricando
459 3344 808 3417 expilabant,
824 3342 1028 3413 talique
1047 3341 1172 3397 cibo
1187 3339 1386 3395 famem
1403 3345 1682 3408 utcunque

123 3438 422 3511 mitigabant.
452 3433 537 3493 lbi
571 3444 795 3491 mortua
825 3433 931 3490 fuit
954 3433 1129 3504 major
1156 3448 1286 3504 pars
1313 3445 1605 3502 equorum,
1629 3437 1683 3484 et

123 3531 249 3586 inulti
281 3532 370 3602 qui
418 3531 586 3602 prius
632 3529 848 3600 equites
875 3526 1218 3594 exstiterant,
1263 3524 1469 3596 pedites
1507 3521 1684 3578 effecti

121 3635 238 3681 sunt.
262 3622 604 3696 Equitabant
622 3637 820 3678 vaccas
848 3629 902 3677 et
930 3620 1117 3687 boves,
1149 3628 1203 3675 et
1226 3633 1439 3690 magnae
1460 3615 1684 3672 fortitu-

121 3716 238 3773 dinis
275 3727 328 3773 et
374 3715 696 3773 altitudinis
755 3722 916 3770 terrae
965 3713 1111 3768 illius
1161 3711 1361 3768 arietes
1400 3718 1455 3766 et
1495 3724 1679 3765 canes.

122 3809 445 3870 Transierunt
467 3813 667 3882 itaque
689 3811 869 3867 solum
891 3809 1025 3865 illud
1046 3825 1212 3880 quam
1239 3809 1348 3865 cito
1367 3815 1682 3879 potuerunt,

121 3912 166 3958 et
182 3903 508 3960 intraverunt
537 3901 900 3975 Lycaoniam,
933 3900 1268 3970 provinciam
1299 3899 1558 3954 omnibus
1582 3898 1685 3952 bo-

120 3991 189 4049 nis
208 3993 558 4060 uberrimam,
585 4004 640 4048 et
668 3997 932 4048 venerunt
953 3988 1195 4046 Iconium
1220 3989 1353 4060 (57).
1381 3987 1480 4044 Est
1502 3996 1685 4042 autem

118 4080 326 4140 lconium
358 4085 790 4157 opulentissima
825 4082 1018 4139 civitas
1062 4080 1455 4151 temporalibus
1501 4079 1684 4147 bonis,

121 4173 286 4247 dequa
311 4177 574 4234 meminit
621 4176 826 4232 Paulus
853 4175 1135 4246 apostolus
1175 4174 1231 4229 in
1253 4171 1514 4244 Epistolis
1547 4171 1682 4228 suis.

122 4265 205 4332 Qui
229 4285 350 4325 vero
378 4276 720 4326 erraverunt
751 4268 806 4322 in
831 4267 1146 4334 solitudine,
1189 4265 1244 4321 in
1283 4265 1572 4335 inaquoso,
1610 4263 1688 4319 ci-

122 4358 310 4416 vitatem
335 4361 592 4432 hospitio,
616 4357 958 4430 commodam
990 4358 1335 4424 invenerunt,
1372 4365 1426 4413 et
1457 4355 1689 4412 Domino

121 4461 434 4523 suggerente,
463 4452 637 4509 bonis
664 4451 899 4508 terrenis
923 4451 1113 4522 repleti
1149 4458 1297 4506 sunt.
1323 4449 1571 4520 Cumque
1604 4448 1690 4505 di-

1775 1955 2038 2027 quoniam
2071 1951 2237 2008 Turci
2266 1965 2459 2006 omnes
2486 1948 2554 2004 de
2600 1947 2819 2002 civitate
2867 1942 3083 2014 fugiunt
3133 1950 3186 1995 et
3223 1939 3366 1993 ulte-

1775 2048 1896 2103 rius
1923 2045 2209 2103 vobiscum
2250 2044 2531 2098 decertare
2573 2055 2682 2094 non
2727 2043 3089 2110 praesumunt.
3123 2052 3140 2084 ›
3183 2029 3368 2085 Nostri

1777 2150 1962 2196 tamen
1996 2153 2092 2196 eos
2125 2135 2378 2208 persequi
2411 2135 2730 2200 noluerunt,
2753 2130 2881 2202 quia
2917 2143 3027 2182 nox
3056 2133 3194 2190 erat,
3222 2130 3365 2178 tem-

1777 2247 1882 2304 pus
1933 2229 2140 2286 seilicet
2191 2227 2258 2283 ad
2311 2223 2750 2298 persequendum
2802 2219 3030 2275 minime
3086 2217 3368 2270 idoneum.

1777 2323 1875 2380 Die
1898 2338 2027 2379 vero
2056 2323 2364 2378 lucescente
2400 2317 2575 2373 nostri
2622 2315 2678 2369 in
2709 2313 2985 2370 civitatem
3016 2309 3368 2372 introierunt,

1778 2422 1832 2470 et
1853 2413 2000 2471 cives
2042 2427 2139 2469 eos
2181 2408 2546 2466 libentissime
2577 2413 2918 2476 receperunt.
2955 2401 3123 2456 Facta
3150 2408 3232 2454 est
3265 2413 3367 2452 au-

1781 2517 1890 2564 tem
1925 2506 2204 2564 contentio
2235 2505 2376 2559 inter
2407 2501 2662 2558 comitem
2693 2497 3020 2552 Balduinum
3052 2503 3106 2548 et
3133 2491 3372 2545 Tancre-

1779 2601 1932 2669 dum,
1973 2600 2096 2672 quis
2133 2612 2326 2654 eorum
2372 2594 2580 2652 civitati
2632 2591 3038 2657 dominaretur,
3091 2602 3160 2641 an
3209 2595 3367 2638 ntro-

1781 2707 2014 2764 rumque
2034 2691 2278 2747 dominio
2301 2688 2645 2745 subderetur.
2673 2682 2990 2740 Tancredus
3011 2679 3370 2744 renitebatur,

1781 2784 1913 2857 quia
1943 2799 2043 2855 pro
2074 2800 2133 2840 se
2161 2798 2282 2839 eam
2311 2779 2529 2837 volebat
2572 2779 2793 2844 habere,
2827 2775 2922 2830 sed
2959 2773 3175 2828 tandem
3208 2768 3376 2825 cessit

1783 2879 2071 2946 Balduino,
2105 2877 2233 2949 quia
2286 2875 2462 2947 major
2490 2881 2611 2929 erat
2659 2871 2737 2926 illi
2775 2868 3050 2924 exercitus
3081 2863 3367 2919 fortitudo.

1782 2971 2026 3027 Fuerunt
2053 2978 2236 3026 autem
2265 2969 2345 3024 eis
2375 2968 2432 3022 in
2461 2965 2616 3021 brevi
2649 2961 2913 3033 temporis
2945 2957 3232 3014 intervallo
3260 2963 3371 3008 tra-

1783 3064 1913 3119 dita:
1940 3062 2062 3118 duae
2093 3061 2382 3118 civitates:
2427 3073 2537 3114 una
2574 3071 2699 3127 qua:
2739 3060 2967 3109 vocatur
2998 3049 3230 3113 Athena,
3263 3045 3369 3100 alia

1784 3174 1908 3230 qua:
1953 3157 2256 3223 Manustra,
2287 3165 2341 3210 et
2387 3140 2555 3210 multa
2594 3149 2839 3206 castella.
2886 3145 3008 3200 Jam
3048 3159 3176 3198 vero
3225 3141 3376 3200 ibant

1785 3251 2042 3308 secundis
2075 3248 2446 3315 successibus,
2470 3244 2735 3318 quoniam
2761 3241 2926 3296 Turci
2945 3240 3059 3310 jam
3087 3251 3196 3292 non
3218 3233 3375 3304 equi-

1785 3339 1994 3411 tabant,
2027 3343 2124 3399 sed
2151 3341 2322 3397 abditi
2358 3347 2516 3395 erant
2548 3338 2604 3392 in
2635 3331 3024 3390 munitissimis
3061 3325 3378 3384 munitioni-

1785 3437 1908 3493 bus.
1943 3435 2116 3506 Major
2142 3445 2324 3490 autem
2359 3447 2486 3504 pars
2511 3429 2851 3484 Francorum
2875 3426 3123 3494 ingressa
3149 3429 3234 3478 est
3261 3428 3376 3474 ter-

1787 3545 1906 3586 ram
1950 3529 2338 3584 Armeniorum
2382 3525 2519 3598 (59),
2558 3524 2687 3594 quia
2736 3521 3012 3576 inhiantcr
3054 3514 3382 3571 atl‘ectabaut

1786 3622 2058 3678 inebriare
2095 3630 2294 3676 terram
2338 3616 2606 3689 sanguine
2634 3613 2961 3669 Turcorum.
2990 3608 3158 3664 Terra
3192 3615 3378 3660 autem
3428 3603 3440 3609 ’

1787 3716 1968 3773 omnis
1995 3716 2188 3770 silebat
2211 3713 2266 3768 in
2291 3719 2592 3780 conspectu
2623 3708 2890 3778 ipsorum,
2916 3703 3105 3773 eisque
3133 3696 3380 3753 Armenii

1787 3809 2007 3869 obviam
2054 3807 2366 3869 veniebant,
2415 3811 2470 3858 et
2505 3802 2559 3856 in
2598 3815 2729 3855 suas
2776 3798 3029 3854 civitates
3068 3802 3124 3849 et
3157 3789 3380 3848 castella

1788 3901 2142 3972 recipiebant.
2195 3897 2277 3953 Ad
2320 3894 2595 3966 quoddam
2645 3905 2777 3947 vero
2823 3896 3069 3946 castrum
3115 3896 3380 3956 pervene-

1789 4001 1939 4060 runt,
1983 3991 2130 4063 quod
2156 3991 2232 4045 ita
2273 3986 2508 4044 naturali
2551 3983 2823 4056 positione
2866 3979 3141 4035 munitum
3171 3983 3289 4032 erat
3319 3981 3380 4028 ut

1789 4087 1938 4144 nulla
1987 4101 2140 4140 arma
2195 4097 2444 4154 prorsus,
2490 4078 2641 4134 nulla
2689 4074 3134 4130 machinamenta
3181 4068 3381 4124 bellica

1789 4179 2086 4236 metuebat.
2130 4175 2237 4232 Sed
2269 4185 2450 4230 tamen
2486 4172 2784 4227 noluerunt
2821 4167 2896 4222 ibi
2938 4166 3033 4222 diu
3081 4159 3382 4225 demorari,

1790 4289 1916 4330 cum
1942 4272 2151 4326 scilicet
2181 4277 2296 4324 tota
2319 4267 2425 4323 alia
2457 4275 2603 4322 terra
2642 4263 2724 4319 eis
2770 4268 2918 4318 esset
2955 4257 3194 4324 subdita,
3227 4263 3281 4310 et
3315 4267 3385 4310 ex

1791 4365 1988 4423 affectu
2014 4362 2230 4419 volebat
2253 4358 2526 4416 inclinari.

2415 4447 2644 4507 CAPUT
2685 4446 2751 4501 V.

123 4544 293 4614 mdia
319 4547 550 4602 civitate
596 4543 822 4615 placuit,
855 4543 1208 4599 suadentibus
1241 4542 1457 4610 incolis,
1489 4558 1690 4613 aquam
1718 4546 1770 4608 D
1864 4547 1996 4602 Era:
2034 4555 2217 4603 autem
2263 4545 2318 4601 in
2362 4541 2604 4600 exercitu
2650 4539 2876 4610 quidam
2927 4535 3083 4610 miles
3125 4531 3286 4588 fortis
3333 4538 3387 4586 et

121 4633 166 4688 in
190 4638 321 4693 vasis
347 4648 403 4694 et
433 4638 664 4694 utribus
703 4651 888 4692 secum
924 4636 1187 4702 tulerunt,
1231 4635 1363 4706 quia
1399 4649 1599 4705 aquam
1630 4635 1687 4690 in

121 4731 388 4786 crastinum
432 4746 722 4801 nusquam
763 4737 1105 4800 repererunt.
1154 4728 1252 4784 Die
1278 4743 1410 4784 vero
1449 4729 1688 4785 secunda

121 4819 459 4893 invesperum
493 4823 570 4878 ad
614 4822 890 4894 quoddam
928 4821 1131 4878 flumen
1169 4829 1556 4893 pervenerunt,
1588 4820 1692 4876 ibi-

122 4927 211 4984 que
232 4917 440 4973 duobus
485 4916 692 4973 diebus
719 4916 975 4986 hospitati
1001 4923 1150 4971 sunt.
1179 4914 1363 4970 Altera
1391 4923 1574 4969 autem
1602 4913 1690 4970 die

122 5020 344 5064 cursores
376 5009 476 5080 qui
509 5007 787 5080 praeibam
830 5007 1069 5079 agmina,
1115 5006 1294 5077 primo
1323 5014 1592 5062 venerunt
1623 5005 1692 5061 ad

119 5099 386 5174 civitatem,
415 5121 550 5178 quae
574 5103 836 5161 Heraclea
866 5113 1222 5171 memoratur,
1253 5103 1309 5158 in
1346 5118 1454 5174 qua
1485 5102 1690 5159 Turco-

120 5208 225 5250 rum
244 5200 479 5254 maxima
503 5197 805 5255 multitudo
830 5197 1242 5269 aggregabatur.
1267 5194 1373 5263 Qui
1395 5205 1508 5251 uta
1531 5195 1692 5268 longe

121 5285 580 5358 deprehenderunt
620 5290 820 5346 vexilla
852 5289 1186 5346 Francorum
1222 5289 1530 5356 volitantia,
1560 5303 1690 5360 pro-

123 5375 245 5436 tinus
263 5383 578 5456 eﬂ'ugeruut
603 5392 666 5439 ut
704 5382 960 5439 damulus
990 5391 1218 5453 eruptus
1241 5382 1310 5437 de
1345 5382 1565 5453 laqueo,
1597 5389 1691 5436 aut

1798 4650 2056 4697 strenuus
2089 4647 2145 4694 et
2165 4637 2234 4693 ab
2253 4636 2345 4691 illa
2383 4634 2605 4706 regione
2627 4629 2919 4695 oriundus,
2955 4626 3050 4697 qui
3080 4632 3284 4679 terram
3322 4620 3386 4673 il—

1795 4732 1905 4788 lam
1930 4729 2228 4803 postulavit
2249 4745 2281 4784 a
2302 4726 2516 4784 cunctis
2539 4723 2900 4796 principibus,
2924 4728 2986 4774 ut
3011 4732 3134 4774 eam
3163 4715 3218 4769 in
3249 4713 3385 4768 fide-

1798 4825 1952 4881 litate
1979 4823 2074 4880 Dei
2113 4831 2170 4878 et
2193 4821 2368 4877 sancti
2397 4818 2636 4890 sepulcri
2664 4826 2719 4872 et
2741 4829 2932 4871 eorum
2959 4809 3278 4872 custodiret,
3326 4812 3389 4860 ut

1796 4917 1964 4974 vitam
1990 4924 2046 4972 et
2083 4915 2352 4972 honorem
2387 4927 2550 4969 suum
2582 4913 2890 4980 pretegeret
2927 4901 3062 4972 (40).
3107 4899 3208 4956 Cui
3236 4897 3388 4970 prin-

1795 5011 1948 5082 cipes
1993 5007 2328 5067 unanimiter
2357 4986 2646 5062 assensum
2697 4999 3028 5059 tribuerunt,
3073 4991 3201 5062 quia
3248 4988 3388 5044 scie-

1800 5080 1934 5159 bant
1957 5117 2084 5158 eum
2111 5114 2234 5156 esse
2274 5098 2464 5154 virum-
2485 5093 2722 5157 ﬁdelem,
2757 5098 2811 5144 et
2844 5084 3056 5143 bellicis
3076 5083 3244 5138 rebus
3267 5080 3388 5135 ido-

1800 5209 1968 5250 neum
1990 5201 2046 5248 et
2070 5190 2288 5246 fortem.
2317 5186 2524 5244 Dehinc
2545 5195 2807 5253 prospero
2832 5190 3091 5235 successu
3120 5175 3390 5228 venerunt

1803 5286 1870 5343 ad
1897 5276 2604 5350 CaesareamCappadociae.
2633 5269 2977 5343 Cappadocia
3013 5274 3196 5324 autem
3235 5261 3388 5333 regio

1800 5388 1885 5435 est
1911 5394 1970 5432 in
1997 5375 2176 5447 capite
2207 5373 2379 5445 Syriae
2403 5370 2529 5436 sita,
2571 5367 2640 5422 ad
2671 5361 3146 5436 septentrionalem
3172 5358 3388 5430 plagam

1174 5495 1487 5553 NOTULAS
1528 5493 1979 5551 MARGINALES
2012 5490 2128 5546 MS.
2160 5487 2316 5544 COD.

251 5664 513 5724 Invenere
535 5664 740 5722 famem
771 5665 965 5731 nostri,
994 5673 1112 5734 post
1131 5664 1488 5720 fertilitatem.

177 5731 226 5876 72
256 5736 374 5820 llam
397 5741 533 5796 urbs
565 5737 812 5806 suscepit
840 5731 1086 5804 nostros,
1109 5735 1438 5808 penitusque
1464 5731 1689 5801 recepit.

177 5805 209 5860 8
258 5806 353 5867 llic
377 5826 578 5876 agmen
602 5823 886 5876 sparsum,
915 5807 1043 5876 petit
1068 5807 1255 5863 urbem
1281 5805 1502 5862 nomine
1527 5801 1689 5856 Thar-

258 5806 353 5867 llic
377 5826 578 5883 agmen
602 5801 886 5881 sparsum,
915 5807 1043 5878 petit
1068 5801 1255 5863 urbem
1281 5801 1502 5862 nomine
1527 5801 1569 5854 Τ

1481 5889 1623 5931 sum.

176 5593 222 5733 ’ζ
254 5595 499 5657 Fraudes
522 5596 804 5668 ﬁngebant
824 5595 1050 5661 Arabes,
1080 5595 1210 5650 dum
1239 5593 1320 5648 sic
1343 5591 1641 5662 fugiebant.

251 5664 513 5724 Invenere
535 5668 740 5722 famem
771 5665 965 5731 nostri,
994 5673 1112 5734 post
1131 5664 1488 5720 fertilitatem.

256 5736 374 5820 llam
397 5741 533 5796 urbs
565 5737 812 5806 suscepit
840 5747 1086 5804 nostros,
1109 5735 1438 5808 penitusque
1464 5731 1641 5801 recepi

258 5806 353 5867 llic
377 5826 578 5874 agmen
602 5823 886 5874 sparsum,
915 5807 1043 5874 petit
1068 5807 1255 5863 urbem
1281 5805 1502 5862 nomine
1527 5801 1641 5856 Tha

1577 5804 1698 5856 har-

1799 5588 1914 5662 (59)
1963 5587 2109 5642 Gens
2143 5583 2258 5640 fera
2295 5582 2635 5638 Francorum
2681 5587 2881 5634 terram
2920 5573 3068 5630 subit
3102 5566 3386 5711 A[rmen.i,0v

3162 5654 3306 5692 1⁵11111.

3162 5654 3306 5692 1⁵11111.

1807 5729 1920 5803 (40)
1961 5729 2119 5798 Quod
2151 5726 2285 5801 petit
2307 5723 2620 5797 assequitur
2643 5719 2821 5789 miles,
2853 5707 3382 5791 patriaque'potitur.
