3846 6306
523 295 629 352 695
1096 291 1190 346 ΑΒ
1225 287 1673 349 GODEFRIDUM
1713 285 2006 346 APPEND.
2043 285 2108 368 Il.
2149 316 2218 326 -—
2253 285 2524 343 NONUM.
2565 287 2652 342 DE
2693 287 2914 345 BELLO
2955 287 3178 346 SACRO
3651 300 3729 356 690

520 416 801 480 porrecta;
829 407 989 479 cujus
1012 406 1202 462 incolae
1226 405 1463 461 civitatis
1489 405 1632 460 ultro
1656 419 1715 461 se
1743 403 2102 486 tradiderunt,
2135 408 2176 466 Α
2208 400 2496 472 pendentia
2523 403 2842 475 gestabant,
2875 419 3067 460 omnes
3091 401 3371 475 aequaliter
3402 406 3611 477 pedites,
3631 417 3728 482 quia

520 516 726 571 eosque
756 501 988 572 benigne
1011 510 1352 571 receperunt.
1376 498 1700 570 Egressique
1721 497 1788 553 de
1816 496 2090 567 Cappado-

2208 491 2342 546 nulli
2371 507 2563 549 eorum
2595 495 2937 565 equitabant,
2978 496 3226 578 plerique
3255 497 3598 557 libentissime
3630 503 3730 561 luri-

2205 597 2320 651 cas,
2358 585 2559 656 galeas,
2605 586 2933 660 clypeosque
2968 604 3098 644 suos
3146 588 3531 658 vendidissent,
3571 595 3610 649 si
3643 614 3730 654 em-

2205 685 2416 746 ptorem
2446 677 2814 748 invenissent;
2859 680 3015 736 multi
3059 681 3280 751 quidem
3310 683 3537 753 plurima
3563 688 3732 749 lassitu-

2204 765 2334 822 dine
2365 767 2680 826 deﬁcientes
2709 786 2773 825 ea
2804 771 3183 843 projieiebant,
3208 782 3268 828 ut
3298 775 3486 830 saltem
3515 779 3586 834 sic
3607 797 3732 854 expe-

2203 857 2301 913 diti
2330 858 2408 915 ire
2435 861 2700 917 valerent.
2749 859 3003 918 Iumenta
3045 880 3171 920 cum
3214 867 3472 922 oneribus
3501 869 3572 926 ire
3595 877 3732 931 nulla-

2204 955 2362 1004 tenus
2386 959 2658 1020 poterant,
2687 953 2782 1009 sed
2804 954 3077 1026 plerisque
3105 957 3160 1011 in
3195 956 3334 1012 locis
3364 972 3526 1014 onera
3559 961 3732 1030 jumen-

520 592 628 660 cia,
651 608 910 664 prospere
936 602 1200 647 venerunt
1223 592 1290 646 ad
1313 589 1605 661 quamdam
1635 590 1824 644 urbem
1848 589 2103 660 pulcher-

517 686 717 743 rimam
748 696 804 741 et
832 687 968 741 satis
999 685 1351 750 uberrimam,
1379 699 1546 754 quam
1592 681 1759 737 Turci
1787 699 1896 737 non
1932 681 2104 738 multo

521 789 646 834 ante
670 777 1016 843 obsederant,
1054 784 1108 831 et
1135 791 1230 846 per
1272 782 1380 828 tres
1416 773 1784 830 hebdomadas
1815 773 2104 847 impugna-

517 875 732 933 verant,
763 865 856 921 sed
882 879 1195 934 expugnare
1225 863 1601 932 nequiverant.
1629 861 1710 918 Ad
1749 878 1915 933 quam
1943 879 2102 920 acce-

520 959 734 1026 dentes,
771 972 898 1012 mox
929 970 1052 1010 cum
1081 969 1292 1009 summa
1317 953 1499 1008 laetitia
1527 954 1675 1008 cives
1699 953 1915 1010 obviam
1941 968 2103 1009 vene-

517 1058 666 1115 runt,
708 1057 762 1102 et
803 1045 1062 1101 benevole
1111 1051 1486 1114 susceperunt.
1519 1042 1670 1099 Ilanc
1715 1043 1913 1098 iterum
1948 1042 2103 1114 petiit

519 1140 658 1194 alter
688 1137 863 1202 miles,
904 1135 1126 1190 nomine
1154 1133 1351 1191 Petrus
1386 1135 1455 1190 ab
1479 1134 1730 1206 Alpibus,
1758 1143 1812 1190 et
1842 1134 2100 1205 impetra-

524 1230 745 1285 viteam
778 1226 1063 1282 celerrime
1111 1225 1181 1282 ab
1219 1227 1494 1283 universis
1549 1227 1891 1298 principibus
1940 1226 2098 1298 (40⁸).

511 1320 632 1392 Ipsa
663 1329 821 1375 nocte
855 1319 1079 1391 quidam
1123 1319 1332 1376 delator
1373 1335 1643 1392 nugarum
1669 1319 1816 1374 venit
1855 1319 1922 1373 ad
1955 1316 2097 1374 Boa-

509 1413 796 1481 munduni,
824 1413 1072 1486 dixitque
1097 1412 1147 1472 ei
1185 1429 1359 1484 usque
1379 1413 1448 1468 ad
1469 1411 1659 1484 viginti
1683 1412 1854 1467 millia
1889 1410 2096 1468 Turco-

506 1521 630 1560 rum
657 1505 712 1560 in
736 1506 985 1577 proximo
1009 1505 1222 1573 adesse,
1246 1506 1340 1576 qui
1367 1505 1610 1560 nondum
1639 1501 2096 1561 scircntFrancos

505 1597 808 1652 exercitum
835 1597 966 1652 illuc
988 1596 1294 1652 advenisse.
1325 1595 1420 1651 Ille
1441 1597 1699 1652 credulus
1723 1594 1905 1651 verbis
1934 1609 2092 1650 men-

506 1687 756 1755 dacibus,
786 1688 948 1760 elegit
981 1688 1181 1744 milites
1220 1688 1422 1744 electos
1443 1704 1584 1759 quos
1617 1703 1801 1744 secum
1831 1686 2006 1753 duxit,
2041 1695 2095 1743 et

2202 1048 2383 1096 torum
2408 1042 2660 1100 homines
2685 1044 2951 1102 ferebant.
2978 1045 3134 1102 Stare
3159 1049 3279 1104 loco
3302 1059 3396 1104 aut
3418 1051 3592 1108 sedere
3607 1072 3732 1115 nemo

2199 1142 2433 1203 poterat,
2465 1136 2594 1206 quia
2638 1137 2774 1193 alter
2799 1139 3033 1195 alterum
3065 1139 3395 1211 impellebat.
3429 1141 3588 1200 Nemo
3610 1156 3732 1217 pote-

2200 1231 2286 1278 rat
2323 1224 2516 1294 juvare
2557 1243 2720 1283 suum
2755 1229 3035 1295 comitem,
3078 1233 3186 1286 nisn
3229 1232 3606 1302 przecedentem
3636 1237 3734 1292 ulti-

2199 1328 2359 1380 mus,
2408 1316 2673 1386 quoniam
2726 1318 2820 1389 qui
2864 1319 3092 1390 praeibat
3145 1321 3234 1376 vix
3276 1323 3515 1378 converti
3563 1327 3736 1382 valebat

2197 1406 2264 1462 ad
2287 1406 2730 1479 subsequentem.
2781 1409 3022 1466 Tandem
3071 1412 3226 1468 ﬁnita
3273 1422 3386 1468 tam
3435 1413 3619 1471 infelici
3649 1419 3733 1485 via,

2196 1507 2252 1555 et
2280 1498 2448 1566 invia,
2478 1509 2747 1556 venerunt
2773 1501 2841 1556 ad
2873 1502 3172 1570 civitatem,
3205 1521 3329 1576 quae
3377 1505 3616 1563 Marasim
3647 1526 3736 1566 tne-

2195 1600 2462 1660 moratur,
2503 1603 2558 1649 et
2607 1593 2678 1650 ab
2726 1593 2920 1650 incolis
2969 1595 3077 1652 illis
3124 1612 3251 1653 cum
3312 1598 3519 1654 honore
3555 1609 3604 1654 et
3632 1617 3737 1670 ειυς

2192 1683 2284 1740 dio
2329 1686 2697 1756 excipiuntur.
2757 1685 2872 1743 Illic
2929 1688 3322 1745 abundantiam
3394 1707 3568 1747 rerum
3625 1705 3735 1748 tem-

504 1778 626 1834 loca
663 1780 717 1834 in
765 1781 966 1851 quibus
996 1781 1208 1836 latitare
1251 1781 1574 1836 dicebantur
1612 1779 1940 1850 peragravit.
1984 1777 2091 1834 Sed
2122 1771 2165 1832 Β
2193 1776 2462 1846 poralium
2494 1777 2820 1846 inveniunt;
2865 1779 2940 1837 ibi
2980 1796 3095 1837 snte
3145 1782 3386 1838 miseria:
3426 1792 3478 1837 et
3531 1783 3737 1842 defectus

505 1870 651 1926 sicut
672 1871 883 1928 delator
908 1872 1086 1928 inanis
1131 1871 1252 1940 fuit,
1284 1873 1363 1928 sic
1389 1881 1443 1928 et
1468 1871 1839 1942 inquisitionis
1867 1870 2091 1927 eﬂ’ectus

506 1960 826 2019 frustratus.
856 1962 1065 2018 Dehinc
1093 1973 1485 2036 consurgentes
1509 1973 1774 2020 venerunt
1808 1964 1874 2020 ad
1904 1979 2094 2035 quam-

504 2055 633 2111 dam
677 2057 889 2123 urbem,
938 2072 1062 2127 qua:
1104 2066 1334 2112 vocatur
1369 2057 1560 2124 Cosor,
1608 2073 1731 2128 quae
1770 2057 1931 2129 plena
1972 2066 2091 2113 erat

503 2146 762 2202 omnibus
795 2147 954 2202 bonis
987 2131 1110 2217 qua:
1134 2147 1287 2202 utilia
1311 2156 1438 2203 sunt
1460 2148 1783 2218 corporibus
1809 2148 2085 2205 humanis.

503 2239 586 2293 Ad
615 2255 782 2310 quam
809 2240 1151 2307 accedentes,
1179 2239 1249 2296 ab
1284 2239 1370 2296 his
1415 2242 1510 2312 qui
1552 2251 1708 2296 erant
1735 2242 1790 2297 in
1822 2256 1887 2298 ea
1931 2241 2089 2298 Chri-

507 2327 725 2392 stianis,
751 2327 1148 2384 ofﬁciosissime
1181 2331 1418 2400 SllSCepli
1442 2338 1591 2386 sunt.
1625 2329 1691 2386 Et
1717 2331 1790 2386 ibi
1817 2347 1913 2402 per
1976 2341 2089 2388 tres

2191 1868 2630 1924 consolationem
2659 1869 2949 1941 recipiunt.
2983 1869 3059 1925 lbi
3089 1871 3241 1942 prior
3265 1873 3599 1942 praestolatur
3634 1877 3736 1930 ulti-

2189 1974 2374 2028 mum,
2419 1960 2513 2016 sed
2545 1969 2670 2016 ante
2700 1963 3019 2031 pertransiit
3055 1963 3263 2035 integra
3295 1964 3442 2031 dies,
3485 1975 3736 2037 antequam

2189 2051 2361 2107 cauda
2393 2052 2559 2123 capiti
2584 2053 2899 2111 cohaereret.
2945 2054 3270 2126 Congrcgati
3309 2072 3439 2112 vero
3473 2067 3524 2113 et
3551 2058 3630 2113 die
3653 2075 3737 2115 una

2189 2143 2566 2214 quiescentes,
2620 2145 2859 2200 secunda
2881 2144 2970 2201 die
3013 2159 3280 2202 venerunt
3331 2145 3388 2202 in
3439 2148 3656 2215 vallem,
3695 2151 3737 2204 in

2189 2246 2298 2301 qua
2335 2244 2420 2288 est
2462 2232 2754 2289 Antiochia
2792 2234 2921 2303 sita,
2973 2237 3122 2308 regia
3169 2237 3421 2292 videlicet
3464 2239 3644 2294 civitas
3685 2241 3738 2293 ab

2189 2322 2461 2380 Antiocho
2518 2340 2644 2397 rege
2673 2327 3006 2394 constituta,
3055 2336 3110 2382 et
3137 2327 3208 2382 ab
3267 2328 3389 2398 ipso
3434 2342 3736 2400 nuncupata.

2188 2411 2313 2471 Ηωο
2335 2417 2649 2488 metropolis
2689 2426 2777 2474 est
2799 2427 2853 2474 et
2889 2428 3054 2490 caput
3097 2420 3264 2475 totius
3297 2421 3534 2492 regionis
3570 2421 3732 2494 Syria2,

2185 2507 2314 2564 olim
2373 2508 2634 2581 insignita
2699 2525 2798 2580 per
2838 2510 3058 2566 beatum
3115 2510 3340 2568 Petrum
3401 2513 3738 2583 apostolorum

2185 2597 2485 2670 principem
2514 2599 2665 2656 cultu
2697 2600 2820 2656 fidei
2847 2601 3167 2658 catholica:
3207 2603 3262 2658 in
3306 2619 3371 2658 ea
3410 2604 3738 2674 episcOpalem

2185 2689 2498 2746 cathedram
2523 2692 2728 2762 posuit,
2747 2702 2801 2748 et
2825 2695 3100 2765 apostolos
3132 2694 3440 2750 Barnabam
3467 2705 3520 2750 et
3541 2695 3739 2750 Paulum

499 2419 616 2475 dies
659 2419 834 2476 feriati
879 2429 1024 2476 sunt.
1067 2421 1181 2476 lllic
1228 2422 1608 2494 unusquisque
1659 2439 1773 2479 suae
1813 2423 2088 2479 consuluit

499 2511 844 2580 indigentia,
888 2513 1020 2569 lassi
1070 2513 1398 2569 invenerunt
1449 2515 1727 2586 requiem,
1781 2515 2086 2571 esurientes

501 2603 900 2673 refectionem,
969 2605 1216 2662 sitientes
1282 2615 1509 2678 potum,
1571 2607 1702 2661 nudi
1771 2606 2082 2678 operimen-

497 2707 616 2752 tum
653 2698 786 2769 (M).
814 2697 1060 2753 Providit
1083 2699 1366 2770 itaque’eis
1390 2698 1532 2755 Deus
1559 2701 1667 2755 tale
1687 2700 2082 2767 habitaculum,

500 2803 610 2858 quo
633 2786 850 2844 facilius
879 2789 990 2859 pati
1014 2789 1257 2845 valerent
1275 2791 1516 2847 validum
1555 2801 1967 2863 superventura:
2002 2791 2083 2848 fa-

497 2879 604 2934 mis
638 2879 963 2934 cruciatum.
1013 2879 1224 2937 Interea
1258 2884 1569 2939 nuntiatum
1598 2892 1682 2940 est
1725 2884 1913 2941 comiti
1952 2883 2083 2940 Rai-

496 2971 722 3036 mundo,
753 2971 901 3040 quod
930 2970 1094 3028 Turci
1123 2981 1269 3029 metu
1300 2974 1495 3042 territi,
1520 2975 1587 3030 de
1610 2973 1896 3031 Antiochia
1924 2973 2080 3048 fuge-

495 3070 642 3128 rant,
667 3062 1050 3134 civitatemque
1073 3065 1295 3121 minime
1314 3066 1692 3138 prtemunitam
1722 3068 2075 3139 reliquerant.

495 3153 599 3221 Qui
643 3155 768 3211 inde
798 3157 1006 3226 accepit
1050 3157 1364 3226 consilium,
1408 3159 1552 3231 quod
1593 3159 1721 3216 illuc
1752 3161 2080 3232 quingentos

495 3246 698 3302 milites
746 3247 1024 3318 dirigeret,
1079 3249 1172 3320 qui
1219 3265 1400 3307 arcem
1441 3251 1682 3308 civitatis
1725 3259 2077 3323 occuparent,

495 3349 789 3410 antequam
837 3341 960 3397 aliis
1007 3342 1286 3418 cognitum
1323 3352 1486 3400 esset.
1531 3342 1596 3400 Et
1627 3353 1688 3399 ut
1727 3356 1994 3402 venerunt
2022 3344 2078 3400 in

499 3429 690 3486 vallem
726 3431 1032 3487 Antiochia:
1059 3432 1318 3501 vicinam,
1358 3443 1487 3490 tunc
1525 3434 1762 3506 primum
1790 3435 2080 3493 audierunt

492 3539 684 3580 verum
709 3540 820 3581 non
849 3539 972 3583 esse
995 3526 1142 3598 quod
1174 3524 1338 3580 Turci
1368 3526 1753 3584 discessissent
1779 3544 1810 3584 a
1837 3529 2076 3598 civitate,

497 3616 591 3672 sed
614 3617 766 3674 omni
791 3617 916 3674 nisu
951 3635 1062 3690 quo
1092 3625 1339 3691 poterant
1373 3619 1737 3679 moliebantur
1766 3620 2074 3682 defendere.

2191 3605 2466 3676 auxilium.
2519 3604 2624 3660 Sed
2667 3619 2775 3660 non
2819 3618 2902 3660 est
2948 3606 3232 3662 hominum
3281 3607 3522 3680 dirigere
3547 3625 3742 3682 gressus

494 3705 861 3764 Perrexerunt
903 3709 1071 3782 igitur
1098 3727 1273 3782 usque
1316 3713 1383 3769 ad
1427 3716 1712 3771 castellum
1754 3714 2080 3773 Publicano—

2191 3713 2333 3768 suos,
2360 3697 2454 3756 sed
2478 3695 2600 3770 ejus
2625 3705 2730 3766 est,
2760 3696 2919 3770 cuius
2944 3697 3212 3756 univepsa-
3230 3700 3480 3774 subjecta
3507 3711 3632 3760 sunt
3657 3704 3744 3758 im-

495 3814 639 3867 rum,
667 3816 842 3872 eoque
871 3801 1184 3876 subjugato,
1215 3805 1324 3861 alio
1351 3806 1593 3863 secundo
1621 3807 1813 3865 itinere
1845 3807 2080 3865 diverte-

2191 3791 2352 3861 perio.
2382 3790 2566 3848 Nostri
2595 3792 2844 3864 protinus
2871 3793 3150 3849 irruerunt
3177 3796 3512 3851 unanimiter
3554 3797 3606 3850 in
3640 3810 3744 3851 eos-

493 3902 658 3959 runt;
699 3893 841 3948 etin
869 3895 1063 3951 vallem
1107 3896 1174 3952 de
1215 3896 1390 3970 Rugia
1431 3908 1814 3970 pervenerunt,
1851 3901 2080 3957 multos-

2191 3883 2428 3955 nullique
2474 3893 2856 3955 pepercerunt,
2904 3885 3000 3941 sed
3049 3885 3104 3940 in
3156 3900 3252 3941 ore
3296 3887 3465 3956 gladii
3512 3903 3742 3958 magnam

495 3999 602 4054 que
619 3983 919 4042 ibi'l‘urcos
941 3995 994 4042 et
1019 3986 1350 4045 Sarracenos
1374 3990 1716 4059 invenerunt,
1743 4007 1882 4064 quos
1906 3992 1963 4047 in
1985 4007 2080 4048 ore

2191 3975 2592 4032 multitudinem
2621 3991 2690 4033 ex
2719 3977 2800 4032 eis
2830 3985 3184 4048 peremerunt
3206 3995 3220 4008 ·
3265 3979 3358 4032 alii
3397 3989 3583 4034 mente
3628 3995 3741 4034 cen-

494 4074 658 4145 gladii
703 4085 990 4145 superatos
1033 4077 1220 4146 praelio
1261 4077 1598 4134 occiderunt.
1629 4079 1785 4146 Quod
1832 4080 2079 4136 videntes

2191 4070 2408 4126 sternati
2435 4067 2730 4142 fugerunt,
2759 4081 2813 4126 et
2857 4069 2938 4126 sic
2958 4071 3084 4126 vitae
3113 4073 3372 4142 praesenti
3414 4089 3531 4129 sua:
3569 4089 3745 4129 consu-

493 4163 760 4232 Armenii,
793 4174 950 4220 terrae
987 4166 1134 4222 illius
1165 4167 1524 4234 habitatores,
1559 4170 1729 4241 gavisi
1769 4180 1916 4239 sunt,
1950 4171 2078 4242 quia
2182 4159 2419 4216 luerunt.
2460 4159 2552 4218 Sic
2600 4161 2759 4232 potiti
2808 4159 3109 4218 Christiani
3149 4162 3404 4230 victoria,
3436 4165 3606 4219 multa
3631 4163 3743 4218 inibi

490 4251 744 4309 videlicet
785 4269 816 4309 a
849 4255 1180 4312 Christianis
1211 4266 1320 4312 tam
1347 4258 1580 4314 viriliter
1607 4269 1662 4314 et
1693 4258 1856 4315 Turci
1883 4269 1938 4316 et
1968 4259 2078 4317 Pu-
2181 4263 2502 4324 repererunt
2541 4254 2712 4324 spolia
2735 4295 2749 4320 ,
2795 4253 3064 4324 iumenta,
3107 4253 3314 4323 asinos,
3350 4257 3592 4311 camelos
3630 4271 3744 4309 one-

492 4345 695 4402 blicani
719 4357 845 4402 sunt
875 4348 1066 4416 occisi,
1091 4351 1462 4422 continuoque
1490 4367 1615 4407 cum
1650 4360 1793 4408 terra
1823 4369 1923 4408 sua
1951 4354 2079 4409 red-
2181 4355 2330 4402 ratos
2377 4345 2529 4414 Vino.
2588 4345 2865 4402 frumento
2898 4354 2953 4401 et
2977 4347 3118 4414 oleo,
3169 4355 3224 4402 el
3269 4347 3436 4403 rebus
3483 4348 3606 4404 aliis
3641 4361 3746 4418 quae

494 4437 750 4494 diderunt
776 4454 836 4494 se
876 4439 1003 4494 illis.
1051 4439 1113 4496 Et
1142 4439 1347 4496 Rusam
1392 4442 1669 4498 civitatem
1699 4444 2074 4513 obtinuerunt,
2115 4485 2155 4513 η
2182 4437 2424 4494 obsessis
2495 4446 2625 4494 sunt
2684 4439 3125 4509 pernecessaria.
3174 4438 3330 4495 Tunc
3384 4438 3743 4496 castrametati

491 4537 548 4584 et
594 4528 824 4600 plurima
877 4531 1098 4587 castella
1153 4548 1256 4588 suo
1303 4533 1551 4589 dominio
1602 4535 2069 4606 mancipaverunt.

2191 4535 2312 4583 sunt
2337 4542 2503 4598 super
2525 4527 2702 4598 ripam
2732 4526 2996 4595 ﬂuminis,
3029 4529 3176 4599 quod
3206 4545 3318 4585 non
3346 4529 3512 4600 longe
3538 4531 3696 4585 distat
3717 4543 3742 4582 a

496 4619 796 4678 Universus
822 4638 952 4678 vero
986 4625 1260 4680 exercitus
1288 4625 1384 4697 qui
1430 4637 1768 4682 remanserat
1796 4628 1895 4683 iter
1936 4631 2075 4686 arri-

2191 4617 2458 4674 mmnibus
2490 4618 2749 4674 civitatis.
2785 4617 2844 4672 In
2868 4619 2956 4674 die
2978 4619 3218 4674 crastina
3241 4621 3430 4675 onusti
3463 4621 3624 4675 bonis
3643 4635 3747 4674 om-

492 4713 632 4785 puit,
677 4715 990 4786 miseroque
1030 4715 1311 4772 infortn..ii
1359 4732 1616 4773 successu
1653 4719 1765 4790 (42)
1805 4736 1901 4791 per
1925 4738 2073 4793 qua:-
2178 4712 2340 4768 nibus
2355 4711 3400 4783 adcivitatemiredisponunt;adquam
3415 4713 3746 4768 Deoductoie

493 4806 620 4862 dam
655 4816 936 4874 montana,
966 4823 1088 4878 quae
1115 4808 1250 4863 nulli
1281 4818 1437 4864 erant
1464 4809 1570 4866 nisi
1607 4809 1736 4868 feris
1767 4821 1862 4869 ant
1901 4815 2070 4885 repti-

2191 4803 2554 4873 pervenientes
2577 4802 2631 4856 in
2651 4803 3084 4874 partibustribus
3106 4810 3286 4858 castra
3299 4804 3743 4874 circumponnnt:

489 4897 638 4954 libus
662 4901 871 4969 pervia,
893 4900 987 4955 ubi
1011 4899 1202 4954 semita
1225 4909 1343 4956 erat
1369 4917 1492 4973 quae
1513 4919 1622 4958 non
1645 4905 1881 4975 amplius
1906 4923 2072 4976 quam
2176 4895 2257 4950 EX
2285 4911 2396 4951 ulla
2423 4895 2568 4952 enim
2596 4903 2748 4966 Ρεπιθ
2771 4903 3031 4950 momina
3056 4895 3352 4966 thibem
3380 4903 3745 4964 accessum.“

489 4988 656 5043 unius
678 4989 833 5058 pedis
860 4989 1039 5058 spatio
1077 4989 1426 5059 dilatabatur,
1459 4993 1553 5048 sed
1589 4993 1718 5049 hinc
1745 5005 1799 5050 et
1826 4995 1952 5050 inde
1979 5012 2074 5052 ru-
2180 5005 2346 5046 omne
2370 4990 2605 5045 bellandi
2637 4989 2830 5060 procul
2851 4997 3038 5044 arcent
3059 4989 3358 5062 ingenium.
3394 4990 3604 5058 Quarta
3626 4989 3745 5046 feria

492 5080 654 5152 pibus
678 5089 733 5136 et
767 5080 954 5136 densis
984 5081 1266 5150 spinarum
1318 5099 1414 5143 seu
1460 5087 1706 5156 veprium
1736 5087 1954 5144 frutetis
1983 5103 2074 5144 ar-
2178 5082 2506 5138 duodecimo
2529 5081 2649 5137 Kal.
2673 5080 2992 5138 Novembris
3005 5082 3219 5138 obsidio
3236 5084 3386 5139 circa
3409 5083 3743 5140 Antiochiam

492 5171 763 5236 ctabatur,
807 5170 914 5223 ima
943 5170 1166 5226 vallium
1205 5172 1260 5227 in
1302 5175 1561 5246 abyssum
1604 5177 1930 5233 videbantur
1964 5179 2072 5234 im-
2175 5173 2510 5246 positafuit,
2541 5174 2609 5229 ad
2645 5173 2861 5230 laudem
2889 5181 2946 5228 et
2985 5174 3214 5245 gloriam
3253 5173 3503 5232 futuram
3541 5173 3744 5231 Domini

490 5259 695 5329 mergi,
727 5257 1014 5314 cacumina
1057 5261 1323 5318 montium
1363 5265 1430 5321 ad
1469 5266 1647 5340 sidera
1674 5267 1817 5333 tolli;
1845 5267 1949 5322 hac
1990 5267 2074 5323 in-
2178 5267 2356 5324 nostri
2387 5267 2516 5323 Iesu
2570 5265 2774 5322 Chr"ti
2845 5267 2940 5323 oui
2987 5281 3203 5324 semper
3252 5279 3335 5325 est
3383 5269 3656 5325 mirabilis
3695 5268 3743 5320 in

487 5347 686 5417 διῳκιιί
709 5345 902 5402 semita
924 5347 1124 5406 milites
1143 5359 1198 5406 et
1226 5355 1477 5428 armigeri
1504 5339 1646 5414 collo
1667 5373 1770 5413 suo
1801 5373 1954 5413 arma
1971 5359 2067 5414 de-
2175 5359 2430 5430 Operibus
2458 5357 2595 5413 suis.

1659 5449 1980 5506 EXPLICIT
2017 5451 2222 5516 LIBER
2257 5449 2580 5506 TERTIUS.

1544 5541 1851 5598 NOTULIE
1891 5543 2337 5602 MARGINALES
2373 5543 2486 5600 MS.
2522 5541 2676 5599 COD.

644 5599 804 5687 'llnie
829 5605 1213 5687 cum_C_:esaria
1239 5609 1480 5687 traditur
1507 5625 1560 5687 et
1589 5615 1784 5687 patria.
2058 5598 2072 5602 ⁷
2149 5598 2153 5599 ί
2209 5598 2218 5599 ί
2327 5613 2383 5668 Si
2413 5598 2555 5668 bona
2577 5598 2866 5684 praecedit,
2891 5620 3138 5683 sequitur
3172 5614 3350 5682 mala,
3383 5630 3644 5687 prospera
3665 5629 3741 5669 ce-

491 5670 606 5800 ἕω)
644 5668 745 5726 llic
780 5672 921 5754 fame
941 5677 1114 5731 deleta
1139 5683 1401 5736 successit
1425 5668 1750 5752 eopia'laeta.
1850 5693 1855 5703 '
2577 5668 2595 5684 ³
2853 5668 2866 5678 ’
2966 5668 2988 5683 ⁸
3116 5753 3127 5764 ⁸
3239 5668 3242 5669 ν
3291 5668 3300 5669 ί
3337 5668 3350 5682 ’
3383 5668 3536 5687 rh.
3566 5668 3681 5766 id“.

515 5737 604 5800 42)
641 5740 826 5796 Mundi
849 5743 1065 5800 fortuna
1085 5748 1363 5800 mutabilis-
1395 5761 1476 5800 (σδὶ
1502 5754 1659 5800 innisi
1688 5755 1810 5800 luna
2324 5755 2476 5800 0mm
2517 5764 2680 5800 IlﬂllPl
2704 5770 2755 5800 ιιι
2787 5765 2946 5800 muns
2976 5753 3161 5800 multis
3183 5797 3193 5800 _
3222 5762 3281 5800 ut
3312 5773 3366 5800 In
3393 5755 3482 5800 his
3508 5755 3681 5800 3mm

515 5737 604 5806 42)
641 5740 826 5796 Mundi
849 5743 1065 5801 fortuna
1085 5748 1363 5805 mutabilis
1395 5761 1476 5807 est
1496 5737 1660 5820 quasi
1683 5737 1813 5808 luna
2213 5799 2216 5802 .
2324 5755 2478 5819 Quon
2515 5764 2680 5825 uquet
2701 5770 2757 5809 tn
2786 5765 2946 5810 renus
2976 5753 3161 5808 multis
3181 5797 3196 5823 ,
3222 5762 3281 5809 ut
3310 5773 3366 5811 in
3393 5755 3482 5813 his
3508 5737 3736 5812 aciebus.

2187 2781 2483 2838 ordinavit.
2511 2781 2669 2838 Nunc
2692 2799 2823 2840 vero
2851 2792 2912 2839 ut
2936 2783 3202 2842 Dominus
3249 2787 3559 2842 ostenderet
3596 2789 3741 2843 oculis

2183 2873 2497 2929 mortalium
2539 2875 2685 2946 quod
2733 2892 2844 2932 non
2883 2885 2967 2932 est
2995 2878 3168 2934 virtus
3189 2919 3204 2945 ,
3239 2894 3339 2934 nec
3369 2879 3481 2934 ulla
3505 2890 3740 2950 potestas,

2184 2963 2291 3019 nisi
2323 2965 2392 3020 ab
2429 2964 2570 3036 ipso,
2594 2965 2749 3036 prius
2778 2966 2921 3022 hanc
2949 2969 3240 3039 acquirere
3266 2969 3440 3025 voluit
3488 2971 3544 3025 in
3585 2971 3740 3027 humi-

2187 3055 2336 3112 litate
2359 3058 2631 3113 sermonis
2672 3073 2768 3114 ore
2796 3059 3228 3129 praedicantinm,
3261 3061 3428 3116 modo
3457 3077 3575 3118 eam
3605 3077 3741 3118 recu-

2182 3161 2373 3217 perare
2417 3147 2590 3202 voluit
2631 3147 2686 3202 in
2725 3148 3059 3205 sublimitate
3097 3151 3356 3220 potentiae
3391 3153 3560 3209 armis
3582 3152 3742 3208 debel-

2183 3237 2434 3294 lantinm.
2468 3236 2560 3295 Sic
2588 3240 2762 3295 nostri
2793 3240 2849 3295 in
2885 3241 3082 3296 virtute
3103 3242 3197 3297 Dei
3226 3243 3295 3298 ad
3333 3244 3607 3299 civitatem
3640 3260 3744 3316 pro-

2181 3335 2433 3398 perantes
2461 3327 2528 3383 ad
2552 3337 2772 3400 pontem
2797 3329 3054 3386 Ferreum
3073 3342 3371 3401 venerunt;
3418 3334 3743 3390 invenerut-

2181 3435 2288 3492 que
2321 3420 2396 3476 ibi
2427 3422 2878 3482 numerositatem
2915 3423 3222 3480 Turcorum
3254 3435 3481 3496 pontem
3536 3427 3743 3482 transire

2181 3514 2539 3585 cupientium,
2568 3522 2629 3570 ut
2673 3514 2778 3583 his,
2832 3517 3117 3587 quierant
3163 3517 3218 3572 in
3261 3519 3399 3574 urbe
3447 3527 3744 3590 praestarent
