3846 6306
119 322 197 398 597

845 331 1143 390 ROBERTI
1179 332 1492 393 IONACHI
1529 331 1714 392 HIST.

1755 335 2124 400 HIEROSOL.
2161 370 2232 383 -
2264 341 2394 399 un.
2433 343 2504 400 iv
3207 362 3324 427 ωε

916 531 1382 627 INCIPIT
1451 533 1816 625 LIBER
1887 535 2476 644 QUARTUS.

566 725 806 784 CAPUT
835 722 1120 780 PRIMUM.

161 828 277 897 Quia
304 838 422 880 vero
443 822 576 878 urbs
599 819 935 876 Antiochena
956 859 972 884 ,
1016 832 1128 872 non
1179 817 1356 872 solum
1392 816 1626 872 naturali

107 922 208 985 ritu,
223 931 390 972 verum
413 912 572 968 etiam
595 910 871 966 mcenibus
899 907 1150 974 excelsis,
1182 907 1538 977 turribusque
1561 905 1615 959 in

63 1025 72 1032 ‘
103 1015 236 1069 altum
263 1005 511 1078 porrectis
536 1000 986 1072 densissimisque
1020 1000 1076 1054 in
1107 997 1486 1054 cacuminibus
1509 1013 1632 1052 mu-

103 1117 253 1160 rorum
298 1095 717 1169 propugnaculis
761 1091 1080 1166 praemunita
1130 1098 1268 1158 erat,
1337 1088 1630 1146 consilium

99 1196 296 1250 inierunt
320 1190 610 1262 principes,
629 1187 780 1260 quod
803 1195 985 1244 contra
1009 1201 1130 1241 eam
1160 1193 1487 1257 pugnarent,
1519 1199 1630 1238 non

99 1289 278 1353 virtute,
306 1283 394 1340 sed
424 1282 688 1354 ingenio;
749 1290 886 1349 arte,
931 1295 1040 1335 non
1087 1277 1296 1334 Marte°
1348 1276 1632 1333 machina-

95 1386 259 1444 mento,
287 1392 390 1432 non
433 1373 692 1431 conﬁictu
726 1374 936 1430 bellico.
992 1371 1154 1428 Prius
1202 1371 1368 1450 igitur
1408 1379 1631 1441 pontem

94 1487 225 1542 supra
245 1468 435 1524 ﬁumen
465 1476 796 1534 statuerunt,
815 1465 1195 1537 utexpeditius
1222 1463 1424 1519 ﬁumen
1453 1471 1634 1518 trans-

91 1568 230 1634 irent,
273 1563 482 1637 quoties
530 1563 854 1620 transeundi
883 1578 1109 1619 necesse
1151 1561 1434 1618 haberent.
1476 1555 1634 1614 Tunc

90 1659 251 1732 quippe
287 1657 341 1712 in
368 1655 608 1712 conﬁnio
656 1655 810 1712 urbis
861 1670 1116 1728 magnam
1166 1654 1440 1710 bonarum
1483 1649 1633 1706 fruc-

86 1761 208 1806 tuum
237 1749 535 1805 ubertatem
566 1748 955 1815 inveniebant,
993 1747 1244 1818 copiosas
1302 1743 1632 1812 vindemias,

87 1842 232 1898 foveas
262 1841 537 1897 frumento
563 1841 753 1912 plenas
780 1849 835 1897 et
867 1841 1104 1908 hordeo,
1134 1840 1365 1912 aliisque
1387 1835 1630 1902 cibariis,

84 1936 369 2006 arboresque
388 1935 552 1989 multi
575 1937 794 2007 generis
813 1935 992 2007 pomis
1013 1933 1266 1990 refertas.
1280 1927 1398 1988 hoc
1413 1943 1634 2003 quoque

84 2027 386 2084 insinuabant
414 2028 498 2085 eis
542 2028 789 2084 Armenii
827 2029 923 2100 qui
957 2029 1013 2083 in
1049 2027 1268 2084 civitate
1297 2033 1476 2093 erant,
1505 2022 1632 2095 qui-

81 2137 161 2192 que
181 2119 291 2176 inde
319 2121 798 2177 consentientibus
823 2091 1018 2178 Turcis
1053 2120 1122 2177 ad
1148 2137 1245 2178 eos
1289 2119 1582 2175 veniebant
1606 2134 1622 2186 ;
1660 2091 1703 2152 θ

81 2213 152 2267 sed
176 2226 350 2268 eorum
397 2227 610 2271 uxores
647 2223 703 2270 et
741 2212 837 2268 ﬁlii
868 2213 923 2268 in
964 2213 1100 2269 urbe
1133 2211 1510 2268 remanebant.
1561 2208 1628 2265 Et

81 2303 160 2358 hoc
183 2313 362 2373 totum,
398 2302 534 2378 licet
562 2304 863 2362 Christiani
881 2313 1086 2374 essent,
1115 2305 1310 2364 callide
1337 2313 1516 2359 tamen
1545 2301 1628 2358 fa-

79 2397 269 2463 ciebant,
297 2396 565 2468 quoniain
591 2399 738 2453 dicta
761 2408 1076 2455 nostrorum
1107 2398 1224 2456 sive
1262 2397 1405 2453 facta
1431 2396 1628 2452 Turcis

77 2488 193 2545 intus
217 2489 621 2546 renuntiabant.
640 2489 1054 2556 Construuntur
1079 2507 1111 2546 a
1133 2489 1491 2547 Cliristocolis
1514 2490 1629 2544 bel-

76 2580 153 2636 lica
171 2582 602 2638 machinamenta
623 2583 690 2639 ad
713 2583 1138 2655 oppugnandum
1159 2598 1422 2654 congrua,
1445 2590 1628 2638 turres

75 2669 245 2742 lignea,
275 2672 506 2740 balistae,
548 2673 753 2739 falces,
787 2675 1019 2743 arietes,
1046 2675 1238 2746 talpae,
1269 2674 1406 2742 tela,
1435 2674 1627 2742 sudes,

75 2771 115 2816 et
136 2760 309 2829 fundae,
335 2772 389 2818 et
438 2763 488 2819 si
542 2781 657 2836 qua
697 2765 802 2820 alia
835 2774 1129 2836 potuerunt
1174 2766 1280 2821 ulla
1327 2765 1629 2837 excogitari

74 2865 178 2908 arte.
219 2853 314 2910 Sed
356 2857 492 2928 quid
522 2857 819 2912 valuerunt
850 2857 1141 2913 adversum
1171 2858 1362 2914 urbem
1395 2859 1626 2930 inexpu-

75 2945 317 3014 gnabilem,
347 2949 666 3019 presertim
707 2965 832 3006 cum
866 2957 946 3006 tot
986 2949 1042 3005 in
1076 2965 1140 3006 ea
1166 2959 1351 3008 essent
1374 2949 1629 3007 defenso-

74 3055 156 3106 res,
175 3041 256 3112 qui
276 3028 438 3098 etiam
467 3060 607 3102 cum
634 3045 840 3102 nostris
863 3046 1159 3118 campestri
1179 3046 1365 3119 praelia
1386 3060 1633 3119 pugnare

75 3134 361 3203 potuissent?
383 3136 699 3210 Postquam
725 3155 854 3195 vero

74 3220 376 3296 i’hospborus
403 3244 634 3285 aurora:
663 3231 860 3286 rutilos
887 3239 1238 3302 praecesserat
1259 3241 1434 3300 ortus,

72 3312 258 3389 ipsaque
283 3321 512 3378 roriﬁuo
541 3338 675 3378 cum
701 3322 817 3394 jam
851 3324 1090 3380 candore
1120 3324 1381 3392 vibraret,

76 3405 235 3480 Solque
259 3422 588 3470 venustaret
617 3415 920 3471 flammanti
950 3417 1157 3472 lumine
1185 3417 1452 3474 mundum
1471 3459 1487 3485 ,

74 3499 338 3575 Exsurgunt
361 3522 610 3578 propere
638 3524 913 3578 proceres,
945 3525 1344 3583 procerumque
1378 3519 1632 3578 catervae,

73 3595 300 3667 Armaque
328 3599 671 3670 corripiunt,
694 3609 747 3656 et
776 3601 846 3656 ad
878 3601 1030 3656 urbis
1058 3602 1260 3658 muenia
1284 3610 1532 3657 currunt.

71 3682 218 3756 Pugna
241 3690 460 3761 quidem
494 3692 698 3747 dextra
729 3690 859 3747 forti
883 3693 942 3748 lit
969 3703 1024 3749 et
1051 3693 1201 3751 intus
1234 3703 1287 3751 et
1313 3703 1488 3751 extra.

73 3775 130 3832 illi
151 3781 448 3853 defendunt,
478 3785 624 3842 dum
653 3786 827 3843 nostri
857 3787 1070 3859 spicula
1100 3785 1356 3857 fundunt,

71 3869 264 3945 Telaque
287 3893 412 3933 cum
443 3878 693 3946 baculis,
723 3895 825 3936 nec
850 3894 957 3935 non
994 3880 1311 3952 lapidesque
1336 3881 1628 3954 sudesque.

71 3961 134 4019 Fit
151 3966 284 4024 labor
303 3970 602 4040 immanis,
627 3971 722 4028 sed
747 3970 1027 4043 profectus
1054 3972 1115 4028 ﬁt
1143 3972 1344 4041 inanis,

71 4055 229 4131 Sicque
254 4071 640 4131 recesserunt,
680 4065 809 4136 quia
834 4075 1080 4122 sternere
1105 4081 1216 4122 non
1243 4075 1540 4139 potuerunt

71 4146 234 4208 Turres
253 4165 306 4209 et
331 4171 558 4224 muros,
596 4155 649 4210 vi
681 4155 829 4214 nulla
858 4157 1224 4214 corruituros.

69 4241 272 4316 Cumque
301 4248 561 4305 viderent
597 4249 770 4305 nostri
799 4250 948 4322 quod
983 4251 1061 4306 nil
1090 4251 1356 4322 proﬁcere
1383 4261 1630 4323 possent,

70 4333 182 4392 illam
200 4339 478 4398 dimittunt
505 4357 779 4414 pugnam,
801 4343 1036 4399 retinent
1059 4351 1242 4400 tamen
1263 4344 1626 4402 obsidionem.

67 4426 197 4487 Turei
233 4436 432 4506 quippe
486 4436 548 4491 in
579 4451 684 4491 sua
725 4436 1063 4494 conﬁdentes
1104 4437 1464 4496 invictissima
1493 4439 1632 4495 civi-

67 4527 166 4590 tate,
187 4537 334 4582 nocte
353 4527 557 4598 januis
585 4529 794 4599 apertis
814 4530 1058 4598 exibant,
1084 4539 1141 4586 et
1173 4531 1228 4586 in
1255 4541 1435 4589 castra
1460 4532 1630 4604 sagit-

64 4621 131 4669 tas
148 4618 439 4676 mittebant.
465 4620 723 4692 Contigit
745 4631 928 4678 autem
952 4631 1012 4678 ut
1035 4623 1109 4678 ita
1135 4624 1443 4696 sagittando
1463 4640 1632 4681 unam

68 4707 306 4766 mulierem
335 4721 467 4769 ante
498 4711 750 4768 tentoria
780 4712 1081 4770 Boamundi
1117 4715 1383 4787 principis
1417 4715 1633 4774 occide—

1611 725 1632 824 ξ
1662 728 1708 789 Α
1739 723 1874 824 Nam
1898 729 2184 824 castellum
2212 733 2487 804 quoddam
2515 746 2634 794 erat
2658 737 2714 795 in
2745 741 3021 802 montanis
3042 762 3150 804 non
3173 745 3336 824 longe

1736 833 1768 872 a
1810 818 2029 876 civitate
2064 824 2288 880 nomine
2325 826 2502 883 Arech
2523 872 2539 896 ,
2572 831 2717 901 quod
2749 844 2869 890 erat
2894 837 3112 906 plenum
3153 818 3331 898 rebelo

1732 909 1976 967 lantihus
2035 911 2262 982 Turcis,
2318 918 2413 987 qui
2485 923 2690 979 nostris
2740 924 2970 984 insidias
3026 933 3333 1000 pra:tende-

1732 1009 1881 1068 runt,
1927 1005 2129 1062 multos
2179 1008 2604 1069 vulneraverunt
2646 1025 2698 1072 et
2747 1019 2930 1088 plures
2977 1023 3329 1093 occiderunt,

1730 1104 1785 1151 et
1861 1095 2154 1168 plerosque
2244 1110 2434 1173 captos
2512 1107 2860 1166 abduxerunt
2887 1139 2946 1179 ,-
2996 1124 3333 1187 caaterosque

1733 1188 1966 1280 turpiter
2041 1189 2331 1262 injuriatos
2413 1197 2484 1253 ad
2551 1211 2732 1257 castra
2810 1205 2992 1262 redire
3049 1211 3332 1280 compule-

1731 1289 1880 1335 runt.
1931 1279 2088 1349 Quod
2135 1283 2325 1341 miseri
2371 1303 2536 1346 casus
2581 1291 2944 1352 infortunium
2991 1299 3081 1354 ubi
3136 1279 3329 1358 militia

1733 1369 1829 1426 Dei
1858 1373 2146 1445 cognovit,
2180 1377 2477 1435 admodum
2521 1380 2787 1454 indoluit;
2819 1387 2912 1443 sed
2942 1390 3048 1446 sibi
3071 1389 3328 1462 deinceps

1733 1465 1950 1522 salubre
1971 1468 2262 1525 consilium
2293 1471 2518 1528 invenit.
2547 1473 2692 1532 Mille
2713 1479 3015 1551 armigeros
3038 1491 3165 1539 ante
3195 1500 3331 1554 pm-

1732 1558 1975 1627 mittunt,
1997 1576 2138 1631 quos
2159 1559 2513 1621 Boamundus
2531 1575 2586 1621 et
2614 1566 2966 1629 Flandrensis
2987 1589 3178 1630 comes
3199 1591 3327 1643 cum

1732 1649 1919 1708 electis
1962 1653 2228 1710 militibus
2255 1657 2690 1728 subsequuntur,
2721 1666 3115 1732 praenominata
3163 1669 3326 1736 valle,

1733 1743 1789 1800 in
1815 1761 1924 1816 qua
1961 1747 2042 1828 ad.
2071 1747 2220 1819 ipsos
2264 1749 2641 1823 confugerent,
2673 1755 2719 1810 si
2752 1753 2917 1812 Turci
2948 1773 3046 1816 eos
3069 1760 3326 1831 inseque-

1733 1848 1942 1894 rentur.
1973 1839 2129 1908 Quod
2160 1841 2233 1897 ita
2263 1842 2473 1914 absque
2501 1844 2764 1902 dilatione
2786 1848 3034 1922 contigit,
3065 1852 3328 1921 quoniam

1735 1927 1921 2000 Turci,
1965 1943 2255 2004 postquam
2298 1935 2422 1992 illos
2463 1939 2682 1995 eminus
2730 1953 3091 2012 agnoverunt,
3133 1944 3330 2003 laxatis

1732 2023 1887 2092 loris,
1929 2035 1984 2081 et
2025 2044 2198 2099 equos
2243 2030 2550 2088 calcaribus
2583 2044 2861 2105 urgentes,
2909 2036 3142 2093 insecuti
3175 2049 3328 2108 sunt,

1730 2129 1936 2186 eosque
1979 2117 2032 2171 in
2085 2117 2268 2190 fugam
2303 2131 2605 2178 verterunt.
2659 2122 2842 2180 Nostri
2887 2142 3019 2183 vero
3057 2129 3124 2183 ad
3173 2145 3327 2198 suos,

1729 2205 1872 2260 sicut
1897 2207 1962 2266 ad
1994 2208 2332 2265 tutissimum
2362 2212 2600 2284 asylum,
2649 2213 3014 2287 confugerunt
3043 2226 3098 2273 et
3134 2220 3325 2289 praesi-

1728 2295 1880 2352 dium
1920 2299 2091 2355 divini
2141 2301 2372 2358 subsidii
2419 2304 2765 2361 invenerunt.
2813 2305 2977 2364 Tur-ci
3020 2323 3152 2363 vero
3198 2325 3328 2366 cunt

1729 2389 1894 2447 nimis
1927 2392 1994 2448 de
2038 2395 2290 2464 proximo
2331 2405 2554 2453 nostros
2585 2399 2789 2454 milites
2815 2409 3040 2471 paratos
3066 2416 3190 2458 esse
3228 2402 3327 2458 de-

1729 2485 2152 2555 prehenderunt,
2188 2488 2368 2558 primo
2401 2490 2621 2562 quidem
2652 2491 2967 2550 haesitantes
3004 2494 3124 2550 loco
3155 2494 3332 2550 liben-

1731 2577 1940 2635 tissime
1980 2579 2297 2649 cessissent,
2328 2581 2374 2638 si
2424 2581 2619 2639 cedere
2668 2585 2991 2642 valuissent.
3045 2585 3115 2642 Ut
3143 2595 3328 2644 tamen

1731 2681 2101 2743 cognoverunt
2133 2673 2261 2744 quia
2307 2676 2596 2746 pauciores
2620 2677 2921 2735 Christiani
2952 2688 3138 2736 essent
3161 2696 3330 2752 quam

1731 2761 1873 2834 ipsi,
1900 2764 2102 2820 bellum
2142 2765 2420 2836 inierunt,
2447 2777 2629 2824 tamen
2666 2785 2791 2826 cum
2834 2781 3108 2840 tremore,
3140 2773 3194 2828 in
3227 2790 3330 2831 sua

1732 2855 2066 2913 conﬁdentes
2109 2873 2407 2915 numerosa
2457 2859 2824 2918 multitudine.
2879 2861 2984 2920 Sed
3021 2864 3152 2935 quid
3185 2865 3335 2928 valet

1731 2948 2016 3018 praelium,
2067 2959 2260 3007 contra
2309 2952 2456 3022 quod
2505 2952 2751 3009 divinum
2803 2955 3000 3012 militat
3027 2957 3336 3014 auxilium?

1733 3039 1879 3099 Deus
1913 3042 2061 3098 enim
2103 3045 2280 3114 fortis,
2307 3054 2355 3100 et
2392 3057 2575 3117 potens
2613 3056 2713 3115 est,
2757 3047 3018 3103 Dominus
3052 3059 3236 3121 potens
3276 3052 3334 3106 in

1733 3136 1918 3206 prwlio
1944 3136 2118 3210 (Psal.
2144 3153 2302 3205 χχιιι,
2334 3138 2410 3205 8).
2447 3137 2562 3196 Duo
2592 3140 2740 3195 enim
2770 3157 2838 3196 ex
2865 3143 3072 3199 nostris
3094 3142 3168 3198 ibi
3205 3151 3332 3198 tan-

1739 3235 1852 3285 tum
1883 3231 2147 3302 perempti
2178 3239 2324 3287 sunt.
2359 3231 2464 3287 Sed
2503 3233 2570 3289 de
2595 3233 2810 3302 Turcis,
2839 3251 3076 3306 quorum
3107 3253 3217 3293 non
3248 3245 3336 3294 est

1738 3336 2032 3390 umerus,
2062 3322 2156 3394 qui
2186 3331 2240 3377 et
2274 3323 2342 3378 de
2373 3339 2540 3380 manu
2570 3323 2666 3380 Dei
2693 3325 2900 3397 repulsi
2930 3339 3090 3395 sunt,
3123 3327 3336 3398 absque

1659 3455 1705 3516 ο
1737 3428 1970 3469 numero
1997 3413 2168 3470 occisi
2208 3426 2358 3470 sunt.
2393 3413 2594 3472 Multos
2617 3433 2683 3473 ex
2713 3418 2795 3473 eis
2827 3428 3019 3490 captos
3054 3419 3120 3475 ad
3150 3427 3336 3476 castra
3361 3473 3378 3484 ,

1737 3505 2146 3576 conduxerunt,
2189 3514 2248 3564 et
2272 3523 2460 3586 coram
2504 3509 2611 3566 illis
2653 3510 2750 3580 qui
2790 3527 2958 3582 supra
2993 3511 3197 3568 mrenia
3245 3511 3334 3567 in-

1735 3597 1891 3668 clytae
1913 3597 2150 3654 civitatis
2178 3609 2365 3668 erant,
2398 3599 2828 3658 decollaverunt.
2858 3601 2926 3658 Et
2977 3611 3039 3657 ut
3066 3602 3334 3673 majorem

1735 3689 1843 3746 illis
1867 3690 2110 3747 dolorem
2147 3691 2455 3749 incuterent
2489 3702 2544 3748 et
2573 3701 2836 3749 terrorem
2856 3733 2872 3762 ,
2903 3693 3116 3750 balistis
3153 3693 3334 3752 incisa

1735 3781 1914 3854 capita
1960 3783 2015 3837 in
2060 3783 2336 3840 civitatem
2382 3784 2750 3860 projeeerunt.
2784 3784 2993 3843 Dehinc
3025 3785 3335 3857 expeditius

1734 3875 1812 3930 ire
1839 3884 2134 3946 potuerunt
2157 3878 2331 3934 nostri
2362 3879 2430 3934 ad
2465 3879 2623 3936 villas
2657 3888 2712 3935 et
2741 3879 2894 3936 vicos
2918 3880 3332 3949 Armeniorum,

1732 3965 1938 4022 victum
1966 3977 2294 4038 quaerentes,
2317 3978 2370 4025 et
2398 3970 2502 4041 ipsi
2529 3969 2776 4026 Armenii
2802 3980 2856 4027 et
2882 3971 3148 4044 indigenae
3173 3981 3336 4030 terra:

1733 4059 1881 4116 illius
1921 4061 1991 4116 ad
2036 4069 2260 4118 nostros
2296 4072 2598 4119 mercatum
2631 4064 2939 4122 afferentes.
2985 4065 3219 4121 Advenit
3247 4066 3334 4122 in-

1732 4160 1880 4207 terea
1907 4153 2281 4210 sacratissima
2309 4153 2426 4210 dies
2456 4153 2755 4211 Dominiczn
2783 4154 3093 4213 Nativitatis
3113 4198 3128 4223 ,
3160 4172 3329 4227 quam

1733 4239 1880 4301 Deus
1929 4245 2144 4302 cunctis
2185 4247 2436 4304 ﬁdelibus
2491 4249 2607 4304 suis
2656 4249 3071 4306 celeberrimam
3122 4251 3179 4306 in
3227 4253 3335 4308 hoe

1732 4338 1981 4399 contulit.
2009 4339 2138 4410 quia
2166 4340 2262 4411 qui
2305 4342 2573 4396 creaturis
2615 4343 2876 4400 omnibus
2920 4344 3074 4400 nasci
3118 4343 3332 4409 tribuit.

1733 4447 1832 4502 pro
1861 4432 1994 4488 solis
2020 4431 2337 4489 [nominibus
2367 4434 2519 4489 nasci
2543 4434 2834 4505 disposuit.
2858 4433 3133 4491 Festivam
3165 4436 3334 4508 igitur

1733 4524 1881 4579 illam
1902 4522 2201 4580 Christiani
2234 4523 2498 4594 fecerunt,
2523 4527 2670 4582 sicut
2691 4526 2787 4598 qui
2811 4526 2868 4582 in
2899 4527 3150 4584 tentoriis
3173 4538 3334 4586 erant

1733 4630 1893 4688 agere
1920 4625 2234 4688 potuerunt.
2275 4617 2453 4688 Maius
2481 4618 2682 4691 quippe
2711 4619 2972 4691 gaudium
3002 4628 3123 4675 erat
3145 4621 3203 4674 in
3233 4635 3331 4674 ca-

1733 4710 1863 4766 stris
1906 4727 2074 4782 quam
2115 4711 2262 4767 intra
2319 4711 2526 4767 mtenia
2577 4712 2790 4785 inclyta;
2830 4713 3018 4779 urbis,
3067 4712 3334 4783 inclytam

66 4812 175 4869 rent,
198 4815 247 4860 et
266 4804 391 4862 ideo
419 4805 815 4878 vigilantiores
846 4807 1106 4864 excubias
1135 4823 1230 4879 per
1250 4816 1431 4866 castra
1459 4824 1596 4880 posu
1615 4837 1630 4851 -
1662 4807 1708 4862 D
1731 4801 1876 4871 dico,
1905 4818 2015 4859 non
2060 4812 2282 4876 propter
2321 4802 2521 4861 ftedam
2549 4804 2870 4876 gentilitatis
2909 4803 3330 4871 habitationem,

64 4897 325 4967 erunt,qui
356 4899 534 4954 etiam
589 4905 804 4968 portam
841 4913 938 4969 per
979 4913 1148 4968 quam
1193 4898 1346 4954 exire
1387 4899 1633 4956 solebant

64 4988 422 5046 custodierunt.
468 4989 696 5044 Placuit
731 4989 917 5062 itaque
956 4990 1299 5062 principibus
1346 4991 1554 5068 militia:
1580 5007 1631 5049 ei

64 5077 376 5144 optimatibus
417 5090 483 5137 ut
508 5081 800 5137 castellum
831 5081 935 5137 sibi
960 5090 1373 5150 construerent,
1401 5099 1513 5154 quo
1543 5098 1634 5140 se-

64 5165 269 5226 curiores
311 5179 510 5226 essent
531 5212 548 5238 ,
581 5169 630 5226 si
660 5170 866 5227 inimici
913 5169 1008 5228 Dei
1036 5171 1149 5227 ullo
1177 5172 1341 5228 modo
1370 5174 1634 5245 praevale-

64 5268 175 5326 rent,
203 5264 293 5333 qui
341 5265 604 5334 undique
647 5263 789 5320 sicut
825 5279 961 5340 apes
1003 5264 1070 5319 ad
1115 5264 1354 5321 alvearia
1392 5264 1635 5322 conﬁne-

64 5346 183 5406 bant.
222 5352 376 5422 Quod
423 5364 482 5411 et
532 5353 745 5410 factum
774 5363 879 5411 est.
922 5354 1133 5411 Interea
1180 5355 1312 5412 dum
1354 5372 1634 5414 rarescere

64 5442 197 5510 «epit
216 5443 529 5514 quotidiani
558 5445 740 5501 victus
769 5445 1035 5515 impensa,
1059 5443 1349 5502 consilium
1370 5445 1629 5514 inierunt,

66 5541 110 5585 ut
127 5532 260 5593 cibos
293 5544 644 5608 quaererent,
672 5548 727 5592 et
753 5536 821 5592 ad
843 5537 1219 5608 quaerendum,
1248 5538 1550 5610 armigeros
1577 5545 1633 5596 et

66 5624 316 5700 plerosque
345 5629 565 5685 milites
603 5628 672 5697 ob
701 5629 1009 5685 custodiam
1040 5629 1491 5688 transmitterem.
1526 5629 1633 5688 Sed

65 5716 137 5786 qui
159 5721 380 5790 praedari
409 5721 739 5786 voluerunt,

121 5807 302 5871 Partim
328 5814 598 5890 praedati,
628 5813 935 5889 partimque
965 5813 1115 5873 fuere
1143 5815 1342 5872 necati.

1735 4895 1831 4950 sed
1883 4904 2105 4967 propter
2158 4896 2415 4952 humana:
2478 4895 2810 4952 conditionis
2859 4893 3187 4966 positionem
3208 4932 3226 4959 ,
3271 4900 3334 4949 et

1734 4985 2038 5056 praesertim
2081 4985 2222 5042 beati
2263 4984 2410 5042 Petri
2454 4987 2829 5057 apostolorum
2871 4982 3137 5056 principis
3181 4981 3332 5054 apud

1735 5077 1910 5135 Deum
1940 5079 2466 5156 reconciliationem.

2359 5168 2590 5225 CAPUT
2639 5168 2704 5225 II.

1807 5261 1924 5330 Qua
1971 5261 2334 5319 celebratione
2379 5270 2621 5332 peracta,
2664 5260 2953 5318 consilium
2999 5269 3332 5332 acceperunt

1734 5353 1866 5424 quid
1889 5363 2132 5425 agerent,
2160 5352 2421 5424 quoniam
2465 5351 2521 5406 in
2564 5351 2762 5409 castris
2804 5351 2980 5408 victus
3019 5351 3333 5423 deﬁciebat,

1734 5454 1791 5500 et
1822 5445 2065 5518 glacialis
2094 5445 2270 5500 hiems
2301 5453 2603 5500 mercatum
2639 5444 2929 5502 afferentes
2956 5445 3026 5502 ad
3051 5446 3204 5518 ipsos
3231 5461 3332 5510 ves

1735 5539 1856 5596 nire
1904 5554 2016 5594 non
2058 5538 2289 5594 sinebat.
2319 5535 2400 5592 Illi
2449 5552 2687 5608 namque
2727 5538 2824 5610 qui
2862 5547 3019 5594 erant
3064 5539 3120 5595 in
3168 5539 3333 5608 urbe,

1731 5640 1939 5704 quanto
1968 5630 2143 5702 magis
2172 5629 2419 5686 sciebant
2445 5637 2664 5685 nostros
2689 5629 2926 5698 esurire,
2960 5637 3114 5686 tanto
3147 5629 3330 5700 magis

1731 5724 2064 5796 incipiebant
2083 5723 2138 5778 in
2166 5723 2288 5779 illos
2309 5721 2590 5780 destevire.
2630 5720 2768 5779 Hinc
2789 5722 2933 5778 aeris
2953 5721 3324 5788 inclementia,

1733 5815 1862 5874 hinc
1907 5815 2125 5873 miserae
2155 5815 2413 5889 egestatis
2446 5814 2650 5888 inopia,
2694 5815 2822 5872 hinc
2853 5812 3191 5897 opprimebat
3227 5812 3329 5888 ad:
